2716 4302
37 765 96 793 Cap.
114 773 132 789 ι.
147 771 184 793 271
197 771 210 786 a
220 771 239 793 5.

38 821 52 837 a
68 816 89 838 8.

0 2726 14 2758 ³.
25 2730 27 2732 ’
44 2738 141 2787 4ξυτοα.
150 2737 210 2759 Vn.
217 2743 246 2766 3⁰
253 2742 263 2758 r

71 2772 77 2787 ι
85 2781 90 2786 .

19 3367 21 3369 Ι
0 3006 19 3329 :ymnum—way?
0 2868 10 2994 μ--ημᾞ
0 2847 17 2857 ⁷.
6 2817 7 2821 „
0 2787 4 2794 ,

0 3497 55 3851 l.

0 4136 18 4302 4599·me
0 4079 9 4114 mv
0 4053 9 4062 .-
0 3989 9 4032 ι

46 2789 249 2819 ‘'P-5286..)

57 3821 86 3846 3ο
94 3822 105 3838 r
115 3822 128 3837 a
140 3822 186 3844 ¹9³
195 3818 269 3844 p.zs7.

635 435 840 477 PRlMAE
873 436 1271 480 REDAcrloNEs
1303 438 1441 480 LlBRl
1474 434 1720 481 securim
1755 439 2138 482 AUTOGRAPHI

1011 525 1079 567 Ex
1109 525 1335 568 comcs
1369 527 1405 567 D
1436 526 1767 569 conterar
1844 510 1846 512 ’

939 638 990 679 Cf.
1017 643 1127 668 notam
1153 639 1185 668 in
1211 638 1304 668 initio
1330 639 1529 669 variantium
1556 639 1622 669 Lib.
1650 639 1694 673 Il,
1716 650 1739 679 p
1776 650 1838 678 271.

337 763 436 793 virtus
457 773 572 799 namque
590 766 627 791 rei
649 762 751 804 (vero)
787 769 934 794 naturam
967 764 1010 793 rei
1047 767 1180 791 evidenter
1199 767 1360 791 demonstrat

338 813 395 844 Est
413 819 523 844 autem
540 813 659 854 duplex
677 815 721 844 rei
739 815 896 854 operatio,
923 820 957 844 ut
982 820 1005 843 in
1025 819 1153 851 superiori
1178 818 1244 843 libro
1263 818 1360 842 dictum

282 874 322 893 est
341 874 366 893 et
385 864 605 906 Philosophus
628 865 722 896 tradit
747 866 779 895 in
805 866 846 896 lx
871 866 1110 907 Metaphysicae
1129 890 1136 896 .
1151 889 1158 895 .
1174 889 1181 896 .
1199 865 1259 895 alia
1283 874 1359 895 vero

282 927 366 958 quae
394 917 427 947 in
457 917 649 947 exteriorem
680 927 748 948 rem
776 919 888 948 transit
916 928 998 958 quae
1027 924 1074 948 est
1101 917 1257 958 perfectio
1286 915 1360 946 facti

282 967 374 1010 quod
398 978 455 1009 per
474 972 653 1005 operationem
673 967 801 1010 (ipsam)
829 970 1036 1000 constituitur

339 1020 484 1060 Utraque
516 1026 627 1051 autem
654 1020 812 1051 dictarum
837 1022 1066 1061 operationum
1091 1020 1248 1060 competit
1278 1019 1360 1054 Deo,

282 1073 387 1114 prima
403 1071 553 1114 (quidem
578 1074 609 1103 in
627 1072 680 1112 eo)
701 1072 792 1113 quod
807 1073 965 1113 intelligit,
986 1073 1064 1109 vult,
1081 1071 1199 1112 gaudet
1216 1078 1246 1102 et
1263 1076 1361 1105 amau

283 1125 344 1156 alia
360 1135 437 1156 vero
452 1126 499 1164 (in
517 1125 570 1167 eo)
591 1125 681 1166 quod
698 1135 746 1157 res
762 1126 795 1156 in
813 1135 881 1156 esse
898 1126 1059 1165 producit,
1077 1131 1108 1155 et
1124 1134 1176 1155 eas
1195 1129 1363 1154 conservat

283 1181 316 1207 et
331 1177 422 1217 regit.
449 1181 534 1205 Prima
545 1180 652 1213 quidem
671 1176 770 1218 (Quia
787 1186 863 1207 vero
881 1176 996 1217 prima)
1017 1177 1163 1217 operatio
1189 1179 1272 1211 prima
1291 1185 1362 1215 per-

282 1227 381 1259 fectio
403 1228 567 1268 operantis
592 1234 695 1258 est...

341 1278 515 1310 Meditatus
540 1289 612 1310 sum
637 1280 669 1310 in
695 1280 848 1311 omnibus
880 1280 1034 1320 operibus
1058 1280 1138 1310 tuis:
1165 1285 1199 1309 ut
1219 1289 1266 1314 per
1285 1289 1365 1315 opera

284 1330 517 1376 (operatioad)
537 1330 684 1361 divinum
708 1331 886 1372 intelligere
911 1337 942 1362 et
967 1331 1047 1362 velle
1068 1335 1243 1368 intelligamus
1270 1329 1363 1372 (rese-

252 1388 267 1389 '‘
283 1378 396 1424 fatur).

339 1435 450 1465 Primo
475 1434 610 1475 quidem
625 1433 727 1475 (quia)
747 1445 784 1465 ex
810 1434 970 1466 factorum
995 1435 1207 1466 meditatione
1223 1435 1365 1466 divinam

283 1487 476 1528 sapientiam
493 1486 700 1528 (utcumque)
716 1496 892 1527 possumus
911 1486 1059 1517 admirari
1075 1486 1120 1528 (et
1136 1485 1365 1526 considerare).

340 1538 430 1569 Deus
446 1543 556 1568 autem
572 1547 630 1568 sua
647 1538 804 1579 sapientia
820 1547 869 1568 res
885 1539 917 1568 in
935 1547 1004 1568 esse
1021 1537 1173 1578 produxit
1186 1548 1215 1566 ut
1228 1546 1366 1566 ostensum

284 1601 338 1622 est:
357 1596 492 1632 propter
516 1590 607 1631 quod
630 1591 663 1621 in
688 1590 869 1621 Psalmo...

341 1647 416 1673 Unde
435 1652 462 1672 et
480 1647 514 1672 de
533 1647 590 1671 Deo
609 1641 727 1672 dicitur
747 1641 860 1682 (enim)
881 1641 981 1672 Eccli.
1004 1650 1029 1672 ι.
1047 1641 1170 1672 Effudit
1186 1641 1272 1671 illam
1293 1640 1366 1682 (sci-

284 1693 360 1726 licet
382 1692 587 1734 sapientiam)
615 1702 712 1733 super
737 1692 847 1722 omnia
875 1701 975 1732 opera
999 1702 1057 1723 sua
1093 1697 1190 1722 scilicet
1207 1697 1368 1729 sapientiam.

340 1744 495 1776 Secundo
512 1745 592 1774 haec
609 1742 826 1774 consideratio
841 1766 848 1774 .
863 1766 870 1773 .
886 1766 893 1773 .
911 1743 944 1773 in
961 1743 1114 1774 cordibus
1131 1745 1303 1775 hominum
1321 1754 1368 1775 re-

285 1796 463 1829 verentiam
492 1795 552 1826 Dei
581 1795 672 1836 parit.
706 1799 773 1824 Cum
798 1798 867 1824 enim
892 1799 958 1824 actio
977 1798 1093 1824 facientis
1113 1801 1146 1825 sit
1158 1799 1284 1834 perfectio
1302 1800 1368 1830 faeti,

285 1850 368 1876 virtus
387 1855 476 1876 autem
494 1849 611 1876 facientis
631 1851 789 1884 intelligatur
805 1851 912 1877 actionis
927 1851 1081 1885 principium
1101 1857 1127 1878 et
1145 1860 1224 1878 causa
1239 1853 1369 1889 oportet

289 1898 404 1946 (enim)
431 1899 523 1940 quod
546 1900 646 1930 virtus
670 1899 816 1930 facientis
832 1901 1026 1931 eminentior
1043 1901 1138 1931 rebus
1163 1900 1252 1931 factis
1276 1900 1370 1931 intel-

286 1952 413 1995 ligatur.
439 1955 515 1981 Unde
537 1951 591 1992 (Et
614 1951 703 1991 ideo)
731 1951 849 1983 dicitur
872 1952 947 1992 Sap.
972 1962 1036 1982 x111.

344 2003 384 2034 de
408 2003 482 2034 filiis
506 2003 679 2034 hominum
712 2003 844 2034 dicitur:
882 2003 1128 2040 Inflbriabuntur
1155 2004 1194 2033 ab
1226 2005 1369 2034 ubertate

287 2054 408 2087 domus
431 2061 505 2086 tuae
541 2054 646 2097 (quasi
678 2055 778 2086 totius
809 2053 985 2094 creaturae)
1021 2060 1051 2085 et
1085 2053 1193 2095 (sicut)
1229 2061 1368 2086 torrente

287 2107 469 2148 voluptatis
488 2112 562 2138 tuae
587 2107 714 2147 potabis
739 2116 805 2138 eos.

345 2158 432 2190 Cum
457 2159 553 2200 igitur
577 2157 760 2189 Christiana
786 2157 864 2188 fides
894 2158 1061 2188 hominem
1087 2157 1126 2188 de
1155 2157 1226 2187 Deo
1251 2158 1368 2197 princi-

289 2211 403 2253 paliter
418 2210 547 2241 instruit
567 2218 592 2238 et
607 2214 735 2239 illuminat
755 2216 785 2240 et
810 2219 867 2249 per
885 2209 995 2240 lumen
1020 2208 1146 2239 divinae
1167 2208 1369 2239 revelationis

1415 771 1491 793 eum
1523 770 1740 793 creaturarum
1772 765 1974 804 cognitorem
2007 765 2090 800 facit,
2115 764 2150 794 fit
2178 766 2208 795 in
2234 766 2366 797 homine
2391 775 2490 806 quae-

1416 813 1489 844 dam
1517 813 1642 844 divinae
1674 815 1848 855 sapientiae
1878 816 2066 846 similitudo.
2101 817 2186 847 Hinc
2215 823 2261 847 est
2292 817 2381 857 quod
2412 817 2490 848 dici-

1417 870 1469 895 tur
1493 865 1518 895 11
1544 865 1621 896 Cor.
1648 876 1680 895 ιιι
1705 889 1712 896 .
1728 889 1756 896 ..
1782 867 1813 896 in
1842 866 1977 897 eandem
2006 868 2179 907 imaginem
2214 868 2489 900 transformamur.

1418 921 1491 946 Unde
1511 926 1536 945 et
1555 922 1660 954 quando
1679 922 1821 954 speculatio
1843 923 1890 947 erit
1914 923 2034 955 perfecta,
2059 922 2103 948 fiet
2125 923 2238 956 perfecta
2257 923 2398 949 similitudo
2422 931 2492 956 quae

1384 980 1392 998 5
1417 977 1456 997 est
1476 977 1563 997 nostra
1583 972 1699 997 felicitas.
1720 973 1794 998 Unde
1810 973 1827 998 l.
1842 973 1911 998 loan.
1926 981 1969 999 nl:
1989 981 2048 998 cum
2065 974 2221 1007 apparuerit.
2234 974 2332 999 similes
2352 974 2373 998 ei
2393 975 2491 999 erimus

1417 1030 1442 1050 et
1461 1024 1606 1049 videbimus
1626 1032 1686 1049 eum
1706 1025 1780 1050 sicuti
1800 1031 1847 1050 est.
1872 1021 1923 1053 Sic
1947 1022 2043 1062 igitur
2055 1046 2061 1052 .
2074 1045 2082 1052 .
2095 1046 2102 1052 .

1474 1074 1530 1104 Est
1553 1075 1649 1105 etiam
1671 1075 1848 1104 necessaria
1867 1077 1926 1103 fidei
1946 1080 2162 1105 creaturarum
2188 1073 2413 1104 consideratio.

1474 1125 1514 1156 de
1539 1126 1656 1165 quibus
1674 1125 1790 1156 dieitur
1806 1126 1880 1166 Sap.
1897 1136 1956 1156 xn:
1987 1126 2042 1165 qui
2059 1131 2114 1155 aut
2130 1126 2238 1165 ignem
2254 1149 2259 1155 .
2276 1149 2282 1156 .
2297 1148 2304 1156 .
2319 1131 2374 1156 aut
2390 1126 2492 1156 solem

1419 1184 1450 1209 et
1474 1179 1585 1209 lunam
1616 1178 1694 1209 deos
1719 1183 1923 1218 putaverunt.
1949 1181 2023 1206 Unde
2047 1181 2138 1206 dicitur
2156 1181 2232 1206 Deut.
2251 1189 2291 1206 iv:
2315 1181 2373 1206 Non
2394 1182 2494 1207 vidistis

1380 1242 1404 1256 io
1419 1234 1532 1268 aliquam
1552 1234 1746 1259 similitudinem
1767 1234 1791 1258 in
1811 1234 1852 1259 die
1868 1241 1919 1266 qua
1933 1234 2035 1258 locutus
2055 1238 2095 1258 est
2114 1233 2189 1258 nobis
2209 1233 2336 1258 Dominus
2356 1234 2388 1259 de
2406 1233 2494 1259 medio

1420 1287 1494 1318 ignis.
1509 1286 1542 1311 Is.
1555 1294 1614 1311 xxx:
1629 1286 1677 1311 Cui
1691 1286 1804 1311 similem
1819 1285 1902 1310 fecisti
1916 1286 2001 1311 Deum
2021 1290 2065 1310 aut
2083 1293 2163 1318 quam
2183 1285 2324 1317 imaginem
2338 1286 2440 1317 ponetis
2453 1284 2494 1311 ei?

1419 1334 1571 1366 Secundo
1592 1343 1677 1363 errant
1702 1344 1739 1364 ex
1764 1335 1827 1365 hoc
1853 1333 1942 1374 quod

1477 1387 1518 1417 Et
1541 1386 1616 1417 ideo
1641 1386 1802 1416 interdum
1828 1395 1865 1416 ex
1893 1385 2058 1426 principiis
2086 1385 2311 1425 philosophiae
2335 1385 2495 1415 humanae

1421 1438 1528 1469 divina
1552 1438 1708 1478 sapientia
1732 1436 1878 1477 procedit
1901 1441 1978 1472 Quod
2004 1441 2115 1466 maxime
2143 1441 2319 1466 necessarium
2341 1445 2382 1465 est
2408 1445 2497 1465 contra

1382 1501 1404 1520 ις
1422 1493 1539 1519 infideles
1554 1494 1598 1526 qui
1612 1493 1728 1518 dixerunt
1743 1492 1812 1517 Deo:
1833 1493 1970 1518 Scientiam
1987 1493 2086 1518 viarum
2105 1497 2208 1517 tuarum
2223 1492 2347 1517 nolumus
2367 1491 2411 1516 Iob
2430 1499 2496 1516 xxxi.

1421 1544 1463 1570 Sic
1483 1545 1552 1569 enim
1569 1549 1594 1569 et
1613 1543 1679 1569 circa
1698 1544 1882 1569 rotunditatem
1900 1549 1993 1574 terrae,
2012 1551 2092 1576 quam
2114 1544 2287 1568 communiter
2305 1543 2453 1575 astrologus
2472 1547 2498 1567 et

1424 1596 1547 1622 naturalis
1573 1596 1727 1625 considerat,
1745 1596 1874 1621 interdum
1899 1596 2020 1621 naturalis
2040 1596 2120 1620 utitur
2144 1595 2275 1629 principiis
2295 1595 2449 1627 astrologiae
2473 1601 2499 1621 et

1423 1656 1437 1672 e
1450 1655 1578 1674 converso
1593 1647 1723 1680 principiis
1737 1647 1859 1672 naturalis
1873 1646 2052 1680 philosophiae
2067 1647 2226 1679 astrologus.
2251 1642 2347 1684 (Nam
2364 1648 2396 1674 et
2411 1642 2497 1683 apud

1423 1694 1638 1735 philosophos
1656 1694 1757 1734 prima
1781 1694 1987 1734 philosophia
2011 1695 2111 1724 utitur
2127 1695 2276 1724 omniurn
2293 1695 2497 1724 scientiarum

1384 1758 1410 1772 ιο
1424 1745 1628 1776 documentis
1653 1745 1692 1775 ad
1715 1755 1811 1775 suum
1836 1746 2042 1785 propositum
2067 1744 2331 1786 ostendendum).

1481 1796 1567 1827 Cum
1591 1797 1688 1837 igitur
1711 1796 1813 1827 multa
1837 1800 1948 1825 deducta
1976 1801 2008 1824 de
2035 1800 2149 1832 potentia
2177 1800 2203 1824 in
2232 1804 2317 1825 actum
2342 1807 2388 1832 per
2411 1805 2498 1825 motus

1424 1853 1559 1879 inferiores
1578 1859 1691 1885 quorum
1719 1857 1807 1876 motus
1830 1852 1892 1877 caeli
1915 1857 1955 1877 est
1973 1859 2052 1877 causa
2078 1846 2129 1888 (ex
2153 1848 2296 1878 motibus
2313 1846 2404 1887 caeli)
2424 1857 2499 1887 pro-

1425 1901 1584 1932 ducantur
1607 1901 1638 1931 in
1664 1910 1742 1937 esse,
1768 1901 1800 1929 in
1826 1909 1968 1939 quorum
1993 1898 2106 1929 ordine
2135 1899 2239 1929 Deum
2265 1908 2332 1928 esse
2358 1899 2499 1938 primum

1425 1962 1561 1983 movens
1586 1957 1754 1982 ostensum
1779 1957 1835 1985 est,
1861 1956 1990 1990 oportet
2021 1949 2110 1991 quod
2135 1954 2191 1986 ipse
2216 1950 2303 1980 Deus
2327 1951 2366 1980 sit
2390 1950 2499 1980 multis

1385 2016 1407 2036 25
1425 2004 1520 2035 rebus
1545 2012 1640 2034 causa
1667 2001 1804 2033 essendi.

1481 2053 1608 2089 Adhuc,
1642 2053 1748 2083 divina
1785 2052 1942 2093 perfectio
1976 2053 2123 2083 omnium
2156 2052 2370 2093 perfectiones
2402 2053 2434 2082 in
2465 2061 2498 2082 se

1425 2105 1570 2141 includit,
1607 2116 1639 2133 eo
1660 2108 1732 2141 quod
1756 2107 1906 2140 simpliciter
1927 2107 1998 2132 Deus
2022 2107 2152 2140 perfectus
2171 2111 2218 2138 est,
2255 2109 2289 2134 ut
2324 2104 2356 2133 in
2393 2103 2498 2143 primo

1425 2157 1506 2187 libro
1532 2163 1699 2187 ostensum
1724 2162 1781 2186 est.
1946 2187 1949 2189 ,

1481 2207 1544 2238 Sed
1569 2207 1676 2238 divina
1700 2207 1845 2247 potentia
1876 2211 1957 2235 activa
1977 2218 2028 2235 non
2048 2212 2095 2237 est
2114 2209 2182 2234 aliud
2202 2209 2233 2234 ab
2258 2207 2326 2236 eius
2351 2206 2496 2236 essentia.

487 2393 694 2436 PRIMAE
727 2391 1127 2434 REDACTIONES
1158 2390 1405 2432 SECUNDI
1439 2389 1577 2432 LIBRI
1598 2387 1995 2430 AUTOGRAPHI
2030 2385 2306 2428 VATlCANl

411 2569 492 2609 Cap.
519 2569 557 2599 X.
584 2563 750 2606 Quantum
774 2577 929 2598 Porexrla
954 2577 986 2597 n<
1010 2567 1081 2598 Dlzo
1103 2577 1252 2599 menna.

707 2648 955 2690 Fragmentum.

291 2744 309 2760 ι
328 2743 344 2759 a·
364 2744 381 2760 κ
399 2735 516 2769 principii
535 2739 564 2760 ut
582 2739 654 2767 patet
676 2741 724 2766 per
747 2731 925 2758 definitionem
952 2739 1033 2765 quam
1058 2731 1232 2764 philosophus
1255 2733 1327 2765 ponit
1346 2732 1371 2757 in

290 2798 308 2815 v
320 2787 427 2822 metaph
439 2788 453 2802 ¹⁵
471 2781 680 2814 manifestum
697 2786 744 2811 est
761 2780 851 2821 quod
869 2781 1015 2820 potentia
1035 2792 1086 2810 non
1107 2780 1223 2811 dicitur
1247 2781 1279 2810 in
1300 2780 1371 2811 Deo

293 2847 351 2879 per
379 2840 565 2876 respectum
596 2832 636 2863 ad
669 2831 762 2868 facta,
788 2831 970 2862 secundum
1002 2833 1046 2863 rei
1074 2833 1251 2867 veritatem,
1271 2842 1284 2860 s
1303 2841 1371 2862 non

292 2898 351 2930 per
375 2891 558 2927 respectum
576 2883 615 2914 ad
639 2883 814 2918 actionem,
838 2883 899 2913 nisi
919 2883 1100 2914 secundum
1118 2882 1255 2913 modum
1279 2882 1371 2912 intel-

292 2938 414 2980 ligendi
431 2961 438 2968 .
454 2961 461 2967 .
476 2959 484 2967 .
502 2936 675 2966 actionem.
701 2936 718 2973 ξ
736 2933 830 2965 Unde
847 2935 874 2964 si
890 2934 1016 2974 aliquae
1038 2935 1181 2964 actiones
1202 2935 1273 2965 Deo
1293 2943 1372 2964 con-

292 2991 425 3022 veniant
437 2998 520 3029 quae
537 2998 604 3018 non
625 2990 739 3016 tendant
757 2987 789 3016 in
815 2985 949 3026 aliquod
973 2985 1094 3016 factum
1119 2991 1291 3021 transeant,
1316 2984 1372 3016 sed

293 3047 446 3076 maneant
470 3041 503 3071 in
532 3045 655 3080 agente,
682 3043 831 3078 respectu
861 3037 976 3068 harum
1003 3047 1071 3067 non
1096 3037 1220 3067 dicetur
1243 3038 1275 3067 in
1301 3037 1371 3067 Deo

293 3093 440 3134 potentia
456 3092 518 3122 nisi
534 3089 715 3121 secundum
732 3088 869 3118 modum
885 3087 1096 3127 intelligendi,
1110 3097 1177 3117 non
1191 3086 1372 3118 secundum

293 3145 340 3176 rei
356 3145 534 3176 veritatem.
560 3140 759 3172 Huiusmodi
777 3163 784 3170 .
800 3162 807 3170 .
823 3163 830 3170 .
849 3139 992 3170 effectus.
1019 3139 1203 3169 Intellectus
1226 3139 1322 3179 igitur
1341 3144 1373 3169 et

294 3196 444 3228 voluntas
461 3196 493 3225 in
519 3194 591 3224 Deo
608 3202 675 3223 non
701 3197 775 3222 sunt
795 3196 820 3220 in
839 3196 898 3229 ipso
918 3197 953 3221 ut
977 3191 1152 3231 potentiae,
1177 3190 1234 3220 sed
1264 3190 1372 3220 solum

294 3255 331 3279 ut
354 3249 509 3278 actiones.
533 3247 551 3285 ξ
567 3245 657 3276 Patet
677 3248 706 3281 ig
724 3244 821 3274 etiarn
846 3253 884 3273 ex
904 3241 1074 3283 praedictis
1091 3241 1181 3282 quod
1196 3240 1372 3272 multitudo

295 3301 463 3331 actionum
489 3307 572 3338 quae
597 3297 668 3326 Deo
694 3295 887 3330 attribuitur,
910 3300 945 3324 ut
969 3293 1156 3333 intelligere,
1181 3293 1273 3328 velle,
1298 3302 1372 3332 pro-

296 3352 415 3383 ducere
439 3360 500 3386 res,
526 3355 556 3379 et
580 3348 705 3383 similia,
730 3356 798 3377 non
823 3351 898 3376 sunt
922 3345 1064 3375 diversae
1090 3354 1149 3380 res,
1175 3354 1250 3375 cum
1275 3353 1372 3384 quae-

296 3402 374 3433 libet
397 3402 513 3432 harum
538 3400 704 3430 actionum
721 3399 753 3427 in
779 3397 850 3427 Deo
875 3397 914 3426 sit
939 3407 1020 3424 unum
1040 3402 1067 3424 er
1086 3399 1155 3424 idem
1175 3396 1281 3435 ipsum
1305 3395 1373 3424 eius

295 3463 377 3490 esse,
401 3451 493 3493 quod
517 3457 565 3482 est
589 3460 693 3481 unum
718 3455 748 3479 et
772 3448 869 3479 idem.
887 3448 964 3486 Quo
978 3446 1078 3477 modo
1092 3453 1200 3477 autern
1218 3446 1373 3486 multipli-

295 3506 374 3536 citas
389 3503 635 3545 significationis
651 3503 748 3532 unius
765 3502 809 3531 rei
826 3491 950 3530 veritati
963 3509 1030 3529 non
1049 3498 1256 3539 praeiudicet,
1271 3507 1308 3527 ex
1325 3497 1373 3526 his

296 3565 380 3597 quae
394 3557 426 3586 in
438 3556 545 3596 primo
555 3555 637 3585 libro
650 3557 710 3582 dem
721 3558 848 3583 ostensa
861 3557 945 3586 sunt,
957 3549 1165 3580 manifestum
1179 3559 1246 3579 esse
1256 3554 1372 3588 potest.

460 3667 542 3708 Cap.
566 3667 621 3697 xl.
646 3666 743 3704 Quor)
769 3675 809 3695 nn
834 3664 905 3694 Deo
930 3673 1055 3692 bremun
1080 3671 1208 3692 aunum

619 3728 772 3753 RELATIVE
798 3727 839 3747 AD
864 3725 1051 3746 ceant-aas.

343 3814 445 3854 Quod
457 3814 496 3845 de
509 3814 581 3844 Deo
596 3836 603 3843 .
618 3837 625 3844 .
641 3837 647 3843 .
663 3818 833 3843 creaturas
847 3830 867 3833 —
881 3811 899 3849 ξ
916 3814 986 3844 Quia
1000 3815 1088 3837 autem
1105 3807 1190 3837 Cum
1207 3811 1315 3836 autern
1328 3828 1334 3834 .
1347 3828 1352 3834 .
1366 3827 1373 3834 .

299 3865 509 3898 manifestum
534 3871 582 3895 est
605 3863 696 3905 quod
723 3862 846 3903 aliquid
870 3861 1000 3892 relative
1025 3864 1132 3900 potest
1151 3857 1214 3888 dici
1239 3856 1278 3886 de
1303 3856 1374 3886 Deo

1426 2522 1458 2552 in
1472 2526 1622 2562 respectu
1634 2527 1777 2550 creaturae
1796 2529 1931 2550 suorum
1945 2519 2132 2550 effectuum.
2145 2519 2163 2557 ἓ
2176 2518 2255 2548 Item
2268 2521 2285 2553 †
2301 2521 2418 2546 Relativa
2436 2522 2499 2545 sunt

1426 2577 1506 2601 simul
1525 2580 1625 2601 natura
1641 2575 1762 2608 opposita
1775 2583 1804 2600 se
1814 2575 1949 2607 ponunt.†
1969 2570 2044 2600 Non
2061 2573 2138 2605 igitur
2156 2574 2272 2609 potest?
2286 2568 2419 2608 intelligi
2444 2567 2499 2598 ali-

1428 2624 1507 2664 quid
1523 2625 1654 2655 relative
1671 2623 1733 2654 dici
1751 2622 1791 2654 ad
1814 2623 1950 2653 alterum
1967 2623 2026 2652 nisi
2047 2632 2063 2652 e
2088 2630 2246 2652 converso
2270 2620 2350 2651 illud
2369 2620 2498 2650 relative

1429 2675 1588 2706 diceretur
1612 2675 1651 2706 ad
1675 2676 1793 2715 ipsum.
1819 2673 1881 2705 Sed
1905 2683 1955 2704 res
1972 2698 1978 2704 .
1996 2696 2024 2703 ..
2044 2672 2177 2703 dicetur.
2203 2674 2220 2711 §
2237 2671 2363 2702 Adhuc.
2381 2671 2498 2702 Simili-

1393 2741 1402 2761 ς
1428 2726 1508 2758 tudo
1522 2728 1538 2743 ἕ
1552 2727 1663 2757 relatio
1681 2725 1851 2766 quaedam.
1866 2725 1954 2755 Deus
1968 2748 1975 2755 .
1986 2747 2010 2754 ..
2025 2724 2064 2754 de
2080 2725 2162 2764 ipso.
2180 2725 2198 2762 ξ
2211 2723 2371 2763 Amplius.
2389 2722 2499 2753 Scien-

1426 2780 1537 2808 tia...
1558 2778 1662 2807 habet.
1691 2777 1788 2817 Igitur
1813 2775 1934 2816 aliquid
1964 2775 2093 2805 relative
2124 2774 2240 2804 dicitur
2264 2773 2303 2804 de
2328 2774 2399 2803 Deo
2424 2781 2450 2802 et
2468 2777 2500 2801 ad

1427 2835 1545 2866 seipsum
1564 2838 1590 2859 et
1608 2829 1648 2860 ad
1665 2829 1735 2860 alia.
1757 2833 1773 2866 9
1788 2833 1932 2858 Praeterea.
1951 2830 2072 2857 identitas
2097 2831 2187 2855 relatio
2210 2830 2339 2863 quaedam
2359 2834 2407 2854 est.
2426 2828 2498 2854 Deus

1427 2891 1513 2911 autem
1533 2885 1645 2910 maxime
1664 2885 1711 2909 sibi
1731 2890 1772 2909 est
1794 2885 1872 2915 idern,
1891 2891 1952 2908 cum
1971 2883 1996 2908 in
2020 2891 2052 2908 eo
2071 2882 2142 2907 nulla
2160 2882 2194 2906 sit
2212 2881 2357 2907 diversitas.
2376 2881 2452 2906 Unde
2471 2885 2498 2905 et

1427 2936 1516 2962 omnia
1534 2943 1602 2969 quae
1622 2936 1654 2960 de
1674 2935 1732 2968 ipso
1752 2935 1881 2963 dicuntur,
1900 2934 1948 2959 sibi
1974 2933 2086 2959 invicem
2105 2938 2167 2958 sunt
2186 2933 2286 2958 eadem.
2306 2931 2405 2957 Dicitur
2424 2932 2500 2963 igitur

1428 2988 1525 3021 aliquid
1549 2987 1656 3013 relative
1676 2988 1708 3012 de
1737 2987 1793 3012 Deo
1822 2981 1982 3021 §Adhuc
2009 2982 2144 3012 Movens
2168 2980 2285 3011 dicitur
2308 2980 2437 3010 relative
2461 2979 2500 3010 ad

1429 3041 1557 3065 motum
1583 3040 1614 3065 et
1637 3043 1733 3074 agens
1758 3034 1797 3064 ad
1821 3032 1942 3064 factum
1961 3042 1990 3062 ut
2008 3042 2078 3069 patet
2097 3044 2143 3068 per
2161 3035 2346 3069 philosophum
2366 3035 2393 3059 in
2410 3042 2426 3059 v
2446 3042 2501 3059 me-

1428 3090 1497 3123 taph.
1516 3095 1543 3115 et
1561 3090 1586 3114 in
1604 3098 1631 3114 w
1650 3090 1717 3122 phis.
1737 3085 1824 3116 Deus
1841 3090 1950 3114 autem
1967 3089 2013 3113 est
2029 3092 2126 3123 agens
2141 3089 2169 3110 ut
2183 3086 2303 3118 primum
2317 3087 2349 3112 et
2365 3090 2500 3111 movens

1430 3148 1496 3169 non
1525 3144 1663 3174 motum,
1689 3143 1725 3168 ut
1744 3141 1794 3165 iam
1812 3142 1978 3166 ostensum
1995 3141 2051 3165 est.
2070 3135 2230 3164 Dicuntur
2253 3134 2349 3173 igitur
2372 3132 2411 3163 de
2427 3133 2499 3172 ipso

1428 3190 1609 3220 relationes.
1635 3189 1760 3228 §Item.
1785 3188 1928 3217 Primum
1952 3186 2141 3216 relationem
2161 3184 2323 3225 quandam
2347 3185 2501 3224 importat

1429 3247 1563 3269 ostensum
1585 3247 1625 3268 est
1643 3246 1734 3268 autem
1751 3244 1782 3269 et
1798 3239 1814 3254 *
1831 3237 1975 3267 similiter
1990 3245 2167 3267 summum.
2189 3235 2363 3266 Ostensum
2381 3239 2428 3264 est
2444 3244 2500 3264 au-

1429 3298 1494 3322 tem
1513 3315 1519 3321 .
1535 3315 1541 3321 .
1558 3315 1564 3321 .
1583 3291 1744 3321 dicuntur.

1388 2999 1412 3013 10

1389 3257 1410 3276 ¹5

1429 3402 1510 3442 Cap.
1528 3402 1595 3432 ΧΠ.
1621 3402 1717 3440 Quor)
1742 3410 1932 3436 aerumnas
1958 3409 2069 3428 merae
2094 3408 2134 3427 m:
2159 3398 2229 3427 Dao
2255 3407 2295 3427 An
2321 3406 2499 3426 enan-rums

1714 3462 1777 3482 Nor<
1802 3461 1878 3481 scsr
1903 3460 2053 3480 nentri-:R
2078 3460 2109 3479 n<
2134 3449 2216 3478 Dao.

1389 3515 1414 3528 20

1475 3546 1575 3585 Quod
1600 3547 1770 3577 relationes
1788 3569 1795 3576 .
1810 3569 1817 3576 .
1834 3571 1838 3574 .
1856 3546 1890 3575 in
1914 3545 1996 3574 Deo.
2022 3563 2040 3565 —
2059 3545 2076 3582 ἓ
2092 3542 2290 3574 Huiusmodi
2319 3547 2428 3573 autem
2452 3551 2501 3572 re-

1429 3599 1567 3628 lationes
1589 3598 1687 3638 (quae
1712 3603 1786 3628 sunt
1810 3596 1849 3627 ad
1874 3606 1950 3626 suos
1966 3594 2112 3636 effectus)
2137 3594 2262 3625 realiter
2285 3594 2317 3624 in
2342 3594 2414 3624 Deo
2432 3603 2500 3624 esse

1429 3660 1495 3680 non
1514 3655 1661 3690 possunt.
1679 3649 1753 3680 Non
1772 3649 1859 3679 enirn
1879 3653 1912 3678 de
1932 3652 1990 3677 Deo
2005 3651 2059 3676 dici
2077 3647 2110 3676 in
2127 3656 2167 3676 eo
2186 3655 2253 3676 esse
2270 3650 2403 3686 possent
2419 3643 2503 3676 sicut

1430 3700 1608 3732 accidentia
1632 3701 1664 3731 in
1689 3700 1846 3736 subiecto,
1871 3709 1945 3730 cum
1977 3699 2009 3728 in
2033 3699 2105 3738 ipso
2129 3697 2320 3739 nullum-sit
2342 3695 2500 3731 accidens,

1390 3766 1412 3786 25
1430 3758 1467 3783 ut
1486 3753 1518 3783 in
1536 3753 1643 3792 primo
1668 3752 1749 3782 libro
1767 3756 1933 3782 ostensum
1950 3756 2006 3780 est.
2031 3750 2048 3766 ³*
2063 3748 2132 3779 Nec
2157 3749 2252 3778 etiam
2276 3753 2410 3788 possent
2433 3756 2500 3777 esse

1429 3804 1500 3844 ipsa
1517 3803 1577 3833 Dei
1594 3802 1778 3833 substantia.
1798 3801 1884 3832 Cum
1902 3801 2016 3840 (enim)
2033 3799 2163 3830 relativa
2179 3802 2323 3828 secundum
2342 3809 2419 3827 suum
2439 3797 2501 3826 sint

1430 3864 1514 3895 quae
1539 3853 1719 3884 secundum
1735 3861 1831 3882 suum
1854 3843 1921 3882 esse
1945 3850 1985 3881 ad
2009 3849 2094 3880 aliud
2112 3848 2256 3889 quodam
2279 3847 2378 3878 modo
2395 3856 2428 3876 se
2445 3846 2500 3876 ha-

374 4032 408 4058 26
417 4033 458 4058 bis
477 4032 556 4062 Quod
575 4032 608 4056 de
627 4030 691 4063 Deo]
713 4030 810 4055 Omnia
829 4015 940 4061 capitula
959 4026 1065 4052 secundi
1085 4025 1140 4050 libri
1161 4031 1228 4057 quae
1242 4024 1267 4048 in
1287 4021 1448 4055 autographo
1467 4021 1602 4051 habentur,
1621 4020 1724 4045 titulum
1744 4018 1840 4044 habent
1858 4018 1883 4043 in
1902 4017 2018 4050 margine
2037 4016 2160 4049 positum.

370 4077 387 4102 b
401 4077 464 4110 7bis
483 4073 629 4108 Praeterea]
650 4074 738 4099 Codex
757 4073 779 4098 D
799 4072 860 4104 legit
878 4079 939 4097 cum
958 4072 1013 4104 pn:
1033 4071 1049 4095 b
1063 4076 1147 4102 7-10:
1167 4074 1267 4097 11-12;
1286 4067 1341 4098 42*
1360 4074 1374 4090 a

444 4132 538 4155 Summa
558 4129 668 4152 Com-na
688 4128 822 4151 Gan-ritis
843 4127 872 4151 D.
892 4127 1008 4150 Tnoman
1028 4126 1097 4148 Tou.
1117 4124 1133 4147 l.

1390 4073 1436 4097 14;
1458 4072 1504 4098 17;
1525 4064 1556 4089 23
1577 4064 1632 4089 alia
1652 4065 1820 4096 reseruntur;
1843 4062 1883 4088 30.

2323 4111 2352 4136 81

2521 1076 2579 1104 Cap.
2594 1083 2614 1104 3,
2627 1082 2666 1102 ²77
2676 1082 2689 1097 a
2702 1083 2716 1097 ι.

2523 1130 2536 1151 b
2549 1129 2593 1152 1-6.

2524 1386 2606 1412 Cap.4.
2613 1385 2674 1413 2791>
2681 1385 2712 1407 8η

2527 1797 2584 1845 (ἐῗρ.
2602 1797 2712 1819 §asiai

2529 1831 2536 1845 ι
2556 1839 2563 1846 .

2527 2054 2584 2080 Cap.
2595 2060 2615 2080 7,
2627 2054 2667 2082 283
2682 2060 2711 2075 ai

2527 2211 2584 2237 Cap.
2600 2216 2622 2236 ο,
2638 2210 2681 2235 284
2692 2209 2716 2230 b.

2528 2722 2536 2729 ·
2548 2720 2609 2741 Casu
2624 2726 2672 2741 om.
2683 2723 2716 2740 esl

2529 3238 2537 3246 ·
2556 3238 2565 3254 Χ
2578 3236 2608 3256 id.
2625 3236 2653 3256 ad
2669 3236 2714 3255 loc.

2528 3546 2556 3568 30
2565 3546 2575 3561 r
2585 3546 2597 3560 υ
2608 3543 2715 3566 isar-29

2529 3748 2562 3768 lb.
2583 3748 2626 3768 ’[ἰ.
