2768 4134
61 883 70 892 ‘
86 881 119 904 111
135 880 165 903 de
179 880 273 907 Anima,
304 874 317 893 ‘³

61 914 86 935 ιι,
96 914 124 935 4ς
134 913 192 935 v,2;
202 906 273 929 s0Tli.

62 935 76 957 Ι.
86 940 107 960 2,
116 940 152 957 ιο.

59 1051 69 1060 ·
83 1049 141 1077 Cap.
151 1053 232 1070 xcviii.

301 312 377 349 600

821 308 1009 347 SUMMA
1039 306 1262 344 CONTRA
1290 304 1568 352 GENTILES,
1597 303 1693 340 LIB.
1714 303 1755 348 11,
1786 302 1898 339 CAP.
1921 301 1981 338 CI.

690 464 1173 523 CAPITULUM
1211 460 1755 519 CENTESIMUM
1791 459 2120 516 PRIMUM

474 596 691 639 UTRUM
725 593 1156 637 SUBSTANTIAE
1190 590 1561 634 SEPARATAE
1594 588 1916 631 NATURALI
1952 587 2335 630 COGNITIONE

965 654 1385 697 COGNOSCANT
1420 652 1619 693 OMNIA
1654 651 1840 692 SIMUL

317 902 327 915 t
355 901 363 907 ι
381 868 462 923 '3:⁶⁴‘
487 884 489 888 ’
509 879 546 914 ίη
577 883 661 915 actu
675 876 712 922 *3
733 876 838 914 idem
858 883 989 913 autem
1009 886 1090 911 non
1109 881 1236 923 potest
1257 873 1374 910 simul

310 916 479 971 ’ῗᾌΣῘΙι
510 942 593 968 esse
622 931 744 967 multa
762 929 802 966 in
831 936 936 974 actu;
956 927 1196 977 impossibile
1220 926 1376 964 videtur

301 984 408 1035 quod
429 983 640 1021 intellectus
660 981 894 1020 substantiae
916 988 1114 1031 separatae
1133 980 1275 1018 habeat
1289 992 1374 1030 spe-

301 1038 378 1076 cies
414 1036 705 1086 intelligibilium
744 1035 928 1081 diversas,
966 1034 1063 1072 sicut
1099 1033 1177 1071 iam
1216 1045 1334 1084 supra
1354 1033 1375 1056 ’¹‘

301 1091 447 1129 dictum
476 1098 543 1127 est.

355 1145 431 1182 Sed
458 1143 663 1181 sciendum
682 1149 738 1179 est
757 1142 865 1191 quod
890 1153 971 1179 non
991 1153 1110 1178 omne
1130 1140 1224 1178 illud
1244 1148 1300 1178 est
1318 1139 1372 1177 in-

299 1199 492 1235 tellectum
520 1196 560 1233 in
583 1203 671 1233 actu
699 1195 811 1233 cuius
839 1194 986 1245 species
1014 1194 1256 1243 intelligibilis
1284 1202 1372 1232 actu

299 1259 355 1288 est
374 1250 414 1288 in
433 1250 636 1287 intellectu.
659 1249 763 1286 Cum
784 1249 890 1286 enim
919 1247 1131 1286 substantia
1159 1247 1372 1298 intelligens

299 1304 345 1342 sit
363 1304 479 1342 etiam
504 1304 651 1349 volens,
672 1314 717 1340 ac
735 1314 807 1353 per
825 1303 902 1340 hoc
921 1302 967 1340 sit
986 1302 1148 1340 domina
1167 1301 1227 1340 sui
1251 1309 1371 1348 actus,

298 1357 339 1395 in
366 1364 552 1407 potestate
581 1356 701 1407 ipsius
729 1364 796 1403 est,
816 1363 1027 1406 postquam
1055 1355 1172 1393 habet
1201 1354 1372 1405 speciem

299 1410 585 1459 intelligibilem,
605 1417 647 1447 ut
666 1422 712 1447 ea
731 1418 862 1447 utatur
879 1410 930 1448 ad
950 1408 1243 1458 intelligendum
1265 1416 1370 1455 actu;

298 1466 370 1511 vel,
391 1464 423 1502 si
442 1464 558 1501 habet
576 1465 718 1513 plures,
737 1471 781 1501 ut
799 1471 930 1501 utatur
948 1475 1027 1501 una
1046 1462 1232 1513 ipsarum.
1257 1462 1372 1500 Unde

299 1526 335 1555 et
349 1530 394 1555 ea
409 1529 581 1568 quorum
598 1516 797 1555 scientiam
813 1517 1017 1563 habemus,
1033 1529 1114 1554 non
1130 1516 1265 1554 omnia
1284 1524 1372 1554 actu

299 1571 602 1610 consideramus.
625 1570 847 1609 Substantia
866 1570 978 1620 igitur
1006 1569 1281 1616 intellectualis,
1302 1582 1374 1620 per

299 1626 429 1675 plures
457 1624 603 1674 species
631 1636 882 1674 cognoscens,
911 1624 1031 1662 utitur
1058 1636 1149 1671 una,
1171 1636 1250 1673 qua
1278 1625 1372 1670 vult,

246 1726 248 1728 Υ
300 1691 345 1716 ac
363 1691 434 1728 per
452 1679 529 1717 hoc
548 1678 664 1716 simul
682 1686 770 1716 actu
799 1677 996 1727 cognoscit
1024 1677 1159 1715 omnia
1178 1689 1280 1727 quae
1301 1689 1374 1726 per

59 2179 69 2189 ·
84 2177 121 2200 Cf.
138 2177 272 2200 comment.

59 2210 109 2232 cap.
125 2209 206 2230 xcviii,
221 2203 272 2225 init.

59 2273 68 2282 ‘
84 2270 120 2293 Cf.
136 2276 200 2292 num.
211 2276 237 2292 n.

354 1820 371 1846 8
390 1828 442 1845 non
456 1827 536 1845 omne
554 1819 627 1853 illud]
646 1826 726 1845 omne
744 1818 809 1844 illud
828 1819 900 1852 quod
919 1818 1004 1844 aWX.

1428 777 1550 803 unam
1581 763 1753 814 speciem
1786 762 2000 813 cognoscit:
2036 763 2172 802 omnia
2203 763 2311 801 enim
2343 770 2434 801 sunt
2466 770 2510 800 ut

1428 831 1556 857 unum
1575 817 1809 866 intelligibile
1834 817 2069 867 inquantum
2089 825 2179 855 sunt
2205 829 2276 867 per
2295 829 2422 857 unum
2442 829 2508 854 co-

1428 872 1549 922 gnita;
1574 871 1673 909 sicut
1700 879 1738 908 et
1766 870 1980 909 intellectus
2005 878 2138 908 noster
2165 869 2283 909 simul
2309 870 2510 920 cognoscit

1429 927 1552 963 multa
1573 925 1623 963 ad
1643 924 1814 962 invicem
1843 924 2062 975 composita
2090 925 2153 961 vel
2171 925 2290 962 relata
2311 931 2356 961 ut
2379 936 2508 962 unum

1396 993 1405 1013 x
1429 979 1632 1030 quiddam.
1654 979 1712 1016 Ea
1730 990 1826 1016 vero
1855 990 1958 1028 quae
1978 989 2050 1028 per
2073 978 2247 1016 diversas
2275 976 2424 1028 species
2443 989 2508 1015 co-

1427 1032 1589 1082 gnoscit,
1618 1044 1700 1070 non
1728 1030 1927 1081 cognoscit
1953 1030 2083 1070 simul.
2113 1031 2163 1069 Et
2194 1031 2297 1078 ideo,
2326 1030 2425 1069 sicut
2451 1038 2510 1069 est

1428 1087 1643 1124 intellectus
1662 1097 1779 1133 unus,
1795 1085 1846 1123 ita
1865 1093 1923 1123 est
1941 1084 2179 1124 intellectum
2198 1084 2240 1123 in
2258 1092 2348 1124 actu
2366 1096 2507 1123 unum.

1483 1140 1552 1178 Est
1588 1139 1703 1188 igitur
1734 1139 1775 1177 in
1803 1138 1997 1177 intellectu
2034 1138 2272 1177 substantiae
2309 1145 2510 1189 separatae

1427 1194 1623 1244 quaedam
1654 1192 1993 1242 intelligentiarum
2021 1192 2229 1231 successio.
2253 1193 2348 1230 Non
2375 1199 2510 1230 tamen

1388 1265 1414 1280 ιο
1428 1255 1571 1294 motus,
1586 1246 1744 1297 proprie
1759 1247 1979 1297 loquendo:
1997 1258 2090 1284 cum
2105 1258 2188 1285 non
2202 1246 2386 1284 succedat
2400 1253 2510 1284 actus

1427 1300 1635 1352 potentiae,
1657 1300 1726 1338 sed
1755 1308 1863 1339 actus
1891 1299 2006 1339 actui.

1481 1355 1697 1393 Intellectus
1716 1362 1849 1393 autem
1868 1353 2038 1400 divinus,
2049 1353 2142 1404 quia
2158 1365 2230 1404 per
2248 1365 2389 1400 unum,
2398 1353 2509 1404 quod

1428 1417 1484 1447 est
1503 1421 1575 1446 sua
1601 1408 1776 1455 essentia,
1797 1407 1933 1446 omnia
1956 1407 2165 1458 cognoscit,
2185 1415 2223 1446 et
2241 1420 2315 1446 sua
2332 1406 2433 1446 actio
2452 1414 2512 1445 est

1428 1475 1499 1500 sua
1527 1462 1705 1508 essentia,
1736 1461 1872 1500 omnia
1899 1461 2016 1499 simul
2045 1461 2227 1510 intelligit.

1388 1534 1411 1555 ¹5
1481 1517 1590 1554 UNDE
1618 1528 1654 1554 IN
1686 1526 1968 1554 lNTELLlGENTlA
2005 1527 2084 1554 Eius
2118 1526 2197 1553 NON
2231 1526 2339 1552 CADIT
2372 1525 2511 1558 ALIQUA

1428 1581 1630 1616 successio,
1660 1581 1726 1607 san
1755 1581 1851 1608 suum
1879 1581 2125 1607 INTELLIGERE
2153 1580 2221 1607 EST
2247 1579 2377 1607 τοτυΜ
2401 1579 2511 1607 sinui.

1429 1635 1658 1669 paaracruu,
1687 1635 1903 1661 mammeas
1936 1635 2006 1661 aaa
2033 1635 2149 1661 omma
2181 1633 2346 1661 sancum
2378 1633 2511 1661 sancu-

1429 1688 1569 1714 Loaum.
1601 1677 1724 1714 AMEN.

1097 1825 1128 1851 ¹7
1148 1816 1211 1852 qua]
1230 1825 1311 1851 quam
1330 1817 1506 1844 «DNXYch.

356 1856 370 1881 5
390 1855 526 1890 quiddam]
546 1855 680 1889 quoddam
698 1854 818 1884 aWch5
836 1854 859 1879 D
873 1854 941 1888 legit
959 1855 1040 1880 relata
1059 1854 1092 1879 ad
1111 1861 1194 1878 unum
1208 1856 1235 1879 et
1252 1860 1296 1879 om
1315 1853 1450 1886 quiddam.

1541 1851 1685 1887 cognoscit]
1705 1852 1872 1886 cognoscitur
1891 1860 1916 1877 a.

1062 1940 1402 1975 commentaria
1430 1940 1743 1974 Fax-ramensis

355 2050 502 2071 osi-ausu
526 2039 749 2071 determinavit
776 2038 912 2070 Sanctus
940 2039 1086 2070 Thomas
1120 2038 1161 2070 de
1187 2039 1375 2079 cognitione

303 2052 352 2114 P
366 2084 561 2116 substantiae
589 2089 752 2124 separatae
776 2089 936 2124 quantum
966 2083 1006 2114 ad
1037 2084 1107 2114 eius
1130 2084 1258 2114 obiecta
1281 2083 1375 2114 abso-

299 2129 377 2166 lute,
402 2129 518 2160 ultimo
542 2129 618 2159 loco
646 2127 839 2160 determinat
863 2128 903 2159 de
926 2127 1089 2159 simultate
1112 2128 1260 2168 ipsorum
1284 2128 1374 2159 obie-

300 2179 428 2205 ctorum
451 2174 485 2204 in
509 2183 578 2204 esse
601 2174 744 2213 cognito.
757 2173 774 2190 ⁴*

356 2218 398 2249 Et
419 2219 538 2258 primo,
562 2223 675 2249 movet
702 2217 853 2254 dubium;
885 2217 1041 2254 secundo,
1073 2217 1248 2258 respondet
1271 2217 1375 2249 deter-

300 2262 455 2294 minando
479 2263 646 2294 veritatem
657 2263 684 2293 *.

356 2307 380 2338 1.
397 2307 566 2345 Quantum
581 2306 622 2338 ad
637 2307 795 2348 primum:
812 2306 939 2346 videtur
951 2306 1043 2346 quod
1057 2315 1125 2337 non
1142 2307 1268 2347 possint
1282 2307 1375 2348 plura

300 2351 511 2392 intelligibilia
533 2351 631 2382 simul
654 2361 723 2382 esse
745 2351 780 2382 in
803 2351 970 2382 intellectu
993 2351 1189 2382 substantiae
1213 2357 1376 2392 separatae

301 2396 482 2428 secundum
503 2406 576 2427 suas
599 2397 733 2436 species.
757 2395 842 2426 Nam
858 2396 1038 2427 intellectus
1062 2396 1095 2426 in
1111 2401 1188 2427 actu
1211 2402 1259 2427 est
1281 2397 1375 2428 intel-

302 2442 419 2472 lectum
444 2441 476 2471 in
501 2446 587 2472 actu.
619 2440 683 2472 Sed
712 2439 800 2471 idem
823 2449 891 2471 non
915 2446 1023 2481 potest
1053 2440 1149 2471 simul
1181 2450 1249 2472 esse
1272 2441 1375 2473 multa

301 2487 334 2517 in
358 2491 443 2516 actu.
468 2485 555 2526 Ergo
579 2490 640 2516 etc.

357 2530 394 2561 11.
427 2529 616 2571 Respondet
647 2529 783 2560 Sanctus
811 2529 956 2560 Thomas
982 2529 1099 2569 primo,
1127 2529 1167 2560 ad
1198 2530 1373 2561 maiorem:

301 2574 391 2615 quod
406 2584 475 2605 non
491 2583 590 2605 omne
605 2573 685 2605 illud
701 2580 748 2605 est
769 2574 969 2605 intellectum
993 2575 1026 2604 in
1043 2579 1116 2605 actu
1134 2575 1226 2606 cuius
1250 2576 1374 2616 species

299 2619 508 2659 intelligibilis
523 2624 571 2650 est
582 2619 616 2649 in
631 2618 808 2655 intellectu,
822 2624 858 2649 ut
873 2619 1079 2659 supponitur.
1096 2618 1192 2657 Quia,
1209 2629 1285 2651 cum
1297 2620 1373 2651 sub—

300 2664 414 2695 stantia
437 2664 618 2704 intelligens
633 2663 673 2694 sit
697 2663 793 2694 etiam
817 2663 941 2700 volens,
965 2664 999 2694 in
1016 2669 1175 2704 potestate
1196 2665 1298 2705 ipsius
1315 2671 1373 2702 est,
1398 2701 1400 2709 Ι

299 2714 475 2749 postquam
498 2709 594 2739 habet
617 2709 760 2749 speciem
783 2707 1030 2749 intelligibilem,
1046 2714 1082 2740 ut
1106 2718 1143 2740 ea
1166 2715 1275 2741 utatur
1299 2716 1373 2742 actu

300 2753 528 2793 intelligendo;
553 2759 585 2784 et
608 2753 635 2783 si
658 2752 766 2793 plures
782 2753 888 2790 habet,
905 2759 942 2784 ut
961 2763 1026 2784 una
1049 2754 1192 2794 ipsarum
1208 2759 1327 2786 utatur.

355 2797 518 2834 Secundo,
534 2797 574 2828 ad
590 2798 751 2828 minorem
770 2797 958 2838 respondet:
976 2798 1067 2838 quod
1087 2799 1198 2830 omnia
1213 2809 1298 2840 quae
1309 2809 1374 2840 per

300 2851 398 2873 unam
421 2842 557 2883 speciem
580 2842 751 2884 cognoscit
776 2842 957 2874 substantia
983 2848 1148 2884 separata,
1175 2844 1274 2875 simul
1297 2849 1372 2876 actu

299 2887 477 2928 cognoscit.
503 2887 544 2918 Et
567 2892 646 2918 tunc
668 2886 723 2918 illa
738 2892 813 2918 sunt
829 2893 865 2918 ut
880 2896 986 2918 unum
1006 2888 1221 2928 intelligibile:
1241 2890 1325 2920 sicut
1340 2895 1373 2920 et

299 2931 480 2962 intellectus
503 2938 613 2962 noster
635 2931 738 2963 multa
765 2931 861 2963 simul
885 2933 1054 2972 cognoscit
1078 2938 1114 2963 ut
1137 2942 1251 2965 unum.
1279 2933 1373 2970 Quae

300 2985 376 3006 vero
394 2986 458 3016 per
481 2976 626 3008 diversas
647 2977 769 3017 species
792 2976 971 3018 cognoscit,
989 2987 1054 3007 non
1078 2977 1177 3009 simul
1192 2979 1371 3020 cognoscit.

300 3020 341 3050 Et
363 3020 448 3057 ideo,
472 3021 555 3052 sieut
578 3027 626 3052 est
649 3021 831 3052 intellectus
855 3031 940 3052 unus
964 3021 996 3052 in
1021 3027 1105 3057 actu,
1130 3023 1172 3053 ita
1196 3029 1244 3054 est
1267 3033 1372 3055 unum

300 3065 500 3096 intellectum
524 3065 558 3096 in
582 3071 667 3096 actu.

356 3109 404 3140 Ex
423 3110 461 3140 iis
477 3110 622 3150 sequitur
638 3109 729 3150 quod
744 3109 776 3140 in
795 3110 959 3141 intellectu
978 3111 1177 3142 substantiae
1199 3118 1372 3152 separatae

300 3158 347 3184 est
361 3154 519 3194 quaedam
537 3154 830 3196 intelligentiarum
845 3155 913 3185 sive
929 3155 1183 3186 intellectionum
1199 3158 1370 3194 successio,

301 3207 366 3228 non
391 3203 498 3230 tamen
523 3204 639 3234 motus,
664 3199 803 3239 proprie
826 3199 1008 3240 loquendo:
1031 3210 1103 3231 cum
1129 3210 1194 3231 non
1218 3202 1372 3233 succedat

300 3247 391 3273 actus
411 3244 585 3284 potentiae,
610 3243 666 3274 sed
689 3249 781 3274 actus
804 3244 902 3274 actui.
919 3261 942 3267 -
958 3243 993 3275 ln
1009 3244 1175 3276 intellectu
1199 3251 1307 3277 autem
1324 3246 1371 3278 di-

300 3288 388 3324 vino,
412 3288 469 3328 qui
493 3289 603 3319 omnia
627 3288 723 3319 simul
747 3288 906 3329 intelligit,
940 3298 980 3319 eo
1012 3289 1103 3330 quod
1125 3299 1183 3330 per
1206 3300 1297 3321 suam
1322 3301 1371 3322 es-

301 3332 436 3362 sentiam
460 3333 571 3363 omnia
587 3333 756 3373 cognoscit
771 3338 803 3364 et
819 3342 876 3364 sua
893 3333 978 3364 actio
994 3339 1042 3364 est
1065 3343 1123 3365 sua
1139 3335 1286 3372 essentia,
1302 3345 1371 3367 non

302 3375 385 3406 cadit
409 3377 572 3407 successio
596 3377 890 3418 intelligentiarum,
915 3377 972 3409 sed
996 3387 1092 3410 suum
1122 3379 1300 3419 intelligere
1324 3385 1372 3411 est

302 3425 408 3450 totum
431 3421 537 3458 simul,
562 3426 622 3452 etc.

358 3463 409 3494 111.
426 3464 477 3496 Ad
494 3464 687 3496 evidentiam
704 3475 819 3497 eorum
835 3475 920 3506 quae
937 3467 1002 3497 hoc
1018 3467 1094 3498 loco
1111 3466 1274 3504 dicuntur,
1290 3478 1370 3499 con-

1429 2044 1503 2069 actu
1526 2037 1732 2079 imperfecto,
1749 2037 1868 2069 dicitur
1889 2037 2073 2069 intellectus
2095 2038 2130 2068 in
2153 2043 2229 2069 actu
2247 2037 2455 2079 imperfecte;
2478 2043 2512 2070 et

1428 2082 1575 2114 similiter
1597 2083 1668 2123 ipsa
1694 2091 1838 2123 quorum
1868 2088 1946 2113 sunt
1973 2082 2214 2119 similitudines,
2241 2089 2318 2114 sunt
2347 2083 2512 2116 intellecta

1428 2128 1463 2158 in
1478 2133 1553 2158 actu
1569 2125 1770 2168 imperfecte,
1787 2127 1854 2158 sive
1870 2126 2034 2159 intellecta
2048 2127 2083 2158 in
2099 2127 2222 2159 habitu.
2239 2126 2384 2166 Quando
2399 2134 2512 2160 autem

1429 2178 1505 2203 sunt
1527 2173 1561 2203 in
1584 2172 1657 2212 ipso
1673 2178 1748 2203 actu
1772 2171 1930 2212 perfecto,
1946 2177 2026 2203 tunc
2041 2171 2160 2204 dicitur
2173 2171 2358 2204 intellectus
2380 2172 2416 2204 in
2434 2178 2511 2206 acm

1428 2217 1582 2258 perfecte,
1607 2223 1640 2248 et
1659 2217 1862 2248 intellectum
1877 2217 1912 2248 in
1930 2222 2006 2248 actu
2022 2216 2175 2258 perfecte.
2193 2216 2281 2249 Cum
2302 2226 2380 2258 ergo
2402 2218 2512 2260 iuquit

1429 2262 1567 2293 Sanctus
1589 2261 1736 2293 Thomas
1751 2271 1818 2292 non
1835 2271 1932 2293 omne
1956 2261 2039 2293 illud
2061 2271 2131 2293 esse
2153 2261 2351 2294 intellectum
2375 2262 2410 2294 in
2433 2267 2510 2296 adt
2763 2291 2768 2305 ,

1428 2307 1523 2338 cuius
1545 2306 1667 2348 species
1690 2311 1739 2338 est
1762 2307 1794 2337 in
1819 2306 1996 2343 intellectu,
2021 2306 2269 2348 intelligendum
2284 2312 2332 2338 est
2352 2306 2394 2338 de
2415 2307 2510 2339 intel-
2760 2306 2768 2341 ἶ·

1428 2351 1514 2382 lecto
1530 2351 1564 2382 in
1580 2357 1655 2383 actu
1671 2352 1836 2392 complete
1853 2356 1886 2383 et
1901 2350 2055 2392 perfecte.
2067 2351 2122 2383 Sic
2137 2351 2226 2383 enim
2241 2357 2402 2393 repugnat
2414 2352 2510 2393 plura
2762 2355 2768 2385 ἐ

1428 2396 1592 2428 intellecta
1615 2397 1648 2427 in
1672 2402 1748 2428 actu
1771 2396 1868 2428 simul
1892 2405 1963 2427 esse
1986 2397 2020 2428 in
2044 2396 2213 2428 intellectu
2235 2395 2433 2437 (secundum
2457 2406 2509 2428 ra·
2763 2386 2768 2438 ἰ

1429 2442 1555 2472 tionem
1565 2441 1727 2482 Algazelis
1739 2441 1782 2481 ⁹),
1798 2441 1882 2474 sicut
1893 2447 2054 2482 repugnat
2070 2450 2175 2472 unum
2190 2450 2312 2482 corpus
2326 2440 2509 2474 secundum
2536 2447 2545 2456 ·
2563 2445 2600 2469 Cf-
2623 2453 2645 2469 ι·
2662 2443 2768 2497 nona}

1429 2485 1566 2517 eandem
1590 2491 1716 2527 partem
1739 2485 1873 2517 diversis
1895 2485 2008 2526 figuris
2023 2485 2168 2527 figurari:
2192 2495 2262 2518 non
2280 2491 2392 2518 autem
2414 2485 2517 2528 plum.
2536 2472 2768 2523 wamma,

1428 2530 1591 2562 intellecta
1614 2531 1648 2562 in
1672 2536 1746 2562 actu
1771 2529 1972 2572 imperfecte,
1995 2540 2054 2562 seu
2078 2530 2293 2562 habitualiter.
2759 2541 2762 2542 ⁷

1485 2575 1538 2606 lV.
1559 2575 1624 2607 Sed
1639 2576 1782 2607 occurrit
1799 2575 1937 2607 dubium
1953 2576 2038 2606 circa
2053 2575 2135 2607 illud
2153 2574 2246 2617 quod
2260 2575 2432 2607 adducitur
2446 2585 2521 2617 pro.

1427 2621 1555 2652 ratione
1576 2620 1663 2651 illius
1687 2620 1775 2657 dicti,
1799 2621 1877 2661 quia
1900 2619 2023 2652 scilicet
2043 2620 2227 2652 substantia
2250 2620 2439 2662 intelligens
2460 2625 2511 2653 est

1426 2665 1525 2697 etiam
1541 2665 1664 2701 volens,
1680 2670 1712 2696 et
1734 2665 1808 2696 ideo
1832 2665 1866 2696 in
1877 2669 2040 2706 potestate
2055 2665 2126 2697 eius
2140 2670 2189 2696 est
2211 2670 2248 2696 ut
2270 2670 2385 2696 utatur
2400 2666 2509 2707 specie

1427 2710 1471 2741 ad
1501 2709 1751 2752 intelligendum
1781 2715 1867 2741 actu.
1898 2709 1974 2742 Hoc
2005 2710 2095 2742 enim
2123 2719 2193 2742 non
2222 2709 2352 2742 videtur
2380 2719 2507 2748 verum,

1427 2760 1561 2796 propter
1583 2754 1661 2786 duo.
1690 2754 1811 2792 Primo,
1835 2755 1914 2796 quia
1935 2755 2062 2796 species
2084 2760 2133 2787 est
2155 2763 2253 2796 agens
2275 2754 2431 2787 naturale.

1483 2799 1648 2836 Secundo,
1673 2800 1751 2840 quia
1773 2805 1852 2832 tunc
1875 2799 2054 2831 substantia
2076 2805 2221 2841 separata
2242 2799 2426 2840 intelligens
2448 2809 2508 2842 per

1426 2844 1571 2885 aliquam
1594 2845 1748 2886 speciem,
1773 2845 1862 2885 prius
1885 2844 1992 2881 vellet,
2022 2844 2138 2876 saltem
2165 2844 2331 2885 prioritate
2360 2850 2506 2883 nami-ae,

1426 2889 1606 2930 intelligere
1629 2899 1687 2931 per
1709 2889 1809 2921 illam.
1838 2889 1904 2921 Sed
1926 2889 2082 2929 ,voluntas
2114 2898 2183 2921 non
2211 2894 2321 2930 potest
2342 2889 2427 2921 velle
2448 2889 2507 2922 ali-

1426 2933 1507 2974 quid
1529 2934 1746 2975 incognitum,
1770 2934 1953 2966 secundum
1972 2934 2206 2975 Augustinum,
2222 2934 2252 2966 X
2272 2934 2375 2972 Mn..
2394 2936 2466 2976 cap.
2481 2944 2504 2967 ι.

1426 2978 1527 3020 Igitur
1552 2978 1640 3010 illam
1662 2979 1858 3011 volitionem
1881 2979 2056 3020 praecessit
2078 2979 2224 3020 cognitio
2251 2978 2340 3010 illius
2365 2979 2505 3020 speeiei3

1426 3029 1458 3054 et
1481 3024 1507 3054 si
1530 3023 1620 3055 illam
1643 3024 1870 3064 cognitionem
1893 3023 2059 3065 praecedit
2081 3023 2142 3055 alia
2168 3022 2295 3061 volitio,
2319 3023 2408 3055 illam
2423 3023 2505 3056 voli-

1396 3079 1399 3097 ‹
1425 3069 1549 3099 tionem
1573 3068 1737 3109 praecedit
1759 3068 1821 3100 alia
1844 3068 2038 3106 intellectio;
2063 3074 2095 3099 et
2118 3069 2214 3100 sicin
2237 3067 2412 3100 infinitum.

1484 3122 1513 3143 2.
1538 3112 1589 3144 Ad
1613 3113 1756 3154 primum
1781 3119 1889 3154 potest
1912 3114 2020 3154 primo
2044 3112 2244 3154 responderi,
2269 3118 2306 3144 ut
2328 3112 2505 3154 respondet

1426 3156 1618 3198 Capreolus,
1642 3158 1677 3189 in
1701 3157 1728 3188 11
1753 3157 1840 3189 Sent.
1854 3159 1882 3195 ·,
1913 3157 2005 3199 quod
2035 3158 2111 3189 licet
2141 3158 2267 3199 species
2294 3157 2504 3199 intelligibilis
2531 3164 2541 3174 ·
2555 3161 2616 3185 ⁰¹⁸¹·
2631 3168 2666 3191 ιιι.
2679 3169 2704 3192 q·
2719 3167 2746 3186 ι’

1425 3202 1465 3232 sit
1489 3201 1594 3233 forma
1616 3202 1804 3234 naturaliter
1826 3211 1935 3243 agens,
1951 3212 2020 3234 non
2044 3208 2154 3234 tamen
2178 3203 2212 3234 in
2227 3208 2338 3234 actum
2362 3203 2427 3234 exit
2440 3201 2503 3234 uisi
2531 3188 2605 3238 ⁸⁶00.
2629 3205 2647 3244 ,ζ
2663 3195 2711 3245 ξ’“

1424 3255 1482 3287 per
1506 3247 1719 3278 voluntatem.
1744 3247 1786 3278 Et
1809 3247 1885 3278 ideo
1901 3256 1971 3278 non
1987 3246 2111 3278 tollitur
2126 3247 2207 3288 quin
2229 3247 2271 3278 sit
2293 3247 2328 3278 in
2343 3251 2503 3287 potestate
2606 3248 2630 3266 ¹²·
2644 3249 2687 3272 ¹⁹⁰
2711 3258 2718 3266 ·

1424 3291 1623 3323 substantiae
1646 3291 1855 3332 intelligentis
1879 3291 1971 3332 quod
1986 3301 2044 3333 per
2066 3292 2171 3332 ipsam
2187 3291 2344 3331 intelligat
2358 3296 2415 3322 aut
2434 3300 2503 3323 non

1425 3335 1526 3367 intelli
1569 3342 1591 3367 t.

1481 3346 1635 3412 Secgiindo
1659 3380 1848 3422 responderi
1872 3386 1990 3422 potest,
2015 3386 2047 3412 et
2070 3379 2154 3412 forte
2168 3378 2295 3416 melius,
2319 3379 2411 3420 quod
2429 3389 2502 3421 spe·

1425 3424 1490 3455 cies
1514 3425 1723 3466 intelligibilis
1739 3435 1808 3457 non
1825 3430 1873 3456 est
1888 3425 2034 3457 naturale
2053 3433 2161 3465 agens,
2177 3432 2287 3464 neque
2303 3424 2386 3455 sicut
2404 3434 2503 3466 agene

1424 3469 1521 3510 quod,
1546 3479 1655 3510 neque
1680 3470 1764 3501 sicut
1787 3479 1886 3511 agens
1909 3480 1985 3511 quo.
2001 3468 2086 3500 Nam
2101 3467 2142 3500 de
2165 3468 2291 3499 ratione
2307 3469 2430 3510 agentis
2445 3479 2502 3501 na-

303 3507 518 3546 siderandum,
531 3519 569 3540 ex
586 3509 733 3541 doctrina
749 3510 858 3541 Sancti
870 3510 1020 3542 'rhomae
1038 3511 1147 3549 Verit„
1156 3521 1188 3552 q.
1200 3522 1264 3549 vm,
1277 3523 1305 3543 a.
1319 3521 1369 3552 14,
1395 3497 1399 3534 ¹
1425 3514 1536 3546 turalis
1559 3519 1595 3545 ut
1618 3514 1706 3555 quod
1730 3520 1778 3546 est
1805 3513 1896 3555 quod
1922 3515 1963 3545 sit
1989 3513 2239 3545 determinatum
2262 3513 2302 3544 ad
2330 3523 2436 3545 unum
2458 3514 2502 3546 ita

304 3551 394 3601 quod
416 3554 540 3593 species
563 3554 778 3595 intelligibiles
798 3554 969 3595 dupliciter
985 3565 1054 3587 esse
1077 3562 1216 3596 possunt
1239 3562 1313 3588 actu
1337 3558 1370 3589 in
1425 3558 1515 3599 quod
1539 3568 1608 3590 non
1632 3559 1734 3599 possit
1757 3568 1827 3590 non
1843 3567 1949 3599 agere,
1964 3558 1992 3589 si
2014 3558 2298 3598 appropinquetur
2320 3567 2417 3599 passo
2438 3557 2502 3590 dis-

303 3596 483 3628 intellectu:
501 3598 621 3629 scilicet
633 3599 667 3629 in
679 3604 753 3629 actu
768 3598 972 3639 imperfecto,
986 3600 1118 3641 quando
1134 3610 1192 3642 per
1208 3610 1261 3632 eas
1277 3602 1371 3633 intel·
1423 3603 1544 3643 posito,
1572 3602 1720 3635 deductis
1747 3602 2003 3644 impedimentis:
2028 3607 2065 3632 ut
2093 3611 2131 3632 ex
2155 3601 2198 3632 IX
2222 3603 2471 3645 Metaphysicae
2485 3604 2502 3620 ¹*

304 3638 501 3690 lectusactu
524 3651 590 3673 non
616 3643 811 3680 considerat;
836 3649 867 3675 et
892 3644 926 3675 in
956 3650 1030 3676 actu
1056 3644 1212 3686 perfecto,
1237 3646 1370 3686 quando
1423 3653 1522 3687 patet.
1539 3647 1589 3679 De
1604 3648 1730 3679 ratione
1745 3656 1823 3679 vero
1840 3647 1963 3688 agentis
1979 3646 2132 3677 naturalis
2147 3656 2212 3687 quo
2229 3653 2278 3678 est
2293 3647 2385 3688 quod
2403 3657 2502 3689 agens

303 3683 469 3715 actuahter
484 3686 663 3718 secundum
679 3688 763 3728 ipsas
779 3687 969 3719 considerat.
991 3688 1133 3728 Quando
1149 3695 1225 3721 sunt
1241 3690 1273 3721 in
1298 3691 1370 3731 ipso
1424 3692 1465 3722 sit
1487 3691 1528 3723 ad
1552 3701 1656 3723 unum
1681 3691 1930 3723 determinatum
1951 3696 1982 3721 et
2005 3700 2073 3722 non
2097 3692 2199 3732 possit
2219 3700 2278 3732 per
2301 3692 2411 3733 ipsum
2432 3701 2500 3724 non

2529 3605 2571 3629 ’8-

2528 3632 2561 3656 ns
2629 3605 2679 3633 ¹⁴²

2653 3637 2706 3662 up.
2727 3668 2730 3675 v
