2768 4134
36 1070 45 1079 ·
60 1068 117 1097 Cap.
129 1074 226 1090 cxxxiii.

31 1874 41 1883 ·
57 1872 93 1895 Cf.
111 1878 162 1900 cap.
177 1878 246 1894 mxxv.

32 2138 128 2190 >(ῗἰ*“,“ἰ·.Χ
126 2144 163 2186 :12¹
174 2143 193 2158 ⁸
200 2137 244 2159 n.

33 2605 42 2614 ·
59 2604 95 2626 Cf.
113 2604 246 2635 Commeat.

32 2637 82 2659 cap.
99 2637 183 2659 praec„
197 2635 247 2653 init.

830 292 1020 329 SUMMA
1049 290 1271 328 CONTRA
1301 290 1576 336 GENTILES,
1608 290 1720 327 CAP.
1741 291 1933 330 LXXXV.

618 447 1104 505 CAPITULUM
1144 445 1741 503 OCTOGESIMUM
1779 448 2158 526 QUINTUM

1156 548 1187 578 A
1212 556 1286 587 24v
1324 548 1345 578 b
1363 556 1374 578 ι
1414 548 1483 578 sine
1506 547 1612 578 titulo.

339 625 514 679 QUOD
549 624 765 665 DIVINA
799 621 1138 664 VOLUNTAS
1172 621 1303 662 NON
1337 621 1563 662 TOLLIT
1598 621 2113 665 CONTINGENTIAM
2146 624 2188 665 A
2222 622 2434 672 REBUS,

520 687 752 740 NEQUE
796 686 900 727 EIS
945 683 1465 726 NECESSITATEM
1511 683 1926 726 ABSOLUTAM
1967 686 2248 728 IMPONIT

401 832 422 845 μ,
467 814 514 839 x
542 800 746 851 praedictis
775 808 907 837 autem
935 798 1069 836 haberi
1097 805 1223 848 potest
1246 798 1356 848 quod
1411 810 1514 848 quae
1532 810 1614 835 non
1643 806 1806 835 movent
1833 797 1906 836 nisi
1934 806 2053 836 mota.
2082 799 2119 836 A
2135 810 2254 837 causa
2272 807 2404 837 autem
2422 811 2489 837 va-

308 863 318 887 '1
350 844 414 898 [ὅ
423 837 476 895 ’,ἦ
504 854 636 892 divina
646 855 825 891 voluntas
839 851 1142 900 contingentiam
1157 864 1239 889 non
1249 851 1354 899 tollit,

312 910 321 955 ⁷,
351 912 373 959 μ’
387 902 471 959 ’,ἐξ
503 920 576 946 nec
604 907 870 945 necessitatem
896 906 1116 943 absolutam
1143 905 1260 942 rebus
1284 904 1356 942 im-

312 960 319 974 '
383 975 391 982 ³
407 961 416 968 ⁴
442 962 473 979 '¹
503 961 623 1011 ponit.

332 1016 424 1052 Vult
451 1015 556 1052 enim
584 1015 691 1051 Deus
720 1012 853 1051 omnia
887 1024 989 1062 quae
1024 1011 1277 1062 requiruntur
1304 1012 1355 1049 ad

278 1081 362 1106 rem
390 1081 511 1117 quam
539 1069 633 1113 vult,
663 1074 706 1104 ut
733 1066 881 1103 dictum
910 1073 966 1102 est
989 1065 1020 1102 ²¹².
1052 1066 1130 1103 Sed
1159 1065 1354 1115 aliquibus

278 1123 394 1159 rebus
422 1121 640 1158 secundum
670 1119 836 1156 modum
866 1131 959 1156 suae
988 1127 1149 1156 naturae
1169 1119 1355 1169 competit

277 1175 385 1225 quod
421 1174 495 1211 sint
529 1173 804 1221 contingentes,
835 1184 915 1209 non
952 1172 1202 1210 necessariae.
1240 1172 1355 1222 Igitur

275 1229 358 1265 vult
377 1227 524 1276 aliquas
544 1239 604 1264 res
623 1238 705 1264 esse
721 1225 997 1275 contingentes.
1019 1226 1202 1263 Efficacia
1221 1234 1354 1264 autem

275 1281 429 1319 divinae
458 1280 666 1318 voluntatis
695 1279 808 1328 exigit
836 1287 879 1317 ut
906 1292 988 1317 non
1016 1281 1145 1317 solum
1175 1279 1222 1317 sit
1244 1280 1354 1330 quod

275 1336 382 1372 Deus
411 1335 493 1371 vult
521 1346 616 1380 esse,
647 1334 716 1371 sed
744 1333 861 1371 etiam
880 1341 923 1371 ut
942 1334 1019 1371 hoc
1038 1333 1161 1371 modo
1186 1333 1232 1371 sit
1256 1333 1355 1371 sicut

275 1389 383 1425 Deus
401 1389 484 1425 vult
503 1387 596 1425 illud
626 1399 725 1424 esse:
756 1399 849 1425 nam
879 1395 915 1424 et
942 1386 983 1424 in
1011 1387 1213 1436 agentibus
1242 1396 1353 1425 natu-

275 1442 430 1487 ralibus,
451 1453 544 1478 curn
563 1441 685 1478 virtus
713 1453 830 1490 agens
855 1449 912 1478 est
935 1440 1053 1487 fortis,
1075 1440 1259 1478 assimilat
1281 1440 1353 1478 sibi

275 1507 393 1532 suum
422 1495 604 1532 effectum
625 1507 706 1532 non
725 1496 854 1532 solum
883 1502 1076 1545 quantum
1097 1494 1145 1532 ad
1166 1494 1351 1545 speciem,

274 1549 343 1586 sed
362 1548 479 1586 etiam
498 1556 691 1598 quantum
709 1548 760 1586 ad
779 1547 1003 1595 accidentia,
1023 1560 1125 1598 quae
1151 1556 1242 1586 sunt
1267 1547 1352 1598 qui-

274 1603 367 1640 dam
395 1602 505 1653 modi
533 1601 654 1652 ipsius
683 1602 749 1640 rei.
778 1601 895 1651 Igitur
917 1601 1089 1639 efficacia
1107 1601 1263 1640 divinae
1283 1614 1352 1640 vo-

275 1656 428 1693 luntatis
457 1655 759 1705 contingentiam
787 1667 869 1693 non
897 1655 1002 1693 tollit.

328 1709 520 1759 Amplius.
549 1710 657 1747 Deus
685 1708 934 1760 principalius
967 1710 1050 1746 vult
1082 1708 1234 1746 bonum
1267 1708 1352 1746 uni-

275 1763 462 1801 versitatis
477 1775 641 1800 suorum
657 1763 869 1800 effectuum
885 1774 1005 1812 quam
1020 1761 1180 1813 aliquod
1199 1762 1350 1800 bonum

274 1816 519 1866 particulare:
550 1824 697 1866 quanto
727 1816 767 1853 in
795 1816 859 1854 illo
893 1815 1124 1866 completior
1157 1815 1354 1854 invenitur

274 1883 367 1908 suae
388 1869 568 1907 bonitatis
587 1869 800 1908 similitudo
811 1869 842 1907 *.
874 1869 1095 1919 Completio
1115 1877 1248 1907 autem
1266 1868 1352 1907 uni-

274 1923 375 1960 versi
395 1923 508 1972 exigit
527 1931 570 1960 ut
593 1923 667 1961 sint
695 1923 824 1973 aliqua
853 1922 1128 1972 contingentia:
1159 1923 1251 1960 alias
1270 1935 1351 1960 non

274 1989 413 2014 omnes
440 1977 582 2026 gradus
611 1976 760 2014 entium
781 1976 819 2013 in
839 1976 1024 2014 universo
1049 1975 1349 2013 continerentur.

274 2031 365 2067 Vult
393 2029 506 2078 igitur
533 2030 641 2067 Deus
669 2029 799 2080 aliqua
827 2041 911 2067 esse
940 2029 1209 2079 contingentia.

327 2083 479 2121 Adhuc.
496 2084 655 2121 Bonum
670 2082 842 2121 universi
861 2082 901 2120 in
916 2083 1092 2133 quodam
1107 2082 1244 2121 ordine
1259 2095 1351 2121 con-

273 2136 472 2183 sideratur,
493 2144 535 2174 ut
560 2145 664 2186 patet
682 2137 722 2174 in
742 2138 793 2175 XI
812 2139 1102 2187 Metaphysicae
1114 2136 1145 2174 ³⁸.
1177 2136 1353 2187 Requirit

273 2198 405 2228 autem
433 2190 531 2227 ordo
561 2190 732 2228 universi
761 2191 909 2240 aliquas
944 2203 1081 2228 causas
1117 2202 1200 2228 esse
1228 2190 1352 2228 varia-

274 2243 383 2281 biles:
414 2255 504 2281 cum
535 2255 700 2294 corpora
728 2244 802 2281 sint
831 2245 879 2282 de
908 2243 1143 2294 perfectione
1167 2243 1351 2292 universi,

330 2367 362 2385 ιο
381 2360 415 2385 sit
433 2367 476 2385 om
495 2360 524 2386 Z.
619 2366 647 2385 ιι
671 2367 731 2385 esse
750 2360 771 2384 Α
790 2361 876 2390 solun
896 2368 949 2385 om.
1040 2360 1118 2386 sed..

271 2399 335 2429 post
353 2396 409 2421 vult
427 2396 487 2421 αΡε.
581 2403 612 2420 22
634 2395 684 2420 sint

329 2431 343 2456 3
363 2429 486 2456 firmioris
499 2438 559 2456 ease
573 2430 662 2466 quarn]

274 2466 379 2501 duntur]
400 2467 562 2492 reducuntur
581 2467 632 2492 αἱ).

701 2431 782 2456 rmior
795 2432 827 2457 D.

1126 2380 1133 2386 .
1153 2360 1224 2386 Deus
1243 2360 1299 2385 vult
1317 2358 1378 2384 hom
1397 2367 1441 2385 om
1460 2360 1505 2386 zb.

714 2396 770 2420 sine
790 2404 815 2425 α,
836 2396 869 2421 sit
888 2396 945 2421 sine
965 2396 994 2427 E,
1015 2396 1066 2420 sint
1085 2403 1123 2421 ex
1141 2396 1197 2421 sine
1217 2398 1247 2420 ut
1266 2395 1374 2421 videtur
1393 2395 1425 2430 Ν..

914 2439 931 2463 4
949 2430 1081 2469 quamvis]
1102 2432 1173 2465 quod
1189 2431 1310 2465 quamvis
1325 2431 1383 2462 NZ;
1403 2431 1430 2456 in
1446 2431 1469 2456 Α
1482 2432 1554 2464 quod
1568 2432 1683 2457 deletur.

1411 851 1533 889 riabili
1552 852 1713 889 effectus
1732 851 1997 901 contingentes
2015 859 2248 901 sequuntur:
2277 864 2360 891 non
2383 852 2490 891 enim

1410 913 1537 954 potest
1551 917 1634 942 esse
1651 905 1812 942 effectus
1826 904 2010 943 firmioris
2030 917 2113 943 esse
2128 918 2252 955 quam
2269 919 2340 944 sua
2358 918 2487 944 causa.

1411 958 1524 996 Unde
1543 959 1737 1006 videmus,
1767 958 1949 1008 quamvis
1977 971 2096 997 causa
2123 967 2275 997 remota
2292 959 2340 997 sit
2357 972 2489 998 neces—

1377 1025 1386 1045 ς
1410 1012 1520 1058 saria,
1538 1011 1567 1050 si
1587 1019 1721 1050 tamen
1739 1024 1857 1050 causa
1875 1011 2056 1062 proxima
2073 1012 2120 1050 sit
2138 1012 2378 1062 contingens,
2397 1013 2489 1052 effe-

1410 1073 1518 1103 ctum
1545 1065 1833 1115 contingentem
1861 1078 1960 1104 esse:
1991 1065 2090 1103 sicut
2117 1074 2222 1116 patet
2245 1066 2284 1104 in
2308 1066 2369 1104 his
2387 1079 2489 1117 quae

1409 1118 1510 1157 circa
1544 1118 1724 1156 inferiora
1759 1131 1924 1169 corpora
1960 1119 2155 1166 accidunt;
2191 1132 2293 1170 quae
2328 1119 2490 1170 quidem

1409 1172 1670 1221 contingentia
1689 1181 1780 1210 sunt
1797 1181 1957 1223 propter
1980 1173 2253 1223 proximarum
2280 1185 2489 1212 causarum

1409 1225 1728 1275 contingentiam,
1765 1226 1949 1276 quamvis
1985 1239 2125 1264 causae
2163 1234 2353 1275 remotae,
2387 1239 2488 1278 quae

1370 1293 1396 1308 ¹0
1409 1287 1499 1318 sunt
1536 1288 1668 1318 motus
1705 1281 1899 1326 caelestes,
1935 1280 2010 1318 sint
2047 1292 2094 1318 ex
2130 1280 2367 1321 necessitate.
2397 1281 2490 1319 Vult

1409 1333 1522 1383 igitur
1549 1334 1658 1371 Deus
1686 1333 1816 1383 aliqua
1844 1333 2111 1383 contingenter
2139 1334 2307 1372 evenire.

1462 1388 1677 1425 Praeterea.
1708 1387 1926 1425 Necessitas
1941 1399 1992 1425 ex
2012 1388 2282 1438 suppositione
2306 1387 2347 1425 in
2370 1400 2489 1436 causa

1408 1452 1491 1478 non
1509 1448 1636 1492 potest
1654 1441 1889 1479 concludere
1907 1440 2176 1479 necessitatem
2204 1441 2457 1480 absolutam
2446 1453 2488 1480 tn
2518 1454 2522 1458 ·

1408 1494 1561 1533 effectu.
1591 1495 1700 1533 Deus
1728 1502 1860 1533 autern
1880 1496 1964 1532 vult
1981 1494 2156 1546 aliquid
2146 1506 2186 1532 1n
2205 1502 2380 1533 creatura
2405 1507 2488 1537 non

1368 1565 1391 1586 ις
1407 1548 1631 1586 necessitate
1660 1548 1849 1593 absoluta,
1879 1548 1948 1586 sed
1976 1550 2107 1587 solum
2134 1548 2359 1588 necessitate
2385 1561 2488 1600 quae

1408 1610 1465 1639 est
1484 1614 1531 1640 ex
1550 1601 1831 1652 suppositione,
1852 1610 1894 1640 ut
1913 1614 2033 1652 supra
2050 1602 2071 1624 ’⁴‘
2099 1610 2302 1641 ostensum
2330 1610 2398 1641 est.
2426 1602 2488 1646 Ex

1407 1657 1607 1693 voluntate
1640 1655 1754 1704 igitur
1790 1655 1923 1693 divina
1959 1667 2041 1693 non
2078 1663 2205 1706 potest
2238 1655 2420 1694 concludi
2446 1655 2488 1695 in

1407 1708 1524 1746 rebus
1539 1708 1674 1747 creatis
1693 1709 1903 1747 necessitas
1917 1709 2106 1747 absoluta.
2127 1710 2236 1748 Haec
2253 1718 2387 1748 autem
2405 1711 2489 1748 sola

1408 1762 1575 1800 excludit
1603 1761 1921 1811 contingentiam:
1952 1775 2046 1801 nam
2074 1763 2192 1801 etiam
2227 1762 2488 1814 contingentia

1367 1834 1394 1848 ιο
1407 1816 1457 1854 ad
1486 1815 1712 1854 utrumlibet
1739 1816 1957 1854 redduntur
1985 1828 2032 1854 ex
2060 1815 2328 1869 suppositione
2355 1829 2488 1869 neces-

1407 1869 1523 1929 saria3
1548 1869 1646 1907 sicut
1671 1870 1826 1908 Sortem
1850 1869 2014 1916 moveri,
2036 1869 2068 1908 si
2087 1870 2218 1917 currit,
2238 1878 2296 1908 est
2312 1882 2488 1910 necessa·

1407 1922 1523 1960 rium.
1545 1922 1688 1960 Divina
1707 1922 1822 1983 igitur
1839 1924 2022 1961 voluntas
2041 1935 2122 1961 non
2142 1923 2311 1962 excludit
2329 1935 2352 1962 a
2370 1923 2489 1963 rebus

1407 1975 1534 2013 volitis
1562 1975 1876 2025 contingentiam.

1461 2029 1556 2067 Non
1575 2029 1689 2078 igitur
1707 2028 1894 2080 sequitur,
1914 2029 1946 2068 si
1965 2030 2073 2068 Deus
2093 2031 2177 2068 vult
2200 2029 2359 2081 aliquid,
2377 2030 2489 2085 quod

1367 2082 1502 2121 asillud
1521 2082 1570 2121 de
1590 2082 1815 2122 necessitate
1844 2083 2012 2122 eveniat:
2043 2083 2113 2122 sed
2141 2084 2250 2134 quod
2279 2085 2376 2123 haec
2394 2096 2488 2125 con·

1407 2135 1600 2174 ditionalis
1628 2136 1675 2174 sit
1702 2149 1795 2175 vera
1824 2145 1861 2175 et
1893 2136 2120 2185 necessaria,
2150 2139 2193 2176 Si
2217 2139 2320 2177 Deus
2348 2138 2491 2189 aliquid

1408 2191 1495 2237 vult,
1526 2191 1619 2228 illud
1645 2193 1724 2228 erit.
1760 2191 2018 2241 Consequens
2052 2199 2184 2230 tamen
2219 2203 2303 2230 non
2335 2199 2488 2243 oportet

1409 2256 1491 2281 esse
1520 2255 1795 2282 necessarium.

2364 2359 2489 2387 iSDeu·

2377 2432 2490 2458 nored-

1595 2367 1626 2386 12
1647 2360 1711 2386 illud
1731 2360 1801 2395 ease]
1821 2368 1881 2387 ease
1899 2360 1964 2387 illud
1982 2361 2094 2392 aNYPc,
2113 2361 2178 2387 illud
2196 2361 2230 2387 nit
2247 2360 2276 2386 Z.

1768 2431 1785 2457 8
1805 2433 1982 2466 proximarum
1996 2436 2061 2465 pose
2073 2439 2212 2458 causarum
2227 2433 2290 2458 αΡι.

1038 2529 1379 2563 commentaria
1407 2528 1720 2562 Fen-ariensis

318 2612 466 2633 acunmm
490 2602 728 2633 corollarium*
751 2607 812 2632 est:
839 2602 962 2632 Divina
983 2602 1136 2632 voluntas
1159 2602 1353 2643 contingen-

318 2648 396 2678 tiam
422 2657 487 2677 non
512 2647 607 2682 tollit,
633 2656 692 2677 nec
723 2647 943 2677 necessitatem
967 2647 1150 2678 absolutam
1175 2647 1271 2677 rebus
1295 2646 1353 2676 im-

272 2693 377 2734 ponit.

331 2737 353 2767 1.
379 2736 542 2767 Probatur
560 2736 681 2777 primo.
706 2735 795 2766 Deus
819 2736 888 2766 vult
913 2735 1036 2776 aliquas
1059 2745 1108 2766 res
1133 2744 1201 2766 esse
1225 2736 1354 2766 contin·

275 2787 396 2822 gentes.
430 2781 517 2821 Ergo
550 2781 620 2811 eius
650 2780 800 2811 voluntas
832 2790 901 2812 non
934 2780 1018 2811 tollit
1049 2781 1304 2820 contingentiam
1337 2789 1355 2811 a

276 2827 380 2857 rebus.
396 2844 418 2848 -
434 2825 593 2856 Probatur
616 2825 821 2856 antecedens.
846 2825 933 2864 Quia
956 2825 1046 2856 Deus
1070 2825 1139 2856 vult
1155 2826 1267 2856 omnia
1283 2834 1355 2866 per-

275 2871 409 2902 tinentia
425 2870 464 2901 ad
480 2879 559 2901 rem.
584 2870 757 2910 Aliquibus
781 2875 890 2900 autem
906 2870 1002 2900 rebus
1019 2869 1199 2900 secundum
1215 2869 1353 2901 modum

276 2925 352 2946 suae
368 2921 501 2946 naturae
522 2915 676 2945 convenit
699 2914 790 2955 quod
813 2915 876 2945 sint
900 2915 1136 2955 contingentes,
1153 2924 1221 2945 non
1245 2920 1355 2946 autem

275 2961 483 2991 necessariae.
497 2978 516 2981 —
527 2960 685 2990 Probatur
702 2969 837 3000 quoque
854 2959 1097 3000 consequentia.
1111 2959 1197 2998 Quia
1213 2959 1355 2990 efficacia

275 3004 403 3036 divinae
420 3004 595 3035 voluntatis
612 3004 709 3045 exigit
725 3009 760 3034 ut
776 3013 825 3034 res
841 3004 905 3035 hoc
921 3003 1024 3035 modo
1040 3005 1080 3035 sit
1096 3013 1164 3044 quo
1181 3004 1270 3035 Deus
1285 3004 1355 3035 vult

277 3059 349 3080 eam
374 3059 457 3080 esse:
483 3049 566 3080 sicut
590 3055 621 3080 et
645 3049 678 3079 in
703 3049 912 3084 naturalibus,
938 3058 1014 3079 cum
1038 3050 1137 3079 virtus
1161 3050 1284 3090 agentis
1309 3054 1356 3080 est

277 3094 378 3130 fortis,
395 3094 548 3124 assimilat
563 3094 623 3124 sibi
639 3102 736 3124 suum
753 3092 905 3124 effectum
923 3099 954 3124 et
971 3100 1130 3134 quantum
1151 3093 1190 3124 ad
1211 3094 1353 3134 speciem

278 3144 309 3170 et
333 3144 491 3180 quantum
515 3138 555 3169 ad
579 3137 766 3169 accidentia.

334 3182 588 3220 Advertendum‚
614 3193 651 3213 ex
676 3182 822 3213 doctrina
846 3182 954 3213 Sancti
971 3182 1120 3214 Thomae
1139 3183 1182 3213 VI
1200 3183 1353 3224 Metaph„

279 3227 351 3258 lect.
366 3228 396 3264 3,
417 3227 507 3269 quod
531 3228 621 3258 aliter
637 3237 670 3258 se
686 3228 783 3258 habet
799 3227 888 3258 Deus
904 3226 944 3258 ad
961 3228 1180 3268 contingentia
1197 3233 1228 3258 et
1244 3237 1354 3258 neces-

279 3274 369 3309 saria,
387 3278 418 3304 et
434 3273 524 3303 aliter
539 3273 619 3303 aliae
636 3282 761 3303 causae.
786 3272 870 3302 Nam
887 3272 986 3307 Deus,
1005 3273 1081 3312 quia
1098 3278 1145 3303 est
1162 3282 1257 3303 causa
1273 3274 1355 3311 entis

280 3318 473 3357 inquantum
497 3323 543 3348 est
568 3327 635 3353 ens,
660 3316 734 3348 ideo
752 3317 849 3347 etiam
866 3326 962 3347 causa
978 3322 1026 3347 est
1041 3318 1190 3347 omnium
1208 3317 1355 3348 acciden-

280 3362 361 3392 tium
386 3362 467 3392 entis
490 3362 686 3403 inquantum
710 3367 757 3392 est
781 3371 847 3392 ens.
873 3361 958 3391 Inter
974 3370 1057 3402 quae
1074 3367 1120 3392 est
1138 3363 1354 3393 necessarium

281 3412 311 3436 et
336 3407 538 3448 contingens.
564 3406 657 3438 Unde
682 3415 765 3447 quae
790 3406 892 3437 voluit
915 3407 1093 3436 necessaria
1117 3416 1196 3442 esse,
1215 3407 1251 3437 iis
1268 3406 1355 3438 dedit

282 3460 391 3481 causas
415 3451 622 3482 necessarias:
649 3460 732 3491 quae
761 3456 869 3481 autem
894 3450 997 3482 voluit
1026 3460 1095 3481 esse
1125 3451 1354 3491 contingentia,

282 3494 342 3524 illis
367 3495 453 3525 dedit
477 3505 588 3526 causas
613 3496 847 3536 contingentes.
879 3495 970 3525 Aliae
998 3501 1106 3526 autem
1138 3505 1253 3526 causae
1281 3501 1356 3526 sunt

283 3547 396 3569 causae
413 3539 546 3579 quidem
563 3539 653 3581 quod
670 3539 803 3571 effectus
819 3549 930 3571 earum
946 3540 1023 3570 sint:
1049 3549 1116 3570 non
1140 3546 1248 3571 autem
1265 3540 1355 3580 quod

283 3584 479 3614 necessarius
503 3586 542 3614 sit
565 3590 619 3615 aut
644 3586 845 3625 contingens,
870 3584 927 3615 sed
950 3584 1022 3615 illos
1046 3584 1226 3615 secundum
1251 3585 1355 3625 legem

284 3628 478 3658 necessitatis
495 3634 549 3659 aut
573 3629 812 3669 contingentiae
837 3639 854 3660 a
879 3629 1035 3670 superiori
1060 3639 1155 3660 causa
1179 3630 1356 3660 institutam

285 3671 478 3711 producunt.
503 3672 597 3703 Unde
621 3674 766 3713 sequitur
790 3675 821 3704 in
846 3674 1006 3714 aliquibus
1031 3674 1099 3704 aliis
1127 3675 1230 3704 causis
1255 3674 1355 3714 quod,

1408 2601 1513 2642 posita
1537 2610 1644 2638 causa,
1668 2603 1803 2642 ponitur
1826 2603 2007 2633 necessario
2032 2603 2102 2633 eius
2126 2601 2260 2634 effectus
2275 2602 2435 2634 absolute.
2453 2601 2487 2634 ln

1408 2654 1504 2676 causa
1527 2652 1637 2677 autem
1666 2646 1784 2682 divina,
1809 2647 1876 2677 sive
1907 2647 1978 2678 eius
2007 2647 2186 2684 voluntate,
2209 2648 2357 2688 sequitur
2386 2646 2488 2688 quod.

1407 2691 1513 2731 posita
1543 2690 1652 2722 divina
1675 2692 1853 2728 voluntate,
1877 2692 2060 2722 necessario
2083 2697 2132 2723 est
2155 2691 2290 2723 effectus
2313 2691 2354 2723 de
2375 2700 2489 2723 noceo-

1407 2735 1499 2766 sitate
1515 2735 1566 2766 vel
1583 2737 1809 2777 contingenter
1829 2736 2010 2767 secundum
2034 2737 2104 2767 eius
2127 2736 2385 2778 dispositionem.
2410 2736 2489 2768 Pro-

1407 2786 1478 2821 pter
1501 2780 1566 2811 hoc
1589 2780 1668 2812 dixit
1687 2781 1826 2812 Sanctus
1841 2781 1988 2812 Thomas
2011 2781 2064 2813 hic
2088 2781 2180 2822 quod
2202 2791 2246 2812 ex
2267 2781 2417 2823 efficacia
2439 2781 2489 2812 dn·-

1408 2825 1503 2856 vt’nae
1528 2826 1706 2857 voluntatis
1729 2826 1880 2867 provenit
1903 2825 1995 2867 quod
2013 2824 2150 2857 effectu·
2170 2827 2212 2858 sit
2235 2826 2417 2858 necessario
2433 2831 2490 2857 aut

1408 2870 1645 2910 contingenter,
1675 2872 1758 2901 sicut
1789 2871 1872 2902 vult:
1904 2871 1981 2912 quia
2010 2870 2162 2902 videlicet
2190 2870 2236 2902 illi
2259 2870 2409 2902 subditur
2430 2879 2489 2901 ens

1408 2916 1604 2956 inquantum
1621 2925 1688 2951 ens,
1706 2921 1738 2946 et
1761 2924 1820 2956 per
1843 2924 2049 2956 consequens
2072 2916 2181 2946 omnis
2203 2915 2375 2956 dispositio
2395 2915 2488 2946 entis.

1464 2959 1501 2990 11.
1519 2959 1678 2991 Secundo.
1705 2959 1894 3001 Completio
1919 2960 2060 2991 universi
2083 2960 2183 3001 exigit
2197 2965 2235 2991 ut
2249 2960 2313 2991 sint
2327 2958 2489 3001 quaedam

1409 3005 1641 3045 contingentia.
1666 3005 1753 3046 Ergo
1769 3010 1831 3036 etc.
1848 3022 1872 3029 -
1887 3005 1978 3036 Patet
1997 3004 2202 3036 antecedens.
2227 3004 2314 3044 Quia
2329 3004 2406 3036 alin
2419 3012 2489 3035 non

1409 3058 1524 3080 ornnes
1546 3049 1663 3090 gradus
1686 3049 1812 3080 entium
1835 3050 1869 3080 in
1893 3050 2045 3080 universo
2071 3050 2328 3081 continerentur.
2351 3066 2375 3072 -
2398 3047 2490 3080 Con-

1409 3094 1578 3135 sequentia
1600 3103 1678 3125 vero
1702 3095 1869 3135 probatur.
1893 3093 1980 3133 Quia
2004 3094 2213 3135 principalius
2237 3094 2326 3125 Deua
2341 3093 2412 3124 vult
2429 3093 2489 3124 bo-

1409 3149 1489 3170 num
1514 3140 1728 3170 universitatis
1751 3148 1888 3170 suorum
1904 3138 2081 3170 effectuum
2097 3148 2196 3180 quam
2212 3137 2346 3179 aliquod
2362 3138 2488 3169 bonum

1409 3183 1614 3225 particulare:
1639 3193 1716 3215 cum
1740 3184 1774 3227 in
1798 3193 1839 3215 eo
1862 3183 2059 3225 completior
2081 3183 2264 3215 inveniatur
2285 3191 2364 3214 suae
2393 3181 2488 3213 boni-

1409 3229 1481 3259 tatis
1505 3228 1694 3259 similitudo.

1465 3272 1529 3304 Sed
1544 3273 1671 3304 videtur
1685 3273 1766 3304 haec
1782 3273 1863 3303 ratio
1879 3282 1947 3303 non
1963 3271 2170 3303 concludere.
2194 3270 2382 3303 Secundum
2399 3271 2487 3303 enim

1409 3317 1590 3349 doctrinam
1614 3317 1723 3349 Sancti
1739 3317 1899 3353 Thomae,
1916 3317 2005 3348 Deus
2021 3322 2129 3358 potest
2144 3316 2253 3357 plures
2268 3316 2393 3356 species
2411 3325 2487 3357 pro-

1409 3362 1527 3394 ducere
1552 3372 1651 3403 quam
1675 3363 1739 3393 sint
1762 3362 1950 3403 productae,
1975 3367 2007 3392 et
2030 3360 2239 3402 perfectiores
2255 3361 2282 3390 *.
2308 3359 2371 3391 Sed
2387 3369 2486 3401 quae-

1410 3407 1486 3438 libet
1510 3407 1634 3448 species
1657 3407 1734 3438 dicit
1757 3416 1861 3438 unum
1885 3406 2021 3447 gradum
2042 3406 2133 3436 entis.
2158 3405 2245 3446 Ergo
2262 3405 2414 3437 universo
2431 3404 2486 3436 de-

1409 3451 1524 3483 ficiunt
1547 3451 1640 3483 multi
1663 3450 1781 3492 gradus
1805 3451 1939 3482 entium.
1968 3450 2055 3491 Ergo
2083 3459 2151 3480 non
2182 3455 2230 3480 est
2252 3450 2487 3481 inconveniens

1409 3497 1552 3538 aliquem
1575 3495 1711 3537 gradum
1740 3496 1823 3527 entis
1851 3495 1884 3526 in
1912 3494 2063 3526 universo
2091 3503 2160 3525 non
2188 3495 2358 3525 contineri.
2383 3493 2486 3526 Cuius

1410 3541 1601 3582 oppositum
1625 3541 1677 3572 hic
1700 3545 1838 3571 tenetur.

1466 3585 1693 3626 Respondetur
1717 3583 1807 3625 quod
1831 3583 1950 3624 duplex
1972 3589 2019 3614 est
2034 3583 2150 3624 gradus
2167 3584 2262 3614 entis:
2287 3583 2403 3624 aliquis
2426 3583 2485 3614 sci·

1410 3630 1483 3661 licet
1507 3629 1737 3661 transcendens
1761 3634 1792 3659 et
1816 3629 2015 3664 communis;
2041 3628 2157 3668 aliquis
2181 3637 2258 3659 vero
2277 3627 2486 3669 particularis.

1412 3675 1639 3706 Necessarium
1656 3679 1688 3705 et
1704 3673 1897 3714 contingens
1913 3678 1987 3703 sunt
2002 3672 2119 3713 gradus
2135 3681 2328 3703 communes
2349 3677 2380 3703 et
2401 3677 2486 3702 tran-

2514 1606 2525 1618 ·
2533 1605 2668 1635 Cam-nn
2678 1611 2732 1634 sqq.

2514 3361 2730 3411 ·ct.t²1Smnv,

2513 3377 2730 3418 5.⁶;Sen11.,d.

2513 3421 2621 3470 ...ἦ
2623 3420 2674 3444 .,,
2645 3378 2732 3469 '2³³
