2768 4134
31 565 42 576 ·
62 564 89 586 In
113 563 159 586 hoc
183 569 243 590 cap..

31 593 54 613 et
81 596 148 616 xxm,
180 595 244 615 xxvij

33 623 106 639 xxvu.

29 2164 40 2175 ·
53 2162 111 2192 Cup.
120 2169 159 2191 xn
168 2163 242 2186 ⁸.Th.

0 2192 2 2215 ι’
28 2189 46 2215 1.
56 2195 90 2219 17.

4 2404 72 2429 „r

111 2377 191 2427 .7ιιιι
214 2373 243 2399 «Α

662 270 850 307 SUMMA
880 271 1102 309 CONTRA
1131 273 1405 320 GENTILES,
1434 275 1530 312 LIB.
1551 276 1592 321 II,
1624 276 1734 313 CAP.
1757 277 1922 323 XXVIII,
1943 278 2078 315 XXIX.

275 346 382 396 quod
410 347 518 383 Deus
547 359 593 384 ex
621 348 845 386 necessitate
877 352 960 387 vult
992 363 1104 388 suam
1132 352 1342 390 bonitatem

275 411 370 445 esse,
399 411 480 436 non
508 407 639 437 autem
668 414 716 438 ex
743 402 966 440 necessitate
1001 406 1080 441 vult
1113 404 1195 442 alia.
1230 406 1346 454 Igitur

274 465 354 490 non
374 464 421 490 ex
440 453 663 490 necessitate
684 454 847 492 debetur
874 455 1028 494 divinae
1056 457 1216 495 bonitati
1241 470 1344 495 crea-

273 514 450 544 turarum
478 506 696 556 productio.

326 558 516 608 Amplius.
547 560 759 597 Ostensum
789 569 844 598 est
861 562 882 584 ‘¹‘
910 563 1017 612 quod
1036 564 1143 601 Deus
1166 564 1345 613 producit
1367 586 1376 606 ς

274 624 333 649 res
352 612 392 649 in
411 624 494 649 esse
523 625 604 650 non
633 625 679 650 ex
707 614 930 653 necessitate
959 624 1128 662 naturae,
1150 629 1278 666 neque
1298 629 1344 654 ex

272 666 496 703 necessitate
524 666 714 713 scientiae,
745 679 873 717 neque
901 669 1119 715 voluntatis,
1140 682 1267 719 neque
1288 669 1344 707 iu—

272 718 405 756 stitiae.
426 719 546 756 Nullo
577 719 690 768 igitur
707 721 829 758 modo
849 722 1082 760 necessitatis
1101 699 1256 760 divinae
1275 723 1343 759 bo-

271 771 377 809 nitati
405 778 462 809 est
488 772 664 810 debitum
684 775 792 823 quod
811 787 871 812 res
890 775 930 812 in
953 788 1036 812 esse
1065 776 1341 825 producantur.

324 826 455 862 Potest
482 833 613 863 tamen
641 826 715 864 dici
744 840 827 865 esse
856 828 927 865 sibi
954 828 1130 866 debitum
1157 841 1228 878 per
1259 841 1343 866 mo·
1361 848 1386 862 ω

271 878 368 915 dum
396 878 602 916 cuiusdam
630 881 914 918 condecentiae.
942 881 1085 919 Iustitia
1104 890 1235 919 autem
1255 894 1343 931 pro-

270 931 352 981 prie
366 931 467 969 dicta
481 933 656 970 debitum
671 934 903 971 necessitatis
917 934 1089 984 requirit:
1111 935 1219 984 quod
1239 935 1343 972 enim

271 997 318 1022 ex
346 984 486 1022 iustitia
515 986 628 1023 alicui
658 987 840 1033 redditur,
870 1000 916 1024 ex
945 987 1167 1025 necessitate
1196 988 1288 1025 iuris
1308 988 1342 1024 ei

270 1038 445 1076 debetur.

325 1091 432 1129 Sicut
460 1092 573 1141 igitur
600 1100 865 1130 creaturarum
893 1093 1098 1142 productio
1118 1106 1199 1132 non
1217 1102 1367 1144 potest1

270 1143 345 1181 dici
374 1145 489 1182 fuisse
509 1159 556 1183 ex
575 1145 705 1183 debito
735 1146 897 1183 iustitiae
917 1159 997 1195 quo
1017 1147 1124 1184 Deus
1146 1156 1342 1185 creaturae

270 1197 316 1234 sit
334 1197 496 1245 debitor,
511 1199 563 1236 ita
576 1210 649 1236 nec
668 1211 715 1236 ex
733 1199 798 1236 tali
815 1199 978 1237 iustitiae
999 1200 1128 1238 debito
1148 1213 1239 1260 quo
1248 1212 1341 1238 suae

270 1250 430 1289 bonitati
458 1251 518 1293 sit.
531 1251 693 1298 debitor,
713 1252 745 1290 si
773 1251 913 1289 iustitia
936 1252 1092 1302 proprie
1121 1253 1340 1313 accipiatur.

269 1304 396 1352 Large
421 1312 562 1346 tamen
581 1305 720 1342 iustitia
748 1313 915 1354 accepta,
935 1314 1061 1355 potest
1083 1306 1218 1343 dicim
1238 1318 1341 1344 crea-

269 1356 374 1394 tione
393 1369 525 1395 rerum
546 1358 696 1403 iustitia,
713 1358 946 1408 inquantum
962 1358 1135 1396 divinam
1155 1360 1343 1396 condecet
1357 1376 1383 1390 ιο

269 1409 493 1447 bonitatem.

323 1462 365 1500 Si
393 1475 487 1500 vero
516 1463 691 1501 divinam
721 1464 1018 1514 dispositionem
1050 1465 1341 1503 consideremus

269 1527 349 1565 qua
375 1516 484 1555 Deus
516 1516 706 1566 disposuit
738 1529 820 1555 suo
847 1517 1040 1555 intellectu
1071 1525 1108 1555 et
1143 1520 1341 1556 voluntate

269 1580 331 1606 res
361 1567 401 1606 in
434 1581 517 1607 esse
550 1570 778 1620 producere,
808 1570 862 1607 sie
894 1582 1025 1607 rerum
1061 1571 1266 1620 productio
1294 1584 1341 1608 ex

234 1643 240 1649 ·
268 1622 492 1660 necessitate
519 1622 675 1660 divinae
705 1622 966 1672 dispositionis
998 1624 1174 1672 procedit
1190 1624 1229 1661 *ε
1260 1637 1341 1662 non
1358 1640 1367 1653 ²

269 1673 375 1712 enim
401 1683 529 1726 potest
557 1687 640 1713 esse
669 1676 778 1726 quod
797 1676 906 1713 Deus
925 1676 1070 1726 aliquid
1089 1689 1130 1714 se
1150 1677 1341 1715 facturum

268 1725 502 1788 disposuerit
516 1729 626 1779 quod
638 1729 920 1779 postmodum·
910 1742 992 1780 ipse
1008 1742 1089 1768 non
1104 1730 1230 1777 faciat3
1251 1730 1342 1769 alias

269 1779 353 1820 eius
389 1781 590 1843 dispositio
619 1784 681 1820 vel
718 1791 817 1820 esset
852 1783 1048 1821 mutabilis
1076 1785 1138 1822 vel
1174 1783 1341 1822 infirma.

269 1835 365 1873 Eius
400 1835 515 1884 igitur
549 1836 791 1886 dispositioni
833 1848 879 1874 ex
921 1836 1145 1874 necessitate
1180 1837 1344 1875 debetur

269 1889 378 1938 quod
407 1889 624 1940 impleatur.
660 1890 738 1927 Sed
772 1898 903 1927 tamen
936 1891 1013 1928 hoc
1049 1890 1224 1928 debitum
1262 1902 1342 1928 non
1360 1909 1385 1929 ³0

269 1941 410 1980 sufficit
437 1942 486 1980 ad
515 1943 704 1980 rationem
726 1942 888 1980 iustitiae
907 1943 1063 1993 proprie
1083 1943 1205 1981 dictae
1226 1943 1265 1980 in
1285 1956 1342 1981 re-

269 2000 359 2033 rum
379 1996 583 2042 creatione,
605 1996 644 2033 in
664 2008 742 2045 qua
762 1996 998 2034 considerari
1017 2009 1098 2034 non
1125 2004 1251 2046 potest
1269 1996 1342 2034 nisi

270 2049 369 2092 actio
397 2049 471 2088 Dei
499 2049 679 2088 creantis:
719 2049 896 2087 eiusdem
931 2057 1063 2088 autem
1091 2050 1141 2087 ad
1170 2050 1342 2099 seipsum

270 2114 351 2140 non
379 2110 437 2140 est
466 2102 606 2151 iustitia
634 2102 790 2152 proprie
819 2103 930 2149 dicta,
954 2111 996 2140 ut
1023 2111 1127 2152 patet
1154 2115 1225 2153 per
1253 2103 1342 2140 Phi-

270 2156 494 2206 losophum,
515 2156 554 2193 in
583 2157 618 2193 V
636 2157 855 2194 Ethicorum
873 2156 904 2193 ²¹².
936 2157 1029 2194 Non
1049 2156 1162 2204 igitur
1186 2156 1342 2206 proprie
1359 2179 1381 2199 ,ς

270 2208 346 2247 di’ci
373 2216 500 2259 potest
527 2209 637 2258 quod
665 2209 772 2246 Deus
801 2221 848 2247 ex
876 2208 1007 2246 debito
1037 2208 1198 2247 iustitiae
1224 2221 1284 2246 res
1303 2210 1342 2246 in

270 2274 354 2302 esse
372 2262 610 2312 produxerit,
629 2275 675 2300 ea
695 2262 842 2300 ratione
871 2262 964 2312 quia
990 2275 1062 2312 per
1089 2262 1286 2301 scientiam
1307 2271 1343 2300 et

270 2317 512 2354 voluntatem
542 2328 581 2352 se
611 2315 800 2365 disposuit
828 2316 1125 2366 producturum.

323 2368 344 2391 *
358 2369 399 2407 Si
418 2377 551 2407 autem
570 2369 731 2406 alicuius
759 2378 956 2406 creaturae
984 2369 1190 2419 productio
1218 2370 1342 2407 consi-

270 2422 436 2468 deretur,
465 2422 604 2472 poterit
633 2422 686 2459 ibi
714 2422 889 2460 debitum
917 2422 1080 2460 iustitiae
1108 2422 1273 2460 inveniri
1296 2435 1342 2460 ex
1359 2442 1385 2461 ιο

270 2475 561 2525 comparatione
595 2475 818 2525 posterioris
846 2483 1043 2513 creaturae
1076 2476 1126 2513 ad
1158 2475 1341 2525 priorem.

270 2527 369 2567 Dico
407 2535 539 2567 autem
576 2528 747 2578 priorem
784 2541 866 2566 non
902 2530 1031 2567 solum
1066 2535 1244 2579 tempore,
1275 2530 1342 2567 sed

271 2587 420 2620 natura.

325 2634 389 2672 Sic
417 2634 529 2682 igitur
557 2633 597 2671 in
625 2634 760 2684 primis
787 2634 928 2672 divinis
962 2635 1162 2672 effectibus
1196 2636 1342 2684 produ-

270 2687 402 2725 cendis
429 2687 606 2724 debitum
640 2699 722 2725 non
758 2687 963 2725 invenitur.
1002 2689 1045 2724 In
1081 2687 1341 2737 posteriorum
1356 2703 1380 2723 ις

270 2751 365 2778 vero
392 2739 650 2790 productione
685 2740 880 2778 invenitur
907 2740 1094 2786 debitum,
1124 2739 1259 2778 ordine
1287 2748 1340 2778 ta-

270 2805 364 2831 men
391 2793 558 2831 diverso.
586 2794 693 2832 Nam
722 2793 753 2831 si
780 2794 844 2831 illa
871 2805 972 2842 quae
1001 2801 1090 2830 sunt
1117 2793 1246 2842 priora
1274 2805 1340 2830 na-

270 2845 450 2892 turaliter,
471 2846 546 2885 sint
572 2846 689 2884 etiam
715 2846 846 2896 priora
874 2846 915 2883 in
941 2858 1036 2892 esse,
1057 2846 1270 2895 posteriora
1293 2858 1341 2883 ex

269 2899 464 2949 prioribus
491 2899 667 2937 debitum
694 2900 868 2937 trahunt:
893 2899 1069 2936 debitum
1089 2898 1193 2935 enim
1213 2907 1269 2935 est
1286 2906 1340 2944 ut,

269 2952 402 3002 positis
424 2953 561 2998 causis,
582 2953 751 2990 habeant
777 2952 947 2989 actiones
973 2963 1044 3001 per
1071 2964 1168 3001 quas
1195 2952 1341 3001 produ·
1356 2971 1382 2987 ω

269 3012 362 3043 cunt
381 3006 551 3043 effectus.
573 3005 612 3043 Si
626 3017 722 3043 vero
737 3017 837 3055 quae
852 3013 943 3042 sunt
960 3004 1089 3054 priora
1109 3005 1339 3051 naturaliter,

270 3058 344 3096 sint
362 3059 576 3109 posteriora
594 3058 635 3096 in
653 3071 748 3105 esse,
764 3066 857 3096 tunc
876 3070 897 3095 e
917 3070 1107 3096 converso
1126 3057 1257 3107 priora
1275 3057 1340 3095 de-

270 3112 395 3150 bitum
422 3113 579 3150 trahunt
607 3125 630 3150 a
657 3111 952 3161 posterioribus:
982 3110 1079 3148 sicut
1106 3110 1340 3148 medicinam

270 3165 446 3203 debitum
465 3173 521 3202 est
539 3166 770 3215 praecedere
789 3165 839 3201 ad
859 3165 936 3201 hoc
954 3164 1063 3213 quod
1082 3163 1222 3201 sanitas
1249 3175 1340 3200 con-

2393 281 2466 318 335

1401 354 1509 402 quod
1528 353 1703 391 debitum
1723 354 1803 392 sive
1820 355 2026 393 necessitas
2046 347 2211 394 sumitur
2230 358 2279 395 ab
2298 371 2346 396 eo
2361 360 2468 409 'quod

1400 414 1456 442 est
1483 406 1590 455 prius
1623 414 1770 453 natura,
1799 407 1899 445 circa
1931 408 1969 445 id
2007 410 2115 459 quod
2149 418 2205 447 est
2236 413 2372 449 natura
2399 425 2469 462 po-

1401 459 1548 496 sterius.

1453 511 1671 549 Necessitas
1699 520 1830 549 autem
1857 526 1957 562 quae
1977 522 2033 551 est
2052 528 2073 552 a
2092 516 2293 564 posteriori
2322 517 2360 554 in
2385 531 2468 555 esse

1400 563 1485 601 licet
1503 564 1550 601 sit
1568 564 1675 613 prius
1694 573 1842 612 natura,
1863 579 1944 603 non
1973 575 2028 604 est
2055 568 2229 607 absoluta
2252 571 2466 618 necessitas,

1400 617 1466 654 sed
1495 618 1773 655 conditionalis.-
1800 626 1853 665 ut,
1875 619 1905 656 si
1932 620 2007 657 hoc
2026 621 2164 659 debeat
2187 622 2282 669 fieri,
2312 635 2467 662 necesse

1399 678 1455 707 est
1474 671 1550 708 hoc
1569 669 1675 730 prius
1695 683 1788 708 esse.
1821 671 2047 709 Secundum
2076 673 2188 722 igitur
2214 676 2315 712 hanc
2337 689 2467 715 neces-

1400 722 1549 761 sitatem
1577 723 1615 760 in
1645 732 1907 761 creaturarum
1935 726 2190 775 productione
2219 728 2393 767 debitum
2412 730 2467 767 in-

1399 776 1554 814 venitur
1584 776 1787 826 tripliciter.
1822 777 1973 824 Primo,
2000 787 2042 816 ut
2075 788 2250 817 sumatur
2282 782 2466 820 conditio-

1400 838 1535 867 natum
1577 830 1751 867 debitum
1789 843 1811 868 a
1847 838 1926 868 tota
1962 843 2092 868 rerum
2131 833 2375 871 universitate
2418 837 2466 873 ad

1399 882 1612 932 quamlibet
1641 883 1723 921 eius
1750 891 1899 933 partem
1920 896 2020 933 quae
2040 885 2089 922 ad
2108 885 2382 934 perfectionem
2410 901 2467 925 re-

1399 936 1563 985 quiritur
1597 937 1777 973 universi.
1814 937 1853 974 Si
1883 937 1987 974 enim
2021 939 2093 974 tale
2130 938 2356 976 universum
2384 940 2467 977 fieri

1399 990 1506 1026 Deus
1534 990 1667 1036 voluit,
1695 990 1871 1027 debitum
1898 990 1967 1027 fuit
1986 999 2028 1027 ut
2047 992 2170 1028 solem
2194 999 2231 1028 et
2254 993 2387 1030 lunam
2415 994 2467 1030 fa-

1398 1050 1510 1089 ceret,
1531 1051 1567 1079 et
1593 1043 1820 1080 huiusmodi
1847 1043 1927 1080 sine
1956 1043 2100 1092 quibus
2127 1044 2355 1082 universum
2385 1058 2466 1084 esse

1398 1108 1479 1133 non
1506 1103 1643 1146 potest.
1678 1118 1702 1122 —
1733 1097 1926 1139 Secundo,
1957 1105 1999 1133 ut
2034 1105 2209 1134 sumatur
2237 1098 2466 1136 conditionis

1397 1148 1573 1186 debitum
1607 1161 1653 1186 ex
1682 1161 1760 1186 una
1795 1157 1968 1186 creatura
1996 1150 2044 1187 ad
2074 1150 2204 1187 aliam:
2235 1158 2288 1197 ut,
2318 1151 2348 1187 si
2386 1151 2466 1188 ani-

1397 1201 1513 1239 malia
1542 1210 1579 1239 et
1605 1204 1754 1251 plantas
1785 1203 1892 1239 Deus
1920 1214 2003 1239 esse
2032 1203 2164 1249 voluit,
2194 1203 2369 1241 debitum
2396 1205 2466 1242 fuit

1398 1263 1439 1291 ut
1458 1255 1636 1292 coelestia
1655 1267 1820 1304 corpora
1838 1255 1987 1301 faceret,
2007 1267 2054 1292 ex
2073 1256 2216 1304 quibus
2234 1269 2466 1294 conservan-

1397 1316 1476 1353 tur;
1506 1316 1543 1344 et
1571 1308 1601 1344 si
1631 1308 1833 1344 hominem
1866 1320 1948 1345 esse
1980 1308 2114 1354 voluit,
2144 1310 2315 1358 oportuit
2342 1311 2465 1348 facere

1396 1363 1545 1410 plantas
1581 1369 1617 1397 et
1651 1361 1847 1406 animalia,
1883 1369 1919 1397 et
1951 1361 2023 1398 alia
2058 1361 2286 1399 huiusmodi
2323 1363 2465 1412 quibus

1396 1415 1519 1451 homo
1557 1413 1699 1462 indiget
1741 1414 1790 1451 ad
1826 1425 1908 1450 esse
1945 1414 2176 1463 perfectum3
2212 1416 2392 1464 quamvis
2430 1424 2466 1453 et

1397 1468 1493 1504 haec
1531 1475 1567 1504 et
1605 1467 1666 1504 illa
1694 1479 1740 1503 ex
1769 1479 1877 1504 mera
1903 1467 2011 1504 Deus
2039 1467 2167 1504 fecerit
2198 1469 2406 1506 voluntate.
2440 1491 2465 1495 -

1396 1520 1541 1565 Tertio,
1571 1528 1613 1557 ut
1640 1520 1681 1557 in
1709 1532 1946 1569 unaquaque
1970 1528 2144 1557 creatura
2172 1529 2348 1558 sumatur
2374 1533 2465 1559 con-

1397 1573 1578 1610 ditionale
1606 1572 1782 1610 debitum
1802 1585 1847 1609 ex
1868 1572 1946 1610 suis
1966 1573 2138 1622 partibus
2166 1581 2202 1610 et
2229 1574 2466 1624 proprietati-

1397 1626 1472 1662 bus
1498 1633 1534 1662 et
1560 1625 1833 1671 accidentibus,
1854 1638 1901 1662 ex
1920 1626 2062 1675 quibus
2081 1626 2275 1675 dependet
2293 1635 2467 1664 creatura

1398 1686 1590 1728 quantum
1619 1679 1667 1716 ad
1697 1690 1779 1715 esse
1808 1680 1870 1715 vel
1901 1685 2106 1728 quantum⁴
2126 1679 2174 1715 ad
2204 1679 2374 1729 aliquam
2409 1679 2468 1717 sui

1397 1731 1692 1781 perfectionem:
1723 1731 1830 1777 sicut,
1851 1731 2053 1781 supposito
2082 1732 2189 1781 quod
2209 1733 2316 1770 Deus
2342 1731 2468 1770 homi·

1398 1797 1492 1822 nem
1523 1785 1648 1822 facere
1676 1786 1800 1830 vellet,
1822 1784 1998 1822 debitum
2027 1797 2073 1822 ex
2102 1786 2175 1823 hac
2203 1788 2468 1837 suppositione

1398 1838 1467 1875 fuit
1503 1846 1546 1875 ut
1582 1837 1755 1875 animam
1793 1846 1830 1874 et
1867 1850 2009 1887 corpus
2044 1838 2083 1875 in
2122 1851 2169 1876 eo
2207 1841 2467 1889 coniungeret,

1398 1899 1435 1928 et
1462 1903 1610 1937 sensus,
1629 1898 1666 1927 et
1690 1891 1763 1928 alia
1791 1891 2018 1928 huiusmodi
2046 1892 2280 1940 adiumenta,
2304 1902 2383 1931 tam
2411 1895 2467 1932 in-

1398 1945 1561 1982 trinseca
1589 1956 1709 1993 quam
1737 1943 1959 1990 extrinseca,
1980 1944 2014 1981 ei
2039 1945 2251 1995 praeberet.
2272 1969 2298 1973 -
2317 1947 2359 1984 In
2383 1947 2467 1996 qui-

1398 1999 1471 2035 bus
1496 1996 1691 2042 omnibus,
1712 1996 1742 2033 si
1771 2005 1871 2033 recte
1900 1997 2114 2044 attenditur,
2134 1999 2242 2036 Deus
2269 2007 2466 2037 creaturae

1398 2050 1549 2088 debitor
1585 2062 1666 2087 non
1703 2050 1852 2096 dicitur,
1886 2051 1954 2087 sed
1987 2063 2080 2088 suae
2117 2051 2358 2101 dispositioni
2394 2053 2466 2090 im-

1398 2104 1574 2154 plendae.

1452 2156 1649 2194 Invenitur
1676 2163 1806 2193 autem
1826 2164 1863 2193 et
1882 2156 1978 2194 alius
2006 2157 2236 2195 necessitatis
2264 2159 2406 2196 modus
2425 2159 2466 2196 in

1398 2222 1530 2247 rerum
1550 2218 1686 2246 natura
1710 2210 1928 2247 secundum
1947 2210 2055 2259 quod
2081 2210 2226 2260 aliquid
2245 2211 2382 2249 dicitur
2399 2223 2466 2249 ne-

1398 2262 1609 2300 cessarium
1637 2263 1812 2300 absolute.
1843 2263 1956 2310 Quae
1985 2263 2146 2312 quidem
2170 2264 2373 2311 necessitas
2400 2265 2466 2302 de·

1398 2317 1541 2365 pendet
1560 2328 1607 2353 ex
1626 2315 1752 2353 causis
1780 2316 1974 2365 prioribus
1993 2316 2032 2354 in
2052 2329 2152 2354 esse:
2183 2317 2280 2354 sicut
2298 2330 2345 2355 ex
2362 2317 2467 2367 prin-

1398 2369 1506 2419 cipiis
1525 2369 1800 2415 essentialibus,
1821 2378 1857 2406 et
1885 2382 1931 2407 ex
1959 2369 2085 2407 causis
2113 2369 2367 2408 efficientibus
2385 2371 2466 2407 sive

1399 2422 1659 2460 moventibus.
1683 2422 1761 2460 Sed
1781 2422 1848 2459 iste
1868 2423 2012 2460 modus
2030 2423 2262 2460 necessitatis
2284 2423 2322 2460 in
2341 2423 2467 2473 prima

1399 2488 1530 2513 rerum
1549 2475 1741 2513 creatione
1768 2477 1898 2512 locum
1927 2476 2070 2513 habere
2094 2488 2174 2513 non
2197 2484 2322 2526 potest
2345 2487 2467 2526 quan-

1397 2537 1482 2567 tum
1511 2529 1560 2566 ad
1588 2541 1723 2566 causas
1752 2528 1971 2565 efficientes.
2000 2529 2055 2566 lbi
2084 2529 2189 2566 enim
2222 2531 2328 2566 solus
2359 2530 2466 2566 Deus

1398 2594 1514 2620 causa
1551 2581 1720 2618 efficiens
1757 2580 1837 2628 fuit,
1866 2580 1978 2618 cuius
2015 2589 2070 2618 est
2106 2581 2226 2618 solius
2253 2593 2394 2627 creare,
2423 2589 2466 2619 ut

1398 2646 1515 2684 supra
1528 2634 1549 2656 ²¹²
1568 2642 1768 2671 ostensum
1787 2641 1861 2679 est3
1890 2634 1972 2683 ipse
1992 2641 2122 2670 autem
2142 2646 2222 2670 non
2242 2634 2464 2671 necessitate
2493 2648 2500 2656 ·

1396 2694 1567 2732 naturae,
1596 2687 1663 2723 sed
1691 2687 1889 2723 voluntate
1917 2693 2099 2736 operatur
2125 2687 2304 2732 creando,
2331 2694 2374 2723 ut
2401 2699 2464 2723 su—

1396 2751 1465 2789 pra
1479 2739 1500 2761 *
1518 2747 1718 2777 ostensum
1738 2746 1812 2786 est,
1833 2751 1879 2776 ea
1896 2751 1991 2776 vero
2011 2751 2111 2789 quae
2130 2741 2329 2783 voluntate
2351 2738 2462 2786 fiunt,

1396 2792 1661 2830 necessitatem
1676 2792 1819 2830 habere
1838 2804 1919 2829 non
1938 2799 2101 2842 possunt
2119 2791 2192 2829 nisi
2211 2804 2257 2829 ex
2276 2793 2357 2829 sola
2374 2791 2464 2830 finis

1396 2845 1673 2895 suppositione,
1701 2845 1920 2882 secundum
1947 2857 2068 2894 quam
2100 2845 2275 2882 debitum
2307 2852 2363 2881 est
2393 2844 2463 2882 fini

1396 2907 1438 2936 ut
1466 2911 1511 2935 ea
1539 2897 1613 2935 sint
1640 2910 1710 2947 per
1738 2910 1838 2947 quae
1867 2897 2091 2947 pervenitur
2118 2898 2167 2935 ad
2185 2897 2318 2934 finem.
2339 2919 2364 2924 —
2385 2897 2463 2934 Sed

1395 2958 1587 3001 quantum
1607 2951 1656 2988 ad
1684 2963 1819 2988 causas
1847 2951 2026 2988 formales
2044 2952 2106 2987 vel
2125 2950 2348 2996 materiales,
2367 2949 2463 2986 nihil

1394 3004 1575 3054 prohibet
1603 3003 1719 3041 etiam
1737 3003 1777 3040 in
1799 3003 1925 3053 prima
1954 3015 2085 3042 rerum
2113 3003 2304 3040 creatione
2332 3014 2462 3039 neces-

1395 3057 1544 3095 sitatem
1573 3057 1790 3094 absolutam
1818 3055 1994 3094 inveniri.
2033 3057 2090 3094 Ex
2118 3057 2195 3093 hoc
2222 3055 2326 3093 enim
2354 3055 2461 3104 quod

1395 3110 1524 3159 aliqua
1550 3122 1715 3159 corpora
1743 3122 1790 3147 ex
1817 3110 2015 3147 elementis
2050 3109 2204 3146 fuerunt
2235 3108 2461 3158 composita,

1395 3163 1657 3200 necessarium
1685 3162 1754 3199 fuit
1781 3175 1826 3200 ea
1854 3162 1976 3199 calida
1995 3170 2060 3199 aut
2078 3161 2211 3210 frigida
2230 3173 2322 3198 esse.
2348 3162 2397 3197 Et
2415 3172 2461 3197 ex

271 3226 465 3268 sequatur
495 3217 710 3268 Utrobique
729 3225 860 3256 autem
879 3218 956 3254 hoc
974 3229 1187 3254 commune
1207 3216 1339 3262 existit,
1357 3239 1379 3259 ς,
1396 3218 1472 3253 hoc
1500 3216 1607 3265 quod
1637 3215 1765 3266 aliqua
1793 3215 2015 3265 superficies
2049 3215 2237 3264 producta
2266 3221 2320 3251 est
2347 3213 2461 3250 trian-

326 3324 340 3350 3
360 3332 412 3350 non
431 3332 474 3350 om
488 3332 513 3350 α.
589 3324 601 3349 5
621 3322 749 3356 producit]
769 3323 888 3356 produxit
907 3322 1016 3347 mDXPc.

270 3362 294 3385 Α
311 3360 396 3391 solun
415 3360 491 3393 quasi
510 3360 534 3389 b,
553 3367 605 3392 qua
623 3359 714 3384 ceteri.
803 3363 936 3383 crenmrue
955 3357 1025 3387 sEP;
1044 3361 1153 3382 creator.

270 3396 367 3421 iustitia
385 3403 438 3429 qua
456 3396 488 3425 Y,
507 3396 599 3420 ordine
618 3394 729 3419 iustitiae
747 3401 801 3426 quo
818 3394 875 3424 ΝΖ;
894 3393 926 3418 al'
940 3392 1027 3418 debito
1046 3399 1142 3425 margo
1161 3392 1193 3417 N.

270 3431 357 3490 “Yfiic
358 3466 453 3492 debeat
470 3467 494 3491 Α
512 3467 598 3497 solu-55
617 3466 704 3491 debet.

447 3430 518 3464 quia]
537 3438 590 3463 qua
608 3430 684 3456 DNZ.

797 3472 814 3498 9
834 3464 921 3489 Primo
944 3464 968 3488 A
985 3464 1070 3494 solus3
1095 3463 1184 3488 Primo
1206 3463 1296 3488 modo.

1090 3329 1105 3354 7
1125 3322 1274 3354 voluntatis]
1293 3329 1324 3346 ex
1342 3322 1497 3347 necessitate
1514 3322 1654 3346 voluntatis
1673 3321 1716 3346 Pc.

1231 3363 1264 3389 17
1283 3356 1394 3382 iustitiae
1413 3357 1499 3382 debito
1518 3365 1572 3389 quo
1590 3356 1702 3386 EGWb;
1722 3356 1809 3380 debito
1827 3356 1937 3380 iustitiae
1955 3363 2009 3388 quo
2027 3355 2088 3386 αΡε,
2108 3355 2194 3379 debito
2211 3354 2321 3379 iustitiae
2339 3355 2411 3387 quod
2429 3355 2461 3386 D,

777 3429 809 3463 39
827 3429 854 3454 Si
872 3434 970 3453 autem.
987 3428 1093 3453 Novum
1115 3428 1268 3460 Capitulum
1287 3392 1571 3460 ι’ἴιῖιέιιιὶιῗιιῡὲξνΡὲυο
1597 3391 1708 3421 “EXSG
1727 3392 1862 3424 quomedo
1886 3391 2006 3416 GWch·

1788 3328 1804 3353 9
1823 3320 2011 3354 producanturl
2019 3320 2196 3353 producuntur
2210 3319 2282 3344 aEX.
2355 3319 2388 3344 16
2407 3327 2462 3353 quo

2115 3390 2148 3422 37
2166 3389 2322 3422 produxerit}
2341 3390 2462 3423 produxit

1392 3470 1421 3488 ιι
1444 3463 1638 3496 perfectionem]
1658 3461 1881 3495 imperfectionem
1899 3469 1926 3486 α.
2023 3460 2055 3485 13
2074 3460 2159 3485 solem
2178 3465 2204 3484 et
2221 3460 2313 3485 lunam
2331 3460 2461 3492 interpre-

271 3503 363 3526 tamur
380 3502 418 3532 A3
437 3502 522 3526 solem
542 3505 569 3526 et
586 3508 682 3534 aquam
700 3499 844 3531 NWZde,
863 3499 946 3524 salem
964 3503 990 3524 et
1008 3506 1103 3532 aquam
1122 3499 1217 3527 ceteri;
1235 3499 1268 3523 al*
1279 3498 1363 3523 solem
1383 3505 1480 3532 margo
1497 3498 1535 3529 Y;
1555 3499 1650 3523 ductus
1668 3497 1767 3523 calami
1784 3504 1849 3529 quos
1868 3496 1894 3520 lu
1911 3495 2033 3529 legimus,
2052 3503 2085 3528 aq
2105 3494 2281 3527 interpretari
2297 3502 2350 3520 non
2365 3494 2462 3527 possia-

272 3544 337 3566 mus,
357 3544 372 3562 e
388 3540 484 3562 contra
502 3537 638 3568 scriptura
654 3535 747 3568 potius
793 3535 845 3560 lem
864 3542 943 3568 quam
964 3534 1047 3559 solem
1073 3533 1188 3562 indicat,-
1211 3537 1242 3558 at
1263 3533 1313 3558 hoc
1336 3533 1444 3558 litterae
1466 3541 1483 3558 ο
1502 3533 1655 3565 saepissime
1679 3532 1786 3558 accidit.

758 3543 803 3596 δι
827 3576 852 3595 et
870 3570 933 3595 haec
952 3575 978 3595 et
995 3570 1038 3594 illa
1051 3569 1134 3599 NXY,
1149 3569 1212 3594 haec
1225 3574 1251 3594 et
1264 3569 1307 3593 illa
1321 3569 1428 3600 aDZPc,
1443 3569 1507 3594 haec
1521 3574 1547 3594 et
1559 3569 1607 3593 alin
1622 3568 1728 3593 Ewa.

274 3571 306 3596 18
323 3572 431 3605 faceret}
448 3573 490 3598 hic
507 3572 614 3597 addunt
633 3572 681 3596 Pd.

270 3607 351 3641 mam]
371 3607 457 3633 anima
475 3607 518 3633 uG
536 3611 562 3632 et
580 3610 610 3632 ut
625 3607 732 3632 videtur
745 3607 791 3639 pZ.

270 3649 357 3667 rerum
376 3641 408 3667 X.
498 3650 534 3674 44
551 3641 714 3675 necessitate]
734 3650 764 3667 ex
782 3642 937 3667 necessitate
956 3641 1023 3665 GPc.

878 3613 916 3647 '40
935 3605 1100 3630 moventibus
1119 3604 1242 3635 DsHNP;
1261 3587 1435 3630 manentibus'.

1116 3639 1148 3664 50
1168 3623 1312 3664 materiales
1331 3639 1486 3671 DYZsEPc;

1885 3529 1918 3556 16
1935 3538 1987 3555 una
2006 3538 2048 3556 om
2068 3530 2165 3560 αΕΟΧ,
2187 3533 2252 3562 post
2273 3534 2389 3555 creatura
2408 3530 2461 3555 NZ.

1819 3574 1850 3591 22
1871 3574 1902 3591 ex
1915 3573 1987 3590 mera
2001 3569 2065 3598 post
2078 3566 2149 3590 Deus
2159 3548 2265 3590 ⁷EWPe.
2355 3572 2388 3599 ²9
2407 3566 2462 3590 ani-

1525 3604 1608 3637 prima
1622 3603 1719 3636 rerum]
1739 3603 1854 3634 priorum
1867 3601 1958 3631 GWY,
1974 3602 2059 3633 priore
2072 3601 2104 3631 E,
2116 3601 2259 3634 primarum
2272 3601 2303 3631 N,
2317 3600 2402 3634 prima
2414 3601 2462 3632 Bb,

1505 3640 1643 3664 naturales.
1735 3638 1766 3662 53
1786 3637 1896 3670 fuerunt]
1916 3636 2010 3662 fixerint
2027 3636 2099 3667 «EY,
2118 3635 2183 3660 fiunt
2202 3636 2248 3661 sN.

2491 2752 2500 2760 ‘
2515 2751 2571 2779 cap.
2587 2757 2653 2773 xxm.
