2768 4134
281 293 356 328 268
883 269 1072 323 SUMMA
1103 285 1326 322 CONTRA
1355 284 1633 332 GENTILES,
1664 285 1776 323 CAP.
1799 286 1874 323 C11.

278 372 382 409 enim
411 369 515 406 aliud
544 376 696 417 praeter
723 367 853 416 ipsum
882 373 1008 415 potest
1035 377 1118 401 esse
1147 376 1351 401 summum
1407 363 1629 412 adiungitur
1648 364 1682 401 ei
1706 377 1776 414 per
1797 365 1976 402 accidens
2000 365 2232 403 continuum
2256 374 2294 403 et
2316 375 2483 418 tempus.

36 429 44 437 ·
61 427 175 455 (Ἀρ-η’·
277 426 439 468 bonum,
470 430 512 458 ut
540 433 587 458 ex
616 419 853 470 praedictis*
888 426 1017 477 patere
1054 425 1197 467 potest;
1228 425 1264 454 et
1298 417 1352 454 sic
1408 416 1550 454 Divina
1578 417 1692 466 igitur
1719 418 1917 456 beatitudo
1946 419 1985 456 in
2014 419 2212 457 infinitum
2237 420 2385 458 excedit
2413 422 2485 459 hu-

277 484 428 536 oportet
457 483 498 512 ut
527 474 769 524 quicumque
799 472 897 510 alius
926 472 974 509 ab
1004 471 1089 520 ipso
1118 471 1255 508 beatus
1284 478 1350 517 est,
1408 482 1588 507 manam:
1619 470 1716 508 sicut
1744 472 1897 510 duratio
1935 472 2166 510 aeternitatis
2199 473 2348 510 excedit
2380 486 2485 512 nunc

276 529 565 580 participatione
595 528 731 564 beatus
760 526 919 564 dicatur
951 524 1093 562 Divina
1122 523 1235 572 igitur
1262 524 1351 561 bea·
1407 523 1595 573 temporis
1623 524 1763 561 fluens.

275 583 398 620 titudo
428 594 589 619 omnem
618 581 733 618 aliam
762 579 1040 617 beatitudinem
1069 577 1228 614 excedit.
1375 593 1384 612 ⁵
1462 578 1616 614 Adhuc.
1639 577 1890 626 Fatigatio,et
1905 580 2183 630 occupationes
2198 579 2327 617 variae
2343 581 2486 630 quibus

330 635 520 685 Amplius.
552 634 756 672 Beatitudo
786 633 825 670 in
854 633 1020 682 perfecta
1040 631 1267 681 operatione
1296 630 1352 667 in-
1408 642 1565 668 necesse
1586 639 1642 668 est
1661 632 2034 694 contemplationem
2062 642 2236 671 nostram
2257 634 2296 671 in
2317 634 2390 671 hac
2409 634 2487 672 vita

34 694 42 702 ‘
60 692 115 719 0³⁹·
133 697 145 713 ⁰
275 691 445 727 tellectus
465 688 647 731 consistit,
669 696 710 724 ut
730 695 930 724 ostensum
953 694 1008 722 est
1022 685 1053 721 ²⁸.
1083 686 1201 722 Nulla
1220 692 1351 722 autern
1409 683 1642 744 interpolari,
1664 684 1703 721 in
1723 697 1802 734 qua
1821 685 1993 724 consistit
2011 687 2220 747 praecipue
2241 688 2416 725 humana
2435 688 2486 725 fe-

276 743 348 780 alia
378 741 639 780 intellectualis
660 740 833 791 operatio
854 740 937 777 eius
957 738 1173 788 operationi
1193 750 1352 788 compa·
1409 737 1539 786 licitas,
1561 738 1591 775 si
1612 751 1691 788 qua
1720 747 1776 775 est
1803 739 2016 799 praesentis
2043 740 2166 787 vitae;
2191 753 2351 782 errores
2375 741 2487 778 dubi-

276 796 349 834 rari
379 804 515 846 potest.
547 795 667 843 Quod
697 802 800 844 patet
829 805 908 831 non
930 794 1059 830 solum
1080 804 1124 829 ex
1147 793 1223 829 hoc
1243 792 1352 852 quod
1407 791 1582 839 tationes,
1605 800 1642 829 et
1665 804 1777 830 casus
1806 792 1902 830 varii
1932 792 2076 842 quibus
2104 795 2276 832 subiacet
2303 807 2487 845 praesens

276 858 331 888 est
351 849 525 909 operatio
555 848 781 886 subsistens:
808 847 874 884 sed
905 846 997 896 quia
1018 858 1097 883 una
1125 845 1394 895 operationem
1408 845 1503 892 vita;
1531 846 1741 883 ostendunt
1760 846 1925 884 omnino
1945 846 2292 897 incomparabilem
2312 861 2395 886 esse
2416 849 2487 886 hu-

276 905 383 941 Deus
412 903 584 953 seipsum
614 902 664 939 ita
692 902 857 951 perfecte
887 899 1055 948 intelligit
1083 899 1181 936 sicut
1218 907 1286 945 est,
1316 907 1352 936 et
1408 912 1567 937 manam
1589 899 1817 946 felicitatem,
1839 899 2048 950 praecipue
2065 900 2182 938 huius
2201 901 2314 947 vitae,
2332 901 2487 940 divinae

276 957 409 995 omnia
445 957 527 999 alia
559 968 659 1005 quae
689 963 777 992 sunt
806 963 842 991 et
871 966 972 1003 quae
1001 965 1081 990 non
1111 961 1212 996 sunt,
1247 953 1352 990 bona
1408 953 1648 990 beatitudini.

34 1019 42 1027 ·
58 1017 180 1044 cap-xm
196 1023 248 1044 sqq
277 1019 312 1048 et
331 1012 433 1048 mala
447 1010 478 1047 ²¹⁵.
509 1011 550 1046 ln
571 1009 652 1046 aliis
675 1016 806 1046 autern
827 1006 1123 1055 intelligentibus
1145 1006 1352 1055 intelligere
1463 1006 1655 1057 Amplius,
1686 1007 1873 1044 Perfectio
1902 1007 2057 1044 divinae
2087 1007 2334 1045 beatitudinis
2363 1009 2487 1047 consi-

275 1065 404 1124 ipsum
433 1076 514 1100 non
543 1070 598 1100 est
627 1062 848 1108 subsistens,
870 1060 937 1098 sed
963 1068 1070 1098 actus
1099 1059 1350 1097 subsistentis.

276 1119 359 1155 Nec
389 1117 518 1166 ipsum
547 1117 689 1163 Deum,
711 1115 778 1165 qui
799 1123 854 1152 est
874 1127 1078 1152 summum
1108 1113 1350 1163 intelligibile,

275 1170 412 1220 aliquis
433 1170 482 1207 ita
502 1169 666 1220 perfecte
687 1177 813 1218 potest
841 1168 1048 1216 intelligere
1069 1167 1167 1205 sicut
1187 1168 1352 1217 perfecte

275 1232 346 1261 est:
377 1236 469 1260 cum
498 1223 641 1260 nullius
670 1235 752 1259 esse
777 1222 991 1272 perfectum
1011 1221 1058 1259 sit
1077 1222 1175 1259 sicut
1194 1233 1277 1259 esse
1296 1221 1352 1258 di-

274 1277 424 1323 vinum,
441 1289 513 1314 nec
532 1276 693 1314 alicuius
713 1275 888 1326 operatio
907 1275 1028 1326 possit
1048 1288 1130 1313 esse
1149 1274 1354 1325 perfectior

275 1343 395 1381 quam
425 1344 494 1368 sua
523 1330 746 1368 substantia.
778 1331 863 1367 Nec
892 1337 947 1367 est
970 1329 1108 1380 aliquis
1128 1329 1224 1367 alius
1244 1329 1352 1366 intel·

275 1387 394 1422 lectus
423 1384 489 1434 qui
519 1384 653 1422 omnia
681 1384 797 1422 etiarn
818 1396 919 1434 quae
939 1384 1047 1421 Deus
1066 1383 1190 1421 facere
1215 1391 1351 1433 potest,

274 1447 496 1487 cognoscat:
527 1438 620 1488 quia
649 1438 702 1476 sic
731 1437 907 1476 divinam
936 1437 1151 1487 potentiam
1174 1449 1352 1487 compre-

274 1493 472 1530 henderet.
503 1493 568 1530 llla
596 1491 712 1529 etiam
732 1504 833 1541 quae
861 1491 1073 1529 intellectus
1092 1491 1190 1529 alius
1209 1503 1352 1540 cogno-

1408 1060 1534 1098 derari
1566 1068 1693 1110 potest
1725 1073 1771 1098 ex
1808 1062 1884 1099 hoc
1913 1061 2022 1111 quod
2058 1073 2197 1099 omnes
2231 1061 2488 1100 beatitudines

1369 1129 1390 1150 ις
1408 1114 1678 1164 complectitur
1697 1115 1918 1152 secundum
1932 1114 2258 1165 perfectissimum
2277 1115 2444 1154 modum
2454 1116 2487 1153 *.
2516 1115 2730 1142 ‘0¹⁹·¹⁰¹¹‘=¹⁰¹'·

1408 1168 1468 1206 De
1496 1168 1799 1218 contemplativa
1827 1169 1990 1218 quidem
2015 1168 2201 1216 felicitate,
2222 1169 2340 1207 habet
2367 1169 2489 1219 perfe-

1408 1221 1620 1259 ctissimam
1649 1221 1709 1259 sui
1738 1230 1774 1259 et
1803 1222 1971 1260 aliorum
2005 1230 2236 1273 perpetuam
2269 1223 2489 1261 considera-

1408 1275 1568 1313 tionem.
1590 1276 1650 1313 De
1670 1275 1795 1316 activa
1813 1288 1922 1324 vero,
1943 1288 2025 1314 non
2044 1277 2146 1314 vitae
2165 1276 2284 1314 unius
2303 1277 2488 1325 hominis,

1409 1337 1475 1367 aut
1502 1329 1647 1367 domus
1676 1337 1743 1367 aut
1770 1329 1932 1368 civitatis
1951 1338 2017 1368 aut
2037 1330 2155 1380 regni,
2177 1330 2245 1368 sed
2264 1330 2381 1369 totius
2404 1331 2489 1369 uni-

1368 1399 1394 1414 ιο
1408 1383 1509 1421 versi
1537 1383 1874 1433 gubernationem.

1463 1438 1575 1475 Falsa
1603 1437 1720 1475 etiam
1747 1437 1906 1476 felicitas
1934 1446 1971 1475 et
1998 1446 2151 1477 terrena
2169 1451 2251 1476 non
2271 1439 2389 1476 habet
2416 1438 2490 1477 nisi

1408 1492 1610 1541 quandam
1639 1491 1823 1529 umbram
1847 1491 1948 1530 illius
1966 1491 2266 1542 perfectissimae
2293 1492 2488 1531 felicitatis.

275 1546 354 1592 scit,
376 1558 456 1583 non
477 1545 610 1583 omnia
630 1558 710 1583 una
739 1554 775 1583 et
803 1546 942 1583 eadem
963 1545 1189 1595 operatione
1210 1556 1353 1593 cogno·
1410 1544 1594 1583 Consistit
1622 1545 1727 1583 enim
1748 1545 1787 1582 in
1807 1545 1994 1595 quinque,
2015 1546 2235 1583 secundum
2256 1545 2438 1584 Boetium
2451 1546 2488 1584 *ε
2517 1549 2734 1606 ssfflfficwssv

275 1599 354 1636 scit.
385 1599 741 1648 lncomparabiliter
776 1598 889 1648 igitur
923 1599 1031 1636 Deus
1067 1604 1184 1649 supra
1220 1598 1353 1636 omnia
1410 1598 1550 1636 scilicet
1579 1598 1617 1636 in
1647 1599 1845 1649 voluptate,
1866 1599 2021 1649 divitiis,
2045 1605 2236 1650 potestate,
2258 1600 2440 1651 dignitate
2457 1608 2491 1640 et

275 1653 411 1690 beatus
440 1661 507 1689 est.
1369 1670 1392 1689 ιε
1398 1653 1527 1701 sama.
1541 1652 1669 1690 Habet
1683 1660 1815 1690 autem
1831 1653 1940 1690 Deus
1954 1653 2314 1692 excellentissimam
2325 1654 2490 1694 delecta-

330 1707 436 1744 ltem.
469 1707 628 1754 Quanto
657 1705 803 1755 aliquid
832 1706 954 1754 magis
983 1715 1038 1743 est
1060 1706 1226 1753 unitum,
1247 1714 1353 1744 tanto
1409 1706 1556 1744 tionem
1577 1706 1625 1743 de
1645 1719 1698 1751 se,
1719 1714 1756 1743 et
1776 1705 1994 1744 universale
2022 1706 2212 1756 gaudium
2231 1707 2280 1745 de
2305 1708 2491 1748 omnibus
2588 1756 2593 1762 ῃ

276 1759 359 1797 eius
370 1760 490 1797 virtus
505 1768 541 1797 et
556 1759 708 1798 bonitas
722 1760 926 1809 perfectior
939 1768 1006 1797 est.
1020 1760 1206 1810 Operatio
1222 1768 1353 1797 autem
1411 1759 1535 1805 bonis,
1557 1760 1705 1809 absque
1725 1760 1907 1798 contrarii
1926 1759 2243 1798 admixtione*.-
2258 1762 2335 1799 Pro
2349 1762 2528 1801 divitiis·
2542 1765 2600 1794 0¹⁸³·
2616 1770 2654 1788 xc„

276 1814 493 1851 successiva
513 1814 731 1851 secundum
751 1813 923 1851 diversas
942 1822 1069 1863 partes
1088 1813 1275 1863 temporis
1299 1813 1354 1851 di-
1410 1825 1505 1850 vero
1534 1813 1651 1850 habet
1679 1813 1953 1851 omnimodam
1982 1814 2255 1852 sufficientiam
2289 1815 2328 1853 in
2362 1815 2491 1867 seipso

275 1867 429 1904 viditur.
460 1868 580 1905 Nullo
610 1866 722 1915 igitur
750 1867 872 1904 modo
901 1867 984 1904 eius
1012 1867 1195 1917 perfectio
1229 1874 1355 1917 potest
1410 1867 1592 1904 omnium
1612 1866 1824 1913 bonorum,
1841 1875 1883 1905 ut
1902 1867 2267 1918 supra*ostensum
2287 1877 2355 1907 est.
2372 1871 2527 1909 -Pro'
2542 1871 2638 1900 ⁶⁸⁹·ss

275 1920 493 1970 comparari
512 1920 736 1970 perfectioni
758 1919 993 1970 operationis
1008 1933 1109 1970 quae
1130 1929 1186 1958 est
1205 1921 1354 1970 absque
1371 1937 1396 1956 κο
1409 1927 1598 1970 potestate
1618 1920 1735 1958 habet
1763 1919 1955 1958 infinitam
1975 1920 2160 1959 virtutem
2173 1921 2205 1959 ¹⁸².
2227 1923 2349 1961 -Pro
2369 1922 2491 1975 digni·
2519 1927 2529 1937 ‘
2543 1925 2670 1954 ΟΜΝ*

275 1973 520 2011 successione
554 1981 632 2011 tota
665 1974 798 2011 simul:
833 1982 870 2012 et
901 1974 1110 2024 praecipue
1140 1973 1170 2011 si
1199 1986 1280 2011 non
1314 1974 1353 2011 in
1410 1982 1485 2011 tate
1519 1974 1636 2011 habet
1669 1973 1853 2011 omnium
1885 1974 2034 2012 entium
2069 1974 2284 2025 primatum
2321 1985 2358 2014 et
2396 1976 2491 2038 regi-

275 2035 478 2064 momento
503 2035 681 2073 transeat,
707 2027 775 2064 sed
805 2027 844 2064 in
868 2035 1071 2065 aeternum
1094 2036 1261 2065 maneat.
1287 2027 1353 2065 Di·
1411 2039 1504 2065 men
1518 2027 1550 2064 ⁸.
1571 2027 1695 2065 -Pro
1714 2027 1818 2065 fama
1837 2027 1955 2066 habet
1982 2028 2283 2068 admirationem
2302 2030 2434 2069 omnis
2450 2030 2491 2070 i'n
2518 2031 2657 2060 'ov-¹¹¹⁸

31 2086 246 2139 {5332122513
274 2080 411 2118 vinum
432 2088 562 2117 autem
583 2080 790 2130 intelligere
811 2088 866 2118 est
894 2081 1042 2130 absque
1063 2080 1308 2118 successione
1322 2079 1354 2133 †
1409 2056 1581 2118 tellectus
1610 2080 1741 2131 ipsum
1770 2088 1986 2132 utcumque
2013 2083 2294 2131 cognoscentis.

32 2140 162 2194 διὲξ-ρ
273 2141 398 2171 totum
428 2133 544 2171 simul
572 2134 813 2172 aeternaliter
839 2134 1004 2171 existens
1018 2134 1054 2171 *z
1083 2142 1259 2172 nostrum
1285 2147 1353 2172 au·
1463 2135 1530 2172 Ιι>5ι
1559 2146 1681 2173 torruit
1710 2147 1770 2178 Qui
1799 2147 2063 2174 smoumarraa
2092 2147 2230 2176 nanus
2259 2149 2336 2183 Ε5τ,
2362 2150 2491 2177 Houor.

273 2195 352 2224 tem
387 2187 592 2236 intelligere
629 2187 916 2225 successionem
956 2188 1083 2234 habet,
1118 2187 1352 2238 inquantum
1370 2205 1391 2225 ις
1408 2201 1462 2226 srr
1492 2200 1538 2226 ET
1567 2200 1703 2226 oroma
1733 2201 1766 2226 ιΝ
1795 2201 1957 2227 saecum
1986 2202 2241 2229 sat-:cumana
2272 2192 2396 2231 ΑΜΕΝ.

329 2310 343 2327 2
364 2303 401 2328 sic
416 2310 458 2327 om
473 2303 588 2327 EGWY.
673 2311 691 2334 4
705 2302 907 2336 participatione]
923 2310 970 2335 per
985 2303 1206 2336 participationem
1222 2303 1352 2334 DNwzb,
1367 2303 1544 2336 participative
1559 2303 1601 2329 Pc.
1690 2303 1782 2329 beatus
1797 2303 1840 2329 hic
1853 2303 1902 2334 2⁶3
1913 2307 1978 2336 post
1991 2304 2099 2329 dicatur.
2185 2303 2198 2330 5
2215 2304 2301 2338 aliam]
2317 2305 2366 2330 alia
2380 2312 2445 2331 casu
2460 2307 2492 2334 Α.

274 2337 291 2363 6
310 2339 335 2363 in
354 2338 476 2371 perfecta}
496 2338 647 2371 imperfecta
660 2337 685 2363 in
699 2338 741 2368 cd,
760 2338 874 2370 perfecta
887 2339 912 2363 in
926 2338 976 2363 ΖΡ.
1061 2338 1078 2364 8
1098 2339 1147 2363 alia
1159 2346 1203 2364 om
1218 2339 1304 2364 EWZ.
1392 2339 1448 2364 eius
1463 2342 1527 2364 ante
1541 2343 1567 2364 et
1577 2343 1641 2372 post
1659 2339 1804 2372 operationi
1817 2339 1844 2368 d.
1854 2343 1918 2372 post
1931 2339 1959 2364 Ρ.
2048 2346 2080 2365 to
2097 2339 2225 2373 openfio}
2245 2348 2292 2366 suu
2311 2342 2430 2374 operatio
2443 2342 2492 2369 Pa.

276 2373 309 2399 16
329 2374 442 2407 perfecte
461 2373 510 2407 est}
531 2374 587 2406 ipse
606 2379 647 2398 est
666 2374 697 2403 D,
717 2374 774 2407 ipse
793 2379 832 2399 est
853 2373 965 2407 perfecte
988 2374 1020 2404 G,
1044 2374 1100 2407 ipse
1125 2374 1256 2407 perfectus
1279 2380 1319 2400 est
1342 2374 1388 2400 Pd.
1483 2381 1511 2400 21
1535 2374 1687 2408 potentiam]
1708 2375 1882 2400 substantiam
1901 2375 1933 2406 D,
1953 2376 2094 2401 essentiam
2113 2375 2198 2402 GWY
2199 2376 2259 2402 ch.
2351 2383 2385 2409 ²4
2403 2377 2490 2412 igitur}

274 2410 344 2435 enim
365 2418 390 2434 α.
477 2417 558 2443 supra
577 2410 598 2434 Α
618 2410 702 2440 solus;
722 2417 809 2442 super.
896 2408 929 2434 26
948 2410 1050 2435 unitum
1069 2410 1112 2435 hIc
1133 2410 1229 2438 DNZb:
1245 2414 1309 2443 post
1329 2417 1376 2435 est.
1471 2410 1498 2436 31
1523 2410 1702 2444 successione]
1722 2411 1795 2436 omni
1814 2411 1983 2436 successione
2002 2411 2059 2442 Nz;
2078 2419 2157 2437 succe
2176 2412 2299 2437 ultimum
2319 2417 2359 2438 est
2377 2413 2451 2446 quod
2468 2415 2491 2439 Α

274 2445 353 2471 habet
367 2446 454 2478 primi
473 2445 549 2470 Libri
554 2452 562 2474 ;
582 2445 706 2477 reincipit
725 2445 755 2470 t..
770 2445 798 2475 ΙΙ,
818 2453 874 2478 cap.
890 2452 932 2476 ιο,
951 2445 1125 2471 Manifestum.

329 2489 344 2514 7
364 2481 483 2506 consistit
501 2480 648 2514 praecipue]
668 2486 756 2506 tamen
771 2481 890 2506 con-istit
904 2481 1043 2515 praecipue
1057 2481 1106 2512 Gb,
1120 2487 1221 2507 tantum
1235 2482 1354 2507 consistit
1366 2481 1409 2511 W.
1424 2487 1465 2506 est
1483 2482 1622 2515 praecipue
1636 2482 1664 2507 Z.
1751 2482 1768 2507 8
1780 2482 1894 2517 erroneo}
1910 2483 1952 2515 (et
1969 2482 2002 2517 Ρ)
2018 2490 2123 2509 errores
2141 2489 2168 2509 et
2190 2483 2301 2510 eDYPc.
2388 2483 2423 2510 18
2439 2492 2491 2510 non

274 2516 350 2550 vitae]
366 2517 416 2542 vita
430 2524 482 2541 non
498 2517 546 2541 Pd.
620 2523 649 2542 αι
667 2515 754 2550 etiam}
771 2516 840 2542 enim
855 2516 900 2543 Pe.
974 2523 1005 2542 22
1020 2517 1228 2550 perfectissimae
1240 2516 1376 2551 felicitatis]
1392 2517 1559 2549 perfectionis
1574 2517 1780 2551 perfectissimae
1792 2518 1858 2547 nnc.
1868 2517 1996 2545 felicitatis
2009 2517 2214 2552 perfectissimae
2225 2520 2271 2545 Pd.
2347 2519 2379 2546 25
2393 2520 2497 2554 antemi

275 2553 345 2578 enim
364 2553 394 2583 F,
413 2553 490 2577 etiam
511 2553 538 2579 Ρ.
626 2552 657 2577 32
678 2552 755 2577 habet
774 2560 816 2577 om
838 2553 884 2580 Pd.

1038 2641 1375 2676 Commentariun
1406 2642 1718 2676 Fen-ariensis

1466 2740 1560 2772 Circa
1578 2741 1807 2781 probationem
1822 2740 2052 2778 antecedentis,
2066 2740 2300 2773 attendendum
2313 2740 2405 2783 quod
2416 2741 2491 2774 ideo

1410 2785 1489 2816 dixit
1505 2786 1642 2817 Sanctus
1659 2785 1805 2817 Thomas
1821 2786 1937 2818 ceter-is
1956 2786 2095 2828 paribus
2110 2786 2374 2828 unumquodque
2390 2787 2492 2828 magis

1410 2830 1542 2871 diligere
1565 2841 1599 2862 se
1623 2840 1722 2872 quam
1747 2830 1846 2867 aliud,
1863 2832 1940 2872 quia
1964 2841 2032 2862 non
2057 2832 2245 2863 inconvenit
2262 2837 2299 2863 ut
2314 2831 2416 2863 homo
2435 2832 2492 2864 ali-

1410 2875 1501 2916 quod
1526 2876 1651 2907 bonum
1675 2876 1778 2915 magis
1802 2876 1879 2907 velit
1902 2876 1993 2907 alteri
2017 2885 2117 2917 quam
2141 2876 2211 2913 sibi,
2227 2876 2261 2907 in
2281 2875 2493 2918 quo-videtur

1410 2921 1512 2961 magis
1536 2922 1634 2952 amari
1659 2922 1842 2962 proximus:
1867 2921 1951 2953 sicut
1974 2930 2051 2952 cum
2075 2922 2149 2962 quis
2171 2931 2207 2952 se
2229 2922 2327 2954 morti
2358 2922 2493 2964 exponit

33 2747 42 2755 ·
57 2745 91 2767 Cf.
111 2745 244 2767 Comment.

33 2778 75 2799 cap
99 2778 111 2793 c
136 2772 179 2794 ini!
276 2745 478 2830 Qumrcm
512 2739 551 2770 ad
584 2740 714 2770 tertium
737 2740 763 2776 *‚
789 2740 923 2781 ponitur
952 2740 1031 2771 haec
1055 2741 1240 2772 conclusio:
1264 2741 1356 2772 Deus

356 2789 403 2814 est
427 2785 666 2826 perfectissime
694 2784 815 2820 beatus,
846 2790 877 2815 et
904 2785 974 2816 eius
1011 2785 1175 2816 beatitudo
1209 2786 1354 2817 omnium
1379 2809 1381 2814 ,

275 2827 418 2859 aliorum
434 2829 663 2860 beatitudinem
681 2829 816 2860 excedit.
836 2829 1026 2871 Intelligitur
1042 2835 1150 2861 autem
1169 2831 1247 2861 haec
1265 2840 1355 2861 com-

274 2874 398 2912 paratio
422 2874 455 2904 in
479 2873 593 2904 ordine
623 2874 662 2905 ad
686 2884 930 2915 quamcumque
959 2874 1191 2906 beatitudinem
1216 2875 1354 2906 aliorum
1380 2872 1381 2908 ἒ

274 2917 534 2959 intelligentium,
551 2924 587 2949 ut
603 2924 691 2959 patet
707 2929 745 2950 ex
763 2919 956 2950 rationibus:
977 2929 1046 2950 non
1065 2926 1174 2951 autem
1191 2921 1223 2950 in
1241 2920 1355 2952 ordine

275 2962 315 2993 ad
339 2963 573 2994 beatitudinem
597 2964 887 3004 supernaturalem.
905 2964 980 2995 licet
1003 2970 1035 2995 et
1058 2965 1141 2996 hanc
1166 2965 1310 2996 excedat.

332 3008 353 3038 Ι.
378 3008 544 3039 Probatur
562 3009 684 3049 primo.
717 3009 806 3040 Deus
831 3015 878 3040 est
902 3018 960 3040 sua
987 3009 1165 3040 beatitudo.
1198 3010 1284 3050 Ergo
1309 3015 1356 3041 est
1380 3026 1381 3034 κ

274 3052 415 3093 perfecte
441 3059 472 3083 et
495 3053 697 3093 singulariter
721 3053 843 3084 beatus.
871 3072 894 3076 —
921 3053 1079 3084 Probatur
1110 3055 1354 3095 consequentia.

274 3097 360 3135 Quia
376 3103 500 3138 quanto
524 3098 640 3139 aliquis
661 3103 709 3129 est
725 3098 943 3139 propinquior
958 3098 1158 3134 beatitudini,
1175 3104 1266 3130 tanto
1283 3109 1355 3140 per-

275 3141 390 3173 sectius
413 3147 461 3173 est
485 3142 611 3174 beatus:
637 3143 720 3174 sicut
743 3143 797 3174 ille
822 3143 879 3184 qui
906 3148 980 3174 actu
1013 3143 1126 3174 beatus
1150 3149 1208 3180 est,
1233 3154 1273 3175 eo
1298 3146 1355 3185 qui

274 3186 507 3218 beatitudinem
531 3188 564 3218 in
588 3197 645 3228 spe
669 3193 796 3218 tantum
820 3188 927 3218 habet.

330 3231 489 3262 Secundo.
522 3232 611 3263 Deus
641 3233 743 3273 magis
771 3238 858 3264 amat
881 3231 1115 3264 beatitudinem
1139 3243 1230 3264 suam
1255 3243 1354 3275 quam

275 3276 326 3306 alii
350 3277 435 3307 beati
458 3286 561 3307 suam.
587 3277 674 3318 Ergo
698 3278 731 3308 in
756 3287 793 3308 ea
817 3278 919 3318 magis
936 3276 1124 3308 delectatur.
1151 3277 1236 3319 Ergo
1253 3280 1355 3319 magis

276 3321 412 3360 quiescit
432 3320 627 3352 desiderium
645 3321 724 3358 eius,
742 3327 773 3352 et
789 3321 963 3363 perfectior
979 3327 1027 3352 est
1043 3322 1222 3353 beatitudo.
1239 3342 1259 3345 —
1277 3323 1355 3354 Pro-

276 3365 367 3395 batur
383 3365 586 3396 antecedens.
601 3365 686 3404 Quia
704 3365 968 3407 unumquodque
984 3367 1086 3407 magis
1099 3373 1185 3398 amat
1200 3368 1354 3408 seipsum,

276 3410 388 3440 ceteris
404 3410 544 3450 paribus,
562 3420 660 3451 quam
677 3410 799 3451 aliquid
824 3410 926 3442 aliud:
951 3411 1044 3442 cuius
1068 3412 1197 3452 signum
1215 3418 1262 3443 est
1279 3413 1354 3454 quia

276 3455 376 3494 magis
393 3461 478 3485 amat
494 3455 566 3495 plus
581 3456 641 3486 sibi
666 3457 882 3497 propinquos.
907 3455 1079 3487 Beatitudo
1104 3462 1212 3487 autem
1230 3456 1291 3488 Dei
1308 3463 1355 3488 est

276 3498 344 3538 ipse
369 3499 471 3530 Deus:
505 3500 644 3531 aliorum
675 3506 784 3532 autem
815 3500 981 3532 beatitudo
1013 3510 1080 3532 non
1108 3507 1155 3532 est
1179 3501 1270 3542 quod
1294 3503 1354 3542 ipsi

277 3549 360 3573 sunt.
378 3560 400 3565 -
415 3543 520 3574 Prima
544 3546 779 3585 consequentia
802 3546 968 3586 probatur.
993 3545 1079 3584 Quia
1104 3546 1159 3576 ubi
1180 3547 1284 3577 maior
1308 3553 1355 3577 est

278 3596 377 3623 amor,
402 3588 445 3618 ibi
476 3589 579 3619 maior
610 3595 656 3620 est
687 3589 859 3621 delectatio
884 3591 917 3621 in
942 3591 1175 3621 consecutione
1200 3591 1307 3621 amati.
1332 3610 1353 3614 -

276 3630 396 3669 Ultima
427 3642 514 3667 v‚er0
539 3643 622 3673 quae
653 3643 719 3664 non
752 3635 918 3674 probatur.
944 3640 1044 3675 patet:
1080 3635 1156 3675 quia
1181 3634 1352 3672 delectatio

277 3667 436 3715 quaedam
461 3678 552 3716 quies
577 3683 623 3708 est
647 3680 818 3718 appetitus.

1410 2971 1544 3006 propter
1566 2966 1720 2997 amicum.
1745 2965 1809 2998 Sed
1832 2966 1866 2997 in
1889 2966 1954 2998 hoc
1978 2971 2084 2998 cetera
2102 2975 2170 2997 non
2187 2972 2263 2997 sunt
2279 2966 2491 3007 paria.·Quh,

1411 3020 1486 3042 cum
1504 3011 1536 3041 in
1554 3011 1687 3042 homine
1704 3010 1744 3041 sit
1760 3017 1874 3042 natura
1897 3011 2107 3052 intelligibilis
2131 3017 2163 3042 et
2185 3011 2374 3052 corporalis.
2389 3011 2492 3054 magis

1409 3054 1591 3086 secundum
1617 3055 1777 3087 rationem
1801 3054 1904 3096 diligit
1923 3061 2071 3087 naturam
2087 3055 2288 3097 spiritualem
2304 3065 2404 3098 quam
2419 3064 2491 3089 cor-

1410 3100 1569 3141 poralem:
1595 3106 1627 3131 et
1650 3099 1725 3131 ideo
1751 3101 1884 3141 exponit
1907 3109 1941 3132 se
1966 3101 2063 3132 morti
2088 3106 2222 3142 propter
2245 3101 2387 3132 amicum
2414 3109 2491 3142 pro-

1410 3150 1481 3185 pter
1505 3144 1631 3176 bonum
1655 3145 1791 3180 virtutis,
1816 3144 1907 3186 quod
1931 3151 1979 3176 est
2002 3145 2127 3176 bonum
2151 3150 2284 3177 naturae
2315 3145 2489 3177 rationalis.

1411 3189 1505 3221 Unde
1530 3189 1621 3230 quod
1644 3190 1746 3230 magis
1771 3189 1882 3231 diligat
1906 3190 2003 3221 vitam
2024 3190 2228 3231 corporalem
2244 3190 2374 3222 alterius
2390 3197 2490 3231 quam

1410 3235 1587 3275 propriam,
1615 3240 1662 3266 est
1689 3235 1767 3276 quia
1792 3243 1860 3266 non
1888 3235 2000 3266 omnia
2026 3241 2103 3266 sunt
2129 3235 2231 3276 paria:
2260 3243 2336 3266 cum
2365 3235 2397 3266 in
2424 3235 2489 3266 alio

1409 3278 1633 3311 consideretur
1656 3280 1783 3311 bonum
1799 3280 1979 3320 corporale,
1992 3280 2026 3310 in
2042 3280 2114 3320 ipso
2130 3285 2239 3310 autem
2256 3279 2382 3310 bonum
2397 3280 2490 3320 spiri—

1409 3324 1494 3355 tuale
1511 3330 1542 3355 et
1559 3325 1694 3355 virtutis.
1720 3323 1794 3361 Sed,
1812 3325 1838 3355 si
1861 3330 2066 3356 removeatur
2089 3324 2215 3355 bonum
2236 3324 2371 3360 virtutis,
2388 3324 2490 3366 magis

1410 3368 1520 3410 diliget
1545 3369 1770 3410 unusquisque
1795 3369 1961 3410 propriam
1977 3368 2076 3399 vitam
2092 3377 2192 3409 quam
2216 3367 2366 3399 alienam.
2391 3369 2433 3400 Et
2447 3369 2490 3401 si-

1410 3413 1537 3447 militer.
1563 3414 1586 3444 si
1612 3414 1685 3454 quis
1709 3414 1748 3444 sit
1772 3414 1805 3444 in
1829 3413 1955 3454 aequali
1980 3411 2156 3453 indigentia
2188 3422 2263 3444 cum
2289 3413 2363 3447 alio.
2387 3414 2489 3455 magis

1379 3465 1381 3496 J
1410 3457 1593 3498 providebit
1623 3458 1682 3489 sibi
1714 3467 1813 3499 quarn
1845 3457 1928 3489 aliis:
1960 3456 2026 3493 sed,
2051 3457 2078 3488 si
2107 3458 2210 3498 magis
2234 3457 2313 3489 alter
2336 3458 2488 3500 indigeat.

1409 3512 1476 3534 non
1493 3508 1541 3534 est
1557 3503 1792 3534 inconveniens
1808 3501 1899 3543 quod
1914 3501 2031 3542 aliquis
2051 3501 2159 3543 aliqua
2174 3512 2208 3534 re
2225 3503 2369 3543 seipsum
2386 3504 2489 3544 privet

1410 3554 1444 3578 ut
1469 3547 1558 3578 alteri
1583 3547 1762 3579 subveniat.
1792 3546 1854 3578 Ubi
1878 3555 1956 3587 ergo
1980 3547 2090 3577 omnia
2122 3545 2241 3578 fuerint
2265 3548 2363 3588 paria.
2388 3557 2488 3579 unus-

1409 3593 1548 3633 quisque
1562 3592 1634 3633 plus
1651 3593 1795 3632 seipsum
1808 3597 1894 3622 amat
1906 3600 2005 3631 quam
2017 3591 2131 3622 alium:
2149 3591 2206 3623 sed
2223 3592 2279 3623 ubi
2295 3602 2363 3623 non
2377 3594 2487 3623 omnia

1408 3636 1526 3667 fuerint
1551 3637 1648 3677 paria,
1674 3641 1781 3676 potest
1805 3644 1822 3666 e
1847 3636 2009 3666 contrario
2034 3644 2114 3667 esse.

1464 3680 1709 3712 Advertendum
1722 3679 1854 3712 ulterius
1871 3678 1961 3720 quod
1974 3689 2012 3711 ex
2028 3680 2143 3711 maiori
2156 3679 2370 3712 delectatione
2383 3681 2487 3722 arguit
