<?xml version="1.0" encoding="UTF-8"?>
<!DOCTYPE html PUBLIC "-//W3C//DTD XHTML 1.0 Transitional//EN"
    "http://www.w3.org/TR/xhtml1/DTD/xhtml1-transitional.dtd">
<html xmlns="http://www.w3.org/1999/xhtml" xml:lang="en" lang="en">
 <head>
  <title>
</title>
<meta http-equiv="Content-Type" content="text/html;charset=utf-8" />
  <meta name='ocr-system' content='tesseract 3.04.00' />
  <meta name='ocr-capabilities' content='ocr_page ocr_carea ocr_par ocr_line ocrx_word'/>
</head>
<body>
  <div class='ocr_page' id='page_1' title='image "./operaomniaiussui13thom/operaomniaiussui13thom_0577.png"; bbox 0 0 2768 4134; ppageno 0'>
   <div class='ocr_carea' id='block_1_1' title="bbox 0 1194 193 1262">
    <p class='ocr_par' dir='ltr' id='par_1_1' title="bbox 0 1194 193 1262">
     <span class='ocr_line' id='line_1_1' title="bbox 0 1194 193 1262; baseline -0.005 -19"><span class='ocrx_word' id='word_1_1' title='bbox 0 1194 94 1262; x_wconf 40' lang='lat' dir='ltr'>Tk‘md·</span> <span class='ocrx_word' id='word_1_2' title='bbox 108 1225 132 1248; x_wconf 79' lang='lat' dir='ltr'>p.</span> <span class='ocrx_word' id='word_1_3' title='bbox 146 1225 193 1249; x_wconf 73' lang='lat'>35«.</span> 
     </span>
    </p>
   </div>
   <div class='ocr_carea' id='block_1_2' title="bbox 0 1569 223 2305">
    <p class='ocr_par' dir='ltr' id='par_1_2' title="bbox 0 1569 223 2305">
     <span class='ocr_line' id='line_1_2' title="bbox 0 1569 223 2305; baseline 0 1829"><span class='ocrx_word' id='word_1_4' title='bbox 0 1569 223 2305; x_wconf 95' lang='lat' dir='ltr'> </span> 
     </span>
    </p>
   </div>
   <div class='ocr_carea' id='block_1_3' title="bbox 0 2702 16 3756">
    <p class='ocr_par' dir='ltr' id='par_1_3' title="bbox 0 2702 16 3756">
     <span class='ocr_line' id='line_1_3' title="bbox 0 2702 16 3756; baseline 0 -775"><span class='ocrx_word' id='word_1_5' title='bbox 0 2702 16 3756; x_wconf 95' lang='lat' dir='ltr'>   </span> 
     </span>
    </p>
   </div>
   <div class='ocr_carea' id='block_1_4' title="bbox 25 3581 166 3630">
    <p class='ocr_par' dir='ltr' id='par_1_4' title="bbox 25 3581 236 3630">
     <span class='ocr_line' id='line_1_4' title="bbox 25 3581 166 3630; baseline 0 0"><span class='ocrx_word' id='word_1_6' title='bbox 25 3581 236 3630; x_wconf 43' lang='lat' dir='ltr'>:av-‚vau</span> 
     </span>
    </p>
   </div>
   <div class='ocr_carea' id='block_1_5' title="bbox 739 291 1990 340">
    <p class='ocr_par' dir='ltr' id='par_1_5' title="bbox 739 291 1990 340">
     <span class='ocr_line' id='line_1_5' title="bbox 739 291 1990 340; baseline 0.003 -12"><span class='ocrx_word' id='word_1_7' title='bbox 739 291 928 329; x_wconf 86' lang='lat' dir='ltr'><strong>SUMMA</strong></span> <span class='ocrx_word' id='word_1_8' title='bbox 957 292 1179 330; x_wconf 90' lang='lat' dir='ltr'><strong>CONTRA</strong></span> <span class='ocrx_word' id='word_1_9' title='bbox 1208 293 1482 339; x_wconf 89' lang='lat' dir='ltr'>GENTILES,</span> <span class='ocrx_word' id='word_1_10' title='bbox 1509 295 1602 331; x_wconf 91' lang='lat' dir='ltr'>LIB.</span> <span class='ocrx_word' id='word_1_11' title='bbox 1624 295 1664 340; x_wconf 88' lang='grc' dir='ltr'>ΙΙ,</span> <span class='ocrx_word' id='word_1_12' title='bbox 1687 295 1797 332; x_wconf 91' lang='lat' dir='ltr'>CAP.</span> <span class='ocrx_word' id='word_1_13' title='bbox 1819 296 1990 332; x_wconf 92' lang='lat' dir='ltr'>LXXIX.</span> 
     </span>
    </p>
   </div>
   <div class='ocr_carea' id='block_1_6' title="bbox 257 369 1341 1482">
    <p class='ocr_par' dir='ltr' id='par_1_6' title="bbox 258 369 1341 1215">
     <span class='ocr_line' id='line_1_6' title="bbox 323 369 1341 413; baseline 0.002 -12"><span class='ocrx_word' id='word_1_14' title='bbox 323 371 354 401; x_wconf 86' lang='lat'>3.</span> <span class='ocrx_word' id='word_1_15' title='bbox 370 370 447 400; x_wconf 94' lang='lat' dir='ltr'>Non</span> <span class='ocrx_word' id='word_1_16' title='bbox 472 379 548 409; x_wconf 87' lang='lat' dir='ltr'>ergo</span> <span class='ocrx_word' id='word_1_17' title='bbox 565 369 682 400; x_wconf 87' lang='lat' dir='ltr'>dicitur</span> <span class='ocrx_word' id='word_1_18' title='bbox 696 376 868 411; x_wconf 84' lang='lat' dir='ltr'>separatus</span> <span class='ocrx_word' id='word_1_19' title='bbox 882 372 1059 402; x_wconf 85' lang='lat' dir='ltr'>secundum</span> <span class='ocrx_word' id='word_1_20' title='bbox 1083 373 1144 403; x_wconf 91' lang='lat' dir='ltr'>hoc</span> <span class='ocrx_word' id='word_1_21' title='bbox 1159 373 1247 413; x_wconf 83' lang='lat' dir='ltr'>quod</span> <span class='ocrx_word' id='word_1_22' title='bbox 1266 383 1341 403; x_wconf 82' lang='lat' dir='ltr'>vere</span> 
     </span>
     <span class='ocr_line' id='line_1_7' title="bbox 266 414 1341 456; baseline 0.002 -10"><span class='ocrx_word' id='word_1_23' title='bbox 266 420 322 450; x_wconf 84' lang='lat' dir='ltr'>est,</span> <span class='ocrx_word' id='word_1_24' title='bbox 348 414 388 445; x_wconf 92' lang='lat' dir='ltr'>ad</span> <span class='ocrx_word' id='word_1_25' title='bbox 411 414 499 445; x_wconf 90' lang='lat' dir='ltr'>hunc</span> <span class='ocrx_word' id='word_1_26' title='bbox 523 423 655 445; x_wconf 90' lang='lat' dir='ltr'>sensum</span> <span class='ocrx_word' id='word_1_27' title='bbox 679 415 770 455; x_wconf 92' lang='lat' dir='ltr'>quod</span> <span class='ocrx_word' id='word_1_28' title='bbox 794 417 833 446; x_wconf 92' lang='lat' dir='ltr'>sit</span> <span class='ocrx_word' id='word_1_29' title='bbox 856 422 1020 456; x_wconf 87' lang='lat' dir='ltr'>separatus</span> <span class='ocrx_word' id='word_1_30' title='bbox 1044 418 1076 447; x_wconf 92' lang='lat' dir='ltr'>in</span> <span class='ocrx_word' id='word_1_31' title='bbox 1105 417 1259 448; x_wconf 89' lang='lat' dir='ltr'>essendo:</span> <span class='ocrx_word' id='word_1_32' title='bbox 1285 417 1341 448; x_wconf 91' lang='lat' dir='ltr'>sed</span> 
     </span>
     <span class='ocr_line' id='line_1_8' title="bbox 265 459 1340 502; baseline 0.003 -13"><span class='ocrx_word' id='word_1_33' title='bbox 265 459 357 500; x_wconf 91' lang='lat' dir='ltr'>quod</span> <span class='ocrx_word' id='word_1_34' title='bbox 372 465 421 490; x_wconf 88' lang='lat' dir='ltr'>est</span> <span class='ocrx_word' id='word_1_35' title='bbox 435 465 600 499; x_wconf 87' lang='lat' dir='ltr'>separatus</span> <span class='ocrx_word' id='word_1_36' title='bbox 617 460 724 490; x_wconf 89' lang='lat' dir='ltr'>solum</span> <span class='ocrx_word' id='word_1_37' title='bbox 740 461 920 491; x_wconf 89' lang='lat' dir='ltr'>secundum</span> <span class='ocrx_word' id='word_1_38' title='bbox 937 462 1105 501; x_wconf 89' lang='lat' dir='ltr'>proprium</span> <span class='ocrx_word' id='word_1_39' title='bbox 1125 462 1340 502; x_wconf 81' lang='lat' dir='ltr'>significatum</span> 
     </span>
     <span class='ocr_line' id='line_1_9' title="bbox 264 504 1340 547; baseline 0.003 -13"><span class='ocrx_word' id='word_1_40' title='bbox 264 509 428 545; x_wconf 87' lang='lat' dir='ltr'>acceptus.</span> <span class='ocrx_word' id='word_1_41' title='bbox 447 504 610 544; x_wconf 85' lang='lat' dir='ltr'>[Propter]</span> <span class='ocrx_word' id='word_1_42' title='bbox 628 504 730 545; x_wconf 92' lang='lat' dir='ltr'>quod,</span> <span class='ocrx_word' id='word_1_43' title='bbox 747 514 823 535; x_wconf 89' lang='lat' dir='ltr'>cum</span> <span class='ocrx_word' id='word_1_44' title='bbox 839 511 906 536; x_wconf 87' lang='lat' dir='ltr'>tam</span> <span class='ocrx_word' id='word_1_45' title='bbox 921 506 1103 537; x_wconf 89' lang='lat' dir='ltr'>intellectus</span> <span class='ocrx_word' id='word_1_46' title='bbox 1127 516 1224 546; x_wconf 87' lang='lat' dir='ltr'>agens</span> <span class='ocrx_word' id='word_1_47' title='bbox 1241 516 1340 547; x_wconf 85' lang='lat' dir='ltr'>quam</span> 
     </span>
     <span class='ocr_line' id='line_1_10' title="bbox 264 549 1339 591; baseline 0.002 -11"><span class='ocrx_word' id='word_1_48' title='bbox 264 549 446 580; x_wconf 88' lang='lat' dir='ltr'>intellectus</span> <span class='ocrx_word' id='word_1_49' title='bbox 469 549 631 589; x_wconf 88' lang='lat' dir='ltr'>possibilis</span> <span class='ocrx_word' id='word_1_50' title='bbox 655 549 694 579; x_wconf 92' lang='lat' dir='ltr'>ad</span> <span class='ocrx_word' id='word_1_51' title='bbox 718 550 1131 591; x_wconf 81' lang='lat' dir='ltr'>proprium-significatum</span> <span class='ocrx_word' id='word_1_52' title='bbox 1159 552 1255 582; x_wconf 91' lang='lat' dir='ltr'>huius</span> <span class='ocrx_word' id='word_1_53' title='bbox 1279 561 1339 582; x_wconf 93' lang='lat' dir='ltr'>no-</span> 
     </span>
     <span class='ocr_line' id='line_1_11' title="bbox 263 594 1339 635; baseline 0.002 -11"><span class='ocrx_word' id='word_1_54' title='bbox 263 595 360 624; x_wconf 86' lang='lat' dir='ltr'>minis</span> <span class='ocrx_word' id='word_1_55' title='bbox 387 594 568 624; x_wconf 80' lang='lat' dir='ltr'>intellectus</span> <span class='ocrx_word' id='word_1_56' title='bbox 591 594 758 633; x_wconf 87' lang='lat' dir='ltr'>pertineat,</span> <span class='ocrx_word' id='word_1_57' title='bbox 775 596 921 635; x_wconf 88' lang='lat' dir='ltr'>sequitur</span> <span class='ocrx_word' id='word_1_58' title='bbox 944 595 1033 635; x_wconf 93' lang='lat' dir='ltr'>quod</span> <span class='ocrx_word' id='word_1_59' title='bbox 1057 605 1125 626; x_wconf 92' lang='lat' dir='ltr'>non</span> <span class='ocrx_word' id='word_1_60' title='bbox 1149 601 1275 626; x_wconf 90' lang='lat' dir='ltr'>tantum</span> <span class='ocrx_word' id='word_1_61' title='bbox 1299 595 1339 626; x_wconf 90' lang='lat' dir='ltr'>de</span> 
     </span>
     <span class='ocr_line' id='line_1_12' title="bbox 263 637 1339 680; baseline 0.002 -12"><span class='ocrx_word' id='word_1_62' title='bbox 263 639 429 669; x_wconf 89' lang='lat' dir='ltr'>intellectu</span> <span class='ocrx_word' id='word_1_63' title='bbox 444 643 570 678; x_wconf 86' lang='lat' dir='ltr'>agente,</span> <span class='ocrx_word' id='word_1_64' title='bbox 587 637 643 668; x_wconf 92' lang='lat' dir='ltr'>sed</span> <span class='ocrx_word' id='word_1_65' title='bbox 661 638 701 668; x_wconf 84' lang='lat' dir='ltr'>de</span> <span class='ocrx_word' id='word_1_66' title='bbox 724 644 793 669; x_wconf 88' lang='lat' dir='ltr'>tota</span> <span class='ocrx_word' id='word_1_67' title='bbox 804 645 903 679; x_wconf 88' lang='lat' dir='ltr'>parte</span> <span class='ocrx_word' id='word_1_68' title='bbox 926 640 1131 676; x_wconf 84' lang='lat' dir='ltr'><em>intellectiva,</em></span> <span class='ocrx_word' id='word_1_69' title='bbox 1156 646 1192 670; x_wconf 93' lang='lat' dir='ltr'>ut</span> <span class='ocrx_word' id='word_1_70' title='bbox 1216 641 1339 680; x_wconf 89' lang='lat' dir='ltr'>optime</span> 
     </span>
     <span class='ocr_line' id='line_1_13' title="bbox 262 682 1339 723; baseline 0.001 -9"><span class='ocrx_word' id='word_1_71' title='bbox 262 682 399 714; x_wconf 84' lang='lat' dir='ltr'>Sanctus</span> <span class='ocrx_word' id='word_1_72' title='bbox 422 682 568 713; x_wconf 85' lang='lat' dir='ltr'><strong>Thomas</strong></span> <span class='ocrx_word' id='word_1_73' title='bbox 591 683 825 723; x_wconf 84' lang='lat' dir='ltr'>interpretatur,</span> <span class='ocrx_word' id='word_1_74' title='bbox 850 685 1039 715; x_wconf 89' lang='lat' dir='ltr'>Aristoteles</span> <span class='ocrx_word' id='word_1_75' title='bbox 1064 685 1219 716; x_wconf 90' lang='lat' dir='ltr'>intendat.</span> <span class='ocrx_word' id='word_1_76' title='bbox 1244 684 1339 716; x_wconf 86' lang='lat' dir='ltr'>Unde</span> 
     </span>
     <span class='ocr_line' id='line_1_14' title="bbox 262 727 1338 771; baseline 0.001 -13"><span class='ocrx_word' id='word_1_77' title='bbox 262 728 346 758; x_wconf 89' lang='lat' dir='ltr'>sicut</span> <span class='ocrx_word' id='word_1_78' title='bbox 368 728 438 763; x_wconf 88' lang='lat' dir='ltr'>ista,</span> <span class='ocrx_word' id='word_1_79' title='bbox 462 727 574 758; x_wconf 86' lang='lat' dir='ltr'>Sortes</span> <span class='ocrx_word' id='word_1_80' title='bbox 597 733 645 760; x_wconf 83' lang='lat' dir='ltr'>est</span> <span class='ocrx_word' id='word_1_81' title='bbox 666 728 759 759; x_wconf 85' lang='lat' dir='ltr'>albus</span> <span class='ocrx_word' id='word_1_82' title='bbox 788 729 895 759; x_wconf 87' lang='lat' dir='ltr'>solum</span> <span class='ocrx_word' id='word_1_83' title='bbox 918 729 1095 760; x_wconf 84' lang='lat' dir='ltr'>secundum</span> <span class='ocrx_word' id='word_1_84' title='bbox 1113 730 1253 771; x_wconf 83' lang='lat' dir='ltr'>faciem,</span> <span class='ocrx_word' id='word_1_85' title='bbox 1281 730 1338 759; x_wconf 94' lang='lat' dir='ltr'>ubi</span> 
     </span>
     <span class='ocr_line' id='line_1_15' title="bbox 262 771 1336 814; baseline 0.002 -12"><span class='ocrx_word' id='word_1_86' title='bbox 262 771 362 803; x_wconf 86' lang='lat' dir='ltr'>dictio</span> <span class='ocrx_word' id='word_1_87' title='bbox 374 772 537 802; x_wconf 89' lang='lat' dir='ltr'>exclusiva</span> <span class='ocrx_word' id='word_1_88' title='bbox 552 773 685 812; x_wconf 89' lang='lat' dir='ltr'>ponitur</span> <span class='ocrx_word' id='word_1_89' title='bbox 697 783 736 803; x_wconf 87' lang='lat' dir='ltr'>ex</span> <span class='ocrx_word' id='word_1_90' title='bbox 751 779 840 813; x_wconf 89' lang='lat' dir='ltr'>parte</span> <span class='ocrx_word' id='word_1_91' title='bbox 856 773 1040 813; x_wconf 89' lang='lat' dir='ltr'>praedicati,</span> <span class='ocrx_word' id='word_1_92' title='bbox 1053 774 1235 814; x_wconf 82' lang='lat' dir='ltr'>aequivalet</span> <span class='ocrx_word' id='word_1_93' title='bbox 1250 774 1336 810; x_wconf 91' lang='lat' dir='ltr'>huic,</span> 
     </span>
     <span class='ocr_line' id='line_1_16' title="bbox 261 816 1337 858; baseline 0.002 -12"><span class='ocrx_word' id='word_1_94' title='bbox 261 816 342 847; x_wconf 89' lang='lat' dir='ltr'>Sola</span> <span class='ocrx_word' id='word_1_95' title='bbox 348 816 461 858; x_wconf 81' lang='lat' dir='ltr'>facies</span> <span class='ocrx_word' id='word_1_96' title='bbox 473 817 506 846; x_wconf 85' lang='lat' dir='ltr'>in</span> <span class='ocrx_word' id='word_1_97' title='bbox 519 816 615 847; x_wconf 83' lang='lat' dir='ltr'>Sorte</span> <span class='ocrx_word' id='word_1_98' title='bbox 630 822 679 847; x_wconf 91' lang='lat' dir='ltr'>est</span> <span class='ocrx_word' id='word_1_99' title='bbox 689 818 773 854; x_wconf 86' lang='lat' dir='ltr'>alba,</span> <span class='ocrx_word' id='word_1_100' title='bbox 787 819 843 848; x_wconf 91' lang='lat' dir='ltr'>ubi</span> <span class='ocrx_word' id='word_1_101' title='bbox 859 817 959 849; x_wconf 92' lang='lat' dir='ltr'>dictio</span> <span class='ocrx_word' id='word_1_102' title='bbox 976 818 1136 849; x_wconf 89' lang='lat' dir='ltr'>exclusiva</span> <span class='ocrx_word' id='word_1_103' title='bbox 1153 819 1287 858; x_wconf 87' lang='lat' dir='ltr'>ponitur</span> <span class='ocrx_word' id='word_1_104' title='bbox 1298 827 1337 848; x_wconf 92' lang='lat' dir='ltr'>ex</span> 
     </span>
     <span class='ocr_line' id='line_1_17' title="bbox 260 861 1336 903; baseline 0.002 -13"><span class='ocrx_word' id='word_1_105' title='bbox 260 866 351 901; x_wconf 84' lang='lat' dir='ltr'>parte</span> <span class='ocrx_word' id='word_1_106' title='bbox 374 861 528 892; x_wconf 87' lang='lat' dir='ltr'>subiecti:</span> <span class='ocrx_word' id='word_1_107' title='bbox 545 862 588 892; x_wconf 90' lang='lat' dir='ltr'>ita</span> <span class='ocrx_word' id='word_1_108' title='bbox 606 862 676 898; x_wconf 86' lang='lat' dir='ltr'>ista,</span> <span class='ocrx_word' id='word_1_109' title='bbox 694 862 882 894; x_wconf 85' lang='lat' dir='ltr'>Intellectus</span> <span class='ocrx_word' id='word_1_110' title='bbox 899 863 953 893; x_wconf 87' lang='lat' dir='ltr'>hic</span> <span class='ocrx_word' id='word_1_111' title='bbox 975 868 1023 894; x_wconf 87' lang='lat' dir='ltr'>est</span> <span class='ocrx_word' id='word_1_112' title='bbox 1036 868 1208 903; x_wconf 84' lang='lat' dir='ltr'>separatus</span> <span class='ocrx_word' id='word_1_113' title='bbox 1229 863 1336 894; x_wconf 90' lang='lat' dir='ltr'>solum</span> 
     </span>
     <span class='ocr_line' id='line_1_18' title="bbox 260 905 1335 949; baseline 0.001 -13"><span class='ocrx_word' id='word_1_114' title='bbox 260 905 437 936; x_wconf 82' lang='lat' dir='ltr'>secundum</span> <span class='ocrx_word' id='word_1_115' title='bbox 461 915 556 936; x_wconf 85' lang='lat' dir='ltr'>suum</span> <span class='ocrx_word' id='word_1_116' title='bbox 574 907 750 947; x_wconf 87' lang='lat' dir='ltr'>proprium</span> <span class='ocrx_word' id='word_1_117' title='bbox 780 907 1012 949; x_wconf 78' lang='lat' dir='ltr'>significatum,</span> <span class='ocrx_word' id='word_1_118' title='bbox 1044 908 1225 947; x_wconf 83' lang='lat' dir='ltr'>aequivalet</span> <span class='ocrx_word' id='word_1_119' title='bbox 1248 908 1335 943; x_wconf 90' lang='lat' dir='ltr'>huic,</span> 
     </span>
     <span class='ocr_line' id='line_1_19' title="bbox 261 950 1334 992; baseline 0.001 -11"><span class='ocrx_word' id='word_1_120' title='bbox 261 950 360 981; x_wconf 84' lang='lat' dir='ltr'>Solus</span> <span class='ocrx_word' id='word_1_121' title='bbox 384 951 565 981; x_wconf 89' lang='lat' dir='ltr'>intellectus</span> <span class='ocrx_word' id='word_1_122' title='bbox 589 952 728 991; x_wconf 84' lang='lat' dir='ltr'>proprie</span> <span class='ocrx_word' id='word_1_123' title='bbox 758 957 909 992; x_wconf 87' lang='lat' dir='ltr'>acceptus</span> <span class='ocrx_word' id='word_1_124' title='bbox 938 957 986 982; x_wconf 81' lang='lat' dir='ltr'>est</span> <span class='ocrx_word' id='word_1_125' title='bbox 1007 957 1189 992; x_wconf 74' lang='lat' dir='ltr'>separatus.</span> <span class='ocrx_word' id='word_1_126' title='bbox 1212 969 1237 974; x_wconf 98' lang='lat'>—</span> <span class='ocrx_word' id='word_1_127' title='bbox 1258 951 1334 982; x_wconf 91' lang='lat' dir='ltr'>Non</span> 
     </span>
     <span class='ocr_line' id='line_1_20' title="bbox 260 995 1334 1036; baseline 0.001 -11"><span class='ocrx_word' id='word_1_128' title='bbox 260 1000 370 1026; x_wconf 90' lang='lat' dir='ltr'>autem</span> <span class='ocrx_word' id='word_1_129' title='bbox 386 995 592 1035; x_wconf 88' lang='lat' dir='ltr'>aequivalent</span> <span class='ocrx_word' id='word_1_130' title='bbox 603 997 694 1026; x_wconf 90' lang='lat' dir='ltr'>istae:</span> <span class='ocrx_word' id='word_1_131' title='bbox 708 996 775 1027; x_wconf 89' lang='lat' dir='ltr'>Hic</span> <span class='ocrx_word' id='word_1_132' title='bbox 791 997 973 1027; x_wconf 85' lang='lat' dir='ltr'>intellectus</span> <span class='ocrx_word' id='word_1_133' title='bbox 985 1001 1032 1027; x_wconf 90' lang='lat' dir='ltr'>est</span> <span class='ocrx_word' id='word_1_134' title='bbox 1043 1001 1214 1036; x_wconf 86' lang='lat' dir='ltr'>separatus</span> <span class='ocrx_word' id='word_1_135' title='bbox 1228 997 1334 1026; x_wconf 88' lang='lat' dir='ltr'>solum</span> 
     </span>
     <span class='ocr_line' id='line_1_21' title="bbox 261 1040 1335 1078; baseline 0.001 -8"><span class='ocrx_word' id='word_1_136' title='bbox 261 1040 294 1071; x_wconf 89' lang='lat' dir='ltr'>in</span> <span class='ocrx_word' id='word_1_137' title='bbox 318 1040 464 1076; x_wconf 86' lang='lat' dir='ltr'>essendo,</span> <span class='ocrx_word' id='word_1_138' title='bbox 493 1041 560 1070; x_wconf 85' lang='lat' dir='ltr'>sive</span> <span class='ocrx_word' id='word_1_139' title='bbox 587 1041 854 1077; x_wconf 78' lang='lat' dir='ltr'>sahstantialiter,</span> <span class='ocrx_word' id='word_1_140' title='bbox 881 1046 921 1078; x_wconf 91' lang='lat' dir='ltr'>et,</span> <span class='ocrx_word' id='word_1_141' title='bbox 947 1041 1044 1071; x_wconf 90' lang='lat' dir='ltr'>Solus</span> <span class='ocrx_word' id='word_1_142' title='bbox 1071 1041 1124 1071; x_wconf 88' lang='lat' dir='ltr'>hic</span> <span class='ocrx_word' id='word_1_143' title='bbox 1154 1041 1335 1071; x_wconf 84' lang='lat' dir='ltr'>intellectus</span> 
     </span>
     <span class='ocr_line' id='line_1_22' title="bbox 260 1085 1335 1125; baseline 0 -9"><span class='ocrx_word' id='word_1_144' title='bbox 260 1090 307 1116; x_wconf 84' lang='lat' dir='ltr'>est</span> <span class='ocrx_word' id='word_1_145' title='bbox 329 1090 500 1125; x_wconf 87' lang='lat' dir='ltr'>separatus</span> <span class='ocrx_word' id='word_1_146' title='bbox 524 1085 557 1115; x_wconf 86' lang='lat' dir='ltr'>in</span> <span class='ocrx_word' id='word_1_147' title='bbox 582 1085 727 1116; x_wconf 84' lang='lat' dir='ltr'>essendo.</span> <span class='ocrx_word' id='word_1_148' title='bbox 748 1085 935 1116; x_wconf 89' lang='lat' dir='ltr'>Secundum</span> <span class='ocrx_word' id='word_1_149' title='bbox 953 1091 1062 1116; x_wconf 90' lang='lat' dir='ltr'>autem</span> <span class='ocrx_word' id='word_1_150' title='bbox 1078 1086 1215 1116; x_wconf 89' lang='lat' dir='ltr'>istorum</span> <span class='ocrx_word' id='word_1_151' title='bbox 1238 1085 1335 1116; x_wconf 91' lang='lat' dir='ltr'>inter-</span> 
     </span>
     <span class='ocr_line' id='line_1_23' title="bbox 258 1129 1335 1171; baseline 0 -11"><span class='ocrx_word' id='word_1_152' title='bbox 258 1130 476 1170; x_wconf 85' lang='lat' dir='ltr'>pretationem</span> <span class='ocrx_word' id='word_1_153' title='bbox 500 1134 666 1170; x_wconf 83' lang='lat' dir='ltr'>oporteret</span> <span class='ocrx_word' id='word_1_154' title='bbox 681 1130 756 1160; x_wconf 88' lang='lat' dir='ltr'>istas</span> <span class='ocrx_word' id='word_1_155' title='bbox 771 1130 1012 1171; x_wconf 87' lang='lat' dir='ltr'>aequivalentes</span> <span class='ocrx_word' id='word_1_156' title='bbox 1037 1139 1116 1160; x_wconf 88' lang='lat' dir='ltr'>esse.</span> <span class='ocrx_word' id='word_1_157' title='bbox 1141 1129 1218 1160; x_wconf 89' lang='lat' dir='ltr'>Ideo</span> <span class='ocrx_word' id='word_1_158' title='bbox 1238 1130 1335 1160; x_wconf 89' lang='lat' dir='ltr'>inter-</span> 
     </span>
     <span class='ocr_line' id='line_1_24' title="bbox 258 1174 686 1215; baseline -0.002 -10"><span class='ocrx_word' id='word_1_159' title='bbox 258 1175 396 1215; x_wconf 90' lang='lat' dir='ltr'>pretatio</span> <span class='ocrx_word' id='word_1_160' title='bbox 419 1175 499 1205; x_wconf 91' lang='lat' dir='ltr'>haec</span> <span class='ocrx_word' id='word_1_161' title='bbox 522 1174 607 1204; x_wconf 89' lang='lat' dir='ltr'>mala</span> <span class='ocrx_word' id='word_1_162' title='bbox 630 1179 686 1205; x_wconf 92' lang='lat' dir='ltr'>est.</span> 
     </span>
    </p>

    <p class='ocr_par' dir='ltr' id='par_1_7' title="bbox 257 1218 1336 1438">
     <span class='ocr_line' id='line_1_25' title="bbox 313 1218 1336 1259; baseline -0.001 -10"><span class='ocrx_word' id='word_1_163' title='bbox 313 1218 397 1249; x_wconf 91' lang='lat' dir='ltr'>XIII.</span> <span class='ocrx_word' id='word_1_164' title='bbox 422 1218 560 1256; x_wconf 92' lang='lat' dir='ltr'>Quinto.</span> <span class='ocrx_word' id='word_1_165' title='bbox 585 1218 619 1249; x_wconf 91' lang='lat' dir='ltr'>In</span> <span class='ocrx_word' id='word_1_166' title='bbox 644 1219 671 1249; x_wconf 92' lang='lat' dir='ltr'>II</span> <span class='ocrx_word' id='word_1_167' title='bbox 695 1218 735 1249; x_wconf 86' lang='lat' dir='ltr'>de</span> <span class='ocrx_word' id='word_1_168' title='bbox 759 1218 839 1249; x_wconf 86' lang='lat' dir='ltr'>Gen.</span> <span class='ocrx_word' id='word_1_169' title='bbox 864 1218 1016 1254; x_wconf 65' lang='lat' dir='ltr'>Animal„</span> <span class='ocrx_word' id='word_1_170' title='bbox 1041 1228 1112 1259; x_wconf 91' lang='lat' dir='ltr'>cap.</span> <span class='ocrx_word' id='word_1_171' title='bbox 1128 1228 1163 1248; x_wconf 90' lang='lat' dir='ltr'>m</span> <span class='ocrx_word' id='word_1_172' title='bbox 1178 1219 1205 1254; x_wconf 47' lang='grc' dir='ltr'>θ,</span> <span class='ocrx_word' id='word_1_173' title='bbox 1229 1219 1336 1258; x_wconf 88' lang='lat' dir='ltr'>inquit</span> 
     </span>
     <span class='ocr_line' id='line_1_26' title="bbox 258 1262 1336 1304; baseline -0.001 -10"><span class='ocrx_word' id='word_1_174' title='bbox 258 1263 350 1304; x_wconf 91' lang='lat' dir='ltr'>quod</span> <span class='ocrx_word' id='word_1_175' title='bbox 372 1263 555 1294; x_wconf 86' lang='lat' dir='ltr'>intellectus</span> <span class='ocrx_word' id='word_1_176' title='bbox 577 1272 646 1294; x_wconf 92' lang='lat' dir='ltr'>non</span> <span class='ocrx_word' id='word_1_177' title='bbox 674 1262 822 1294; x_wconf 88' lang='lat' dir='ltr'>educitur</span> <span class='ocrx_word' id='word_1_178' title='bbox 847 1262 888 1294; x_wconf 90' lang='lat' dir='ltr'>de</span> <span class='ocrx_word' id='word_1_179' title='bbox 916 1264 1064 1304; x_wconf 86' lang='lat' dir='ltr'>potentia</span> <span class='ocrx_word' id='word_1_180' title='bbox 1091 1263 1254 1299; x_wconf 88' lang='lat' dir='ltr'>materiae,</span> <span class='ocrx_word' id='word_1_181' title='bbox 1278 1263 1336 1294; x_wconf 89' lang='lat' dir='ltr'>sed</span> 
     </span>
     <span class='ocr_line' id='line_1_27' title="bbox 259 1307 1335 1351; baseline -0.001 -12"><span class='ocrx_word' id='word_1_182' title='bbox 259 1308 348 1339; x_wconf 75' lang='lat' dir='ltr'>uenit</span> <span class='ocrx_word' id='word_1_183' title='bbox 370 1307 507 1351; x_wconf 70' lang='lat' dir='ltr'>deforis.</span> <span class='ocrx_word' id='word_1_184' title='bbox 531 1308 618 1348; x_wconf 86' lang='lat' dir='ltr'>Ergo</span> <span class='ocrx_word' id='word_1_185' title='bbox 642 1317 710 1338; x_wconf 92' lang='lat' dir='ltr'>non</span> <span class='ocrx_word' id='word_1_186' title='bbox 744 1308 963 1348; x_wconf 85' lang='lat' dir='ltr'>corrumpitur</span> <span class='ocrx_word' id='word_1_187' title='bbox 990 1307 1031 1339; x_wconf 91' lang='lat' dir='ltr'>ad</span> <span class='ocrx_word' id='word_1_188' title='bbox 1055 1308 1201 1348; x_wconf 91' lang='lat' dir='ltr'>corporis</span> <span class='ocrx_word' id='word_1_189' title='bbox 1225 1317 1335 1338; x_wconf 89' lang='lat' dir='ltr'>corru-</span> 
     </span>
     <span class='ocr_line' id='line_1_28' title="bbox 257 1352 1333 1393; baseline 0 -10"><span class='ocrx_word' id='word_1_190' title='bbox 257 1353 421 1393; x_wconf 77' lang='lat' dir='ltr'>ptionem:</span> <span class='ocrx_word' id='word_1_191' title='bbox 446 1353 519 1383; x_wconf 90' lang='lat' dir='ltr'>illae</span> <span class='ocrx_word' id='word_1_192' title='bbox 543 1353 631 1383; x_wconf 90' lang='lat' dir='ltr'>enim</span> <span class='ocrx_word' id='word_1_193' title='bbox 654 1352 743 1383; x_wconf 88' lang='lat' dir='ltr'>solae</span> <span class='ocrx_word' id='word_1_194' title='bbox 767 1352 891 1383; x_wconf 83' lang='lat' dir='ltr'>formae</span> <span class='ocrx_word' id='word_1_195' title='bbox 907 1358 983 1383; x_wconf 89' lang='lat' dir='ltr'>sunt</span> <span class='ocrx_word' id='word_1_196' title='bbox 999 1352 1225 1393; x_wconf 89' lang='lat' dir='ltr'>corruptibiles</span> <span class='ocrx_word' id='word_1_197' title='bbox 1249 1361 1333 1393; x_wconf 90' lang='lat' dir='ltr'>quae</span> 
     </span>
     <span class='ocr_line' id='line_1_29' title="bbox 259 1396 859 1438; baseline -0.002 -10"><span class='ocrx_word' id='word_1_198' title='bbox 259 1397 300 1428; x_wconf 89' lang='lat' dir='ltr'>de</span> <span class='ocrx_word' id='word_1_199' title='bbox 322 1397 468 1438; x_wconf 88' lang='lat' dir='ltr'>potentia</span> <span class='ocrx_word' id='word_1_200' title='bbox 490 1398 643 1428; x_wconf 82' lang='lat' dir='ltr'>materiae</span> <span class='ocrx_word' id='word_1_201' title='bbox 668 1396 859 1428; x_wconf 91' lang='lat' dir='ltr'>educuntur.</span> 
     </span>
    </p>

    <p class='ocr_par' dir='ltr' id='par_1_8' title="bbox 314 1441 1332 1482">
     <span class='ocr_line' id='line_1_30' title="bbox 314 1441 1332 1482; baseline -0.002 -9"><span class='ocrx_word' id='word_1_202' title='bbox 314 1441 366 1473; x_wconf 85' lang='lat' dir='ltr'>Ad</span> <span class='ocrx_word' id='word_1_203' title='bbox 389 1442 473 1472; x_wconf 90' lang='lat' dir='ltr'>hanc</span> <span class='ocrx_word' id='word_1_204' title='bbox 497 1441 696 1482; x_wconf 88' lang='lat' dir='ltr'>respondent</span> <span class='ocrx_word' id='word_1_205' title='bbox 720 1442 777 1481; x_wconf 91' lang='lat' dir='ltr'>qui</span> <span class='ocrx_word' id='word_1_206' title='bbox 804 1451 901 1481; x_wconf 88' lang='lat' dir='ltr'>supra</span> <span class='ocrx_word' id='word_1_207' title='bbox 930 1441 1020 1481; x_wconf 92' lang='lat' dir='ltr'>quod</span> <span class='ocrx_word' id='word_1_208' title='bbox 1050 1441 1240 1472; x_wconf 84' lang='lat' dir='ltr'>Aristoteles</span> <span class='ocrx_word' id='word_1_209' title='bbox 1263 1450 1332 1471; x_wconf 88' lang='lat' dir='ltr'>cre-</span> 
     </span>
    </p>
   </div>
   <div class='ocr_carea' id='block_1_7' title="bbox 2391 297 2464 334">
    <p class='ocr_par' dir='ltr' id='par_1_9' title="bbox 2391 297 2464 334">
     <span class='ocr_line' id='line_1_31' title="bbox 2391 297 2464 334; baseline 0 0"><span class='ocrx_word' id='word_1_210' title='bbox 2391 297 2464 334; x_wconf 87' lang='lat'>503</span> 
     </span>
    </p>
   </div>
   <div class='ocr_carea' id='block_1_8' title="bbox 1380 373 2466 1484">
    <p class='ocr_par' dir='ltr' id='par_1_10' title="bbox 1390 373 2466 903">
     <span class='ocr_line' id='line_1_32' title="bbox 1449 373 2466 417; baseline 0.005 -14"><span class='ocrx_word' id='word_1_211' title='bbox 1449 373 1543 403; x_wconf 90' lang='lat' dir='ltr'>Hanc</span> <span class='ocrx_word' id='word_1_212' title='bbox 1566 380 1675 404; x_wconf 90' lang='lat' dir='ltr'>autem</span> <span class='ocrx_word' id='word_1_213' title='bbox 1692 375 1938 414; x_wconf 87' lang='lat' dir='ltr'>responsionem</span> <span class='ocrx_word' id='word_1_214' title='bbox 1959 374 2162 412; x_wconf 86' lang='lat' dir='ltr'>confirmant,</span> <span class='ocrx_word' id='word_1_215' title='bbox 2180 377 2255 417; x_wconf 91' lang='lat' dir='ltr'>quia</span> <span class='ocrx_word' id='word_1_216' title='bbox 2277 378 2466 408; x_wconf 87' lang='lat' dir='ltr'>Aristoteles</span> 
     </span>
     <span class='ocr_line' id='line_1_33' title="bbox 1393 418 2466 463; baseline 0.006 -16"><span class='ocrx_word' id='word_1_217' title='bbox 1393 418 1487 457; x_wconf 92' lang='lat' dir='ltr'>ponit</span> <span class='ocrx_word' id='word_1_218' title='bbox 1502 418 1603 458; x_wconf 92' lang='lat' dir='ltr'>quod,</span> <span class='ocrx_word' id='word_1_219' title='bbox 1619 419 1648 449; x_wconf 85' lang='lat' dir='ltr'>si</span> <span class='ocrx_word' id='word_1_220' title='bbox 1664 419 1849 460; x_wconf 84' lang='lat' dir='ltr'>intelligere</span> <span class='ocrx_word' id='word_1_221' title='bbox 1859 425 1907 449; x_wconf 88' lang='lat' dir='ltr'>est</span> <span class='ocrx_word' id='word_1_222' title='bbox 1916 419 2104 459; x_wconf 75' lang='lat' dir='ltr'>phantasia,</span> <span class='ocrx_word' id='word_1_223' title='bbox 2122 426 2182 450; x_wconf 86' lang='lat' dir='ltr'>aut</span> <span class='ocrx_word' id='word_1_224' title='bbox 2196 430 2261 451; x_wconf 91' lang='lat' dir='ltr'>non</span> <span class='ocrx_word' id='word_1_225' title='bbox 2277 422 2348 452; x_wconf 90' lang='lat' dir='ltr'>sine</span> <span class='ocrx_word' id='word_1_226' title='bbox 2359 423 2466 463; x_wconf 82' lang='lat' dir='ltr'>phan-</span> 
     </span>
     <span class='ocr_line' id='line_1_34' title="bbox 1393 462 2464 504; baseline 0.005 -12"><span class='ocrx_word' id='word_1_227' title='bbox 1393 462 1487 497; x_wconf 87' lang='lat' dir='ltr'>tasia,</span> <span class='ocrx_word' id='word_1_228' title='bbox 1517 472 1583 493; x_wconf 89' lang='lat' dir='ltr'>non</span> <span class='ocrx_word' id='word_1_229' title='bbox 1614 464 1777 504; x_wconf 81' lang='lat' dir='ltr'>contingit</span> <span class='ocrx_word' id='word_1_230' title='bbox 1804 463 1875 494; x_wconf 84' lang='lat' dir='ltr'>sine</span> <span class='ocrx_word' id='word_1_231' title='bbox 1905 473 2044 503; x_wconf 85' lang='lat' dir='ltr'>corpore</span> <span class='ocrx_word' id='word_1_232' title='bbox 2073 474 2142 495; x_wconf 88' lang='lat' dir='ltr'>esse</span> <span class='ocrx_word' id='word_1_233' title='bbox 2157 466 2184 495; x_wconf 42' lang='grc' dir='ltr'>ὕ.</span> <span class='ocrx_word' id='word_1_234' title='bbox 2213 466 2261 496; x_wconf 86' lang='lat' dir='ltr'>Ex</span> <span class='ocrx_word' id='word_1_235' title='bbox 2291 467 2351 497; x_wconf 91' lang='lat' dir='ltr'>hac</span> <span class='ocrx_word' id='word_1_236' title='bbox 2378 469 2464 498; x_wconf 88' lang='lat' dir='ltr'>enim</span> 
     </span>
     <span class='ocr_line' id='line_1_35' title="bbox 1393 506 2465 550; baseline 0.006 -14"><span class='ocrx_word' id='word_1_237' title='bbox 1393 506 1605 537; x_wconf 88' lang='lat' dir='ltr'>conditionali</span> <span class='ocrx_word' id='word_1_238' title='bbox 1629 508 1764 538; x_wconf 90' lang='lat' dir='ltr'>habetur</span> <span class='ocrx_word' id='word_1_239' title='bbox 1779 507 1869 548; x_wconf 91' lang='lat' dir='ltr'>quod</span> <span class='ocrx_word' id='word_1_240' title='bbox 1892 509 2049 548; x_wconf 85' lang='lat' dir='ltr'>accipitur</span> <span class='ocrx_word' id='word_1_241' title='bbox 2066 510 2241 550; x_wconf 85' lang='lat' dir='ltr'>proprium</span> <span class='ocrx_word' id='word_1_242' title='bbox 2265 517 2300 541; x_wconf 94' lang='lat' dir='ltr'>ut</span> <span class='ocrx_word' id='word_1_243' title='bbox 2324 512 2465 542; x_wconf 87' lang='lat' dir='ltr'>excludit</span> 
     </span>
     <span class='ocr_line' id='line_1_36' title="bbox 1393 551 2462 595; baseline 0.006 -14"><span class='ocrx_word' id='word_1_244' title='bbox 1393 551 1576 581; x_wconf 88' lang='lat' dir='ltr'>obiectum:</span> <span class='ocrx_word' id='word_1_245' title='bbox 1602 552 1678 591; x_wconf 88' lang='lat' dir='ltr'>quia</span> <span class='ocrx_word' id='word_1_246' title='bbox 1705 552 1811 592; x_wconf 89' lang='lat' dir='ltr'>inquit</span> <span class='ocrx_word' id='word_1_247' title='bbox 1841 552 1942 592; x_wconf 85' lang='lat' dir='ltr'>quod,</span> <span class='ocrx_word' id='word_1_248' title='bbox 1967 553 1993 583; x_wconf 90' lang='lat' dir='ltr'>si</span> <span class='ocrx_word' id='word_1_249' title='bbox 2019 563 2088 583; x_wconf 92' lang='lat' dir='ltr'>non</span> <span class='ocrx_word' id='word_1_250' title='bbox 2119 560 2166 584; x_wconf 92' lang='lat' dir='ltr'>est</span> <span class='ocrx_word' id='word_1_251' title='bbox 2189 555 2258 585; x_wconf 89' lang='lat' dir='ltr'>sine</span> <span class='ocrx_word' id='word_1_252' title='bbox 2286 555 2462 595; x_wconf 85' lang='lat' dir='ltr'>phantasia,</span> 
     </span>
     <span class='ocr_line' id='line_1_37' title="bbox 1392 595 2461 640; baseline 0.006 -15"><span class='ocrx_word' id='word_1_253' title='bbox 1392 604 1476 635; x_wconf 91' lang='lat' dir='ltr'>quae</span> <span class='ocrx_word' id='word_1_254' title='bbox 1500 595 1622 626; x_wconf 91' lang='lat' dir='ltr'>scilicet</span> <span class='ocrx_word' id='word_1_255' title='bbox 1645 602 1694 626; x_wconf 89' lang='lat' dir='ltr'>est</span> <span class='ocrx_word' id='word_1_256' title='bbox 1716 597 1815 626; x_wconf 89' lang='lat' dir='ltr'>veluti</span> <span class='ocrx_word' id='word_1_257' title='bbox 1840 597 2017 633; x_wconf 89' lang='lat' dir='ltr'>obiectum,</span> <span class='ocrx_word' id='word_1_258' title='bbox 2041 607 2110 627; x_wconf 90' lang='lat' dir='ltr'>non</span> <span class='ocrx_word' id='word_1_259' title='bbox 2141 599 2199 629; x_wconf 89' lang='lat' dir='ltr'>erit</span> <span class='ocrx_word' id='word_1_260' title='bbox 2222 600 2290 630; x_wconf 91' lang='lat' dir='ltr'>sine</span> <span class='ocrx_word' id='word_1_261' title='bbox 2307 610 2461 640; x_wconf 89' lang='lat' dir='ltr'>corpore;</span> 
     </span>
     <span class='ocr_line' id='line_1_38' title="bbox 1392 642 2462 681; baseline 0.005 -11"><span class='ocrx_word' id='word_1_262' title='bbox 1392 646 1424 670; x_wconf 94' lang='lat' dir='ltr'>et</span> <span class='ocrx_word' id='word_1_263' title='bbox 1445 649 1504 680; x_wconf 89' lang='lat' dir='ltr'>per</span> <span class='ocrx_word' id='word_1_264' title='bbox 1534 649 1750 680; x_wconf 89' lang='lat' dir='ltr'>consequens,</span> <span class='ocrx_word' id='word_1_265' title='bbox 1782 650 1849 670; x_wconf 93' lang='lat' dir='ltr'>non</span> <span class='ocrx_word' id='word_1_266' title='bbox 1878 642 1937 671; x_wconf 89' lang='lat' dir='ltr'>erit</span> <span class='ocrx_word' id='word_1_267' title='bbox 1968 643 2137 681; x_wconf 89' lang='lat' dir='ltr'>proprium</span> <span class='ocrx_word' id='word_1_268' title='bbox 2168 644 2303 674; x_wconf 90' lang='lat' dir='ltr'>animae.</span> <span class='ocrx_word' id='word_1_269' title='bbox 2337 644 2462 675; x_wconf 89' lang='lat' dir='ltr'>Conse-</span> 
     </span>
     <span class='ocr_line' id='line_1_39' title="bbox 1392 684 2461 724; baseline 0.006 -10"><span class='ocrx_word' id='word_1_270' title='bbox 1392 690 1529 724; x_wconf 88' lang='lat' dir='ltr'>quenter</span> <span class='ocrx_word' id='word_1_271' title='bbox 1552 684 1592 714; x_wconf 90' lang='lat' dir='ltr'>ad</span> <span class='ocrx_word' id='word_1_272' title='bbox 1617 685 1681 715; x_wconf 88' lang='lat' dir='ltr'>hoc</span> <span class='ocrx_word' id='word_1_273' title='bbox 1704 684 1817 715; x_wconf 89' lang='lat' dir='ltr'>dicunt</span> <span class='ocrx_word' id='word_1_274' title='bbox 1840 685 1923 715; x_wconf 87' lang='lat' dir='ltr'>hanc</span> <span class='ocrx_word' id='word_1_275' title='bbox 1946 686 2201 717; x_wconf 85' lang='lat' dir='ltr'>conditionalem</span> <span class='ocrx_word' id='word_1_276' title='bbox 2225 688 2264 718; x_wconf 90' lang='lat' dir='ltr'>ab</span> <span class='ocrx_word' id='word_1_277' title='bbox 2288 689 2461 720; x_wconf 81' lang='lat' dir='ltr'>Aristotele</span> 
     </span>
     <span class='ocr_line' id='line_1_40' title="bbox 1391 730 2462 774; baseline 0.005 -15"><span class='ocrx_word' id='word_1_278' title='bbox 1391 738 1461 759; x_wconf 89' lang='lat' dir='ltr'>esse</span> <span class='ocrx_word' id='word_1_279' title='bbox 1488 730 1628 769; x_wconf 89' lang='lat' dir='ltr'>positam</span> <span class='ocrx_word' id='word_1_280' title='bbox 1655 735 1693 759; x_wconf 90' lang='lat' dir='ltr'>ut</span> <span class='ocrx_word' id='word_1_281' title='bbox 1719 730 1893 759; x_wconf 87' lang='lat' dir='ltr'>declararet</span> <span class='ocrx_word' id='word_1_282' title='bbox 1916 730 2086 769; x_wconf 90' lang='lat' dir='ltr'>quomodo</span> <span class='ocrx_word' id='word_1_283' title='bbox 2111 732 2270 771; x_wconf 89' lang='lat' dir='ltr'>acciperet</span> <span class='ocrx_word' id='word_1_284' title='bbox 2287 734 2462 774; x_wconf 84' lang='lat' dir='ltr'>proprium</span> 
     </span>
     <span class='ocr_line' id='line_1_41' title="bbox 1391 774 2461 816; baseline 0.006 -13"><span class='ocrx_word' id='word_1_285' title='bbox 1391 774 1542 804; x_wconf 84' lang='lat' dir='ltr'>animae:</span> <span class='ocrx_word' id='word_1_286' title='bbox 1564 774 1640 813; x_wconf 84' lang='lat' dir='ltr'>quia</span> <span class='ocrx_word' id='word_1_287' title='bbox 1663 774 1785 804; x_wconf 90' lang='lat' dir='ltr'>scilicet</span> <span class='ocrx_word' id='word_1_288' title='bbox 1808 774 1925 813; x_wconf 87' lang='lat' dir='ltr'>accipit</span> <span class='ocrx_word' id='word_1_289' title='bbox 1948 779 1984 804; x_wconf 88' lang='lat' dir='ltr'>ut</span> <span class='ocrx_word' id='word_1_290' title='bbox 2007 775 2148 805; x_wconf 90' lang='lat' dir='ltr'>excludit</span> <span class='ocrx_word' id='word_1_291' title='bbox 2171 785 2290 816; x_wconf 89' lang='lat' dir='ltr'>corpus</span> <span class='ocrx_word' id='word_1_292' title='bbox 2314 784 2349 808; x_wconf 91' lang='lat' dir='ltr'>ut</span> <span class='ocrx_word' id='word_1_293' title='bbox 2372 779 2461 809; x_wconf 89' lang='lat' dir='ltr'>obie-</span> 
     </span>
     <span class='ocr_line' id='line_1_42' title="bbox 1390 817 2461 861; baseline 0.005 -13"><span class='ocrx_word' id='word_1_294' title='bbox 1390 823 1490 849; x_wconf 87' lang='lat' dir='ltr'>ctum.</span> <span class='ocrx_word' id='word_1_295' title='bbox 1514 818 1672 858; x_wconf 88' lang='lat' dir='ltr'>Alioquin</span> <span class='ocrx_word' id='word_1_296' title='bbox 1695 817 1736 849; x_wconf 95' lang='lat' dir='ltr'>ad</span> <span class='ocrx_word' id='word_1_297' title='bbox 1759 818 1887 849; x_wconf 90' lang='lat' dir='ltr'>nullum</span> <span class='ocrx_word' id='word_1_298' title='bbox 1903 818 2037 859; x_wconf 88' lang='lat' dir='ltr'>allegata</span> <span class='ocrx_word' id='word_1_299' title='bbox 2058 825 2142 850; x_wconf 89' lang='lat' dir='ltr'>esset</span> <span class='ocrx_word' id='word_1_300' title='bbox 2163 822 2369 861; x_wconf 89' lang='lat' dir='ltr'>propositum</span> <span class='ocrx_word' id='word_1_301' title='bbox 2391 823 2461 853; x_wconf 88' lang='lat' dir='ltr'>talis</span> 
     </span>
     <span class='ocr_line' id='line_1_43' title="bbox 1390 863 1755 903; baseline 0.003 -11"><span class='ocrx_word' id='word_1_302' title='bbox 1390 872 1427 893; x_wconf 87' lang='lat' dir='ltr'>ac</span> <span class='ocrx_word' id='word_1_303' title='bbox 1450 868 1538 893; x_wconf 87' lang='lat' dir='ltr'>tanta</span> <span class='ocrx_word' id='word_1_304' title='bbox 1561 863 1755 903; x_wconf 82' lang='lat' dir='ltr'>propositio.</span> 
     </span>
    </p>

    <p class='ocr_par' dir='ltr' id='par_1_11' title="bbox 1388 907 2462 1170">
     <span class='ocr_line' id='line_1_44' title="bbox 1419 907 2460 952; baseline 0.005 -16"><span class='ocrx_word' id='word_1_305' title='bbox 1419 947 1424 952; x_wconf 32' lang='lat'>⁵</span> <span class='ocrx_word' id='word_1_306' title='bbox 1447 916 1476 939; x_wconf 84' lang='lat'>2.</span> <span class='ocrx_word' id='word_1_307' title='bbox 1490 907 1600 937; x_wconf 90' lang='lat' dir='ltr'>Potest</span> <span class='ocrx_word' id='word_1_308' title='bbox 1612 908 1708 937; x_wconf 90' lang='lat' dir='ltr'>etiam</span> <span class='ocrx_word' id='word_1_309' title='bbox 1721 917 1760 938; x_wconf 85' lang='lat' dir='ltr'>ex</span> <span class='ocrx_word' id='word_1_310' title='bbox 1772 907 1884 944; x_wconf 91' lang='lat' dir='ltr'>Scoto‚</span> <span class='ocrx_word' id='word_1_311' title='bbox 1896 908 1939 938; x_wconf 93' lang='lat' dir='ltr'>IV</span> <span class='ocrx_word' id='word_1_312' title='bbox 1947 907 2046 943; x_wconf 71' lang='lat' dir='ltr'>Sent„</span> <span class='ocrx_word' id='word_1_313' title='bbox 2060 907 2090 938; x_wconf 93' lang='lat' dir='ltr'>d.</span> <span class='ocrx_word' id='word_1_314' title='bbox 2105 918 2189 944; x_wconf 67' lang='grc' dir='ltr'>κιαι,</span> <span class='ocrx_word' id='word_1_315' title='bbox 2204 918 2234 949; x_wconf 90' lang='lat' dir='ltr'>q.</span> <span class='ocrx_word' id='word_1_316' title='bbox 2248 919 2271 939; x_wconf 92' lang='lat'>11</span> <span class='ocrx_word' id='word_1_317' title='bbox 2283 911 2310 946; x_wconf 42' lang='grc' dir='ltr'>θ’,</span> <span class='ocrx_word' id='word_1_318' title='bbox 2326 920 2460 951; x_wconf 90' lang='lat' dir='ltr'>respon-</span> 
     </span>
     <span class='ocr_line' id='line_1_45' title="bbox 1389 950 2459 994; baseline 0.003 -12"><span class='ocrx_word' id='word_1_319' title='bbox 1389 950 1467 988; x_wconf 89' lang='lat' dir='ltr'>deri,</span> <span class='ocrx_word' id='word_1_320' title='bbox 1481 951 1630 992; x_wconf 86' lang='lat' dir='ltr'>negando</span> <span class='ocrx_word' id='word_1_321' title='bbox 1643 951 1852 988; x_wconf 86' lang='lat' dir='ltr'>antecedens;</span> <span class='ocrx_word' id='word_1_322' title='bbox 1869 958 1901 982; x_wconf 89' lang='lat' dir='ltr'>et</span> <span class='ocrx_word' id='word_1_323' title='bbox 1916 951 1956 982; x_wconf 90' lang='lat' dir='ltr'>ad</span> <span class='ocrx_word' id='word_1_324' title='bbox 1967 953 2206 992; x_wconf 84' lang='lat' dir='ltr'>probationem,</span> <span class='ocrx_word' id='word_1_325' title='bbox 2222 955 2332 994; x_wconf 86' lang='lat' dir='ltr'>negari</span> <span class='ocrx_word' id='word_1_326' title='bbox 2347 956 2459 986; x_wconf 89' lang='lat' dir='ltr'>maior.</span> 
     </span>
     <span class='ocr_line' id='line_1_46' title="bbox 1390 995 2462 1038; baseline 0.004 -12"><span class='ocrx_word' id='word_1_327' title='bbox 1390 995 1476 1033; x_wconf 94' lang='lat' dir='ltr'>Quia</span> <span class='ocrx_word' id='word_1_328' title='bbox 1498 1002 1559 1027; x_wconf 88' lang='lat' dir='ltr'>stat</span> <span class='ocrx_word' id='word_1_329' title='bbox 1574 997 1754 1036; x_wconf 90' lang='lat' dir='ltr'>potentiam</span> <span class='ocrx_word' id='word_1_330' title='bbox 1770 1006 1838 1027; x_wconf 91' lang='lat' dir='ltr'>non</span> <span class='ocrx_word' id='word_1_331' title='bbox 1855 1006 1924 1027; x_wconf 90' lang='lat' dir='ltr'>esse</span> <span class='ocrx_word' id='word_1_332' title='bbox 1940 996 2066 1027; x_wconf 89' lang='lat' dir='ltr'>affixam</span> <span class='ocrx_word' id='word_1_333' title='bbox 2090 1007 2212 1037; x_wconf 85' lang='lat' dir='ltr'>organo</span> <span class='ocrx_word' id='word_1_334' title='bbox 2230 999 2391 1038; x_wconf 89' lang='lat' dir='ltr'>corporali</span> <span class='ocrx_word' id='word_1_335' title='bbox 2406 1006 2462 1030; x_wconf 91' lang='lat' dir='ltr'>aut</span> 
     </span>
     <span class='ocr_line' id='line_1_47' title="bbox 1388 1041 2461 1083; baseline 0.005 -13"><span class='ocrx_word' id='word_1_336' title='bbox 1388 1041 1471 1080; x_wconf 90' lang='lat' dir='ltr'>parti</span> <span class='ocrx_word' id='word_1_337' title='bbox 1502 1050 1690 1081; x_wconf 89' lang='lat' dir='ltr'>corporeae,</span> <span class='ocrx_word' id='word_1_338' title='bbox 1722 1046 1753 1072; x_wconf 92' lang='lat' dir='ltr'>et</span> <span class='ocrx_word' id='word_1_339' title='bbox 1785 1047 1893 1072; x_wconf 87' lang='lat' dir='ltr'>tamen</span> <span class='ocrx_word' id='word_1_340' title='bbox 1925 1051 1994 1072; x_wconf 91' lang='lat' dir='ltr'>esse</span> <span class='ocrx_word' id='word_1_341' title='bbox 2021 1043 2083 1072; x_wconf 90' lang='lat' dir='ltr'>toti</span> <span class='ocrx_word' id='word_1_342' title='bbox 2114 1043 2271 1073; x_wconf 89' lang='lat' dir='ltr'>rationem</span> <span class='ocrx_word' id='word_1_343' title='bbox 2305 1044 2461 1083; x_wconf 90' lang='lat' dir='ltr'>operandi</span> 
     </span>
     <span class='ocr_line' id='line_1_48' title="bbox 1389 1085 2460 1128; baseline 0.004 -13"><span class='ocrx_word' id='word_1_344' title='bbox 1389 1086 1506 1125; x_wconf 91' lang='lat' dir='ltr'>primo.</span> <span class='ocrx_word' id='word_1_345' title='bbox 1531 1086 1573 1116; x_wconf 91' lang='lat' dir='ltr'>Et</span> <span class='ocrx_word' id='word_1_346' title='bbox 1595 1091 1674 1116; x_wconf 90' lang='lat' dir='ltr'>tunc</span> <span class='ocrx_word' id='word_1_347' title='bbox 1697 1087 1844 1126; x_wconf 85' lang='lat' dir='ltr'>operatio</span> <span class='ocrx_word' id='word_1_348' title='bbox 1875 1096 1942 1116; x_wconf 92' lang='lat' dir='ltr'>non</span> <span class='ocrx_word' id='word_1_349' title='bbox 1967 1085 2023 1116; x_wconf 87' lang='lat' dir='ltr'>fiet</span> <span class='ocrx_word' id='word_1_350' title='bbox 2050 1086 2212 1117; x_wconf 87' lang='lat' dir='ltr'>mediante</span> <span class='ocrx_word' id='word_1_351' title='bbox 2242 1097 2364 1128; x_wconf 88' lang='lat' dir='ltr'>organo</span> <span class='ocrx_word' id='word_1_352' title='bbox 2390 1098 2460 1119; x_wconf 92' lang='lat' dir='ltr'>cor-</span> 
     </span>
     <span class='ocr_line' id='line_1_49' title="bbox 1388 1129 2355 1170; baseline 0.004 -11"><span class='ocrx_word' id='word_1_353' title='bbox 1388 1129 1506 1169; x_wconf 88' lang='lat' dir='ltr'>porali:</span> <span class='ocrx_word' id='word_1_354' title='bbox 1532 1135 1564 1160; x_wconf 92' lang='lat' dir='ltr'>et</span> <span class='ocrx_word' id='word_1_355' title='bbox 1587 1135 1695 1160; x_wconf 88' lang='lat' dir='ltr'>tamen</span> <span class='ocrx_word' id='word_1_356' title='bbox 1719 1131 1845 1161; x_wconf 90' lang='lat' dir='ltr'>animae</span> <span class='ocrx_word' id='word_1_357' title='bbox 1870 1136 1901 1161; x_wconf 90' lang='lat' dir='ltr'>et</span> <span class='ocrx_word' id='word_1_358' title='bbox 1925 1131 2055 1170; x_wconf 89' lang='lat' dir='ltr'>corpori</span> <span class='ocrx_word' id='word_1_359' title='bbox 2078 1132 2264 1162; x_wconf 91' lang='lat' dir='ltr'>communis</span> <span class='ocrx_word' id='word_1_360' title='bbox 2288 1133 2355 1163; x_wconf 85' lang='lat' dir='ltr'>erit.</span> 
     </span>
    </p>

    <p class='ocr_par' dir='ltr' id='par_1_12' title="bbox 1380 1174 2459 1484">
     <span class='ocr_line' id='line_1_50' title="bbox 1443 1174 2459 1216; baseline 0.003 -11"><span class='ocrx_word' id='word_1_361' title='bbox 1443 1174 1528 1205; x_wconf 90' lang='lat' dir='ltr'>XVI.</span> <span class='ocrx_word' id='word_1_362' title='bbox 1546 1174 1609 1205; x_wconf 88' lang='lat' dir='ltr'>Sed</span> <span class='ocrx_word' id='word_1_363' title='bbox 1634 1174 1725 1216; x_wconf 93' lang='lat' dir='ltr'>quod</span> <span class='ocrx_word' id='word_1_364' title='bbox 1744 1175 1847 1215; x_wconf 90' lang='lat' dir='ltr'>prima</span> <span class='ocrx_word' id='word_1_365' title='bbox 1863 1176 2031 1215; x_wconf 85' lang='lat' dir='ltr'>responsio</span> <span class='ocrx_word' id='word_1_366' title='bbox 2056 1175 2095 1206; x_wconf 91' lang='lat' dir='ltr'>ad</span> <span class='ocrx_word' id='word_1_367' title='bbox 2119 1181 2262 1207; x_wconf 89' lang='lat' dir='ltr'>mentem</span> <span class='ocrx_word' id='word_1_368' title='bbox 2279 1177 2459 1208; x_wconf 89' lang='lat' dir='ltr'>Aristotelis</span> 
     </span>
     <span class='ocr_line' id='line_1_51' title="bbox 1388 1219 2459 1262; baseline 0.005 -14"><span class='ocrx_word' id='word_1_369' title='bbox 1388 1227 1456 1248; x_wconf 91' lang='lat' dir='ltr'>non</span> <span class='ocrx_word' id='word_1_370' title='bbox 1485 1219 1534 1255; x_wconf 90' lang='lat' dir='ltr'>sit,</span> <span class='ocrx_word' id='word_1_371' title='bbox 1559 1219 1750 1249; x_wconf 89' lang='lat' dir='ltr'>ostenditur.</span> <span class='ocrx_word' id='word_1_372' title='bbox 1781 1220 1832 1250; x_wconf 92' lang='lat' dir='ltr'>Eo</span> <span class='ocrx_word' id='word_1_373' title='bbox 1861 1220 1947 1250; x_wconf 89' lang='lat' dir='ltr'>enim</span> <span class='ocrx_word' id='word_1_374' title='bbox 1979 1219 2080 1250; x_wconf 90' lang='lat' dir='ltr'>modo</span> <span class='ocrx_word' id='word_1_375' title='bbox 2111 1221 2267 1261; x_wconf 90' lang='lat' dir='ltr'>accipitur</span> <span class='ocrx_word' id='word_1_376' title='bbox 2284 1223 2459 1262; x_wconf 83' lang='lat' dir='ltr'>proprium</span> 
     </span>
     <span class='ocr_line' id='line_1_52' title="bbox 1388 1263 2459 1306; baseline 0.004 -13"><span class='ocrx_word' id='word_1_377' title='bbox 1388 1263 1428 1293; x_wconf 87' lang='lat' dir='ltr'>ab</span> <span class='ocrx_word' id='word_1_378' title='bbox 1451 1263 1623 1294; x_wconf 88' lang='lat' dir='ltr'>Aristotele</span> <span class='ocrx_word' id='word_1_379' title='bbox 1640 1273 1708 1304; x_wconf 95' lang='lat' dir='ltr'>quo</span> <span class='ocrx_word' id='word_1_380' title='bbox 1724 1263 1825 1294; x_wconf 91' lang='lat' dir='ltr'>modo</span> <span class='ocrx_word' id='word_1_381' title='bbox 1843 1265 2023 1305; x_wconf 90' lang='lat' dir='ltr'>opponitur</span> <span class='ocrx_word' id='word_1_382' title='bbox 2037 1266 2202 1295; x_wconf 88' lang='lat' dir='ltr'>communi</span> <span class='ocrx_word' id='word_1_383' title='bbox 2217 1266 2249 1296; x_wconf 90' lang='lat' dir='ltr'>in</span> <span class='ocrx_word' id='word_1_384' title='bbox 2269 1267 2459 1306; x_wconf 87' lang='lat' dir='ltr'>quaestione</span> 
     </span>
     <span class='ocr_line' id='line_1_53' title="bbox 1387 1307 2459 1350; baseline 0.003 -12"><span class='ocrx_word' id='word_1_385' title='bbox 1387 1307 1514 1348; x_wconf 89' lang='lat' dir='ltr'>posito:</span> <span class='ocrx_word' id='word_1_386' title='bbox 1532 1318 1608 1338; x_wconf 90' lang='lat' dir='ltr'>cum</span> <span class='ocrx_word' id='word_1_387' title='bbox 1627 1314 1791 1348; x_wconf 91' lang='lat' dir='ltr'>ponantur</span> <span class='ocrx_word' id='word_1_388' title='bbox 1806 1309 1840 1338; x_wconf 94' lang='lat' dir='ltr'>in</span> <span class='ocrx_word' id='word_1_389' title='bbox 1857 1309 2048 1348; x_wconf 88' lang='lat' dir='ltr'>quaestione</span> <span class='ocrx_word' id='word_1_390' title='bbox 2063 1315 2099 1339; x_wconf 93' lang='lat' dir='ltr'>ut</span> <span class='ocrx_word' id='word_1_391' title='bbox 2115 1311 2276 1350; x_wconf 91' lang='lat' dir='ltr'>opposita.</span> <span class='ocrx_word' id='word_1_392' title='bbox 2294 1310 2357 1341; x_wconf 91' lang='lat' dir='ltr'>Sed</span> <span class='ocrx_word' id='word_1_393' title='bbox 2372 1321 2459 1341; x_wconf 88' lang='lat' dir='ltr'>com-</span> 
     </span>
     <span class='ocr_line' id='line_1_54' title="bbox 1387 1353 2459 1396; baseline 0.004 -14"><span class='ocrx_word' id='word_1_394' title='bbox 1387 1362 1485 1382; x_wconf 88' lang='lat' dir='ltr'>mune</span> <span class='ocrx_word' id='word_1_395' title='bbox 1508 1353 1665 1393; x_wconf 90' lang='lat' dir='ltr'>accipitur</span> <span class='ocrx_word' id='word_1_396' title='bbox 1687 1358 1724 1383; x_wconf 89' lang='lat' dir='ltr'>ut</span> <span class='ocrx_word' id='word_1_397' title='bbox 1747 1354 1899 1383; x_wconf 90' lang='lat' dir='ltr'>convenit</span> <span class='ocrx_word' id='word_1_398' title='bbox 1922 1354 2048 1383; x_wconf 88' lang='lat' dir='ltr'>animae</span> <span class='ocrx_word' id='word_1_399' title='bbox 2069 1359 2100 1384; x_wconf 93' lang='lat' dir='ltr'>et</span> <span class='ocrx_word' id='word_1_400' title='bbox 2123 1364 2256 1394; x_wconf 88' lang='lat' dir='ltr'>organo.</span> <span class='ocrx_word' id='word_1_401' title='bbox 2280 1355 2366 1394; x_wconf 88' lang='lat' dir='ltr'>Ergo</span> <span class='ocrx_word' id='word_1_402' title='bbox 2377 1366 2459 1396; x_wconf 85' lang='lat' dir='ltr'>pro-</span> 
     </span>
     <span class='ocr_line' id='line_1_55' title="bbox 1380 1394 2458 1439; baseline 0.003 -12"><span class='ocrx_word' id='word_1_403' title='bbox 1380 1397 1494 1436; x_wconf 87' lang='lat' dir='ltr'>prium</span> <span class='ocrx_word' id='word_1_404' title='bbox 1517 1398 1647 1428; x_wconf 87' lang='lat' dir='ltr'>animae</span> <span class='ocrx_word' id='word_1_405' title='bbox 1670 1398 1827 1438; x_wconf 91' lang='lat' dir='ltr'>accipitur</span> <span class='ocrx_word' id='word_1_406' title='bbox 1850 1403 1887 1428; x_wconf 91' lang='lat' dir='ltr'>ut</span> <span class='ocrx_word' id='word_1_407' title='bbox 1919 1399 2072 1428; x_wconf 89' lang='lat' dir='ltr'>convenit</span> <span class='ocrx_word' id='word_1_408' title='bbox 2102 1398 2228 1429; x_wconf 90' lang='lat' dir='ltr'>animae</span> <span class='ocrx_word' id='word_1_409' title='bbox 2257 1394 2382 1439; x_wconf 77' lang='lat' dir='ltr'>absque</span> <span class='ocrx_word' id='word_1_410' title='bbox 2406 1410 2458 1430; x_wconf 91' lang='lat' dir='ltr'>or-</span> 
     </span>
     <span class='ocr_line' id='line_1_56' title="bbox 1385 1443 2458 1484; baseline 0.003 -13"><span class='ocrx_word' id='word_1_411' title='bbox 1385 1451 1486 1481; x_wconf 88' lang='lat' dir='ltr'>gano:</span> <span class='ocrx_word' id='word_1_412' title='bbox 1511 1451 1577 1472; x_wconf 93' lang='lat' dir='ltr'>non</span> <span class='ocrx_word' id='word_1_413' title='bbox 1603 1447 1713 1472; x_wconf 90' lang='lat' dir='ltr'>autem</span> <span class='ocrx_word' id='word_1_414' title='bbox 1738 1447 1773 1472; x_wconf 91' lang='lat' dir='ltr'>ut</span> <span class='ocrx_word' id='word_1_415' title='bbox 1803 1443 1956 1472; x_wconf 90' lang='lat' dir='ltr'>convenit</span> <span class='ocrx_word' id='word_1_416' title='bbox 1987 1443 2112 1473; x_wconf 89' lang='lat' dir='ltr'>animae</span> <span class='ocrx_word' id='word_1_417' title='bbox 2144 1443 2266 1484; x_wconf 87' lang='lat' dir='ltr'>absque</span> <span class='ocrx_word' id='word_1_418' title='bbox 2298 1453 2458 1484; x_wconf 91' lang='lat' dir='ltr'>corporeo</span> 
     </span>
    </p>
   </div>
   <div class='ocr_carea' id='block_1_9' title="bbox 258 1485 2458 1528">
    <p class='ocr_par' dir='ltr' id='par_1_13' title="bbox 258 1485 2458 1528">
     <span class='ocr_line' id='line_1_57' title="bbox 258 1485 2458 1528; baseline 0 -10"><span class='ocrx_word' id='word_1_419' title='bbox 258 1485 342 1518; x_wconf 72' lang='lat' dir='ltr'>didit</span> <span class='ocrx_word' id='word_1_420' title='bbox 363 1491 501 1518; x_wconf 83' lang='lat' dir='ltr'>mentem</span> <span class='ocrx_word' id='word_1_421' title='bbox 525 1486 682 1517; x_wconf 80' lang='lat' dir='ltr'>advenire</span> <span class='ocrx_word' id='word_1_422' title='bbox 704 1485 840 1528; x_wconf 69' lang='lat' dir='ltr'>deforis,</span> <span class='ocrx_word' id='word_1_423' title='bbox 866 1486 943 1526; x_wconf 82' lang='lat' dir='ltr'>quia</span> <span class='ocrx_word' id='word_1_424' title='bbox 967 1487 1076 1516; x_wconf 88' lang='lat' dir='ltr'>lumen</span> <span class='ocrx_word' id='word_1_425' title='bbox 1101 1486 1330 1522; x_wconf 88' lang='lat' dir='ltr'>intellectuale,</span> <span class='ocrx_word' id='word_1_426' title='bbox 1386 1486 1527 1517; x_wconf 91' lang='lat' dir='ltr'>obiecto.</span> <span class='ocrx_word' id='word_1_427' title='bbox 1543 1505 1566 1508; x_wconf 97' lang='lat'><strong>—</strong></span> <span class='ocrx_word' id='word_1_428' title='bbox 1580 1486 1739 1517; x_wconf 86' lang='lat' dir='ltr'>Probatur</span> <span class='ocrx_word' id='word_1_429' title='bbox 1754 1487 1862 1517; x_wconf 90' lang='lat' dir='ltr'>minor</span> <span class='ocrx_word' id='word_1_430' title='bbox 1878 1496 1916 1517; x_wconf 87' lang='lat' dir='ltr'>ex</span> <span class='ocrx_word' id='word_1_431' title='bbox 1932 1487 2004 1527; x_wconf 90' lang='lat' dir='ltr'>ipso</span> <span class='ocrx_word' id='word_1_432' title='bbox 2020 1487 2201 1518; x_wconf 89' lang='lat' dir='ltr'>Aristotelis</span> <span class='ocrx_word' id='word_1_433' title='bbox 2224 1493 2330 1518; x_wconf 83' lang='lat' dir='ltr'>textu:</span> <span class='ocrx_word' id='word_1_434' title='bbox 2356 1494 2388 1519; x_wconf 91' lang='lat' dir='ltr'>et</span> <span class='ocrx_word' id='word_1_435' title='bbox 2410 1498 2458 1519; x_wconf 91' lang='lat' dir='ltr'>se-</span> 
     </span>
    </p>
   </div>
   <div class='ocr_carea' id='block_1_10' title="bbox 257 1530 1332 1572">
    <p class='ocr_par' dir='ltr' id='par_1_14' title="bbox 257 1530 1332 1572">
     <span class='ocr_line' id='line_1_58' title="bbox 257 1530 1332 1572; baseline -0.002 -10"><span class='ocrx_word' id='word_1_436' title='bbox 257 1541 322 1572; x_wconf 80' lang='lat' dir='ltr'>qua</span> <span class='ocrx_word' id='word_1_437' title='bbox 339 1531 521 1562; x_wconf 66' lang='lat' dir='ltr'>Intellectus</span> <span class='ocrx_word' id='word_1_438' title='bbox 531 1530 698 1571; x_wconf 81' lang='lat' dir='ltr'>possibilis</span> <span class='ocrx_word' id='word_1_439' title='bbox 713 1535 833 1571; x_wconf 87' lang='lat' dir='ltr'>potens</span> <span class='ocrx_word' id='word_1_440' title='bbox 856 1534 904 1561; x_wconf 89' lang='lat' dir='ltr'>est</span> <span class='ocrx_word' id='word_1_441' title='bbox 913 1530 1069 1571; x_wconf 81' lang='lat' dir='ltr'>proxime</span> <span class='ocrx_word' id='word_1_442' title='bbox 1087 1530 1131 1561; x_wconf 83' lang='lat' dir='ltr'>ad</span> <span class='ocrx_word' id='word_1_443' title='bbox 1147 1530 1332 1571; x_wconf 79' lang='lat' dir='ltr'>intelligen-</span> 
     </span>
    </p>
   </div>
   <div class='ocr_carea' id='block_1_11' title="bbox 222 1574 1330 1615">
    <p class='ocr_par' dir='ltr' id='par_1_15' title="bbox 222 1574 1330 1615">
     <span class='ocr_line' id='line_1_59' title="bbox 222 1574 1330 1615; baseline -0.003 -8"><span class='ocrx_word' id='word_1_444' title='bbox 222 1590 229 1602; x_wconf 65' lang='grc' dir='ltr'>ν</span> <span class='ocrx_word' id='word_1_445' title='bbox 257 1574 335 1607; x_wconf 81' lang='lat' dir='ltr'>dum</span> <span class='ocrx_word' id='word_1_446' title='bbox 350 1575 530 1615; x_wconf 83' lang='lat' dir='ltr'>mentisque</span> <span class='ocrx_word' id='word_1_447' title='bbox 545 1575 706 1605; x_wconf 82' lang='lat' dir='ltr'>rationem</span> <span class='ocrx_word' id='word_1_448' title='bbox 722 1574 850 1609; x_wconf 87' lang='lat' dir='ltr'>habere,</span> <span class='ocrx_word' id='word_1_449' title='bbox 867 1574 908 1604; x_wconf 83' lang='lat' dir='ltr'>ab</span> <span class='ocrx_word' id='word_1_450' title='bbox 929 1574 1094 1605; x_wconf 83' lang='lat' dir='ltr'>intellectu</span> <span class='ocrx_word' id='word_1_451' title='bbox 1111 1579 1230 1615; x_wconf 78' lang='lat' dir='ltr'>agente</span> <span class='ocrx_word' id='word_1_452' title='bbox 1245 1579 1293 1604; x_wconf 83' lang='lat' dir='ltr'>est</span> <span class='ocrx_word' id='word_1_453' title='bbox 1303 1575 1330 1604; x_wconf 66' lang='lat'>⁴.</span> 
     </span>
    </p>
   </div>
   <div class='ocr_carea' id='block_1_12' title="bbox 254 1618 1336 3713">
    <p class='ocr_par' dir='ltr' id='par_1_16' title="bbox 254 1618 1334 2376">
     <span class='ocr_line' id='line_1_60' title="bbox 313 1618 1331 1660; baseline -0.003 -9"><span class='ocrx_word' id='word_1_454' title='bbox 313 1619 378 1652; x_wconf 86' lang='lat' dir='ltr'>Sed</span> <span class='ocrx_word' id='word_1_455' title='bbox 401 1618 493 1660; x_wconf 91' lang='lat' dir='ltr'>quod</span> <span class='ocrx_word' id='word_1_456' title='bbox 514 1619 596 1649; x_wconf 84' lang='lat' dir='ltr'>haec</span> <span class='ocrx_word' id='word_1_457' title='bbox 618 1619 789 1658; x_wconf 90' lang='lat' dir='ltr'>responsio</span> <span class='ocrx_word' id='word_1_458' title='bbox 812 1618 853 1648; x_wconf 90' lang='lat' dir='ltr'>ad</span> <span class='ocrx_word' id='word_1_459' title='bbox 882 1624 1028 1649; x_wconf 88' lang='lat' dir='ltr'>mentem</span> <span class='ocrx_word' id='word_1_460' title='bbox 1058 1618 1240 1649; x_wconf 84' lang='lat' dir='ltr'>Aristotelis</span> <span class='ocrx_word' id='word_1_461' title='bbox 1263 1627 1331 1648; x_wconf 92' lang='lat' dir='ltr'>non</span> 
     </span>
     <span class='ocr_line' id='line_1_61' title="bbox 255 1661 1332 1703; baseline -0.003 -7"><span class='ocrx_word' id='word_1_462' title='bbox 255 1664 307 1702; x_wconf 82' lang='lat' dir='ltr'>sit,</span> <span class='ocrx_word' id='word_1_463' title='bbox 330 1663 522 1695; x_wconf 85' lang='lat' dir='ltr'>ostenditur.</span> <span class='ocrx_word' id='word_1_464' title='bbox 546 1663 683 1701; x_wconf 84' lang='lat' dir='ltr'>Quaerit</span> <span class='ocrx_word' id='word_1_465' title='bbox 698 1663 786 1694; x_wconf 88' lang='lat' dir='ltr'>enim</span> <span class='ocrx_word' id='word_1_466' title='bbox 809 1662 930 1694; x_wconf 91' lang='lat' dir='ltr'>ibidem</span> <span class='ocrx_word' id='word_1_467' title='bbox 946 1662 1166 1703; x_wconf 88' lang='lat' dir='ltr'>Philosophus</span> <span class='ocrx_word' id='word_1_468' title='bbox 1188 1661 1229 1693; x_wconf 89' lang='lat' dir='ltr'>de</span> <span class='ocrx_word' id='word_1_469' title='bbox 1253 1671 1332 1693; x_wconf 85' lang='lat' dir='ltr'>con—</span> 
     </span>
     <span class='ocr_line' id='line_1_62' title="bbox 256 1706 1332 1750; baseline -0.004 -9"><span class='ocrx_word' id='word_1_470' title='bbox 256 1713 370 1750; x_wconf 73' lang='lat' dir='ltr'>ceptae</span> <span class='ocrx_word' id='word_1_471' title='bbox 393 1709 439 1740; x_wconf 88' lang='lat' dir='ltr'>rei</span> <span class='ocrx_word' id='word_1_472' title='bbox 462 1708 580 1744; x_wconf 84' lang='lat' dir='ltr'>anima,</span> <span class='ocrx_word' id='word_1_473' title='bbox 604 1706 692 1738; x_wconf 88' lang='lat' dir='ltr'>unde</span> <span class='ocrx_word' id='word_1_474' title='bbox 722 1707 840 1743; x_wconf 86' lang='lat' dir='ltr'>veniat,</span> <span class='ocrx_word' id='word_1_475' title='bbox 869 1713 901 1738; x_wconf 91' lang='lat' dir='ltr'>et</span> <span class='ocrx_word' id='word_1_476' title='bbox 934 1717 975 1738; x_wconf 86' lang='lat' dir='ltr'>an</span> <span class='ocrx_word' id='word_1_477' title='bbox 1005 1707 1046 1738; x_wconf 87' lang='lat' dir='ltr'>sit</span> <span class='ocrx_word' id='word_1_478' title='bbox 1073 1707 1107 1737; x_wconf 92' lang='lat' dir='ltr'>in</span> <span class='ocrx_word' id='word_1_479' title='bbox 1135 1707 1274 1743; x_wconf 86' lang='lat' dir='ltr'>semine;</span> <span class='ocrx_word' id='word_1_480' title='bbox 1300 1712 1332 1737; x_wconf 89' lang='lat' dir='ltr'>et</span> 
     </span>
     <span class='ocr_line' id='line_1_63' title="bbox 256 1751 1330 1795; baseline -0.002 -11"><span class='ocrx_word' id='word_1_481' title='bbox 256 1753 395 1795; x_wconf 84' lang='lat' dir='ltr'>explicat</span> <span class='ocrx_word' id='word_1_482' title='bbox 417 1762 516 1784; x_wconf 87' lang='lat' dir='ltr'>suum</span> <span class='ocrx_word' id='word_1_483' title='bbox 538 1752 748 1794; x_wconf 90' lang='lat' dir='ltr'>propositum</span> <span class='ocrx_word' id='word_1_484' title='bbox 771 1751 960 1792; x_wconf 88' lang='lat' dir='ltr'>quaerendo</span> <span class='ocrx_word' id='word_1_485' title='bbox 984 1751 1024 1783; x_wconf 91' lang='lat' dir='ltr'>de</span> <span class='ocrx_word' id='word_1_486' title='bbox 1048 1752 1156 1782; x_wconf 89' lang='lat' dir='ltr'>anima</span> <span class='ocrx_word' id='word_1_487' title='bbox 1179 1751 1330 1789; x_wconf 89' lang='lat' dir='ltr'>sensuali,</span> 
     </span>
     <span class='ocr_line' id='line_1_64' title="bbox 256 1795 1332 1841; baseline -0.002 -12"><span class='ocrx_word' id='word_1_488' title='bbox 256 1807 322 1841; x_wconf 82' lang='lat' dir='ltr'>qua</span> <span class='ocrx_word' id='word_1_489' title='bbox 345 1802 525 1838; x_wconf 91' lang='lat' dir='ltr'>conceptus</span> <span class='ocrx_word' id='word_1_490' title='bbox 548 1797 617 1838; x_wconf 91' lang='lat' dir='ltr'>ipse</span> <span class='ocrx_word' id='word_1_491' title='bbox 645 1801 694 1827; x_wconf 85' lang='lat' dir='ltr'>est</span> <span class='ocrx_word' id='word_1_492' title='bbox 723 1795 853 1832; x_wconf 91' lang='lat' dir='ltr'>animal,</span> <span class='ocrx_word' id='word_1_493' title='bbox 877 1802 910 1827; x_wconf 86' lang='lat' dir='ltr'>et</span> <span class='ocrx_word' id='word_1_494' title='bbox 937 1795 978 1828; x_wconf 92' lang='lat' dir='ltr'>de</span> <span class='ocrx_word' id='word_1_495' title='bbox 1009 1796 1167 1833; x_wconf 89' lang='lat' dir='ltr'>rationali,</span> <span class='ocrx_word' id='word_1_496' title='bbox 1192 1806 1257 1838; x_wconf 88' lang='lat' dir='ltr'>qua</span> <span class='ocrx_word' id='word_1_497' title='bbox 1284 1802 1332 1827; x_wconf 89' lang='lat' dir='ltr'>est</span> 
     </span>
     <span class='ocr_line' id='line_1_65' title="bbox 254 1840 1333 1882; baseline -0.004 -7"><span class='ocrx_word' id='word_1_498' title='bbox 254 1843 376 1880; x_wconf 74' lang='lat' dir='ltr'>hom05</span> <span class='ocrx_word' id='word_1_499' title='bbox 398 1842 632 1882; x_wconf 83' lang='lat' dir='ltr'>subiungitque</span> <span class='ocrx_word' id='word_1_500' title='bbox 649 1841 740 1881; x_wconf 93' lang='lat' dir='ltr'>quod</span> <span class='ocrx_word' id='word_1_501' title='bbox 763 1840 803 1871; x_wconf 81' lang='lat' dir='ltr'>de</span> <span class='ocrx_word' id='word_1_502' title='bbox 821 1845 936 1877; x_wconf 87' lang='lat' dir='ltr'>mente,</span> <span class='ocrx_word' id='word_1_503' title='bbox 961 1850 1103 1882; x_wconf 85' lang='lat' dir='ltr'>quonam</span> <span class='ocrx_word' id='word_1_504' title='bbox 1127 1845 1280 1882; x_wconf 78' lang='lat' dir='ltr'>tempore,</span> <span class='ocrx_word' id='word_1_505' title='bbox 1301 1846 1333 1872; x_wconf 86' lang='lat' dir='ltr'>et</span> 
     </span>
     <span class='ocr_line' id='line_1_66' title="bbox 255 1885 1331 1930; baseline -0.003 -11"><span class='ocrx_word' id='word_1_506' title='bbox 255 1886 431 1930; x_wconf 71' lang='lat' dir='ltr'>quomodo,</span> <span class='ocrx_word' id='word_1_507' title='bbox 448 1891 480 1917; x_wconf 88' lang='lat' dir='ltr'>et</span> <span class='ocrx_word' id='word_1_508' title='bbox 502 1886 588 1917; x_wconf 81' lang='lat' dir='ltr'>unde</span> <span class='ocrx_word' id='word_1_509' title='bbox 610 1895 683 1916; x_wconf 88' lang='lat' dir='ltr'>eam</span> <span class='ocrx_word' id='word_1_510' title='bbox 698 1885 859 1926; x_wconf 79' lang='lat' dir='ltr'>recipiant</span> <span class='ocrx_word' id='word_1_511' title='bbox 880 1894 965 1927; x_wconf 85' lang='lat' dir='ltr'>quae</span> <span class='ocrx_word' id='word_1_512' title='bbox 980 1885 1182 1926; x_wconf 86' lang='lat' dir='ltr'>principium</span> <span class='ocrx_word' id='word_1_513' title='bbox 1207 1885 1241 1916; x_wconf 81' lang='lat' dir='ltr'>id</span> <span class='ocrx_word' id='word_1_514' title='bbox 1249 1895 1331 1926; x_wconf 82' lang='lat' dir='ltr'>par-</span> 
     </span>
     <span class='ocr_line' id='line_1_67' title="bbox 256 1929 1331 1974; baseline -0.003 -10"><span class='ocrx_word' id='word_1_515' title='bbox 256 1932 402 1974; x_wconf 50' lang='lat' dir='ltr'>tinniant,</span> <span class='ocrx_word' id='word_1_516' title='bbox 420 1931 604 1972; x_wconf 86' lang='lat' dir='ltr'>plurimum</span> <span class='ocrx_word' id='word_1_517' title='bbox 627 1930 805 1963; x_wconf 82' lang='lat' dir='ltr'>dubitatur.</span> <span class='ocrx_word' id='word_1_518' title='bbox 829 1929 883 1961; x_wconf 88' lang='lat' dir='ltr'>Ad</span> <span class='ocrx_word' id='word_1_519' title='bbox 905 1939 1005 1970; x_wconf 86' lang='lat' dir='ltr'>quam</span> <span class='ocrx_word' id='word_1_520' title='bbox 1033 1930 1260 1970; x_wconf 86' lang='lat' dir='ltr'>quaestionem</span> <span class='ocrx_word' id='word_1_521' title='bbox 1282 1940 1331 1961; x_wconf 90' lang='lat' dir='ltr'>re-</span> 
     </span>
     <span class='ocr_line' id='line_1_68' title="bbox 255 1974 1332 2018; baseline -0.004 -9"><span class='ocrx_word' id='word_1_522' title='bbox 255 1976 422 2018; x_wconf 85' lang='lat' dir='ltr'>spondens</span> <span class='ocrx_word' id='word_1_523' title='bbox 445 1976 553 2016; x_wconf 91' lang='lat' dir='ltr'>inquit</span> <span class='ocrx_word' id='word_1_524' title='bbox 568 1974 660 2016; x_wconf 88' lang='lat' dir='ltr'>quod</span> <span class='ocrx_word' id='word_1_525' title='bbox 674 1975 708 2005; x_wconf 94' lang='lat' dir='ltr'>in</span> <span class='ocrx_word' id='word_1_526' title='bbox 725 1975 938 2015; x_wconf 90' lang='lat' dir='ltr'>conceptibus</span> <span class='ocrx_word' id='word_1_527' title='bbox 955 1980 987 2005; x_wconf 88' lang='lat' dir='ltr'>et</span> <span class='ocrx_word' id='word_1_528' title='bbox 1001 1974 1180 2006; x_wconf 88' lang='lat' dir='ltr'>seminibus</span> <span class='ocrx_word' id='word_1_529' title='bbox 1191 1975 1252 2006; x_wconf 84' lang='lat' dir='ltr'>hae</span> <span class='ocrx_word' id='word_1_530' title='bbox 1264 1975 1332 2005; x_wconf 88' lang='lat' dir='ltr'>ani-</span> 
     </span>
     <span class='ocr_line' id='line_1_69' title="bbox 255 2018 1332 2062; baseline -0.003 -9"><span class='ocrx_word' id='word_1_531' title='bbox 255 2030 331 2053; x_wconf 81' lang='lat' dir='ltr'>mae</span> <span class='ocrx_word' id='word_1_532' title='bbox 343 2021 435 2062; x_wconf 86' lang='lat' dir='ltr'>prius</span> <span class='ocrx_word' id='word_1_533' title='bbox 450 2025 526 2052; x_wconf 92' lang='lat' dir='ltr'>sunt</span> <span class='ocrx_word' id='word_1_534' title='bbox 539 2020 574 2050; x_wconf 90' lang='lat' dir='ltr'>in</span> <span class='ocrx_word' id='word_1_535' title='bbox 589 2019 737 2060; x_wconf 89' lang='lat' dir='ltr'>potentia</span> <span class='ocrx_word' id='word_1_536' title='bbox 749 2028 848 2059; x_wconf 87' lang='lat' dir='ltr'>quam</span> <span class='ocrx_word' id='word_1_537' title='bbox 860 2019 893 2050; x_wconf 89' lang='lat' dir='ltr'>in</span> <span class='ocrx_word' id='word_1_538' title='bbox 906 2023 980 2050; x_wconf 89' lang='lat' dir='ltr'>actu</span> <span class='ocrx_word' id='word_1_539' title='bbox 991 2019 1180 2056; x_wconf 83' lang='lat' dir='ltr'>habeantur,</span> <span class='ocrx_word' id='word_1_540' title='bbox 1197 2025 1229 2050; x_wconf 92' lang='lat' dir='ltr'>et</span> <span class='ocrx_word' id='word_1_541' title='bbox 1241 2018 1332 2060; x_wconf 87' lang='lat' dir='ltr'>quod</span> 
     </span>
     <span class='ocr_line' id='line_1_70' title="bbox 255 2062 1332 2107; baseline -0.002 -10"><span class='ocrx_word' id='word_1_542' title='bbox 255 2064 457 2107; x_wconf 88' lang='lat' dir='ltr'>impossibile</span> <span class='ocrx_word' id='word_1_543' title='bbox 480 2069 528 2095; x_wconf 91' lang='lat' dir='ltr'>est</span> <span class='ocrx_word' id='word_1_544' title='bbox 556 2063 649 2104; x_wconf 90' lang='lat' dir='ltr'>quod</span> <span class='ocrx_word' id='word_1_545' title='bbox 671 2063 751 2094; x_wconf 87' lang='lat' dir='ltr'>aliae</span> <span class='ocrx_word' id='word_1_546' title='bbox 781 2062 978 2094; x_wconf 90' lang='lat' dir='ltr'>extrinsecus</span> <span class='ocrx_word' id='word_1_547' title='bbox 1005 2063 1144 2100; x_wconf 81' lang='lat' dir='ltr'>veniant,</span> <span class='ocrx_word' id='word_1_548' title='bbox 1177 2063 1234 2094; x_wconf 93' lang='lat' dir='ltr'>sed</span> <span class='ocrx_word' id='word_1_549' title='bbox 1260 2064 1332 2095; x_wconf 88' lang='lat' dir='ltr'>sola</span> 
     </span>
     <span class='ocr_line' id='line_1_71' title="bbox 256 2107 1334 2149; baseline -0.004 -7"><span class='ocrx_word' id='word_1_550' title='bbox 256 2120 346 2142; x_wconf 86' lang='lat' dir='ltr'>mens</span> <span class='ocrx_word' id='word_1_551' title='bbox 369 2110 573 2140; x_wconf 81' lang='lat' dir='ltr'>extrinsecus</span> <span class='ocrx_word' id='word_1_552' title='bbox 596 2108 731 2145; x_wconf 83' lang='lat' dir='ltr'>accedit,</span> <span class='ocrx_word' id='word_1_553' title='bbox 748 2117 850 2148; x_wconf 86' lang='lat' dir='ltr'>eaque</span> <span class='ocrx_word' id='word_1_554' title='bbox 872 2108 945 2139; x_wconf 86' lang='lat' dir='ltr'>sola</span> <span class='ocrx_word' id='word_1_555' title='bbox 968 2107 1080 2139; x_wconf 76' lang='lat' dir='ltr'>divina</span> <span class='ocrx_word' id='word_1_556' title='bbox 1103 2113 1159 2143; x_wconf 91' lang='lat' dir='ltr'>est,</span> <span class='ocrx_word' id='word_1_557' title='bbox 1184 2117 1222 2139; x_wconf 94' lang='lat' dir='ltr'>eo</span> <span class='ocrx_word' id='word_1_558' title='bbox 1246 2108 1334 2149; x_wconf 84' lang='lat' dir='ltr'>quod</span> 
     </span>
     <span class='ocr_line' id='line_1_72' title="bbox 257 2152 1333 2193; baseline -0.003 -6"><span class='ocrx_word' id='word_1_559' title='bbox 257 2155 339 2187; x_wconf 85' lang='lat' dir='ltr'>nihil</span> <span class='ocrx_word' id='word_1_560' title='bbox 361 2164 435 2189; x_wconf 85' lang='lat' dir='ltr'>cum</span> <span class='ocrx_word' id='word_1_561' title='bbox 453 2154 524 2185; x_wconf 78' lang='lat' dir='ltr'>eius</span> <span class='ocrx_word' id='word_1_562' title='bbox 545 2153 676 2184; x_wconf 85' lang='lat' dir='ltr'>actione</span> <span class='ocrx_word' id='word_1_563' title='bbox 693 2153 909 2184; x_wconf 85' lang='lat' dir='ltr'>communicet</span> <span class='ocrx_word' id='word_1_564' title='bbox 922 2152 1008 2183; x_wconf 87' lang='lat' dir='ltr'>actio</span> <span class='ocrx_word' id='word_1_565' title='bbox 1025 2153 1219 2193; x_wconf 76' lang='lat' dir='ltr'>corporalis.</span> <span class='ocrx_word' id='word_1_566' title='bbox 1236 2153 1333 2190; x_wconf 91' lang='lat' dir='ltr'>Ecce,</span> 
     </span>
     <span class='ocr_line' id='line_1_73' title="bbox 256 2197 1334 2242; baseline -0.004 -10"><span class='ocrx_word' id='word_1_567' title='bbox 256 2209 357 2242; x_wconf 87' lang='lat' dir='ltr'>quam</span> <span class='ocrx_word' id='word_1_568' title='bbox 379 2204 490 2240; x_wconf 85' lang='lat' dir='ltr'>aperte</span> <span class='ocrx_word' id='word_1_569' title='bbox 506 2197 648 2229; x_wconf 88' lang='lat' dir='ltr'>ostendit</span> <span class='ocrx_word' id='word_1_570' title='bbox 661 2198 851 2228; x_wconf 89' lang='lat' dir='ltr'>Aristoteles</span> <span class='ocrx_word' id='word_1_571' title='bbox 869 2206 904 2228; x_wconf 89' lang='lat' dir='ltr'>se</span> <span class='ocrx_word' id='word_1_572' title='bbox 927 2206 996 2228; x_wconf 91' lang='lat' dir='ltr'>non</span> <span class='ocrx_word' id='word_1_573' title='bbox 1018 2197 1212 2228; x_wconf 87' lang='lat' dir='ltr'>intellexisse</span> <span class='ocrx_word' id='word_1_574' title='bbox 1227 2197 1268 2228; x_wconf 91' lang='lat' dir='ltr'>de</span> <span class='ocrx_word' id='word_1_575' title='bbox 1283 2198 1334 2229; x_wconf 93' lang='lat' dir='ltr'>lu-</span> 
     </span>
     <span class='ocr_line' id='line_1_74' title="bbox 255 2241 1333 2283; baseline -0.004 -7"><span class='ocrx_word' id='word_1_576' title='bbox 255 2246 345 2277; x_wconf 84' lang='lat' dir='ltr'>mine</span> <span class='ocrx_word' id='word_1_577' title='bbox 359 2245 400 2275; x_wconf 92' lang='lat' dir='ltr'>ab</span> <span class='ocrx_word' id='word_1_578' title='bbox 415 2243 583 2275; x_wconf 90' lang='lat' dir='ltr'>intellectu</span> <span class='ocrx_word' id='word_1_579' title='bbox 597 2248 713 2283; x_wconf 82' lang='lat' dir='ltr'>agente</span> <span class='ocrx_word' id='word_1_580' title='bbox 729 2248 875 2283; x_wconf 87' lang='lat' dir='ltr'>accepto,</span> <span class='ocrx_word' id='word_1_581' title='bbox 891 2241 948 2272; x_wconf 92' lang='lat' dir='ltr'>sed</span> <span class='ocrx_word' id='word_1_582' title='bbox 964 2241 1003 2273; x_wconf 89' lang='lat' dir='ltr'>de</span> <span class='ocrx_word' id='word_1_583' title='bbox 1022 2242 1093 2283; x_wconf 82' lang='lat' dir='ltr'>ipsa</span> <span class='ocrx_word' id='word_1_584' title='bbox 1114 2243 1241 2273; x_wconf 88' lang='lat' dir='ltr'>animae</span> <span class='ocrx_word' id='word_1_585' title='bbox 1257 2243 1333 2273; x_wconf 92' lang='lat' dir='ltr'>sub-</span> 
     </span>
     <span class='ocr_line' id='line_1_75' title="bbox 255 2287 1332 2330; baseline -0.004 -8"><span class='ocrx_word' id='word_1_586' title='bbox 255 2290 381 2326; x_wconf 83' lang='lat' dir='ltr'>stantia,</span> <span class='ocrx_word' id='word_1_587' title='bbox 397 2298 463 2330; x_wconf 90' lang='lat' dir='ltr'>qua</span> <span class='ocrx_word' id='word_1_588' title='bbox 479 2293 658 2328; x_wconf 89' lang='lat' dir='ltr'>conceptus</span> <span class='ocrx_word' id='word_1_589' title='bbox 674 2288 708 2318; x_wconf 89' lang='lat' dir='ltr'>in</span> <span class='ocrx_word' id='word_1_590' title='bbox 724 2287 832 2327; x_wconf 89' lang='lat' dir='ltr'>specie</span> <span class='ocrx_word' id='word_1_591' title='bbox 847 2287 989 2318; x_wconf 90' lang='lat' dir='ltr'>humana</span> <span class='ocrx_word' id='word_1_592' title='bbox 1005 2287 1221 2318; x_wconf 88' lang='lat' dir='ltr'>constituitur.</span> <span class='ocrx_word' id='word_1_593' title='bbox 1237 2287 1332 2319; x_wconf 88' lang='lat' dir='ltr'>Unde</span> 
     </span>
     <span class='ocr_line' id='line_1_76' title="bbox 255 2332 1331 2376; baseline -0.004 -10"><span class='ocrx_word' id='word_1_594' title='bbox 255 2334 426 2376; x_wconf 79' lang='lat' dir='ltr'>responsio</span> <span class='ocrx_word' id='word_1_595' title='bbox 449 2333 504 2364; x_wconf 93' lang='lat' dir='ltr'>illa</span> <span class='ocrx_word' id='word_1_596' title='bbox 520 2342 619 2374; x_wconf 90' lang='lat' dir='ltr'>quam</span> <span class='ocrx_word' id='word_1_597' title='bbox 639 2333 778 2362; x_wconf 86' lang='lat' dir='ltr'>maxime</span> <span class='ocrx_word' id='word_1_598' title='bbox 795 2337 842 2363; x_wconf 93' lang='lat' dir='ltr'>est</span> <span class='ocrx_word' id='word_1_599' title='bbox 862 2342 880 2362; x_wconf 90' lang='lat' dir='ltr'>a</span> <span class='ocrx_word' id='word_1_600' title='bbox 895 2337 1005 2362; x_wconf 90' lang='lat' dir='ltr'>mente</span> <span class='ocrx_word' id='word_1_601' title='bbox 1020 2332 1201 2362; x_wconf 86' lang='lat' dir='ltr'>Aristotelis</span> <span class='ocrx_word' id='word_1_602' title='bbox 1217 2332 1331 2363; x_wconf 88' lang='lat' dir='ltr'>aliena.</span> 
     </span>
    </p>

    <p class='ocr_par' dir='ltr' id='par_1_17' title="bbox 257 2375 1334 2909">
     <span class='ocr_line' id='line_1_77' title="bbox 312 2375 1331 2417; baseline -0.002 -7"><span class='ocrx_word' id='word_1_603' title='bbox 312 2378 398 2410; x_wconf 90' lang='lat' dir='ltr'>XIV.</span> <span class='ocrx_word' id='word_1_604' title='bbox 422 2377 547 2409; x_wconf 86' lang='lat' dir='ltr'>Ultimo</span> <span class='ocrx_word' id='word_1_605' title='bbox 571 2378 715 2417; x_wconf 86' lang='lat' dir='ltr'>arguitur</span> <span class='ocrx_word' id='word_1_606' title='bbox 741 2386 780 2407; x_wconf 91' lang='lat' dir='ltr'>ex</span> <span class='ocrx_word' id='word_1_607' title='bbox 807 2375 1021 2407; x_wconf 90' lang='lat' dir='ltr'>fundamento</span> <span class='ocrx_word' id='word_1_608' title='bbox 1048 2377 1158 2417; x_wconf 90' lang='lat' dir='ltr'>posito</span> <span class='ocrx_word' id='word_1_609' title='bbox 1188 2377 1228 2407; x_wconf 89' lang='lat' dir='ltr'>ab</span> <span class='ocrx_word' id='word_1_610' title='bbox 1258 2377 1331 2417; x_wconf 90' lang='lat' dir='ltr'>ipso</span> 
     </span>
     <span class='ocr_line' id='line_1_78' title="bbox 257 2421 1332 2458; baseline -0.004 -3"><span class='ocrx_word' id='word_1_611' title='bbox 257 2423 432 2455; x_wconf 82' lang='lat' dir='ltr'>Aristotele</span> <span class='ocrx_word' id='word_1_612' title='bbox 447 2423 460 2453; x_wconf 95' lang='lat' dir='ltr'>I</span> <span class='ocrx_word' id='word_1_613' title='bbox 476 2422 516 2453; x_wconf 84' lang='lat' dir='ltr'>de</span> <span class='ocrx_word' id='word_1_614' title='bbox 531 2422 661 2458; x_wconf 85' lang='lat' dir='ltr'>Anima,</span> <span class='ocrx_word' id='word_1_615' title='bbox 679 2427 755 2452; x_wconf 85' lang='lat' dir='ltr'>text.</span> <span class='ocrx_word' id='word_1_616' title='bbox 778 2421 814 2452; x_wconf 85' lang='lat'>13</span> <span class='ocrx_word' id='word_1_617' title='bbox 828 2422 855 2451; x_wconf 76' lang='lat'>’.</span> <span class='ocrx_word' id='word_1_618' title='bbox 872 2421 992 2452; x_wconf 85' lang='lat' dir='ltr'>Anima</span> <span class='ocrx_word' id='word_1_619' title='bbox 1014 2421 1212 2452; x_wconf 78' lang='lat' dir='ltr'>intellectiva</span> <span class='ocrx_word' id='word_1_620' title='bbox 1234 2421 1332 2452; x_wconf 85' lang='lat' dir='ltr'>habet</span> 
     </span>
     <span class='ocr_line' id='line_1_79' title="bbox 257 2466 1332 2510; baseline -0.004 -10"><span class='ocrx_word' id='word_1_621' title='bbox 257 2469 424 2510; x_wconf 83' lang='lat' dir='ltr'>propriam</span> <span class='ocrx_word' id='word_1_622' title='bbox 447 2467 686 2508; x_wconf 82' lang='lat' dir='ltr'>operationem,</span> <span class='ocrx_word' id='word_1_623' title='bbox 709 2466 831 2497; x_wconf 89' lang='lat' dir='ltr'>scilicet</span> <span class='ocrx_word' id='word_1_624' title='bbox 858 2466 912 2496; x_wconf 91' lang='lat' dir='ltr'>cui</span> <span class='ocrx_word' id='word_1_625' title='bbox 940 2474 1060 2506; x_wconf 89' lang='lat' dir='ltr'>corpus</span> <span class='ocrx_word' id='word_1_626' title='bbox 1089 2475 1158 2497; x_wconf 90' lang='lat' dir='ltr'>non</span> <span class='ocrx_word' id='word_1_627' title='bbox 1181 2475 1332 2497; x_wconf 91' lang='lat' dir='ltr'>commu-</span> 
     </span>
     <span class='ocr_line' id='line_1_80' title="bbox 257 2511 1332 2552; baseline -0.004 -7"><span class='ocrx_word' id='word_1_628' title='bbox 257 2514 355 2545; x_wconf 89' lang='lat' dir='ltr'>nicat.</span> <span class='ocrx_word' id='word_1_629' title='bbox 378 2513 466 2552; x_wconf 89' lang='lat' dir='ltr'>Ergo</span> <span class='ocrx_word' id='word_1_630' title='bbox 483 2517 534 2549; x_wconf 78' lang='lat' dir='ltr'>est</span> <span class='ocrx_word' id='word_1_631' title='bbox 554 2511 738 2552; x_wconf 84' lang='lat' dir='ltr'>separabilis</span> <span class='ocrx_word' id='word_1_632' title='bbox 753 2521 772 2541; x_wconf 92' lang='lat' dir='ltr'>a</span> <span class='ocrx_word' id='word_1_633' title='bbox 787 2520 927 2551; x_wconf 90' lang='lat' dir='ltr'>corpore</span> <span class='ocrx_word' id='word_1_634' title='bbox 942 2515 975 2542; x_wconf 86' lang='lat' dir='ltr'>et</span> <span class='ocrx_word' id='word_1_635' title='bbox 996 2511 1198 2542; x_wconf 89' lang='lat' dir='ltr'>immortalis.</span> <span class='ocrx_word' id='word_1_636' title='bbox 1215 2527 1238 2532; x_wconf 89' lang='lat'>-</span> <span class='ocrx_word' id='word_1_637' title='bbox 1252 2511 1332 2541; x_wconf 90' lang='lat' dir='ltr'>Pro-</span> 
     </span>
     <span class='ocr_line' id='line_1_81' title="bbox 258 2554 1331 2596; baseline -0.002 -8"><span class='ocrx_word' id='word_1_638' title='bbox 258 2559 352 2589; x_wconf 89' lang='lat' dir='ltr'>batur</span> <span class='ocrx_word' id='word_1_639' title='bbox 367 2556 571 2588; x_wconf 88' lang='lat' dir='ltr'>antecedens.</span> <span class='ocrx_word' id='word_1_640' title='bbox 588 2556 738 2586; x_wconf 87' lang='lat' dir='ltr'>Potentia</span> <span class='ocrx_word' id='word_1_641' title='bbox 754 2564 838 2596; x_wconf 90' lang='lat' dir='ltr'>quae</span> <span class='ocrx_word' id='word_1_642' title='bbox 853 2564 921 2586; x_wconf 88' lang='lat' dir='ltr'>non</span> <span class='ocrx_word' id='word_1_643' title='bbox 937 2560 986 2586; x_wconf 91' lang='lat' dir='ltr'>est</span> <span class='ocrx_word' id='word_1_644' title='bbox 1007 2554 1102 2586; x_wconf 86' lang='lat' dir='ltr'>affixa</span> <span class='ocrx_word' id='word_1_645' title='bbox 1118 2564 1242 2595; x_wconf 85' lang='lat' dir='ltr'>organo</span> <span class='ocrx_word' id='word_1_646' title='bbox 1259 2565 1331 2586; x_wconf 91' lang='lat' dir='ltr'>cor-</span> 
     </span>
     <span class='ocr_line' id='line_1_82' title="bbox 258 2600 1330 2643; baseline -0.003 -10"><span class='ocrx_word' id='word_1_647' title='bbox 258 2602 373 2643; x_wconf 90' lang='lat' dir='ltr'>porali,</span> <span class='ocrx_word' id='word_1_648' title='bbox 396 2602 494 2632; x_wconf 90' lang='lat' dir='ltr'>habet</span> <span class='ocrx_word' id='word_1_649' title='bbox 520 2601 747 2642; x_wconf 90' lang='lat' dir='ltr'>operationem</span> <span class='ocrx_word' id='word_1_650' title='bbox 776 2600 846 2630; x_wconf 88' lang='lat' dir='ltr'>sine</span> <span class='ocrx_word' id='word_1_651' title='bbox 875 2609 1014 2640; x_wconf 87' lang='lat' dir='ltr'>corpore</span> <span class='ocrx_word' id='word_1_652' title='bbox 1040 2605 1078 2630; x_wconf 88' lang='lat' dir='ltr'>ut</span> <span class='ocrx_word' id='word_1_653' title='bbox 1103 2600 1330 2630; x_wconf 89' lang='lat' dir='ltr'>instrumento.</span> 
     </span>
     <span class='ocr_line' id='line_1_83' title="bbox 259 2643 1330 2685; baseline -0.003 -8"><span class='ocrx_word' id='word_1_654' title='bbox 259 2646 324 2678; x_wconf 91' lang='lat' dir='ltr'>Sed</span> <span class='ocrx_word' id='word_1_655' title='bbox 345 2645 529 2677; x_wconf 88' lang='lat' dir='ltr'>intellectus</span> <span class='ocrx_word' id='word_1_656' title='bbox 554 2650 602 2676; x_wconf 89' lang='lat' dir='ltr'>est</span> <span class='ocrx_word' id='word_1_657' title='bbox 622 2643 826 2677; x_wconf 87' lang='lat' dir='ltr'>huiusmodi:</span> <span class='ocrx_word' id='word_1_658' title='bbox 850 2649 888 2675; x_wconf 90' lang='lat' dir='ltr'>ut</span> <span class='ocrx_word' id='word_1_659' title='bbox 910 2649 999 2685; x_wconf 87' lang='lat' dir='ltr'>patet</span> <span class='ocrx_word' id='word_1_660' title='bbox 1021 2653 1060 2674; x_wconf 87' lang='lat' dir='ltr'>ex</span> <span class='ocrx_word' id='word_1_661' title='bbox 1084 2644 1111 2675; x_wconf 89' lang='lat'>11</span> <span class='ocrx_word' id='word_1_662' title='bbox 1135 2644 1175 2675; x_wconf 82' lang='lat' dir='ltr'>de</span> <span class='ocrx_word' id='word_1_663' title='bbox 1201 2645 1330 2680; x_wconf 84' lang='lat' dir='ltr'>Anima,</span> 
     </span>
     <span class='ocr_line' id='line_1_84' title="bbox 258 2689 1332 2730; baseline -0.003 -8"><span class='ocrx_word' id='word_1_664' title='bbox 258 2696 335 2722; x_wconf 85' lang='lat' dir='ltr'>text.</span> <span class='ocrx_word' id='word_1_665' title='bbox 356 2698 392 2722; x_wconf 82' lang='grc' dir='ltr'>ιι</span> <span class='ocrx_word' id='word_1_666' title='bbox 408 2691 436 2721; x_wconf 70' lang='grc'>“.</span> <span class='ocrx_word' id='word_1_667' title='bbox 460 2690 548 2730; x_wconf 89' lang='lat' dir='ltr'>Ergo</span> <span class='ocrx_word' id='word_1_668' title='bbox 564 2696 626 2720; x_wconf 90' lang='lat' dir='ltr'>etc.</span> <span class='ocrx_word' id='word_1_669' title='bbox 642 2707 664 2712; x_wconf 93' lang='lat'>-</span> <span class='ocrx_word' id='word_1_670' title='bbox 685 2689 932 2729; x_wconf 86' lang='lat' dir='ltr'>Consequentia</span> <span class='ocrx_word' id='word_1_671' title='bbox 955 2698 1091 2729; x_wconf 91' lang='lat' dir='ltr'>quoque</span> <span class='ocrx_word' id='word_1_672' title='bbox 1114 2690 1270 2729; x_wconf 89' lang='lat' dir='ltr'>probatur</span> <span class='ocrx_word' id='word_1_673' title='bbox 1293 2698 1332 2719; x_wconf 92' lang='lat' dir='ltr'>ex</span> 
     </span>
     <span class='ocr_line' id='line_1_85' title="bbox 258 2733 1332 2777; baseline -0.004 -10"><span class='ocrx_word' id='word_1_674' title='bbox 258 2737 332 2777; x_wconf 83' lang='lat' dir='ltr'>ipso</span> <span class='ocrx_word' id='word_1_675' title='bbox 355 2734 570 2766; x_wconf 81' lang='lat' dir='ltr'>fundamento</span> <span class='ocrx_word' id='word_1_676' title='bbox 593 2734 628 2765; x_wconf 92' lang='lat' dir='ltr'>in</span> <span class='ocrx_word' id='word_1_677' title='bbox 643 2734 656 2764; x_wconf 90' lang='lat'>1</span> <span class='ocrx_word' id='word_1_678' title='bbox 672 2733 712 2765; x_wconf 82' lang='lat' dir='ltr'>de</span> <span class='ocrx_word' id='word_1_679' title='bbox 735 2734 866 2770; x_wconf 89' lang='lat' dir='ltr'>Anima,</span> <span class='ocrx_word' id='word_1_680' title='bbox 890 2734 948 2764; x_wconf 88' lang='lat' dir='ltr'>ubi</span> <span class='ocrx_word' id='word_1_681' title='bbox 971 2734 1015 2763; x_wconf 89' lang='lat' dir='ltr'>ait</span> <span class='ocrx_word' id='word_1_682' title='bbox 1030 2733 1132 2773; x_wconf 94' lang='lat' dir='ltr'>quod,</span> <span class='ocrx_word' id='word_1_683' title='bbox 1155 2733 1186 2764; x_wconf 89' lang='lat' dir='ltr'>si</span> <span class='ocrx_word' id='word_1_684' title='bbox 1208 2738 1257 2764; x_wconf 91' lang='lat' dir='ltr'>est</span> <span class='ocrx_word' id='word_1_685' title='bbox 1270 2734 1332 2764; x_wconf 87' lang='lat' dir='ltr'>ali-</span> 
     </span>
     <span class='ocr_line' id='line_1_86' title="bbox 259 2778 1334 2822; baseline -0.004 -10"><span class='ocrx_word' id='word_1_686' title='bbox 259 2780 338 2822; x_wconf 77' lang='lat' dir='ltr'>quid</span> <span class='ocrx_word' id='word_1_687' title='bbox 360 2780 491 2811; x_wconf 87' lang='lat' dir='ltr'>animae</span> <span class='ocrx_word' id='word_1_688' title='bbox 509 2788 644 2820; x_wconf 83' lang='lat' dir='ltr'>operum</span> <span class='ocrx_word' id='word_1_689' title='bbox 667 2783 727 2810; x_wconf 86' lang='lat' dir='ltr'>aut</span> <span class='ocrx_word' id='word_1_690' title='bbox 741 2778 936 2819; x_wconf 84' lang='lat' dir='ltr'>passionum</span> <span class='ocrx_word' id='word_1_691' title='bbox 954 2778 1139 2818; x_wconf 86' lang='lat' dir='ltr'>proprium,</span> <span class='ocrx_word' id='word_1_692' title='bbox 1165 2778 1334 2819; x_wconf 79' lang='lat' dir='ltr'>continget</span> 
     </span>
     <span class='ocr_line' id='line_1_87' title="bbox 259 2822 1333 2867; baseline -0.004 -10"><span class='ocrx_word' id='word_1_693' title='bbox 259 2826 362 2867; x_wconf 86' lang='lat' dir='ltr'>ipsam</span> <span class='ocrx_word' id='word_1_694' title='bbox 383 2825 555 2866; x_wconf 86' lang='lat' dir='ltr'>separari:</span> <span class='ocrx_word' id='word_1_695' title='bbox 579 2832 663 2864; x_wconf 86' lang='lat' dir='ltr'>quae</span> <span class='ocrx_word' id='word_1_696' title='bbox 686 2824 783 2854; x_wconf 89' lang='lat' dir='ltr'>verba</span> <span class='ocrx_word' id='word_1_697' title='bbox 812 2832 928 2853; x_wconf 92' lang='lat' dir='ltr'>omnes</span> <span class='ocrx_word' id='word_1_698' title='bbox 955 2823 1155 2863; x_wconf 87' lang='lat' dir='ltr'>expositores</span> <span class='ocrx_word' id='word_1_699' title='bbox 1178 2822 1218 2854; x_wconf 92' lang='lat' dir='ltr'>de</span> <span class='ocrx_word' id='word_1_700' title='bbox 1241 2832 1333 2863; x_wconf 90' lang='lat' dir='ltr'>sepa-</span> 
     </span>
     <span class='ocr_line' id='line_1_88' title="bbox 259 2866 1106 2909; baseline -0.005 -8"><span class='ocrx_word' id='word_1_701' title='bbox 259 2871 385 2901; x_wconf 90' lang='lat' dir='ltr'>ratione</span> <span class='ocrx_word' id='word_1_702' title='bbox 408 2879 426 2900; x_wconf 86' lang='lat' dir='ltr'>a</span> <span class='ocrx_word' id='word_1_703' title='bbox 450 2878 588 2909; x_wconf 89' lang='lat' dir='ltr'>corpore</span> <span class='ocrx_word' id='word_1_704' title='bbox 612 2867 793 2899; x_wconf 91' lang='lat' dir='ltr'>secundum</span> <span class='ocrx_word' id='word_1_705' title='bbox 818 2877 886 2898; x_wconf 91' lang='lat' dir='ltr'>esse</span> <span class='ocrx_word' id='word_1_706' title='bbox 913 2866 1106 2907; x_wconf 86' lang='lat' dir='ltr'>intelligunt.</span> 
     </span>
    </p>

    <p class='ocr_par' dir='ltr' id='par_1_18' title="bbox 258 2910 1335 3224">
     <span class='ocr_line' id='line_1_89' title="bbox 315 2910 1333 2953; baseline -0.004 -8"><span class='ocrx_word' id='word_1_707' title='bbox 315 2914 386 2945; x_wconf 89' lang='lat' dir='ltr'>XV.</span> <span class='ocrx_word' id='word_1_708' title='bbox 395 2913 448 2945; x_wconf 91' lang='lat' dir='ltr'>Ad</span> <span class='ocrx_word' id='word_1_709' title='bbox 455 2912 650 2944; x_wconf 85' lang='lat' dir='ltr'>antecedens</span> <span class='ocrx_word' id='word_1_710' title='bbox 665 2912 762 2943; x_wconf 89' lang='lat' dir='ltr'>huius</span> <span class='ocrx_word' id='word_1_711' title='bbox 773 2912 905 2942; x_wconf 87' lang='lat' dir='ltr'>rationis</span> <span class='ocrx_word' id='word_1_712' title='bbox 913 2910 1112 2953; x_wconf 90' lang='lat' dir='ltr'>respondent</span> <span class='ocrx_word' id='word_1_713' title='bbox 1119 2921 1216 2951; x_wconf 90' lang='lat' dir='ltr'>supra</span> <span class='ocrx_word' id='word_1_714' title='bbox 1227 2910 1304 2942; x_wconf 91' lang='lat' dir='ltr'>dicti</span> <span class='ocrx_word' id='word_1_715' title='bbox 1315 2912 1333 2928; x_wconf 73' lang='lat'>⁴*</span> 
     </span>
     <span class='ocr_line' id='line_1_90' title="bbox 261 2955 1332 3000; baseline -0.006 -9"><span class='ocrx_word' id='word_1_716' title='bbox 261 2958 353 3000; x_wconf 91' lang='lat' dir='ltr'>quod</span> <span class='ocrx_word' id='word_1_717' title='bbox 376 2958 552 3000; x_wconf 86' lang='lat' dir='ltr'>proprium</span> <span class='ocrx_word' id='word_1_718' title='bbox 581 2958 713 2988; x_wconf 83' lang='lat' dir='ltr'>animae</span> <span class='ocrx_word' id='word_1_719' title='bbox 743 2956 914 2997; x_wconf 85' lang='lat' dir='ltr'>dupliciter</span> <span class='ocrx_word' id='word_1_720' title='bbox 943 2961 1051 2996; x_wconf 90' lang='lat' dir='ltr'>potest</span> <span class='ocrx_word' id='word_1_721' title='bbox 1080 2955 1224 2996; x_wconf 86' lang='lat' dir='ltr'>intelligi.</span> <span class='ocrx_word' id='word_1_722' title='bbox 1256 2955 1332 2986; x_wconf 94' lang='lat' dir='ltr'>Uno</span> 
     </span>
     <span class='ocr_line' id='line_1_91' title="bbox 260 3001 1334 3043; baseline -0.005 -8"><span class='ocrx_word' id='word_1_723' title='bbox 260 3003 374 3040; x_wconf 89' lang='lat' dir='ltr'>modo,</span> <span class='ocrx_word' id='word_1_724' title='bbox 398 3009 435 3034; x_wconf 88' lang='lat' dir='ltr'>ut</span> <span class='ocrx_word' id='word_1_725' title='bbox 457 3003 666 3043; x_wconf 86' lang='lat' dir='ltr'>distinguitur</span> <span class='ocrx_word' id='word_1_726' title='bbox 689 3007 802 3032; x_wconf 86' lang='lat' dir='ltr'>contra</span> <span class='ocrx_word' id='word_1_727' title='bbox 825 3009 1038 3032; x_wconf 89' lang='lat' dir='ltr'>communem</span> <span class='ocrx_word' id='word_1_728' title='bbox 1061 3001 1122 3031; x_wconf 89' lang='lat' dir='ltr'>sibi</span> <span class='ocrx_word' id='word_1_729' title='bbox 1148 3005 1180 3031; x_wconf 89' lang='lat' dir='ltr'>et</span> <span class='ocrx_word' id='word_1_730' title='bbox 1203 3001 1334 3041; x_wconf 92' lang='lat' dir='ltr'>corpori</span> 
     </span>
     <span class='ocr_line' id='line_1_92' title="bbox 262 3045 1335 3091; baseline -0.004 -11"><span class='ocrx_word' id='word_1_731' title='bbox 262 3049 437 3091; x_wconf 80' lang='lat' dir='ltr'>organice:</span> <span class='ocrx_word' id='word_1_732' title='bbox 453 3053 485 3079; x_wconf 89' lang='lat' dir='ltr'>et</span> <span class='ocrx_word' id='word_1_733' title='bbox 499 3047 618 3078; x_wconf 91' lang='lat' dir='ltr'>dicitur</span> <span class='ocrx_word' id='word_1_734' title='bbox 629 3052 707 3077; x_wconf 90' lang='lat' dir='ltr'>tunc</span> <span class='ocrx_word' id='word_1_735' title='bbox 724 3046 871 3087; x_wconf 86' lang='lat' dir='ltr'>operatio</span> <span class='ocrx_word' id='word_1_736' title='bbox 887 3046 1018 3086; x_wconf 89' lang='lat' dir='ltr'>propria</span> <span class='ocrx_word' id='word_1_737' title='bbox 1033 3045 1160 3075; x_wconf 90' lang='lat' dir='ltr'>animae</span> <span class='ocrx_word' id='word_1_738' title='bbox 1177 3045 1235 3075; x_wconf 88' lang='lat' dir='ltr'>illa</span> <span class='ocrx_word' id='word_1_739' title='bbox 1250 3054 1335 3085; x_wconf 82' lang='lat' dir='ltr'>quae</span> 
     </span>
     <span class='ocr_line' id='line_1_93' title="bbox 258 3089 1334 3135; baseline -0.006 -10"><span class='ocrx_word' id='word_1_740' title='bbox 258 3094 298 3133; x_wconf 84' lang='lat' dir='ltr'>fit</span> <span class='ocrx_word' id='word_1_741' title='bbox 309 3094 428 3135; x_wconf 84' lang='lat' dir='ltr'>absque</span> <span class='ocrx_word' id='word_1_742' title='bbox 440 3101 570 3134; x_wconf 84' lang='lat' dir='ltr'>organo</span> <span class='ocrx_word' id='word_1_743' title='bbox 583 3091 761 3132; x_wconf 83' lang='lat' dir='ltr'>corporali.</span> <span class='ocrx_word' id='word_1_744' title='bbox 775 3090 850 3122; x_wconf 87' lang='lat' dir='ltr'>Alio</span> <span class='ocrx_word' id='word_1_745' title='bbox 862 3089 974 3126; x_wconf 86' lang='lat' dir='ltr'>modo,</span> <span class='ocrx_word' id='word_1_746' title='bbox 986 3094 1022 3120; x_wconf 92' lang='lat' dir='ltr'>ut</span> <span class='ocrx_word' id='word_1_747' title='bbox 1034 3089 1240 3130; x_wconf 84' lang='lat' dir='ltr'>distinguitur</span> <span class='ocrx_word' id='word_1_748' title='bbox 1254 3098 1334 3120; x_wconf 91' lang='lat' dir='ltr'>con-</span> 
     </span>
     <span class='ocr_line' id='line_1_94' title="bbox 261 3133 1334 3176; baseline -0.007 -6"><span class='ocrx_word' id='word_1_749' title='bbox 261 3144 309 3170; x_wconf 89' lang='lat' dir='ltr'>tra</span> <span class='ocrx_word' id='word_1_750' title='bbox 332 3147 510 3169; x_wconf 91' lang='lat' dir='ltr'>commune</span> <span class='ocrx_word' id='word_1_751' title='bbox 526 3137 586 3167; x_wconf 90' lang='lat' dir='ltr'>sibi</span> <span class='ocrx_word' id='word_1_752' title='bbox 603 3142 635 3167; x_wconf 91' lang='lat' dir='ltr'>et</span> <span class='ocrx_word' id='word_1_753' title='bbox 651 3135 781 3176; x_wconf 92' lang='lat' dir='ltr'>corpori</span> <span class='ocrx_word' id='word_1_754' title='bbox 798 3134 972 3166; x_wconf 85' lang='lat' dir='ltr'>obiective:</span> <span class='ocrx_word' id='word_1_755' title='bbox 987 3139 1019 3165; x_wconf 92' lang='lat' dir='ltr'>et</span> <span class='ocrx_word' id='word_1_756' title='bbox 1035 3133 1151 3164; x_wconf 89' lang='lat' dir='ltr'>dicitur</span> <span class='ocrx_word' id='word_1_757' title='bbox 1163 3139 1241 3164; x_wconf 90' lang='lat' dir='ltr'>tunc</span> <span class='ocrx_word' id='word_1_758' title='bbox 1254 3143 1334 3174; x_wconf 90' lang='lat' dir='ltr'>ope-</span> 
     </span>
     <span class='ocr_line' id='line_1_95' title="bbox 261 3178 1332 3224; baseline -0.006 -10"><span class='ocrx_word' id='word_1_759' title='bbox 261 3184 343 3214; x_wconf 87' lang='lat' dir='ltr'>ratio</span> <span class='ocrx_word' id='word_1_760' title='bbox 359 3183 492 3224; x_wconf 89' lang='lat' dir='ltr'>propria</span> <span class='ocrx_word' id='word_1_761' title='bbox 513 3182 639 3212; x_wconf 89' lang='lat' dir='ltr'>animae</span> <span class='ocrx_word' id='word_1_762' title='bbox 662 3190 746 3222; x_wconf 85' lang='lat' dir='ltr'>quae</span> <span class='ocrx_word' id='word_1_763' title='bbox 762 3190 828 3210; x_wconf 89' lang='lat' dir='ltr'>non</span> <span class='ocrx_word' id='word_1_764' title='bbox 846 3178 971 3221; x_wconf 80' lang='lat' dir='ltr'>indiget</span> <span class='ocrx_word' id='word_1_765' title='bbox 985 3188 1125 3219; x_wconf 75' lang='lat' dir='ltr'>corpore</span> <span class='ocrx_word' id='word_1_766' title='bbox 1141 3183 1177 3209; x_wconf 87' lang='lat' dir='ltr'>ut</span> <span class='ocrx_word' id='word_1_767' title='bbox 1199 3178 1332 3209; x_wconf 86' lang='lat' dir='ltr'>obiecto.</span> 
     </span>
    </p>

    <p class='ocr_par' dir='ltr' id='par_1_19' title="bbox 256 3221 1336 3713">
     <span class='ocr_line' id='line_1_96' title="bbox 318 3221 1335 3267; baseline -0.006 -9"><span class='ocrx_word' id='word_1_768' title='bbox 318 3227 442 3258; x_wconf 91' lang='lat' dir='ltr'>Dicunt</span> <span class='ocrx_word' id='word_1_769' title='bbox 468 3236 545 3267; x_wconf 88' lang='lat' dir='ltr'>ergo</span> <span class='ocrx_word' id='word_1_770' title='bbox 573 3225 674 3266; x_wconf 90' lang='lat' dir='ltr'>quod,</span> <span class='ocrx_word' id='word_1_771' title='bbox 698 3226 725 3255; x_wconf 92' lang='lat' dir='ltr'>si</span> <span class='ocrx_word' id='word_1_772' title='bbox 747 3225 782 3255; x_wconf 90' lang='lat' dir='ltr'>in</span> <span class='ocrx_word' id='word_1_773' title='bbox 812 3221 1022 3254; x_wconf 89' lang='lat' dir='ltr'>antecedente</span> <span class='ocrx_word' id='word_1_774' title='bbox 1056 3223 1232 3263; x_wconf 90' lang='lat' dir='ltr'>accipiatur</span> <span class='ocrx_word' id='word_1_775' title='bbox 1251 3232 1335 3263; x_wconf 87' lang='lat' dir='ltr'>pro-</span> 
     </span>
     <span class='ocr_line' id='line_1_97' title="bbox 256 3267 1335 3313; baseline -0.006 -9"><span class='ocrx_word' id='word_1_776' title='bbox 256 3272 370 3313; x_wconf 85' lang='lat' dir='ltr'>prium</span> <span class='ocrx_word' id='word_1_777' title='bbox 397 3272 504 3312; x_wconf 89' lang='lat' dir='ltr'>primo</span> <span class='ocrx_word' id='word_1_778' title='bbox 531 3270 644 3306; x_wconf 89' lang='lat' dir='ltr'>modo,</span> <span class='ocrx_word' id='word_1_779' title='bbox 671 3268 866 3300; x_wconf 91' lang='lat' dir='ltr'>antecedens</span> <span class='ocrx_word' id='word_1_780' title='bbox 893 3267 1027 3308; x_wconf 89' lang='lat' dir='ltr'>quidem</span> <span class='ocrx_word' id='word_1_781' title='bbox 1053 3277 1167 3307; x_wconf 85' lang='lat' dir='ltr'>verum</span> <span class='ocrx_word' id='word_1_782' title='bbox 1193 3273 1250 3304; x_wconf 81' lang='lat' dir='ltr'>est,</span> <span class='ocrx_word' id='word_1_783' title='bbox 1278 3267 1335 3298; x_wconf 90' lang='lat' dir='ltr'>sed</span> 
     </span>
     <span class='ocr_line' id='line_1_98' title="bbox 263 3311 1336 3357; baseline -0.006 -9"><span class='ocrx_word' id='word_1_784' title='bbox 263 3317 499 3357; x_wconf 79' lang='lat' dir='ltr'>consequentia</span> <span class='ocrx_word' id='word_1_785' title='bbox 526 3321 670 3355; x_wconf 82' lang='lat' dir='ltr'>negatur.</span> <span class='ocrx_word' id='word_1_786' title='bbox 702 3314 744 3345; x_wconf 87' lang='lat' dir='ltr'>Et</span> <span class='ocrx_word' id='word_1_787' title='bbox 773 3313 814 3345; x_wconf 89' lang='lat' dir='ltr'>ad</span> <span class='ocrx_word' id='word_1_788' title='bbox 845 3313 1073 3353; x_wconf 89' lang='lat' dir='ltr'>probationem</span> <span class='ocrx_word' id='word_1_789' title='bbox 1100 3311 1217 3343; x_wconf 88' lang='lat' dir='ltr'>dicitur</span> <span class='ocrx_word' id='word_1_790' title='bbox 1243 3311 1336 3352; x_wconf 91' lang='lat' dir='ltr'>quod</span> 
     </span>
     <span class='ocr_line' id='line_1_99' title="bbox 263 3356 1335 3402; baseline -0.006 -10"><span class='ocrx_word' id='word_1_791' title='bbox 263 3362 446 3402; x_wconf 77' lang='lat' dir='ltr'>propositio</span> <span class='ocrx_word' id='word_1_792' title='bbox 470 3360 662 3401; x_wconf 88' lang='lat' dir='ltr'>Philosophi</span> <span class='ocrx_word' id='word_1_793' title='bbox 684 3369 753 3390; x_wconf 90' lang='lat' dir='ltr'>non</span> <span class='ocrx_word' id='word_1_794' title='bbox 771 3365 818 3389; x_wconf 89' lang='lat' dir='ltr'>est</span> <span class='ocrx_word' id='word_1_795' title='bbox 837 3357 877 3388; x_wconf 90' lang='lat' dir='ltr'>ad</span> <span class='ocrx_word' id='word_1_796' title='bbox 899 3357 1122 3398; x_wconf 85' lang='lat' dir='ltr'>propositum:</span> <span class='ocrx_word' id='word_1_797' title='bbox 1140 3357 1216 3396; x_wconf 89' lang='lat' dir='ltr'>quia</span> <span class='ocrx_word' id='word_1_798' title='bbox 1231 3357 1266 3386; x_wconf 91' lang='lat' dir='ltr'>in</span> <span class='ocrx_word' id='word_1_799' title='bbox 1280 3356 1335 3387; x_wconf 87' lang='lat' dir='ltr'>illa</span> 
     </span>
     <span class='ocr_line' id='line_1_100' title="bbox 264 3400 1335 3445; baseline -0.007 -8"><span class='ocrx_word' id='word_1_800' title='bbox 264 3404 476 3437; x_wconf 86' lang='lat' dir='ltr'>conditionali</span> <span class='ocrx_word' id='word_1_801' title='bbox 487 3405 707 3445; x_wconf 92' lang='lat' dir='ltr'>Philosophus</span> <span class='ocrx_word' id='word_1_802' title='bbox 722 3413 790 3434; x_wconf 93' lang='lat' dir='ltr'>non</span> <span class='ocrx_word' id='word_1_803' title='bbox 807 3403 923 3442; x_wconf 89' lang='lat' dir='ltr'>accipit</span> <span class='ocrx_word' id='word_1_804' title='bbox 929 3401 1103 3442; x_wconf 87' lang='lat' dir='ltr'>proprium</span> <span class='ocrx_word' id='word_1_805' title='bbox 1119 3401 1175 3431; x_wconf 90' lang='lat' dir='ltr'>illo</span> <span class='ocrx_word' id='word_1_806' title='bbox 1187 3400 1300 3431; x_wconf 92' lang='lat' dir='ltr'>modo.</span> <span class='ocrx_word' id='word_1_807' title='bbox 1312 3418 1335 3423; x_wconf 90' lang='lat'><em>-</em></span> 
     </span>
     <span class='ocr_line' id='line_1_101' title="bbox 265 3445 1334 3490; baseline -0.007 -9"><span class='ocrx_word' id='word_1_808' title='bbox 265 3449 299 3481; x_wconf 91' lang='lat' dir='ltr'>Si</span> <span class='ocrx_word' id='word_1_809' title='bbox 331 3455 440 3480; x_wconf 89' lang='lat' dir='ltr'>autem</span> <span class='ocrx_word' id='word_1_810' title='bbox 474 3450 650 3490; x_wconf 83' lang='lat' dir='ltr'>accipiatur</span> <span class='ocrx_word' id='word_1_811' title='bbox 679 3449 712 3479; x_wconf 89' lang='lat' dir='ltr'>in</span> <span class='ocrx_word' id='word_1_812' title='bbox 745 3447 955 3478; x_wconf 87' lang='lat' dir='ltr'>antecedente</span> <span class='ocrx_word' id='word_1_813' title='bbox 983 3445 1157 3487; x_wconf 86' lang='lat' dir='ltr'>proprium</span> <span class='ocrx_word' id='word_1_814' title='bbox 1189 3445 1334 3475; x_wconf 90' lang='lat' dir='ltr'>secundo</span> 
     </span>
     <span class='ocr_line' id='line_1_102' title="bbox 264 3489 1334 3533; baseline -0.007 -7"><span class='ocrx_word' id='word_1_815' title='bbox 264 3493 378 3531; x_wconf 88' lang='lat' dir='ltr'>modo,</span> <span class='ocrx_word' id='word_1_816' title='bbox 401 3498 438 3525; x_wconf 90' lang='lat' dir='ltr'>ut</span> <span class='ocrx_word' id='word_1_817' title='bbox 461 3494 558 3525; x_wconf 88' lang='lat' dir='ltr'>etiam</span> <span class='ocrx_word' id='word_1_818' title='bbox 584 3493 803 3533; x_wconf 86' lang='lat' dir='ltr'>Philosophus</span> <span class='ocrx_word' id='word_1_819' title='bbox 832 3492 866 3522; x_wconf 93' lang='lat' dir='ltr'>in</span> <span class='ocrx_word' id='word_1_820' title='bbox 892 3491 946 3522; x_wconf 91' lang='lat' dir='ltr'>illa</span> <span class='ocrx_word' id='word_1_821' title='bbox 971 3489 1183 3531; x_wconf 87' lang='lat' dir='ltr'>conditionali</span> <span class='ocrx_word' id='word_1_822' title='bbox 1208 3490 1334 3530; x_wconf 89' lang='lat' dir='ltr'>accipit,</span> 
     </span>
     <span class='ocr_line' id='line_1_103' title="bbox 264 3534 1334 3577; baseline -0.007 -7"><span class='ocrx_word' id='word_1_823' title='bbox 264 3545 344 3570; x_wconf 93' lang='lat' dir='ltr'>tunc</span> <span class='ocrx_word' id='word_1_824' title='bbox 370 3538 564 3569; x_wconf 90' lang='lat' dir='ltr'>antecedens</span> <span class='ocrx_word' id='word_1_825' title='bbox 587 3544 635 3569; x_wconf 90' lang='lat' dir='ltr'>est</span> <span class='ocrx_word' id='word_1_826' title='bbox 660 3537 791 3568; x_wconf 87' lang='lat' dir='ltr'>falsum:</span> <span class='ocrx_word' id='word_1_827' title='bbox 817 3537 893 3577; x_wconf 91' lang='lat' dir='ltr'>quia</span> <span class='ocrx_word' id='word_1_828' title='bbox 916 3534 1097 3566; x_wconf 90' lang='lat' dir='ltr'>secundum</span> <span class='ocrx_word' id='word_1_829' title='bbox 1116 3534 1334 3570; x_wconf 84' lang='lat' dir='ltr'>Aristotelem,</span> 
     </span>
     <span class='ocr_line' id='line_1_104' title="bbox 264 3578 1335 3620; baseline -0.006 -6"><span class='ocrx_word' id='word_1_830' title='bbox 264 3584 299 3614; x_wconf 92' lang='lat' dir='ltr'>in</span> <span class='ocrx_word' id='word_1_831' title='bbox 315 3583 357 3614; x_wconf 81' lang='grc' dir='ltr'>ΠΙ</span> <span class='ocrx_word' id='word_1_832' title='bbox 373 3583 413 3614; x_wconf 81' lang='lat' dir='ltr'>de</span> <span class='ocrx_word' id='word_1_833' title='bbox 428 3583 556 3618; x_wconf 84' lang='lat' dir='ltr'>Anima,</span> <span class='ocrx_word' id='word_1_834' title='bbox 573 3587 651 3613; x_wconf 89' lang='lat' dir='ltr'>text.</span> <span class='ocrx_word' id='word_1_835' title='bbox 669 3582 711 3614; x_wconf 88' lang='lat'>30</span> <span class='ocrx_word' id='word_1_836' title='bbox 723 3583 750 3618; x_wconf 80' lang='lat'>*‚</span> <span class='ocrx_word' id='word_1_837' title='bbox 776 3581 858 3612; x_wconf 85' lang='lat' dir='ltr'>nihil</span> <span class='ocrx_word' id='word_1_838' title='bbox 886 3581 956 3611; x_wconf 89' lang='lat' dir='ltr'>sine</span> <span class='ocrx_word' id='word_1_839' title='bbox 979 3580 1219 3620; x_wconf 81' lang='lat' dir='ltr'>phantasmate,</span> <span class='ocrx_word' id='word_1_840' title='bbox 1245 3578 1335 3619; x_wconf 94' lang='lat' dir='ltr'>quod</span> 
     </span>
     <span class='ocr_line' id='line_1_105' title="bbox 266 3624 1335 3667; baseline -0.006 -9"><span class='ocrx_word' id='word_1_841' title='bbox 266 3633 314 3658; x_wconf 92' lang='lat' dir='ltr'>est</span> <span class='ocrx_word' id='word_1_842' title='bbox 329 3628 510 3658; x_wconf 87' lang='lat' dir='ltr'>intellectus</span> <span class='ocrx_word' id='word_1_843' title='bbox 521 3627 699 3663; x_wconf 89' lang='lat' dir='ltr'>obiectum,</span> <span class='ocrx_word' id='word_1_844' title='bbox 717 3626 871 3667; x_wconf 81' lang='lat' dir='ltr'>intelligit</span> <span class='ocrx_word' id='word_1_845' title='bbox 882 3625 992 3656; x_wconf 87' lang='lat' dir='ltr'>anima</span> <span class='ocrx_word' id='word_1_846' title='bbox 1002 3631 1013 3660; x_wconf 90' lang='lat'><em>;</em></span> <span class='ocrx_word' id='word_1_847' title='bbox 1025 3624 1214 3664; x_wconf 85' lang='lat' dir='ltr'>phantasma</span> <span class='ocrx_word' id='word_1_848' title='bbox 1226 3627 1335 3653; x_wconf 88' lang='lat' dir='ltr'>autem</span> 
     </span>
     <span class='ocr_line' id='line_1_106' title="bbox 267 3671 559 3713; baseline -0.003 -10"><span class='ocrx_word' id='word_1_849' title='bbox 267 3682 404 3713; x_wconf 91' lang='lat' dir='ltr'>corpore</span> <span class='ocrx_word' id='word_1_850' title='bbox 427 3671 559 3712; x_wconf 90' lang='lat' dir='ltr'>indiget.</span> 
     </span>
    </p>
   </div>
   <div class='ocr_carea' id='block_1_13' title="bbox 1379 1529 2460 2951">
    <p class='ocr_par' dir='ltr' id='par_1_20' title="bbox 1383 1529 2460 2462">
     <span class='ocr_line' id='line_1_107' title="bbox 1386 1529 2459 1572; baseline 0.004 -12"><span class='ocrx_word' id='word_1_851' title='bbox 1386 1529 1532 1561; x_wconf 91' lang='lat' dir='ltr'>cundum</span> <span class='ocrx_word' id='word_1_852' title='bbox 1543 1536 1687 1561; x_wconf 89' lang='lat' dir='ltr'>nostram</span> <span class='ocrx_word' id='word_1_853' title='bbox 1699 1531 1958 1567; x_wconf 65' lang='lat' dir='ltr'>translationem</span> <span class='ocrx_word' id='word_1_854' title='bbox 1973 1536 2003 1561; x_wconf 93' lang='lat' dir='ltr'>et</span> <span class='ocrx_word' id='word_1_855' title='bbox 2019 1531 2200 1562; x_wconf 92' lang='lat' dir='ltr'>secundum</span> <span class='ocrx_word' id='word_1_856' title='bbox 2211 1533 2319 1572; x_wconf 88' lang='lat' dir='ltr'>ipsum</span> <span class='ocrx_word' id='word_1_857' title='bbox 2334 1537 2459 1564; x_wconf 87' lang='lat' dir='ltr'>textum</span> 
     </span>
     <span class='ocr_line' id='line_1_108' title="bbox 1384 1574 2458 1615; baseline 0.003 -10"><span class='ocrx_word' id='word_1_858' title='bbox 1384 1584 1547 1614; x_wconf 87' lang='lat' dir='ltr'>graecum,</span> <span class='ocrx_word' id='word_1_859' title='bbox 1571 1576 1625 1605; x_wconf 91' lang='lat' dir='ltr'>cui</span> <span class='ocrx_word' id='word_1_860' title='bbox 1649 1576 1774 1615; x_wconf 90' lang='lat' dir='ltr'>optime</span> <span class='ocrx_word' id='word_1_861' title='bbox 1797 1574 2074 1606; x_wconf 88' lang='lat' dir='ltr'>accommodatur.</span> <span class='ocrx_word' id='word_1_862' title='bbox 2099 1575 2151 1607; x_wconf 91' lang='lat' dir='ltr'>Sic</span> <span class='ocrx_word' id='word_1_863' title='bbox 2175 1577 2263 1607; x_wconf 91' lang='lat' dir='ltr'>enim</span> <span class='ocrx_word' id='word_1_864' title='bbox 2287 1577 2330 1607; x_wconf 90' lang='lat' dir='ltr'>ait</span> <span class='ocrx_word' id='word_1_865' title='bbox 2353 1581 2458 1608; x_wconf 88' lang='lat' dir='ltr'>textus</span> 
     </span>
     <span class='ocr_line' id='line_1_109' title="bbox 1385 1613 2455 1664; baseline 0.004 -16"><span class='ocrx_word' id='word_1_866' title='bbox 1385 1628 1534 1658; x_wconf 84' lang='lat' dir='ltr'>graecus:</span> <span class='ocrx_word' id='word_1_867' title='bbox 1563 1618 1728 1661; x_wconf 69' lang='lat' dir='ltr'>’Anopizv</span> <span class='ocrx_word' id='word_1_868' title='bbox 1761 1613 1798 1649; x_wconf 74' lang='grc' dir='ltr'>δὲ</span> <span class='ocrx_word' id='word_1_869' title='bbox 1833 1617 1903 1662; x_wconf 83' lang='grc' dir='ltr'>ἔχει</span> <span class='ocrx_word' id='word_1_870' title='bbox 1932 1620 1989 1649; x_wconf 77' lang='grc' dir='ltr'>καὶ</span> <span class='ocrx_word' id='word_1_871' title='bbox 2023 1617 2071 1650; x_wconf 83' lang='grc' dir='ltr'>τοὶ</span> <span class='ocrx_word' id='word_1_872' title='bbox 2104 1617 2197 1656; x_wconf 72' lang='grc' dir='ltr'>πάθη</span> <span class='ocrx_word' id='word_1_873' title='bbox 2231 1620 2293 1656; x_wconf 81' lang='grc' dir='ltr'>τῆς</span> <span class='ocrx_word' id='word_1_874' title='bbox 2325 1618 2455 1664; x_wconf 81' lang='grc' dir='ltr'>ψυχῆς,</span> 
     </span>
     <span class='ocr_line' id='line_1_110' title="bbox 1387 1660 2458 1707; baseline 0.002 -15"><span class='ocrx_word' id='word_1_875' title='bbox 1387 1660 1532 1704; x_wconf 80' lang='grc' dir='ltr'>πότερόν</span> <span class='ocrx_word' id='word_1_876' title='bbox 1561 1661 1636 1694; x_wconf 71' lang='grc' dir='ltr'>ἐστι</span> <span class='ocrx_word' id='word_1_877' title='bbox 1657 1661 1776 1694; x_wconf 70' lang='grc' dir='ltr'><strong><em>πάντα</em></strong></span> <span class='ocrx_word' id='word_1_878' title='bbox 1800 1662 1899 1694; x_wconf 78' lang='grc' dir='ltr'>κοιναὶ</span> <span class='ocrx_word' id='word_1_879' title='bbox 1922 1661 1981 1694; x_wconf 64' lang='lat' dir='ltr'>zat·</span> <span class='ocrx_word' id='word_1_880' title='bbox 2007 1662 2069 1694; x_wconf 81' lang='grc' dir='ltr'>τοῦ</span> <span class='ocrx_word' id='word_1_881' title='bbox 2095 1661 2248 1707; x_wconf 67' lang='grc' dir='ltr'>ἔχοντοὸ,</span> <span class='ocrx_word' id='word_1_882' title='bbox 2276 1662 2299 1699; x_wconf 82' lang='grc' dir='ltr'><strong>ἧ</strong></span> <span class='ocrx_word' id='word_1_883' title='bbox 2324 1662 2396 1695; x_wconf 80' lang='grc' dir='ltr'><strong>ἐστί</strong></span> <span class='ocrx_word' id='word_1_884' title='bbox 2423 1675 2458 1695; x_wconf 78' lang='grc' dir='ltr'>τι</span> 
     </span>
     <span class='ocr_line' id='line_1_111' title="bbox 1384 1700 2458 1750; baseline 0.004 -14"><span class='ocrx_word' id='word_1_885' title='bbox 1384 1704 1442 1737; x_wconf 70' lang='lat' dir='ltr'>mit</span> <span class='ocrx_word' id='word_1_886' title='bbox 1468 1706 1530 1743; x_wconf 79' lang='grc' dir='ltr'>τῆς</span> <span class='ocrx_word' id='word_1_887' title='bbox 1558 1705 1667 1750; x_wconf 72' lang='grc' dir='ltr'>ψυχῆς</span> <span class='ocrx_word' id='word_1_888' title='bbox 1699 1700 1785 1737; x_wconf 79' lang='grc' dir='ltr'>ἴδιον</span> <span class='ocrx_word' id='word_1_889' title='bbox 1820 1705 1945 1747; x_wconf 76' lang='grc' dir='ltr'><strong>αὐτῆς,</strong></span> <span class='ocrx_word' id='word_1_890' title='bbox 1970 1706 2061 1744; x_wconf 91' lang='lat' dir='ltr'>idest,</span> <span class='ocrx_word' id='word_1_891' title='bbox 2086 1709 2173 1739; x_wconf 85' lang='lat' dir='ltr'>iuxta</span> <span class='ocrx_word' id='word_1_892' title='bbox 2195 1713 2343 1739; x_wconf 91' lang='lat' dir='ltr'>nostrum</span> <span class='ocrx_word' id='word_1_893' title='bbox 2362 1709 2458 1740; x_wconf 90' lang='lat' dir='ltr'>inter-</span> 
     </span>
     <span class='ocr_line' id='line_1_112' title="bbox 1384 1751 2460 1793; baseline 0.001 -10"><span class='ocrx_word' id='word_1_894' title='bbox 1384 1757 1524 1792; x_wconf 89' lang='lat' dir='ltr'>pretem:</span> <span class='ocrx_word' id='word_1_895' title='bbox 1542 1752 1785 1783; x_wconf 85' lang='lat' dir='ltr'>Dubitationem</span> <span class='ocrx_word' id='word_1_896' title='bbox 1802 1756 1909 1782; x_wconf 85' lang='lat' dir='ltr'>autem</span> <span class='ocrx_word' id='word_1_897' title='bbox 1932 1751 2051 1782; x_wconf 83' lang='lat' dir='ltr'>habent</span> <span class='ocrx_word' id='word_1_898' title='bbox 2073 1757 2104 1783; x_wconf 85' lang='lat' dir='ltr'>et</span> <span class='ocrx_word' id='word_1_899' title='bbox 2120 1753 2294 1793; x_wconf 86' lang='lat' dir='ltr'>passiones</span> <span class='ocrx_word' id='word_1_900' title='bbox 2312 1753 2460 1784; x_wconf 86' lang='lat' dir='ltr'>animae:</span> 
     </span>
     <span class='ocr_line' id='line_1_113' title="bbox 1385 1796 2459 1839; baseline 0.001 -12"><span class='ocrx_word' id='word_1_901' title='bbox 1385 1801 1494 1827; x_wconf 88' lang='lat' dir='ltr'>utrum</span> <span class='ocrx_word' id='word_1_902' title='bbox 1518 1796 1585 1827; x_wconf 89' lang='lat' dir='ltr'>sint</span> <span class='ocrx_word' id='word_1_903' title='bbox 1608 1806 1719 1827; x_wconf 90' lang='lat' dir='ltr'>omnes</span> <span class='ocrx_word' id='word_1_904' title='bbox 1742 1806 1928 1827; x_wconf 87' lang='lat' dir='ltr'>communes</span> <span class='ocrx_word' id='word_1_905' title='bbox 1943 1802 1974 1827; x_wconf 87' lang='lat' dir='ltr'>et</span> <span class='ocrx_word' id='word_1_906' title='bbox 1987 1796 2143 1832; x_wconf 85' lang='lat' dir='ltr'>habentis,</span> <span class='ocrx_word' id='word_1_907' title='bbox 2168 1807 2211 1827; x_wconf 91' lang='lat' dir='ltr'>an</span> <span class='ocrx_word' id='word_1_908' title='bbox 2235 1797 2278 1827; x_wconf 87' lang='lat' dir='ltr'>sit</span> <span class='ocrx_word' id='word_1_909' title='bbox 2299 1798 2411 1839; x_wconf 85' lang='lat' dir='ltr'>aliqua</span> <span class='ocrx_word' id='word_1_910' title='bbox 2428 1803 2459 1828; x_wconf 87' lang='lat' dir='ltr'>et</span> 
     </span>
     <span class='ocr_line' id='line_1_114' title="bbox 1385 1841 2457 1882; baseline 0.002 -11"><span class='ocrx_word' id='word_1_911' title='bbox 1385 1841 1516 1871; x_wconf 81' lang='lat' dir='ltr'>animae</span> <span class='ocrx_word' id='word_1_912' title='bbox 1524 1841 1666 1882; x_wconf 86' lang='lat' dir='ltr'>propria</span> <span class='ocrx_word' id='word_1_913' title='bbox 1685 1841 1786 1882; x_wconf 88' lang='lat' dir='ltr'>ipsius</span> <span class='ocrx_word' id='word_1_914' title='bbox 1797 1842 1824 1871; x_wconf 61' lang='lat'>³.</span> <span class='ocrx_word' id='word_1_915' title='bbox 1844 1841 1974 1882; x_wconf 83' lang='lat' dir='ltr'>Accipit</span> <span class='ocrx_word' id='word_1_916' title='bbox 1992 1850 2069 1881; x_wconf 85' lang='lat' dir='ltr'>ergo</span> <span class='ocrx_word' id='word_1_917' title='bbox 2093 1841 2312 1882; x_wconf 89' lang='lat' dir='ltr'>Philosophus</span> <span class='ocrx_word' id='word_1_918' title='bbox 2334 1843 2457 1882; x_wconf 90' lang='lat' dir='ltr'>passio-</span> 
     </span>
     <span class='ocr_line' id='line_1_115' title="bbox 1384 1886 2458 1927; baseline 0.001 -11"><span class='ocrx_word' id='word_1_919' title='bbox 1384 1895 1462 1916; x_wconf 92' lang='lat' dir='ltr'>nem</span> <span class='ocrx_word' id='word_1_920' title='bbox 1478 1886 1604 1916; x_wconf 89' lang='lat' dir='ltr'>animae</span> <span class='ocrx_word' id='word_1_921' title='bbox 1628 1895 1840 1916; x_wconf 88' lang='lat' dir='ltr'>communem</span> <span class='ocrx_word' id='word_1_922' title='bbox 1863 1895 1947 1927; x_wconf 82' lang='lat' dir='ltr'>quae</span> <span class='ocrx_word' id='word_1_923' title='bbox 1962 1890 2010 1916; x_wconf 86' lang='lat' dir='ltr'>est</span> <span class='ocrx_word' id='word_1_924' title='bbox 2024 1891 2055 1916; x_wconf 88' lang='lat' dir='ltr'>et</span> <span class='ocrx_word' id='word_1_925' title='bbox 2078 1886 2179 1926; x_wconf 85' lang='lat' dir='ltr'>ipsius</span> <span class='ocrx_word' id='word_1_926' title='bbox 2201 1886 2331 1917; x_wconf 87' lang='lat' dir='ltr'>animae</span> <span class='ocrx_word' id='word_1_927' title='bbox 2351 1892 2383 1917; x_wconf 89' lang='lat' dir='ltr'>et</span> <span class='ocrx_word' id='word_1_928' title='bbox 2400 1887 2458 1917; x_wconf 83' lang='lat' dir='ltr'>ha-</span> 
     </span>
     <span class='ocr_line' id='line_1_116' title="bbox 1384 1929 2456 1971; baseline 0.001 -10"><span class='ocrx_word' id='word_1_929' title='bbox 1384 1930 1497 1961; x_wconf 86' lang='lat' dir='ltr'>bentis.</span> <span class='ocrx_word' id='word_1_930' title='bbox 1517 1929 1582 1961; x_wconf 90' lang='lat' dir='ltr'>Sed</span> <span class='ocrx_word' id='word_1_931' title='bbox 1604 1931 1738 1961; x_wconf 89' lang='lat' dir='ltr'>nomine</span> <span class='ocrx_word' id='word_1_932' title='bbox 1760 1930 1907 1961; x_wconf 81' lang='lat' dir='ltr'>habentis</span> <span class='ocrx_word' id='word_1_933' title='bbox 1930 1936 2055 1961; x_wconf 88' lang='lat' dir='ltr'>certum</span> <span class='ocrx_word' id='word_1_934' title='bbox 2079 1936 2126 1961; x_wconf 89' lang='lat' dir='ltr'>est</span> <span class='ocrx_word' id='word_1_935' title='bbox 2148 1931 2257 1970; x_wconf 88' lang='lat' dir='ltr'>ipsum</span> <span class='ocrx_word' id='word_1_936' title='bbox 2280 1931 2456 1971; x_wconf 84' lang='lat' dir='ltr'>intelligere</span> 
     </span>
     <span class='ocr_line' id='line_1_117' title="bbox 1385 1974 2457 2015; baseline 0.002 -10"><span class='ocrx_word' id='word_1_937' title='bbox 1385 1984 1504 2015; x_wconf 90' lang='lat' dir='ltr'>corpus</span> <span class='ocrx_word' id='word_1_938' title='bbox 1521 1975 1711 2015; x_wconf 88' lang='lat' dir='ltr'>organicum</span> <span class='ocrx_word' id='word_1_939' title='bbox 1723 1975 1776 2005; x_wconf 92' lang='lat' dir='ltr'>cui</span> <span class='ocrx_word' id='word_1_940' title='bbox 1791 1975 1938 2015; x_wconf 88' lang='lat' dir='ltr'>potentia</span> <span class='ocrx_word' id='word_1_941' title='bbox 1952 1975 2079 2005; x_wconf 86' lang='lat' dir='ltr'>animae</span> <span class='ocrx_word' id='word_1_942' title='bbox 2095 1980 2142 2005; x_wconf 90' lang='lat' dir='ltr'>est</span> <span class='ocrx_word' id='word_1_943' title='bbox 2157 1974 2265 2006; x_wconf 86' lang='lat' dir='ltr'>affixa:</span> <span class='ocrx_word' id='word_1_944' title='bbox 2283 1975 2359 2015; x_wconf 91' lang='lat' dir='ltr'>quia</span> <span class='ocrx_word' id='word_1_945' title='bbox 2377 1975 2457 2007; x_wconf 91' lang='lat' dir='ltr'>illud</span> 
     </span>
     <span class='ocr_line' id='line_1_118' title="bbox 1386 2019 2455 2060; baseline 0.001 -11"><span class='ocrx_word' id='word_1_946' title='bbox 1386 2019 1482 2050; x_wconf 91' lang='lat' dir='ltr'>habet</span> <span class='ocrx_word' id='word_1_947' title='bbox 1493 2019 1684 2059; x_wconf 90' lang='lat' dir='ltr'>potentiam,</span> <span class='ocrx_word' id='word_1_948' title='bbox 1697 2029 1765 2049; x_wconf 91' lang='lat' dir='ltr'>non</span> <span class='ocrx_word' id='word_1_949' title='bbox 1777 2024 1887 2050; x_wconf 89' lang='lat' dir='ltr'>autem</span> <span class='ocrx_word' id='word_1_950' title='bbox 1899 2019 2075 2050; x_wconf 85' lang='lat' dir='ltr'>obiectum.</span> <span class='ocrx_word' id='word_1_951' title='bbox 2088 2019 2174 2059; x_wconf 88' lang='lat' dir='ltr'>Ergo</span> <span class='ocrx_word' id='word_1_952' title='bbox 2188 2025 2219 2050; x_wconf 90' lang='lat' dir='ltr'>et</span> <span class='ocrx_word' id='word_1_953' title='bbox 2231 2020 2275 2050; x_wconf 92' lang='lat' dir='ltr'>ibi</span> <span class='ocrx_word' id='word_1_954' title='bbox 2281 2020 2455 2060; x_wconf 88' lang='lat' dir='ltr'>proprium</span> 
     </span>
     <span class='ocr_line' id='line_1_119' title="bbox 1386 2063 2455 2105; baseline 0.001 -11"><span class='ocrx_word' id='word_1_955' title='bbox 1386 2064 1518 2094; x_wconf 88' lang='lat' dir='ltr'>animae</span> <span class='ocrx_word' id='word_1_956' title='bbox 1543 2064 1661 2104; x_wconf 89' lang='lat' dir='ltr'>accipit</span> <span class='ocrx_word' id='word_1_957' title='bbox 1690 2063 1778 2105; x_wconf 85' lang='lat' dir='ltr'>quod</span> <span class='ocrx_word' id='word_1_958' title='bbox 1810 2063 1874 2094; x_wconf 85' lang='lat' dir='ltr'>soli</span> <span class='ocrx_word' id='word_1_959' title='bbox 1903 2063 2034 2094; x_wconf 84' lang='lat' dir='ltr'>animae</span> <span class='ocrx_word' id='word_1_960' title='bbox 2062 2063 2222 2100; x_wconf 82' lang='lat' dir='ltr'>convenit,</span> <span class='ocrx_word' id='word_1_961' title='bbox 2250 2073 2319 2094; x_wconf 93' lang='lat' dir='ltr'>non</span> <span class='ocrx_word' id='word_1_962' title='bbox 2347 2070 2455 2095; x_wconf 90' lang='lat' dir='ltr'>autem</span> 
     </span>
     <span class='ocr_line' id='line_1_120' title="bbox 1386 2108 2456 2149; baseline 0.001 -11"><span class='ocrx_word' id='word_1_963' title='bbox 1386 2109 1446 2138; x_wconf 91' lang='lat' dir='ltr'>sibi</span> <span class='ocrx_word' id='word_1_964' title='bbox 1462 2114 1494 2139; x_wconf 92' lang='lat' dir='ltr'>et</span> <span class='ocrx_word' id='word_1_965' title='bbox 1508 2109 1649 2144; x_wconf 86' lang='lat' dir='ltr'>habenti,</span> <span class='ocrx_word' id='word_1_966' title='bbox 1666 2109 1733 2139; x_wconf 91' lang='lat' dir='ltr'>sive</span> <span class='ocrx_word' id='word_1_967' title='bbox 1749 2118 1884 2148; x_wconf 87' lang='lat' dir='ltr'>organo.</span> <span class='ocrx_word' id='word_1_968' title='bbox 1901 2108 1987 2148; x_wconf 84' lang='lat' dir='ltr'>Ergo</span> <span class='ocrx_word' id='word_1_969' title='bbox 2003 2117 2072 2138; x_wconf 91' lang='lat' dir='ltr'>non</span> <span class='ocrx_word' id='word_1_970' title='bbox 2095 2109 2212 2148; x_wconf 88' lang='lat' dir='ltr'>accipit</span> <span class='ocrx_word' id='word_1_971' title='bbox 2222 2108 2396 2149; x_wconf 87' lang='lat' dir='ltr'>proprium</span> <span class='ocrx_word' id='word_1_972' title='bbox 2420 2115 2456 2140; x_wconf 88' lang='lat' dir='ltr'>ut</span> 
     </span>
     <span class='ocr_line' id='line_1_121' title="bbox 1386 2152 2456 2194; baseline 0 -10"><span class='ocrx_word' id='word_1_973' title='bbox 1386 2152 1527 2184; x_wconf 87' lang='lat' dir='ltr'>excludit</span> <span class='ocrx_word' id='word_1_974' title='bbox 1550 2162 1670 2193; x_wconf 85' lang='lat' dir='ltr'>corpus</span> <span class='ocrx_word' id='word_1_975' title='bbox 1685 2153 1848 2188; x_wconf 75' lang='lat' dir='ltr'>obiective,</span> <span class='ocrx_word' id='word_1_976' title='bbox 1865 2152 1922 2183; x_wconf 91' lang='lat' dir='ltr'>sed</span> <span class='ocrx_word' id='word_1_977' title='bbox 1938 2158 1974 2183; x_wconf 89' lang='lat' dir='ltr'>ut</span> <span class='ocrx_word' id='word_1_978' title='bbox 1997 2152 2139 2183; x_wconf 88' lang='lat' dir='ltr'>excludit</span> <span class='ocrx_word' id='word_1_979' title='bbox 2154 2162 2274 2193; x_wconf 91' lang='lat' dir='ltr'>corpus</span> <span class='ocrx_word' id='word_1_980' title='bbox 2298 2154 2456 2194; x_wconf 81' lang='lat' dir='ltr'>organice</span> 
     </span>
     <span class='ocr_line' id='line_1_122' title="bbox 1387 2197 2456 2237; baseline 0 -9"><span class='ocrx_word' id='word_1_981' title='bbox 1387 2203 1419 2228; x_wconf 84' lang='lat' dir='ltr'>et</span> <span class='ocrx_word' id='word_1_982' title='bbox 1441 2198 1743 2228; x_wconf 84' lang='lat' dir='ltr'>instrumentaliter.</span> <span class='ocrx_word' id='word_1_983' title='bbox 1761 2198 1847 2237; x_wconf 88' lang='lat' dir='ltr'>Ergo</span> <span class='ocrx_word' id='word_1_984' title='bbox 1864 2206 1951 2234; x_wconf 89' lang='lat' dir='ltr'>cum,</span> <span class='ocrx_word' id='word_1_985' title='bbox 1968 2198 2001 2227; x_wconf 90' lang='lat' dir='ltr'>in</span> <span class='ocrx_word' id='word_1_986' title='bbox 2017 2202 2108 2228; x_wconf 88' lang='lat' dir='ltr'>textu</span> <span class='ocrx_word' id='word_1_987' title='bbox 2128 2197 2176 2233; x_wconf 82' lang='lat'>13,</span> <span class='ocrx_word' id='word_1_988' title='bbox 2195 2206 2233 2228; x_wconf 92' lang='lat' dir='ltr'>ex</span> <span class='ocrx_word' id='word_1_989' title='bbox 2254 2197 2456 2228; x_wconf 86' lang='lat' dir='ltr'>dubitatione</span> 
     </span>
     <span class='ocr_line' id='line_1_123' title="bbox 1386 2241 2458 2283; baseline 0 -10"><span class='ocrx_word' id='word_1_990' title='bbox 1386 2248 1476 2273; x_wconf 90' lang='lat' dir='ltr'>mota</span> <span class='ocrx_word' id='word_1_991' title='bbox 1500 2242 1630 2273; x_wconf 90' lang='lat' dir='ltr'>deducit</span> <span class='ocrx_word' id='word_1_992' title='bbox 1661 2251 1732 2273; x_wconf 90' lang='lat' dir='ltr'>eam</span> <span class='ocrx_word' id='word_1_993' title='bbox 1763 2241 2028 2278; x_wconf 86' lang='lat' dir='ltr'>conditionalem,</span> <span class='ocrx_word' id='word_1_994' title='bbox 2060 2241 2096 2272; x_wconf 86' lang='lat' dir='ltr'>Si</span> <span class='ocrx_word' id='word_1_995' title='bbox 2123 2241 2249 2283; x_wconf 85' lang='lat' dir='ltr'>quidem</span> <span class='ocrx_word' id='word_1_996' title='bbox 2279 2242 2382 2283; x_wconf 81' lang='lat' dir='ltr'>igitur</span> <span class='ocrx_word' id='word_1_997' title='bbox 2409 2247 2458 2273; x_wconf 91' lang='lat' dir='ltr'>est</span> 
     </span>
     <span class='ocr_line' id='line_1_124' title="bbox 1386 2286 2455 2329; baseline -0.002 -11"><span class='ocrx_word' id='word_1_998' title='bbox 1386 2287 1511 2329; x_wconf 84' lang='lat' dir='ltr'>aliquid</span> <span class='ocrx_word' id='word_1_999' title='bbox 1540 2287 1671 2318; x_wconf 86' lang='lat' dir='ltr'>animae</span> <span class='ocrx_word' id='word_1_1000' title='bbox 1699 2296 1833 2327; x_wconf 88' lang='lat' dir='ltr'>operum</span> <span class='ocrx_word' id='word_1_1001' title='bbox 1864 2291 1922 2317; x_wconf 87' lang='lat' dir='ltr'>aut</span> <span class='ocrx_word' id='word_1_1002' title='bbox 1947 2286 2140 2327; x_wconf 86' lang='lat' dir='ltr'>passionum</span> <span class='ocrx_word' id='word_1_1003' title='bbox 2162 2287 2349 2327; x_wconf 88' lang='lat' dir='ltr'>proprium,</span> <span class='ocrx_word' id='word_1_1004' title='bbox 2379 2296 2455 2317; x_wconf 88' lang='lat' dir='ltr'>con-</span> 
     </span>
     <span class='ocr_line' id='line_1_125' title="bbox 1385 2331 2457 2374; baseline 0 -12"><span class='ocrx_word' id='word_1_1005' title='bbox 1385 2332 1490 2374; x_wconf 79' lang='lat' dir='ltr'>tinget</span> <span class='ocrx_word' id='word_1_1006' title='bbox 1513 2332 1622 2372; x_wconf 86' lang='lat' dir='ltr'>utique</span> <span class='ocrx_word' id='word_1_1007' title='bbox 1645 2331 1748 2371; x_wconf 88' lang='lat' dir='ltr'>ipsam</span> <span class='ocrx_word' id='word_1_1008' title='bbox 1771 2331 1930 2372; x_wconf 87' lang='lat' dir='ltr'>separari,</span> <span class='ocrx_word' id='word_1_1009' title='bbox 1956 2331 2112 2371; x_wconf 88' lang='lat' dir='ltr'>accipitur</span> <span class='ocrx_word' id='word_1_1010' title='bbox 2126 2331 2303 2372; x_wconf 72' lang='lat' dir='ltr'>vproprium</span> <span class='ocrx_word' id='word_1_1011' title='bbox 2327 2331 2457 2362; x_wconf 86' lang='lat' dir='ltr'>animae</span> 
     </span>
     <span class='ocr_line' id='line_1_126' title="bbox 1385 2375 2457 2417; baseline -0.001 -10"><span class='ocrx_word' id='word_1_1012' title='bbox 1385 2381 1422 2407; x_wconf 94' lang='lat' dir='ltr'>ut</span> <span class='ocrx_word' id='word_1_1013' title='bbox 1449 2375 1591 2407; x_wconf 87' lang='lat' dir='ltr'>excludit</span> <span class='ocrx_word' id='word_1_1014' title='bbox 1620 2385 1739 2416; x_wconf 86' lang='lat' dir='ltr'>corpus</span> <span class='ocrx_word' id='word_1_1015' title='bbox 1769 2375 1983 2417; x_wconf 83' lang='lat' dir='ltr'>organicum,</span> <span class='ocrx_word' id='word_1_1016' title='bbox 2011 2384 2079 2406; x_wconf 92' lang='lat' dir='ltr'>non</span> <span class='ocrx_word' id='word_1_1017' title='bbox 2111 2381 2221 2406; x_wconf 89' lang='lat' dir='ltr'>autem</span> <span class='ocrx_word' id='word_1_1018' title='bbox 2249 2381 2286 2406; x_wconf 93' lang='lat' dir='ltr'>ut</span> <span class='ocrx_word' id='word_1_1019' title='bbox 2315 2375 2457 2406; x_wconf 86' lang='lat' dir='ltr'>excludit</span> 
     </span>
     <span class='ocr_line' id='line_1_127' title="bbox 1383 2419 2058 2462; baseline -0.001 -11"><span class='ocrx_word' id='word_1_1020' title='bbox 1383 2431 1503 2462; x_wconf 87' lang='lat' dir='ltr'>corpus</span> <span class='ocrx_word' id='word_1_1021' title='bbox 1527 2421 1695 2456; x_wconf 85' lang='lat' dir='ltr'>obiectum,</span> <span class='ocrx_word' id='word_1_1022' title='bbox 1721 2426 1756 2451; x_wconf 90' lang='lat' dir='ltr'>ut</span> <span class='ocrx_word' id='word_1_1023' title='bbox 1778 2420 1947 2460; x_wconf 90' lang='lat' dir='ltr'>responsio</span> <span class='ocrx_word' id='word_1_1024' title='bbox 1971 2419 2058 2450; x_wconf 88' lang='lat' dir='ltr'>dicit.</span> 
     </span>
    </p>

    <p class='ocr_par' dir='ltr' id='par_1_21' title="bbox 1379 2464 2458 2951">
     <span class='ocr_line' id='line_1_128' title="bbox 1440 2464 2458 2505; baseline -0.001 -9"><span class='ocrx_word' id='word_1_1025' title='bbox 1440 2465 1505 2497; x_wconf 89' lang='lat' dir='ltr'>Sed</span> <span class='ocrx_word' id='word_1_1026' title='bbox 1527 2475 1588 2496; x_wconf 91' lang='lat' dir='ltr'>nec</span> <span class='ocrx_word' id='word_1_1027' title='bbox 1610 2466 1712 2505; x_wconf 88' lang='lat' dir='ltr'>ipsius</span> <span class='ocrx_word' id='word_1_1028' title='bbox 1734 2465 1955 2505; x_wconf 89' lang='lat' dir='ltr'>responsionis</span> <span class='ocrx_word' id='word_1_1029' title='bbox 1981 2464 2184 2495; x_wconf 91' lang='lat' dir='ltr'>confirmatio</span> <span class='ocrx_word' id='word_1_1030' title='bbox 2208 2464 2301 2494; x_wconf 89' lang='lat' dir='ltr'>valet.</span> <span class='ocrx_word' id='word_1_1031' title='bbox 2331 2464 2458 2495; x_wconf 90' lang='lat' dir='ltr'>Dicitur</span> 
     </span>
     <span class='ocr_line' id='line_1_129' title="bbox 1384 2508 2458 2548; baseline -0.001 -7"><span class='ocrx_word' id='word_1_1032' title='bbox 1384 2510 1482 2547; x_wconf 88' lang='lat' dir='ltr'>enim,</span> <span class='ocrx_word' id='word_1_1033' title='bbox 1506 2509 1688 2541; x_wconf 90' lang='lat' dir='ltr'>secundum</span> <span class='ocrx_word' id='word_1_1034' title='bbox 1711 2509 1818 2540; x_wconf 89' lang='lat' dir='ltr'>Sancti</span> <span class='ocrx_word' id='word_1_1035' title='bbox 1838 2509 1986 2540; x_wconf 89' lang='lat' dir='ltr'>Thomae</span> <span class='ocrx_word' id='word_1_1036' title='bbox 2002 2509 2311 2548; x_wconf 86' lang='lat' dir='ltr'>interpretationem,</span> <span class='ocrx_word' id='word_1_1037' title='bbox 2334 2509 2368 2539; x_wconf 92' lang='lat' dir='ltr'>in</span> <span class='ocrx_word' id='word_1_1038' title='bbox 2392 2508 2458 2540; x_wconf 88' lang='lat' dir='ltr'>fine</span> 
     </span>
     <span class='ocr_line' id='line_1_130' title="bbox 1385 2552 2455 2595; baseline -0.001 -10"><span class='ocrx_word' id='word_1_1039' title='bbox 1385 2555 1597 2595; x_wconf 89' lang='lat' dir='ltr'>expositionis</span> <span class='ocrx_word' id='word_1_1040' title='bbox 1619 2554 1705 2585; x_wconf 89' lang='lat' dir='ltr'>illius</span> <span class='ocrx_word' id='word_1_1041' title='bbox 1728 2559 1834 2584; x_wconf 88' lang='lat' dir='ltr'>textus</span> <span class='ocrx_word' id='word_1_1042' title='bbox 1859 2561 1896 2583; x_wconf 79' lang='lat'>12</span> <span class='ocrx_word' id='word_1_1043' title='bbox 1914 2554 1941 2590; x_wconf 63' lang='lat'>³,</span> <span class='ocrx_word' id='word_1_1044' title='bbox 1966 2552 2057 2593; x_wconf 91' lang='lat' dir='ltr'>quod</span> <span class='ocrx_word' id='word_1_1045' title='bbox 2080 2553 2168 2583; x_wconf 91' lang='lat' dir='ltr'>illam</span> <span class='ocrx_word' id='word_1_1046' title='bbox 2191 2552 2455 2590; x_wconf 86' lang='lat' dir='ltr'>conditionalem,</span> 
     </span>
     <span class='ocr_line' id='line_1_131' title="bbox 1384 2597 2457 2639; baseline -0.002 -10"><span class='ocrx_word' id='word_1_1047' title='bbox 1384 2599 1515 2635; x_wconf 90' lang='lat' dir='ltr'>scilicet,</span> <span class='ocrx_word' id='word_1_1048' title='bbox 1540 2599 1576 2629; x_wconf 85' lang='lat' dir='ltr'>Si</span> <span class='ocrx_word' id='word_1_1049' title='bbox 1599 2603 1707 2629; x_wconf 87' lang='lat' dir='ltr'>autem</span> <span class='ocrx_word' id='word_1_1050' title='bbox 1730 2598 1792 2628; x_wconf 90' lang='lat' dir='ltr'>hoc</span> <span class='ocrx_word' id='word_1_1051' title='bbox 1809 2597 1987 2639; x_wconf 81' lang='lat' dir='ltr'>phantasia</span> <span class='ocrx_word' id='word_1_1052' title='bbox 2011 2597 2181 2638; x_wconf 85' lang='lat' dir='ltr'>quaedam,</span> <span class='ocrx_word' id='word_1_1053' title='bbox 2212 2602 2271 2627; x_wconf 85' lang='lat' dir='ltr'>aut</span> <span class='ocrx_word' id='word_1_1054' title='bbox 2297 2606 2362 2627; x_wconf 91' lang='lat' dir='ltr'>non</span> <span class='ocrx_word' id='word_1_1055' title='bbox 2386 2597 2457 2628; x_wconf 87' lang='lat' dir='ltr'>sine</span> 
     </span>
     <span class='ocr_line' id='line_1_132' title="bbox 1379 2641 2457 2684; baseline -0.003 -10"><span class='ocrx_word' id='word_1_1056' title='bbox 1379 2643 1568 2684; x_wconf 84' lang='lat' dir='ltr'>phantasia,</span> <span class='ocrx_word' id='word_1_1057' title='bbox 1595 2653 1660 2673; x_wconf 90' lang='lat' dir='ltr'>non</span> <span class='ocrx_word' id='word_1_1058' title='bbox 1685 2642 1854 2684; x_wconf 79' lang='lat' dir='ltr'>continget</span> <span class='ocrx_word' id='word_1_1059' title='bbox 1877 2642 1987 2682; x_wconf 84' lang='lat' dir='ltr'>utique</span> <span class='ocrx_word' id='word_1_1060' title='bbox 2010 2651 2112 2682; x_wconf 84' lang='lat' dir='ltr'>neque</span> <span class='ocrx_word' id='word_1_1061' title='bbox 2140 2642 2202 2671; x_wconf 82' lang='lat' dir='ltr'>hoc</span> <span class='ocrx_word' id='word_1_1062' title='bbox 2224 2641 2295 2671; x_wconf 86' lang='lat' dir='ltr'>sine</span> <span class='ocrx_word' id='word_1_1063' title='bbox 2317 2651 2457 2682; x_wconf 78' lang='lat' dir='ltr'>corpore</span> 
     </span>
     <span class='ocr_line' id='line_1_133' title="bbox 1384 2686 2455 2727; baseline -0.002 -9"><span class='ocrx_word' id='word_1_1064' title='bbox 1384 2697 1462 2724; x_wconf 88' lang='lat' dir='ltr'>esse,</span> <span class='ocrx_word' id='word_1_1065' title='bbox 1486 2697 1555 2718; x_wconf 88' lang='lat' dir='ltr'>non</span> <span class='ocrx_word' id='word_1_1066' title='bbox 1578 2687 1751 2727; x_wconf 90' lang='lat' dir='ltr'>proposuit</span> <span class='ocrx_word' id='word_1_1067' title='bbox 1774 2686 1963 2717; x_wconf 83' lang='lat' dir='ltr'>Aristoteles</span> <span class='ocrx_word' id='word_1_1068' title='bbox 1978 2692 2134 2726; x_wconf 87' lang='lat' dir='ltr'>tanquam</span> <span class='ocrx_word' id='word_1_1069' title='bbox 2151 2695 2261 2716; x_wconf 90' lang='lat' dir='ltr'>veram</span> <span class='ocrx_word' id='word_1_1070' title='bbox 2285 2691 2317 2716; x_wconf 90' lang='lat' dir='ltr'>et</span> <span class='ocrx_word' id='word_1_1071' title='bbox 2339 2695 2455 2716; x_wconf 91' lang='lat' dir='ltr'>secun-</span> 
     </span>
     <span class='ocr_line' id='line_1_134' title="bbox 1385 2730 2456 2772; baseline -0.003 -9"><span class='ocrx_word' id='word_1_1072' title='bbox 1385 2732 1466 2763; x_wconf 88' lang='lat' dir='ltr'>dum</span> <span class='ocrx_word' id='word_1_1073' title='bbox 1495 2741 1588 2763; x_wconf 90' lang='lat' dir='ltr'>suam</span> <span class='ocrx_word' id='word_1_1074' title='bbox 1618 2732 1821 2772; x_wconf 89' lang='lat' dir='ltr'>opinionem,</span> <span class='ocrx_word' id='word_1_1075' title='bbox 1849 2730 1906 2762; x_wconf 91' lang='lat' dir='ltr'>sed</span> <span class='ocrx_word' id='word_1_1076' title='bbox 1935 2736 2091 2770; x_wconf 90' lang='lat' dir='ltr'>tanquam</span> <span class='ocrx_word' id='word_1_1077' title='bbox 2118 2735 2338 2771; x_wconf 89' lang='lat' dir='ltr'>apparentem.</span> <span class='ocrx_word' id='word_1_1078' title='bbox 2368 2730 2456 2761; x_wconf 92' lang='lat' dir='ltr'>Cum</span> 
     </span>
     <span class='ocr_line' id='line_1_135' title="bbox 1385 2774 2455 2816; baseline -0.003 -9"><span class='ocrx_word' id='word_1_1079' title='bbox 1385 2778 1474 2808; x_wconf 90' lang='lat' dir='ltr'>enim</span> <span class='ocrx_word' id='word_1_1080' title='bbox 1497 2777 1617 2807; x_wconf 89' lang='lat' dir='ltr'>dictam</span> <span class='ocrx_word' id='word_1_1081' title='bbox 1645 2776 1871 2816; x_wconf 87' lang='lat' dir='ltr'>quaestionem</span> <span class='ocrx_word' id='word_1_1082' title='bbox 1898 2776 2132 2816; x_wconf 88' lang='lat' dir='ltr'>proposuisset,</span> <span class='ocrx_word' id='word_1_1083' title='bbox 2156 2774 2298 2806; x_wconf 88' lang='lat' dir='ltr'>ostendit</span> <span class='ocrx_word' id='word_1_1084' title='bbox 2326 2784 2455 2805; x_wconf 86' lang='lat' dir='ltr'>causam</span> 
     </span>
     <span class='ocr_line' id='line_1_136' title="bbox 1385 2819 2456 2861; baseline -0.003 -9"><span class='ocrx_word' id='word_1_1085' title='bbox 1385 2821 1594 2853; x_wconf 86' lang='lat' dir='ltr'>difficultatis:</span> <span class='ocrx_word' id='word_1_1086' title='bbox 1620 2821 1696 2861; x_wconf 90' lang='lat' dir='ltr'>quia</span> <span class='ocrx_word' id='word_1_1087' title='bbox 1718 2820 1868 2852; x_wconf 86' lang='lat' dir='ltr'>videlicet</span> <span class='ocrx_word' id='word_1_1088' title='bbox 1890 2820 2048 2861; x_wconf 89' lang='lat' dir='ltr'>plurimae</span> <span class='ocrx_word' id='word_1_1089' title='bbox 2064 2819 2213 2850; x_wconf 90' lang='lat' dir='ltr'>videntur</span> <span class='ocrx_word' id='word_1_1090' title='bbox 2236 2819 2362 2849; x_wconf 88' lang='lat' dir='ltr'>animae</span> <span class='ocrx_word' id='word_1_1091' title='bbox 2384 2829 2456 2860; x_wconf 90' lang='lat' dir='ltr'>pas-</span> 
     </span>
     <span class='ocr_line' id='line_1_137' title="bbox 1385 2863 2456 2906; baseline -0.003 -9"><span class='ocrx_word' id='word_1_1092' title='bbox 1385 2867 1494 2897; x_wconf 90' lang='lat' dir='ltr'>siones</span> <span class='ocrx_word' id='word_1_1093' title='bbox 1517 2875 1586 2896; x_wconf 91' lang='lat' dir='ltr'>non</span> <span class='ocrx_word' id='word_1_1094' title='bbox 1609 2866 1678 2896; x_wconf 88' lang='lat' dir='ltr'>sine</span> <span class='ocrx_word' id='word_1_1095' title='bbox 1702 2874 1840 2906; x_wconf 88' lang='lat' dir='ltr'>corpore</span> <span class='ocrx_word' id='word_1_1096' title='bbox 1863 2865 1930 2905; x_wconf 86' lang='lat' dir='ltr'>pati</span> <span class='ocrx_word' id='word_1_1097' title='bbox 1946 2870 2001 2895; x_wconf 89' lang='lat' dir='ltr'>aut</span> <span class='ocrx_word' id='word_1_1098' title='bbox 2023 2863 2143 2901; x_wconf 86' lang='lat' dir='ltr'>facere;</span> <span class='ocrx_word' id='word_1_1099' title='bbox 2168 2869 2200 2894; x_wconf 93' lang='lat' dir='ltr'>et</span> <span class='ocrx_word' id='word_1_1100' title='bbox 2226 2863 2317 2904; x_wconf 91' lang='lat' dir='ltr'>quod</span> <span class='ocrx_word' id='word_1_1101' title='bbox 2339 2863 2456 2894; x_wconf 89' lang='lat' dir='ltr'>intelli-</span> 
     </span>
     <span class='ocr_line' id='line_1_138' title="bbox 1384 2908 2456 2951; baseline -0.003 -10"><span class='ocrx_word' id='word_1_1102' title='bbox 1384 2920 1459 2951; x_wconf 85' lang='lat' dir='ltr'>gere</span> <span class='ocrx_word' id='word_1_1103' title='bbox 1482 2911 1622 2941; x_wconf 89' lang='lat' dir='ltr'>maxime</span> <span class='ocrx_word' id='word_1_1104' title='bbox 1646 2910 1838 2941; x_wconf 90' lang='lat' dir='ltr'>assimilatur</span> <span class='ocrx_word' id='word_1_1105' title='bbox 1853 2909 1998 2950; x_wconf 90' lang='lat' dir='ltr'>proprio,</span> <span class='ocrx_word' id='word_1_1106' title='bbox 2015 2908 2071 2939; x_wconf 92' lang='lat' dir='ltr'>sed</span> <span class='ocrx_word' id='word_1_1107' title='bbox 2085 2914 2194 2939; x_wconf 87' lang='lat' dir='ltr'>tamen</span> <span class='ocrx_word' id='word_1_1108' title='bbox 2217 2918 2325 2948; x_wconf 88' lang='lat' dir='ltr'>neque</span> <span class='ocrx_word' id='word_1_1109' title='bbox 2348 2909 2456 2948; x_wconf 89' lang='lat' dir='ltr'>ipsum</span> 
     </span>
    </p>
   </div>
   <div class='ocr_carea' id='block_1_14' title="bbox 1372 2953 2457 2995">
    <p class='ocr_par' dir='ltr' id='par_1_22' title="bbox 1372 2953 2457 2995">
     <span class='ocr_line' id='line_1_139' title="bbox 1372 2953 2457 2995; baseline -0.004 -9"><span class='ocrx_word' id='word_1_1110' title='bbox 1372 2961 1434 2986; x_wconf 84' lang='lat' dir='ltr'>·est</span> <span class='ocrx_word' id='word_1_1111' title='bbox 1456 2955 1637 2995; x_wconf 89' lang='lat' dir='ltr'>proprium,</span> <span class='ocrx_word' id='word_1_1112' title='bbox 1662 2954 1784 2985; x_wconf 88' lang='lat' dir='ltr'>scilicet</span> <span class='ocrx_word' id='word_1_1113' title='bbox 1811 2953 1992 2984; x_wconf 91' lang='lat' dir='ltr'>secundum</span> <span class='ocrx_word' id='word_1_1114' title='bbox 2022 2953 2252 2994; x_wconf 90' lang='lat' dir='ltr'>apparentiam,</span> <span class='ocrx_word' id='word_1_1115' title='bbox 2277 2953 2303 2983; x_wconf 89' lang='lat' dir='ltr'>si</span> <span class='ocrx_word' id='word_1_1116' title='bbox 2331 2958 2387 2983; x_wconf 85' lang='lat' dir='ltr'>aut</span> <span class='ocrx_word' id='word_1_1117' title='bbox 2410 2958 2457 2983; x_wconf 90' lang='lat' dir='ltr'>est</span> 
     </span>
    </p>
   </div>
   <div class='ocr_carea' id='block_1_15' title="bbox 1384 2998 2460 3663">
    <p class='ocr_par' dir='ltr' id='par_1_23' title="bbox 1384 2998 2460 3663">
     <span class='ocr_line' id='line_1_140' title="bbox 1384 2998 2457 3040; baseline -0.003 -10"><span class='ocrx_word' id='word_1_1118' title='bbox 1384 3000 1562 3040; x_wconf 88' lang='lat' dir='ltr'>phantasia,</span> <span class='ocrx_word' id='word_1_1119' title='bbox 1587 3004 1643 3030; x_wconf 88' lang='lat' dir='ltr'>aut</span> <span class='ocrx_word' id='word_1_1120' title='bbox 1666 3008 1734 3030; x_wconf 91' lang='lat' dir='ltr'>non</span> <span class='ocrx_word' id='word_1_1121' title='bbox 1758 3004 1806 3030; x_wconf 88' lang='lat' dir='ltr'>est</span> <span class='ocrx_word' id='word_1_1122' title='bbox 1829 2999 1898 3029; x_wconf 92' lang='lat' dir='ltr'>sine</span> <span class='ocrx_word' id='word_1_1123' title='bbox 1926 2999 2103 3039; x_wconf 88' lang='lat' dir='ltr'>phantasia.</span> <span class='ocrx_word' id='word_1_1124' title='bbox 2132 2998 2211 3028; x_wconf 88' lang='lat' dir='ltr'>Esse</span> <span class='ocrx_word' id='word_1_1125' title='bbox 2235 2998 2321 3028; x_wconf 89' lang='lat' dir='ltr'>enim</span> <span class='ocrx_word' id='word_1_1126' title='bbox 2348 2998 2457 3037; x_wconf 84' lang='lat' dir='ltr'>ipsum</span> 
     </span>
     <span class='ocr_line' id='line_1_141' title="bbox 1385 3041 2457 3084; baseline -0.004 -9"><span class='ocrx_word' id='word_1_1127' title='bbox 1385 3045 1598 3084; x_wconf 85' lang='lat' dir='ltr'>phantasiam,</span> <span class='ocrx_word' id='word_1_1128' title='bbox 1621 3049 1659 3074; x_wconf 88' lang='lat' dir='ltr'>ut</span> <span class='ocrx_word' id='word_1_1129' title='bbox 1681 3044 1811 3074; x_wconf 89' lang='lat' dir='ltr'>volebat</span> <span class='ocrx_word' id='word_1_1130' title='bbox 1834 3043 1936 3080; x_wconf 88' lang='lat' dir='ltr'>Plato,</span> <span class='ocrx_word' id='word_1_1131' title='bbox 1961 3043 2074 3083; x_wconf 91' lang='lat' dir='ltr'>utique</span> <span class='ocrx_word' id='word_1_1132' title='bbox 2098 3041 2331 3073; x_wconf 86' lang='lat' dir='ltr'>demonstraret</span> <span class='ocrx_word' id='word_1_1133' title='bbox 2349 3042 2457 3081; x_wconf 90' lang='lat' dir='ltr'>ipsum</span> 
     </span>
     <span class='ocr_line' id='line_1_142' title="bbox 1387 3085 2456 3130; baseline -0.004 -11"><span class='ocrx_word' id='word_1_1134' title='bbox 1387 3089 1513 3130; x_wconf 85' lang='lat' dir='ltr'>exigere</span> <span class='ocrx_word' id='word_1_1135' title='bbox 1537 3098 1734 3129; x_wconf 89' lang='lat' dir='ltr'>corporeum</span> <span class='ocrx_word' id='word_1_1136' title='bbox 1761 3089 2023 3124; x_wconf 88' lang='lat' dir='ltr'>instrumentum,</span> <span class='ocrx_word' id='word_1_1137' title='bbox 2047 3087 2131 3118; x_wconf 86' lang='lat' dir='ltr'>sicut</span> <span class='ocrx_word' id='word_1_1138' title='bbox 2155 3092 2186 3117; x_wconf 90' lang='lat' dir='ltr'>et</span> <span class='ocrx_word' id='word_1_1139' title='bbox 2208 3086 2383 3126; x_wconf 81' lang='lat' dir='ltr'>phantasia.</span> <span class='ocrx_word' id='word_1_1140' title='bbox 2409 3085 2456 3116; x_wconf 91' lang='lat' dir='ltr'>Si-</span> 
     </span>
     <span class='ocr_line' id='line_1_143' title="bbox 1385 3132 2457 3173; baseline -0.004 -9"><span class='ocrx_word' id='word_1_1141' title='bbox 1385 3133 1504 3164; x_wconf 91' lang='lat' dir='ltr'>militer</span> <span class='ocrx_word' id='word_1_1142' title='bbox 1526 3134 1623 3164; x_wconf 84' lang='lat' dir='ltr'>etiam</span> <span class='ocrx_word' id='word_1_1143' title='bbox 1646 3133 1755 3173; x_wconf 90' lang='lat' dir='ltr'>ipsum</span> <span class='ocrx_word' id='word_1_1144' title='bbox 1778 3142 1847 3163; x_wconf 92' lang='lat' dir='ltr'>non</span> <span class='ocrx_word' id='word_1_1145' title='bbox 1871 3141 1940 3163; x_wconf 89' lang='lat' dir='ltr'>esse</span> <span class='ocrx_word' id='word_1_1146' title='bbox 1963 3132 2032 3162; x_wconf 88' lang='lat' dir='ltr'>sine</span> <span class='ocrx_word' id='word_1_1147' title='bbox 2048 3132 2223 3172; x_wconf 91' lang='lat' dir='ltr'>phantasia,</span> <span class='ocrx_word' id='word_1_1148' title='bbox 2245 3136 2276 3161; x_wconf 88' lang='lat' dir='ltr'>et</span> <span class='ocrx_word' id='word_1_1149' title='bbox 2298 3140 2355 3171; x_wconf 88' lang='lat' dir='ltr'>per</span> <span class='ocrx_word' id='word_1_1150' title='bbox 2378 3139 2457 3160; x_wconf 93' lang='lat' dir='ltr'>con-</span> 
     </span>
     <span class='ocr_line' id='line_1_144' title="bbox 1386 3175 2458 3218; baseline -0.004 -10"><span class='ocrx_word' id='word_1_1151' title='bbox 1386 3187 1527 3218; x_wconf 88' lang='lat' dir='ltr'>sequens</span> <span class='ocrx_word' id='word_1_1152' title='bbox 1554 3178 1623 3208; x_wconf 92' lang='lat' dir='ltr'>sine</span> <span class='ocrx_word' id='word_1_1153' title='bbox 1651 3178 1781 3208; x_wconf 91' lang='lat' dir='ltr'>obiecto</span> <span class='ocrx_word' id='word_1_1154' title='bbox 1810 3176 1981 3217; x_wconf 86' lang='lat' dir='ltr'>corporali,</span> <span class='ocrx_word' id='word_1_1155' title='bbox 2016 3176 2147 3207; x_wconf 89' lang='lat' dir='ltr'>duceret</span> <span class='ocrx_word' id='word_1_1156' title='bbox 2176 3176 2208 3205; x_wconf 90' lang='lat' dir='ltr'>in</span> <span class='ocrx_word' id='word_1_1157' title='bbox 2237 3175 2458 3215; x_wconf 90' lang='lat' dir='ltr'>suspicionem</span> 
     </span>
     <span class='ocr_line' id='line_1_145' title="bbox 1387 3219 2457 3263; baseline -0.004 -10"><span class='ocrx_word' id='word_1_1158' title='bbox 1387 3227 1597 3263; x_wconf 88' lang='lat' dir='ltr'>apparentem</span> <span class='ocrx_word' id='word_1_1159' title='bbox 1620 3221 1712 3262; x_wconf 91' lang='lat' dir='ltr'>quod</span> <span class='ocrx_word' id='word_1_1160' title='bbox 1734 3231 1803 3252; x_wconf 92' lang='lat' dir='ltr'>non</span> <span class='ocrx_word' id='word_1_1161' title='bbox 1830 3226 1914 3252; x_wconf 84' lang='lat' dir='ltr'>esset</span> <span class='ocrx_word' id='word_1_1162' title='bbox 1939 3221 2009 3251; x_wconf 88' lang='lat' dir='ltr'>sine</span> <span class='ocrx_word' id='word_1_1163' title='bbox 2032 3230 2155 3260; x_wconf 84' lang='lat' dir='ltr'>organo</span> <span class='ocrx_word' id='word_1_1164' title='bbox 2180 3229 2356 3260; x_wconf 87' lang='lat' dir='ltr'>corporeo:</span> <span class='ocrx_word' id='word_1_1165' title='bbox 2381 3219 2457 3259; x_wconf 89' lang='lat' dir='ltr'>quia</span> 
     </span>
     <span class='ocr_line' id='line_1_146' title="bbox 1386 3263 2457 3307; baseline -0.003 -11"><span class='ocrx_word' id='word_1_1166' title='bbox 1386 3267 1513 3298; x_wconf 89' lang='lat' dir='ltr'>videtur</span> <span class='ocrx_word' id='word_1_1167' title='bbox 1535 3276 1606 3298; x_wconf 90' lang='lat' dir='ltr'>esse</span> <span class='ocrx_word' id='word_1_1168' title='bbox 1631 3267 1797 3307; x_wconf 88' lang='lat' dir='ltr'>potentiae</span> <span class='ocrx_word' id='word_1_1169' title='bbox 1823 3265 1995 3296; x_wconf 89' lang='lat' dir='ltr'>materialis</span> <span class='ocrx_word' id='word_1_1170' title='bbox 2017 3265 2126 3295; x_wconf 91' lang='lat' dir='ltr'>solum</span> <span class='ocrx_word' id='word_1_1171' title='bbox 2152 3265 2186 3294; x_wconf 91' lang='lat' dir='ltr'>in</span> <span class='ocrx_word' id='word_1_1172' title='bbox 2213 3274 2350 3304; x_wconf 89' lang='lat' dir='ltr'>corpora</span> <span class='ocrx_word' id='word_1_1173' title='bbox 2373 3263 2457 3294; x_wconf 87' lang='lat' dir='ltr'>ferri.</span> 
     </span>
     <span class='ocr_line' id='line_1_147' title="bbox 1387 3309 2460 3351; baseline -0.005 -8"><span class='ocrx_word' id='word_1_1174' title='bbox 1387 3312 1463 3343; x_wconf 86' lang='lat' dir='ltr'>Hoc</span> <span class='ocrx_word' id='word_1_1175' title='bbox 1476 3317 1596 3348; x_wconf 88' lang='lat' dir='ltr'>tamen,</span> <span class='ocrx_word' id='word_1_1176' title='bbox 1613 3312 1689 3342; x_wconf 90' lang='lat' dir='ltr'>licet</span> <span class='ocrx_word' id='word_1_1177' title='bbox 1704 3309 1867 3351; x_wconf 85' lang='lat' dir='ltr'>quandam</span> <span class='ocrx_word' id='word_1_1178' title='bbox 1882 3310 2103 3350; x_wconf 88' lang='lat' dir='ltr'>apparentiam</span> <span class='ocrx_word' id='word_1_1179' title='bbox 2118 3309 2243 3345; x_wconf 88' lang='lat' dir='ltr'>habeat,</span> <span class='ocrx_word' id='word_1_1180' title='bbox 2258 3318 2326 3339; x_wconf 91' lang='lat' dir='ltr'>non</span> <span class='ocrx_word' id='word_1_1181' title='bbox 2349 3313 2460 3339; x_wconf 88' lang='lat' dir='ltr'>tamen</span> 
     </span>
     <span class='ocr_line' id='line_1_148' title="bbox 1388 3352 2458 3396; baseline -0.004 -9"><span class='ocrx_word' id='word_1_1182' title='bbox 1388 3361 1436 3387; x_wconf 90' lang='lat' dir='ltr'>est</span> <span class='ocrx_word' id='word_1_1183' title='bbox 1458 3365 1586 3387; x_wconf 90' lang='lat' dir='ltr'>verum:</span> <span class='ocrx_word' id='word_1_1184' title='bbox 1617 3356 1694 3396; x_wconf 90' lang='lat' dir='ltr'>quia</span> <span class='ocrx_word' id='word_1_1185' title='bbox 1718 3361 1749 3386; x_wconf 87' lang='lat' dir='ltr'>et</span> <span class='ocrx_word' id='word_1_1186' title='bbox 1772 3355 1917 3395; x_wconf 88' lang='lat' dir='ltr'>potentia</span> <span class='ocrx_word' id='word_1_1187' title='bbox 1941 3363 2025 3394; x_wconf 92' lang='lat' dir='ltr'>quae</span> <span class='ocrx_word' id='word_1_1188' title='bbox 2050 3363 2118 3384; x_wconf 91' lang='lat' dir='ltr'>non</span> <span class='ocrx_word' id='word_1_1189' title='bbox 2143 3358 2190 3384; x_wconf 89' lang='lat' dir='ltr'>est</span> <span class='ocrx_word' id='word_1_1190' title='bbox 2213 3352 2305 3383; x_wconf 84' lang='lat' dir='ltr'>affixa</span> <span class='ocrx_word' id='word_1_1191' title='bbox 2335 3362 2458 3393; x_wconf 87' lang='lat' dir='ltr'>organo</span> 
     </span>
     <span class='ocr_line' id='line_1_149' title="bbox 1389 3397 2458 3442; baseline -0.004 -11"><span class='ocrx_word' id='word_1_1192' title='bbox 1389 3401 1564 3442; x_wconf 88' lang='lat' dir='ltr'>corporali,</span> <span class='ocrx_word' id='word_1_1193' title='bbox 1596 3406 1627 3431; x_wconf 93' lang='lat' dir='ltr'>et</span> <span class='ocrx_word' id='word_1_1194' title='bbox 1657 3401 1726 3431; x_wconf 90' lang='lat' dir='ltr'>eius</span> <span class='ocrx_word' id='word_1_1195' title='bbox 1754 3399 1914 3440; x_wconf 91' lang='lat' dir='ltr'>operatio,</span> <span class='ocrx_word' id='word_1_1196' title='bbox 1946 3403 2054 3439; x_wconf 90' lang='lat' dir='ltr'>potest</span> <span class='ocrx_word' id='word_1_1197' title='bbox 2083 3397 2123 3428; x_wconf 90' lang='lat' dir='ltr'>ad</span> <span class='ocrx_word' id='word_1_1198' title='bbox 2150 3397 2324 3428; x_wconf 86' lang='lat' dir='ltr'>materialia</span> <span class='ocrx_word' id='word_1_1199' title='bbox 2350 3397 2458 3429; x_wconf 89' lang='lat' dir='ltr'>termi-</span> 
     </span>
     <span class='ocr_line' id='line_1_150' title="bbox 1387 3442 2459 3485; baseline -0.005 -9"><span class='ocrx_word' id='word_1_1200' title='bbox 1387 3445 1456 3476; x_wconf 82' lang='lat' dir='ltr'>nari</span> <span class='ocrx_word' id='word_1_1201' title='bbox 1479 3444 1660 3476; x_wconf 91' lang='lat' dir='ltr'>secundum</span> <span class='ocrx_word' id='word_1_1202' title='bbox 1684 3443 1774 3485; x_wconf 91' lang='lat' dir='ltr'>quod</span> <span class='ocrx_word' id='word_1_1203' title='bbox 1797 3453 1854 3484; x_wconf 91' lang='lat' dir='ltr'>per</span> <span class='ocrx_word' id='word_1_1204' title='bbox 1876 3443 2077 3474; x_wconf 90' lang='lat' dir='ltr'>intellectum</span> <span class='ocrx_word' id='word_1_1205' title='bbox 2102 3446 2251 3482; x_wconf 81' lang='lat' dir='ltr'>agentem</span> <span class='ocrx_word' id='word_1_1206' title='bbox 2266 3442 2459 3472; x_wconf 86' lang='lat' dir='ltr'>immateria-</span> 
     </span>
     <span class='ocr_line' id='line_1_151' title="bbox 1388 3485 2460 3528; baseline -0.005 -8"><span class='ocrx_word' id='word_1_1207' title='bbox 1388 3489 1430 3520; x_wconf 90' lang='lat' dir='ltr'>lia</span> <span class='ocrx_word' id='word_1_1208' title='bbox 1449 3489 1542 3520; x_wconf 91' lang='lat' dir='ltr'>fiunt.</span> <span class='ocrx_word' id='word_1_1209' title='bbox 1559 3506 1582 3511; x_wconf 93' lang='lat'><strong>—</strong></span> <span class='ocrx_word' id='word_1_1210' title='bbox 1597 3489 1645 3519; x_wconf 87' lang='lat' dir='ltr'>Ex</span> <span class='ocrx_word' id='word_1_1211' title='bbox 1667 3489 1706 3519; x_wconf 91' lang='lat' dir='ltr'>iis</span> <span class='ocrx_word' id='word_1_1212' title='bbox 1731 3489 1826 3518; x_wconf 89' lang='lat' dir='ltr'>etiam</span> <span class='ocrx_word' id='word_1_1213' title='bbox 1850 3493 1938 3528; x_wconf 87' lang='lat' dir='ltr'>patet</span> <span class='ocrx_word' id='word_1_1214' title='bbox 1963 3486 2053 3527; x_wconf 92' lang='lat' dir='ltr'>quod</span> <span class='ocrx_word' id='word_1_1215' title='bbox 2077 3495 2114 3517; x_wconf 87' lang='lat' dir='ltr'>ea</span> <span class='ocrx_word' id='word_1_1216' title='bbox 2141 3485 2367 3517; x_wconf 88' lang='lat' dir='ltr'>conditionalis</span> <span class='ocrx_word' id='word_1_1217' title='bbox 2390 3495 2460 3516; x_wconf 91' lang='lat' dir='ltr'>non</span> 
     </span>
     <span class='ocr_line' id='line_1_152' title="bbox 1389 3531 2460 3572; baseline -0.003 -8"><span class='ocrx_word' id='word_1_1218' title='bbox 1389 3539 1436 3564; x_wconf 90' lang='lat' dir='ltr'>est</span> <span class='ocrx_word' id='word_1_1219' title='bbox 1459 3534 1498 3564; x_wconf 87' lang='lat' dir='ltr'>ab</span> <span class='ocrx_word' id='word_1_1220' title='bbox 1525 3533 1697 3564; x_wconf 89' lang='lat' dir='ltr'>Aristotele</span> <span class='ocrx_word' id='word_1_1221' title='bbox 1721 3531 1883 3572; x_wconf 86' lang='lat' dir='ltr'>superflue</span> <span class='ocrx_word' id='word_1_1222' title='bbox 1911 3532 2030 3572; x_wconf 86' lang='lat' dir='ltr'>posita:</span> <span class='ocrx_word' id='word_1_1223' title='bbox 2063 3540 2139 3561; x_wconf 91' lang='lat' dir='ltr'>cum</span> <span class='ocrx_word' id='word_1_1224' title='bbox 2161 3540 2232 3561; x_wconf 86' lang='lat' dir='ltr'>eam</span> <span class='ocrx_word' id='word_1_1225' title='bbox 2256 3531 2401 3571; x_wconf 90' lang='lat' dir='ltr'>posuerit</span> <span class='ocrx_word' id='word_1_1226' title='bbox 2423 3536 2460 3561; x_wconf 89' lang='lat' dir='ltr'>ut</span> 
     </span>
     <span class='ocr_line' id='line_1_153' title="bbox 1389 3575 2459 3618; baseline -0.005 -9"><span class='ocrx_word' id='word_1_1227' title='bbox 1389 3577 1572 3609; x_wconf 85' lang='lat' dir='ltr'>ostenderet</span> <span class='ocrx_word' id='word_1_1228' title='bbox 1584 3577 1803 3618; x_wconf 88' lang='lat' dir='ltr'>apparentiam</span> <span class='ocrx_word' id='word_1_1229' title='bbox 1823 3585 1906 3617; x_wconf 87' lang='lat' dir='ltr'>quae</span> <span class='ocrx_word' id='word_1_1230' title='bbox 1930 3581 1996 3606; x_wconf 90' lang='lat' dir='ltr'>erat</span> <span class='ocrx_word' id='word_1_1231' title='bbox 2020 3575 2059 3606; x_wconf 93' lang='lat' dir='ltr'>de</span> <span class='ocrx_word' id='word_1_1232' title='bbox 2075 3575 2253 3615; x_wconf 88' lang='lat' dir='ltr'>intelligere</span> <span class='ocrx_word' id='word_1_1233' title='bbox 2278 3575 2368 3615; x_wconf 87' lang='lat' dir='ltr'>quod</span> <span class='ocrx_word' id='word_1_1234' title='bbox 2390 3585 2459 3605; x_wconf 89' lang='lat' dir='ltr'>non</span> 
     </span>
     <span class='ocr_line' id='line_1_154' title="bbox 1389 3618 2459 3663; baseline -0.003 -10"><span class='ocrx_word' id='word_1_1235' title='bbox 1389 3627 1471 3653; x_wconf 88' lang='lat' dir='ltr'>esset</span> <span class='ocrx_word' id='word_1_1236' title='bbox 1486 3624 1655 3663; x_wconf 90' lang='lat' dir='ltr'>proprium</span> <span class='ocrx_word' id='word_1_1237' title='bbox 1679 3622 1813 3657; x_wconf 87' lang='lat' dir='ltr'>animae,</span> <span class='ocrx_word' id='word_1_1238' title='bbox 1839 3626 1869 3651; x_wconf 91' lang='lat' dir='ltr'>et</span> <span class='ocrx_word' id='word_1_1239' title='bbox 1893 3621 1938 3651; x_wconf 89' lang='lat' dir='ltr'>sic</span> <span class='ocrx_word' id='word_1_1240' title='bbox 1963 3619 2146 3651; x_wconf 88' lang='lat' dir='ltr'>ostenderet</span> <span class='ocrx_word' id='word_1_1241' title='bbox 2163 3620 2361 3660; x_wconf 90' lang='lat' dir='ltr'>quaestionis</span> <span class='ocrx_word' id='word_1_1242' title='bbox 2378 3618 2459 3650; x_wconf 84' lang='lat' dir='ltr'>diffi-</span> 
     </span>
    </p>
   </div>
   <div class='ocr_carea' id='block_1_16' title="bbox 1389 3667 1552 3698">
    <p class='ocr_par' dir='ltr' id='par_1_24' title="bbox 1389 3667 1552 3698">
     <span class='ocr_line' id='line_1_155' title="bbox 1389 3667 1552 3698; baseline -0.006 0"><span class='ocrx_word' id='word_1_1243' title='bbox 1389 3667 1552 3698; x_wconf 85' lang='lat' dir='ltr'>cultatem.</span> 
     </span>
    </p>
   </div>
   <div class='ocr_carea' id='block_1_17' title="bbox 2492 473 2705 527">
    <p class='ocr_par' dir='ltr' id='par_1_25' title="bbox 2492 473 2705 527">
     <span class='ocr_line' id='line_1_156' title="bbox 2494 473 2705 500; baseline 0.009 -6"><span class='ocrx_word' id='word_1_1244' title='bbox 2494 475 2502 483; x_wconf 88' lang='lat'>¹</span> <span class='ocrx_word' id='word_1_1245' title='bbox 2517 473 2526 494; x_wconf 93' lang='lat'>1</span> <span class='ocrx_word' id='word_1_1246' title='bbox 2541 473 2571 495; x_wconf 83' lang='lat' dir='ltr'>de</span> <span class='ocrx_word' id='word_1_1247' title='bbox 2584 474 2675 500; x_wconf 75' lang='lat' dir='ltr'>Anima,</span> <span class='ocrx_word' id='word_1_1248' title='bbox 2690 481 2705 499; x_wconf 86' lang='grc' dir='ltr'>ι,</span> 
     </span>
     <span class='ocr_line' id='line_1_157' title="bbox 2492 500 2674 527; baseline 0.016 -6"><span class='ocrx_word' id='word_1_1249' title='bbox 2492 506 2515 527; x_wconf 79' lang='grc'>9;</span> <span class='ocrx_word' id='word_1_1250' title='bbox 2531 507 2549 521; x_wconf 88' lang='lat' dir='ltr'>s.</span> <span class='ocrx_word' id='word_1_1251' title='bbox 2562 500 2606 522; x_wconf 80' lang='lat' dir='ltr'>Th.</span> <span class='ocrx_word' id='word_1_1252' title='bbox 2623 501 2637 522; x_wconf 93' lang='grc' dir='ltr'>Ι.</span> <span class='ocrx_word' id='word_1_1253' title='bbox 2653 507 2674 524; x_wconf 83' lang='lat'>2.</span> 
     </span>
    </p>
   </div>
   <div class='ocr_carea' id='block_1_18' title="bbox 2486 917 2701 992">
    <p class='ocr_par' dir='ltr' id='par_1_26' title="bbox 2486 917 2701 992">
     <span class='ocr_line' id='line_1_158' title="bbox 2489 917 2701 946; baseline 0.005 -8"><span class='ocrx_word' id='word_1_1254' title='bbox 2489 920 2497 927; x_wconf 89' lang='lat'>&#39;</span> <span class='ocrx_word' id='word_1_1255' title='bbox 2506 917 2587 940; x_wconf 75' lang='lat' dir='ltr'>Pol-11</span> <span class='ocrx_word' id='word_1_1256' title='bbox 2612 925 2625 939; x_wconf 85' lang='lat' dir='ltr'>v</span> <span class='ocrx_word' id='word_1_1257' title='bbox 2634 918 2701 946; x_wconf 87' lang='lat' dir='ltr'>(Ven.</span> 
     </span>
     <span class='ocr_line' id='line_1_159' title="bbox 2486 945 2700 992; baseline 0.005 -26"><span class='ocrx_word' id='word_1_1258' title='bbox 2486 945 2580 992; x_wconf 41' lang='lat'>2337).-</span> <span class='ocrx_word' id='word_1_1259' title='bbox 2602 945 2626 967; x_wconf 70' lang='grc' dir='ltr'>Ὺ.</span> <span class='ocrx_word' id='word_1_1260' title='bbox 2637 951 2700 967; x_wconf 89' lang='lat' dir='ltr'>num.</span> 
     </span>
    </p>
   </div>
   <div class='ocr_carea' id='block_1_19' title="bbox 2485 1848 2695 1876">
    <p class='ocr_par' dir='ltr' id='par_1_27' title="bbox 2485 1848 2695 1876">
     <span class='ocr_line' id='line_1_160' title="bbox 2485 1848 2695 1876; baseline 0.005 -7"><span class='ocrx_word' id='word_1_1261' title='bbox 2485 1850 2494 1858; x_wconf 92' lang='grc'>·</span> <span class='ocrx_word' id='word_1_1262' title='bbox 2505 1848 2572 1870; x_wconf 85' lang='lat' dir='ltr'>Text.</span> <span class='ocrx_word' id='word_1_1263' title='bbox 2586 1854 2620 1873; x_wconf 68' lang='grc' dir='ltr'>ιιι</span> <span class='ocrx_word' id='word_1_1264' title='bbox 2636 1853 2659 1870; x_wconf 88' lang='lat' dir='ltr'>n.</span> <span class='ocrx_word' id='word_1_1265' title='bbox 2674 1854 2695 1876; x_wconf 87' lang='lat'>9.</span> 
     </span>
    </p>
   </div>
   <div class='ocr_carea' id='block_1_20' title="bbox 2484 2559 2695 2607">
    <p class='ocr_par' dir='ltr' id='par_1_28' title="bbox 2484 2559 2695 2607">
     <span class='ocr_line' id='line_1_161' title="bbox 2484 2559 2695 2586; baseline 0 -6"><span class='ocrx_word' id='word_1_1266' title='bbox 2484 2561 2493 2569; x_wconf 90' lang='lat'>·</span> <span class='ocrx_word' id='word_1_1267' title='bbox 2509 2559 2560 2581; x_wconf 91' lang='lat' dir='ltr'>Did.</span> <span class='ocrx_word' id='word_1_1268' title='bbox 2582 2564 2645 2580; x_wconf 91' lang='lat' dir='ltr'>num.</span> <span class='ocrx_word' id='word_1_1269' title='bbox 2669 2564 2695 2586; x_wconf 73' lang='lat'>93</span> 
     </span>
     <span class='ocr_line' id='line_1_162' title="bbox 2484 2586 2629 2607; baseline -0.007 0"><span class='ocrx_word' id='word_1_1270' title='bbox 2484 2593 2504 2607; x_wconf 88' lang='lat' dir='ltr'>s.</span> <span class='ocrx_word' id='word_1_1271' title='bbox 2518 2586 2564 2607; x_wconf 85' lang='lat' dir='ltr'>Th.</span> <span class='ocrx_word' id='word_1_1272' title='bbox 2579 2586 2593 2606; x_wconf 95' lang='grc' dir='ltr'>Ι.</span> <span class='ocrx_word' id='word_1_1273' title='bbox 2608 2591 2629 2606; x_wconf 81' lang='lat'>2.</span> 
     </span>
    </p>
   </div>
  </div>
 </body>
</html>
