<?xml version="1.0" encoding="UTF-8"?>
<!DOCTYPE html PUBLIC "-//W3C//DTD XHTML 1.0 Transitional//EN"
    "http://www.w3.org/TR/xhtml1/DTD/xhtml1-transitional.dtd">
<html xmlns="http://www.w3.org/1999/xhtml" xml:lang="en" lang="en">
 <head>
  <title>
</title>
<meta http-equiv="Content-Type" content="text/html;charset=utf-8" />
  <meta name='ocr-system' content='tesseract 3.04.00' />
  <meta name='ocr-capabilities' content='ocr_page ocr_carea ocr_par ocr_line ocrx_word'/>
</head>
<body>
  <div class='ocr_page' id='page_1' title='image "./operaomniaiussui13thom/operaomniaiussui13thom_0349.png"; bbox 0 0 2768 4134; ppageno 0'>
   <div class='ocr_carea' id='block_1_1' title="bbox 771 293 1948 354">
    <p class='ocr_par' dir='ltr' id='par_1_1' title="bbox 771 293 1948 354">
     <span class='ocr_line' id='line_1_1' title="bbox 771 293 1948 354; baseline 0.004 -14"><span class='ocrx_word' id='word_1_1' title='bbox 771 303 959 341; x_wconf 88' lang='lat' dir='ltr'>SUMMA</span> <span class='ocrx_word' id='word_1_2' title='bbox 989 305 1211 343; x_wconf 90' lang='lat' dir='ltr'><strong>CONTRA</strong></span> <span class='ocrx_word' id='word_1_3' title='bbox 1239 307 1513 354; x_wconf 90' lang='lat' dir='ltr'>GENTILES,</span> <span class='ocrx_word' id='word_1_4' title='bbox 1542 309 1636 345; x_wconf 88' lang='lat' dir='ltr'>LIB.</span> <span class='ocrx_word' id='word_1_5' title='bbox 1658 309 1699 354; x_wconf 88' lang='grc' dir='ltr'>ΙΙ,</span> <span class='ocrx_word' id='word_1_6' title='bbox 1729 293 1887 354; x_wconf 47' lang='lat' dir='ltr'>CARI,</span> <span class='ocrx_word' id='word_1_7' title='bbox 1908 309 1948 347; x_wconf 90' lang='lat'>11.</span> 
     </span>
    </p>
   </div>
   <div class='ocr_carea' id='block_1_2' title="bbox 0 383 1346 1499">
    <p class='ocr_par' dir='ltr' id='par_1_2' title="bbox 262 383 1338 682">
     <span class='ocr_line' id='line_1_2' title="bbox 263 383 1336 422; baseline 0.003 -8"><span class='ocrx_word' id='word_1_8' title='bbox 263 384 410 415; x_wconf 87' lang='lat' dir='ltr'>actionis.</span> <span class='ocrx_word' id='word_1_9' title='bbox 434 384 520 422; x_wconf 88' lang='lat' dir='ltr'>Quia</span> <span class='ocrx_word' id='word_1_10' title='bbox 543 384 624 414; x_wconf 90' lang='lat' dir='ltr'>ratio</span> <span class='ocrx_word' id='word_1_11' title='bbox 649 383 797 419; x_wconf 84' lang='lat' dir='ltr'>actionis,</span> <span class='ocrx_word' id='word_1_12' title='bbox 814 389 850 413; x_wconf 90' lang='lat' dir='ltr'>ut</span> <span class='ocrx_word' id='word_1_13' title='bbox 866 384 951 413; x_wconf 86' lang='lat' dir='ltr'>actio</span> <span class='ocrx_word' id='word_1_14' title='bbox 969 391 1025 421; x_wconf 87' lang='lat' dir='ltr'>est,</span> <span class='ocrx_word' id='word_1_15' title='bbox 1043 386 1188 416; x_wconf 84' lang='lat' dir='ltr'>consistit</span> <span class='ocrx_word' id='word_1_16' title='bbox 1211 387 1244 417; x_wconf 95' lang='lat' dir='ltr'>in</span> <span class='ocrx_word' id='word_1_17' title='bbox 1268 397 1336 417; x_wconf 84' lang='lat' dir='ltr'>esse</span> 
     </span>
     <span class='ocr_line' id='line_1_3' title="bbox 262 427 1336 469; baseline 0.003 -10"><span class='ocrx_word' id='word_1_18' title='bbox 262 429 302 459; x_wconf 81' lang='lat' dir='ltr'>ab</span> <span class='ocrx_word' id='word_1_19' title='bbox 325 428 404 465; x_wconf 84' lang='lat' dir='ltr'>alio,</span> <span class='ocrx_word' id='word_1_20' title='bbox 429 438 497 459; x_wconf 93' lang='lat' dir='ltr'>non</span> <span class='ocrx_word' id='word_1_21' title='bbox 525 428 697 459; x_wconf 84' lang='lat' dir='ltr'>inhaerere</span> <span class='ocrx_word' id='word_1_22' title='bbox 718 427 880 458; x_wconf 76' lang='lat' dir='ltr'>subiecto.-</span> <span class='ocrx_word' id='word_1_23' title='bbox 903 428 969 464; x_wconf 85' lang='lat' dir='ltr'>sed,</span> <span class='ocrx_word' id='word_1_24' title='bbox 993 429 1018 459; x_wconf 94' lang='lat' dir='ltr'>si</span> <span class='ocrx_word' id='word_1_25' title='bbox 1043 429 1149 469; x_wconf 91' lang='lat' dir='ltr'>aliqua</span> <span class='ocrx_word' id='word_1_26' title='bbox 1176 431 1260 461; x_wconf 90' lang='lat' dir='ltr'>actio</span> <span class='ocrx_word' id='word_1_27' title='bbox 1287 432 1336 462; x_wconf 91' lang='lat' dir='ltr'>in—</span> 
     </span>
     <span class='ocr_line' id='line_1_4' title="bbox 262 472 1336 515; baseline 0.002 -11"><span class='ocrx_word' id='word_1_28' title='bbox 262 473 391 504; x_wconf 87' lang='lat' dir='ltr'>haereat</span> <span class='ocrx_word' id='word_1_29' title='bbox 403 474 521 513; x_wconf 89' lang='lat' dir='ltr'>agenti,</span> <span class='ocrx_word' id='word_1_30' title='bbox 535 478 571 503; x_wconf 93' lang='lat' dir='ltr'>ut</span> <span class='ocrx_word' id='word_1_31' title='bbox 583 473 668 503; x_wconf 88' lang='lat' dir='ltr'>actio</span> <span class='ocrx_word' id='word_1_32' title='bbox 680 473 873 508; x_wconf 75' lang='lat' dir='ltr'>immanem,</span> <span class='ocrx_word' id='word_1_33' title='bbox 887 472 950 503; x_wconf 90' lang='lat' dir='ltr'>hoc</span> <span class='ocrx_word' id='word_1_34' title='bbox 963 474 1115 504; x_wconf 89' lang='lat' dir='ltr'>convenit</span> <span class='ocrx_word' id='word_1_35' title='bbox 1127 475 1186 504; x_wconf 88' lang='lat' dir='ltr'>sibi</span> <span class='ocrx_word' id='word_1_36' title='bbox 1198 476 1336 515; x_wconf 91' lang='lat' dir='ltr'>inquan-</span> 
     </span>
     <span class='ocr_line' id='line_1_5' title="bbox 262 515 1336 558; baseline 0.002 -10"><span class='ocrx_word' id='word_1_37' title='bbox 262 524 333 548; x_wconf 89' lang='lat' dir='ltr'>tum</span> <span class='ocrx_word' id='word_1_38' title='bbox 357 517 506 548; x_wconf 89' lang='lat' dir='ltr'>accidens</span> <span class='ocrx_word' id='word_1_39' title='bbox 523 523 586 554; x_wconf 78' lang='lat' dir='ltr'>est3</span> <span class='ocrx_word' id='word_1_40' title='bbox 602 518 686 548; x_wconf 89' lang='lat' dir='ltr'>sicut</span> <span class='ocrx_word' id='word_1_41' title='bbox 709 517 807 547; x_wconf 90' lang='lat' dir='ltr'>etiam</span> <span class='ocrx_word' id='word_1_42' title='bbox 831 515 870 546; x_wconf 92' lang='lat' dir='ltr'>de</span> <span class='ocrx_word' id='word_1_43' title='bbox 894 517 1049 547; x_wconf 89' lang='lat' dir='ltr'>relatione</span> <span class='ocrx_word' id='word_1_44' title='bbox 1072 519 1178 558; x_wconf 91' lang='lat' dir='ltr'>inquit</span> <span class='ocrx_word' id='word_1_45' title='bbox 1202 519 1336 550; x_wconf 90' lang='lat' dir='ltr'>Sanctus</span> 
     </span>
     <span class='ocr_line' id='line_1_6' title="bbox 263 562 1336 602; baseline 0.002 -10"><span class='ocrx_word' id='word_1_46' title='bbox 263 562 410 593; x_wconf 88' lang='lat' dir='ltr'>Thomas</span> <span class='ocrx_word' id='word_1_47' title='bbox 421 562 450 593; x_wconf 55' lang='lat'>³.</span> <span class='ocrx_word' id='word_1_48' title='bbox 467 562 555 598; x_wconf 91' lang='lat' dir='ltr'>Ideo,</span> <span class='ocrx_word' id='word_1_49' title='bbox 572 562 598 592; x_wconf 89' lang='lat' dir='ltr'>si</span> <span class='ocrx_word' id='word_1_50' title='bbox 614 562 700 592; x_wconf 79' lang='lat' dir='ltr'>actio</span> <span class='ocrx_word' id='word_1_51' title='bbox 715 562 898 591; x_wconf 89' lang='lat' dir='ltr'>immanens</span> <span class='ocrx_word' id='word_1_52' title='bbox 913 562 1075 592; x_wconf 89' lang='lat' dir='ltr'>invenitur</span> <span class='ocrx_word' id='word_1_53' title='bbox 1090 563 1123 592; x_wconf 91' lang='lat' dir='ltr'>in</span> <span class='ocrx_word' id='word_1_54' title='bbox 1136 569 1260 602; x_wconf 86' lang='lat' dir='ltr'>agente,</span> <span class='ocrx_word' id='word_1_55' title='bbox 1273 565 1336 594; x_wconf 91' lang='lat' dir='ltr'>hoc</span> 
     </span>
     <span class='ocr_line' id='line_1_7' title="bbox 263 606 1338 648; baseline 0.001 -10"><span class='ocrx_word' id='word_1_56' title='bbox 263 617 331 638; x_wconf 90' lang='lat' dir='ltr'>non</span> <span class='ocrx_word' id='word_1_57' title='bbox 348 613 395 638; x_wconf 89' lang='lat' dir='ltr'>est</span> <span class='ocrx_word' id='word_1_58' title='bbox 410 613 544 648; x_wconf 89' lang='lat' dir='ltr'>propter</span> <span class='ocrx_word' id='word_1_59' title='bbox 560 615 773 637; x_wconf 89' lang='lat' dir='ltr'>communem</span> <span class='ocrx_word' id='word_1_60' title='bbox 789 606 949 636; x_wconf 83' lang='lat' dir='ltr'>rationem</span> <span class='ocrx_word' id='word_1_61' title='bbox 966 607 1112 643; x_wconf 89' lang='lat' dir='ltr'>aetionis,</span> <span class='ocrx_word' id='word_1_62' title='bbox 1129 607 1185 638; x_wconf 88' lang='lat' dir='ltr'>sed</span> <span class='ocrx_word' id='word_1_63' title='bbox 1206 614 1338 648; x_wconf 89' lang='lat' dir='ltr'>propter</span> 
     </span>
     <span class='ocr_line' id='line_1_8' title="bbox 263 651 631 682; baseline -0.005 0"><span class='ocrx_word' id='word_1_64' title='bbox 263 652 424 682; x_wconf 84' lang='lat' dir='ltr'>rationem</span> <span class='ocrx_word' id='word_1_65' title='bbox 445 651 631 682; x_wconf 86' lang='lat' dir='ltr'>accidentis.</span> 
     </span>
    </p>

    <p class='ocr_par' dir='ltr' id='par_1_3' title="bbox 263 693 1341 1219">
     <span class='ocr_line' id='line_1_9' title="bbox 319 693 1337 736; baseline 0.001 -10"><span class='ocrx_word' id='word_1_66' title='bbox 319 695 565 727; x_wconf 88' lang='lat' dir='ltr'>Advertendum</span> <span class='ocrx_word' id='word_1_67' title='bbox 588 700 708 731; x_wconf 90' lang='lat' dir='ltr'>tamen,</span> <span class='ocrx_word' id='word_1_68' title='bbox 733 703 810 725; x_wconf 91' lang='lat' dir='ltr'>curn</span> <span class='ocrx_word' id='word_1_69' title='bbox 834 693 951 725; x_wconf 90' lang='lat' dir='ltr'>dicitur</span> <span class='ocrx_word' id='word_1_70' title='bbox 967 694 1058 734; x_wconf 90' lang='lat' dir='ltr'>quod</span> <span class='ocrx_word' id='word_1_71' title='bbox 1075 704 1143 725; x_wconf 89' lang='lat' dir='ltr'>esse</span> <span class='ocrx_word' id='word_1_72' title='bbox 1166 696 1200 726; x_wconf 93' lang='lat' dir='ltr'>in</span> <span class='ocrx_word' id='word_1_73' title='bbox 1225 703 1337 736; x_wconf 86' lang='lat' dir='ltr'>agente</span> 
     </span>
     <span class='ocr_line' id='line_1_10' title="bbox 264 739 1336 781; baseline 0 -10"><span class='ocrx_word' id='word_1_74' title='bbox 264 741 417 771; x_wconf 87' lang='lat' dir='ltr'>convenit</span> <span class='ocrx_word' id='word_1_75' title='bbox 432 740 553 771; x_wconf 89' lang='lat' dir='ltr'>actioni</span> <span class='ocrx_word' id='word_1_76' title='bbox 564 739 755 770; x_wconf 88' lang='lat' dir='ltr'>immanenti</span> <span class='ocrx_word' id='word_1_77' title='bbox 767 739 963 779; x_wconf 78' lang='lat' dir='ltr'>inquantum</span> <span class='ocrx_word' id='word_1_78' title='bbox 980 745 1027 769; x_wconf 90' lang='lat' dir='ltr'>est</span> <span class='ocrx_word' id='word_1_79' title='bbox 1043 739 1201 776; x_wconf 88' lang='lat' dir='ltr'>accidens,</span> <span class='ocrx_word' id='word_1_80' title='bbox 1219 741 1336 781; x_wconf 90' lang='lat' dir='ltr'>[quod]</span> 
     </span>
     <span class='ocr_line' id='line_1_11' title="bbox 263 782 1338 825; baseline 0 -10"><span class='ocrx_word' id='word_1_81' title='bbox 263 785 295 825; x_wconf 91' lang='lat' dir='ltr'>ly</span> <span class='ocrx_word' id='word_1_82' title='bbox 319 785 512 825; x_wconf 83' lang='lat' dir='ltr'>inquantum</span> <span class='ocrx_word' id='word_1_83' title='bbox 535 793 604 815; x_wconf 91' lang='lat' dir='ltr'>non</span> <span class='ocrx_word' id='word_1_84' title='bbox 627 783 792 824; x_wconf 88' lang='lat' dir='ltr'>specificat</span> <span class='ocrx_word' id='word_1_85' title='bbox 815 784 975 814; x_wconf 90' lang='lat' dir='ltr'>rationem</span> <span class='ocrx_word' id='word_1_86' title='bbox 994 782 1167 814; x_wconf 88' lang='lat' dir='ltr'>accidentis</span> <span class='ocrx_word' id='word_1_87' title='bbox 1191 785 1224 814; x_wconf 90' lang='lat' dir='ltr'>in</span> <span class='ocrx_word' id='word_1_88' title='bbox 1249 795 1338 815; x_wconf 86' lang='lat' dir='ltr'>corn-</span> 
     </span>
     <span class='ocr_line' id='line_1_12' title="bbox 263 828 1338 870; baseline 0 -10"><span class='ocrx_word' id='word_1_89' title='bbox 263 830 366 866; x_wconf 85' lang='lat' dir='ltr'>muni,</span> <span class='ocrx_word' id='word_1_90' title='bbox 394 829 472 870; x_wconf 88' lang='lat' dir='ltr'>quia</span> <span class='ocrx_word' id='word_1_91' title='bbox 498 838 557 869; x_wconf 87' lang='lat' dir='ltr'>per</span> <span class='ocrx_word' id='word_1_92' title='bbox 583 837 796 860; x_wconf 90' lang='lat' dir='ltr'>communem</span> <span class='ocrx_word' id='word_1_93' title='bbox 823 828 983 858; x_wconf 88' lang='lat' dir='ltr'>rationem</span> <span class='ocrx_word' id='word_1_94' title='bbox 1011 828 1184 858; x_wconf 90' lang='lat' dir='ltr'>accidentis</span> <span class='ocrx_word' id='word_1_95' title='bbox 1211 830 1338 860; x_wconf 92' lang='lat' dir='ltr'>nullum</span> 
     </span>
     <span class='ocr_line' id='line_1_13' title="bbox 263 872 1337 913; baseline 0 -9"><span class='ocrx_word' id='word_1_96' title='bbox 263 873 414 905; x_wconf 89' lang='lat' dir='ltr'>accidens</span> <span class='ocrx_word' id='word_1_97' title='bbox 437 873 629 905; x_wconf 87' lang='lat' dir='ltr'>determinat</span> <span class='ocrx_word' id='word_1_98' title='bbox 651 874 711 904; x_wconf 89' lang='lat' dir='ltr'>sibi</span> <span class='ocrx_word' id='word_1_99' title='bbox 726 873 828 913; x_wconf 81' lang='lat' dir='ltr'>magis</span> <span class='ocrx_word' id='word_1_100' title='bbox 843 873 907 903; x_wconf 92' lang='lat' dir='ltr'>hoc</span> <span class='ocrx_word' id='word_1_101' title='bbox 927 872 1108 903; x_wconf 90' lang='lat' dir='ltr'>subiectum</span> <span class='ocrx_word' id='word_1_102' title='bbox 1129 882 1227 913; x_wconf 82' lang='lat' dir='ltr'>quam</span> <span class='ocrx_word' id='word_1_103' title='bbox 1244 874 1337 904; x_wconf 89' lang='lat' dir='ltr'>illud:</span> 
     </span>
     <span class='ocr_line' id='line_1_14' title="bbox 263 917 1339 959; baseline -0.001 -10"><span class='ocrx_word' id='word_1_104' title='bbox 263 918 320 950; x_wconf 92' lang='lat' dir='ltr'>sed</span> <span class='ocrx_word' id='word_1_105' title='bbox 343 917 508 959; x_wconf 87' lang='lat' dir='ltr'>specificat</span> <span class='ocrx_word' id='word_1_106' title='bbox 531 919 675 959; x_wconf 90' lang='lat' dir='ltr'>speciem</span> <span class='ocrx_word' id='word_1_107' title='bbox 698 917 884 949; x_wconf 90' lang='lat' dir='ltr'>accidentis.</span> <span class='ocrx_word' id='word_1_108' title='bbox 911 917 953 948; x_wconf 86' lang='lat' dir='ltr'>Et</span> <span class='ocrx_word' id='word_1_109' title='bbox 976 922 1023 948; x_wconf 88' lang='lat' dir='ltr'>est</span> <span class='ocrx_word' id='word_1_110' title='bbox 1053 926 1179 948; x_wconf 90' lang='lat' dir='ltr'>sensus:</span> <span class='ocrx_word' id='word_1_111' title='bbox 1208 918 1339 949; x_wconf 84' lang='lat' dir='ltr'>Actioni</span> 
     </span>
     <span class='ocr_line' id='line_1_15' title="bbox 264 962 1340 1004; baseline -0.002 -10"><span class='ocrx_word' id='word_1_112' title='bbox 264 973 348 1004; x_wconf 90' lang='lat' dir='ltr'>quae</span> <span class='ocrx_word' id='word_1_113' title='bbox 373 969 420 994; x_wconf 91' lang='lat' dir='ltr'>est</span> <span class='ocrx_word' id='word_1_114' title='bbox 442 964 476 994; x_wconf 92' lang='lat' dir='ltr'>in</span> <span class='ocrx_word' id='word_1_115' title='bbox 499 969 614 1004; x_wconf 85' lang='lat' dir='ltr'>agente</span> <span class='ocrx_word' id='word_1_116' title='bbox 635 963 789 994; x_wconf 89' lang='lat' dir='ltr'>convenit</span> <span class='ocrx_word' id='word_1_117' title='bbox 805 971 874 993; x_wconf 86' lang='lat' dir='ltr'>esse</span> <span class='ocrx_word' id='word_1_118' title='bbox 890 962 924 993; x_wconf 91' lang='lat' dir='ltr'>in</span> <span class='ocrx_word' id='word_1_119' title='bbox 941 967 1066 1002; x_wconf 86' lang='lat' dir='ltr'>agente,</span> <span class='ocrx_word' id='word_1_120' title='bbox 1083 971 1151 992; x_wconf 93' lang='lat' dir='ltr'>non</span> <span class='ocrx_word' id='word_1_121' title='bbox 1169 963 1244 1002; x_wconf 90' lang='lat' dir='ltr'>quia</span> <span class='ocrx_word' id='word_1_122' title='bbox 1261 972 1340 993; x_wconf 83' lang='lat' dir='ltr'>con-</span> 
     </span>
     <span class='ocr_line' id='line_1_16' title="bbox 263 1007 1340 1046; baseline -0.001 -7"><span class='ocrx_word' id='word_1_123' title='bbox 263 1008 403 1039; x_wconf 88' lang='lat' dir='ltr'>tineatur</span> <span class='ocrx_word' id='word_1_124' title='bbox 426 1009 486 1039; x_wconf 92' lang='lat' dir='ltr'>sub</span> <span class='ocrx_word' id='word_1_125' title='bbox 509 1009 634 1038; x_wconf 91' lang='lat' dir='ltr'>ratione</span> <span class='ocrx_word' id='word_1_126' title='bbox 657 1007 828 1039; x_wconf 90' lang='lat' dir='ltr'>communi</span> <span class='ocrx_word' id='word_1_127' title='bbox 844 1007 981 1037; x_wconf 90' lang='lat' dir='ltr'>actionis</span> <span class='ocrx_word' id='word_1_128' title='bbox 998 1011 1033 1037; x_wconf 91' lang='lat' dir='ltr'>ut</span> <span class='ocrx_word' id='word_1_129' title='bbox 1048 1007 1172 1046; x_wconf 90' lang='lat' dir='ltr'>species</span> <span class='ocrx_word' id='word_1_130' title='bbox 1189 1007 1267 1044; x_wconf 91' lang='lat' dir='ltr'>eius,</span> <span class='ocrx_word' id='word_1_131' title='bbox 1283 1007 1340 1038; x_wconf 93' lang='lat' dir='ltr'>sed</span> 
     </span>
     <span class='ocr_line' id='line_1_17' title="bbox 264 1051 1340 1094; baseline -0.003 -10"><span class='ocrx_word' id='word_1_132' title='bbox 264 1060 300 1083; x_wconf 89' lang='lat' dir='ltr'>ut</span> <span class='ocrx_word' id='word_1_133' title='bbox 316 1059 364 1084; x_wconf 89' lang='lat' dir='ltr'>est</span> <span class='ocrx_word' id='word_1_134' title='bbox 379 1053 504 1094; x_wconf 89' lang='lat' dir='ltr'>species</span> <span class='ocrx_word' id='word_1_135' title='bbox 516 1052 705 1084; x_wconf 88' lang='lat' dir='ltr'>accidentis:</span> <span class='ocrx_word' id='word_1_136' title='bbox 722 1053 917 1092; x_wconf 89' lang='lat' dir='ltr'>inquantum</span> <span class='ocrx_word' id='word_1_137' title='bbox 934 1051 1021 1081; x_wconf 91' lang='lat' dir='ltr'>enim</span> <span class='ocrx_word' id='word_1_138' title='bbox 1038 1057 1086 1081; x_wconf 90' lang='lat' dir='ltr'>est</span> <span class='ocrx_word' id='word_1_139' title='bbox 1101 1051 1249 1082; x_wconf 89' lang='lat' dir='ltr'>accidens</span> <span class='ocrx_word' id='word_1_140' title='bbox 1266 1061 1340 1092; x_wconf 91' lang='lat' dir='ltr'>pro-</span> 
     </span>
     <span class='ocr_line' id='line_1_18' title="bbox 265 1096 1340 1138; baseline -0.001 -10"><span class='ocrx_word' id='word_1_141' title='bbox 265 1098 383 1128; x_wconf 85' lang='lat' dir='ltr'>cedens</span> <span class='ocrx_word' id='word_1_142' title='bbox 406 1099 446 1128; x_wconf 92' lang='lat' dir='ltr'>ab</span> <span class='ocrx_word' id='word_1_143' title='bbox 467 1103 583 1138; x_wconf 82' lang='lat' dir='ltr'>agente</span> <span class='ocrx_word' id='word_1_144' title='bbox 603 1102 639 1128; x_wconf 93' lang='lat' dir='ltr'>ut</span> <span class='ocrx_word' id='word_1_145' title='bbox 662 1096 735 1127; x_wconf 85' lang='lat' dir='ltr'>finis</span> <span class='ocrx_word' id='word_1_146' title='bbox 759 1096 892 1136; x_wconf 87' lang='lat' dir='ltr'>agentis,</span> <span class='ocrx_word' id='word_1_147' title='bbox 908 1105 977 1126; x_wconf 93' lang='lat' dir='ltr'>non</span> <span class='ocrx_word' id='word_1_148' title='bbox 993 1101 1103 1126; x_wconf 91' lang='lat' dir='ltr'>autem</span> <span class='ocrx_word' id='word_1_149' title='bbox 1118 1102 1154 1126; x_wconf 90' lang='lat' dir='ltr'>ut</span> <span class='ocrx_word' id='word_1_150' title='bbox 1177 1105 1235 1136; x_wconf 91' lang='lat' dir='ltr'>per</span> <span class='ocrx_word' id='word_1_151' title='bbox 1251 1096 1340 1136; x_wconf 91' lang='lat' dir='ltr'>quod</span> 
     </span>
     <span class='ocr_line' id='line_1_19' title="bbox 265 1140 1341 1183; baseline -0.002 -9"><span class='ocrx_word' id='word_1_152' title='bbox 265 1142 399 1183; x_wconf 89' lang='lat' dir='ltr'>aliquod</span> <span class='ocrx_word' id='word_1_153' title='bbox 423 1147 595 1183; x_wconf 87' lang='lat' dir='ltr'>operatum</span> <span class='ocrx_word' id='word_1_154' title='bbox 618 1141 826 1182; x_wconf 79' lang='lat' dir='ltr'>producatur,</span> <span class='ocrx_word' id='word_1_155' title='bbox 844 1141 940 1172; x_wconf 89' lang='lat' dir='ltr'>habet</span> <span class='ocrx_word' id='word_1_156' title='bbox 964 1140 1055 1180; x_wconf 89' lang='lat' dir='ltr'>quod</span> <span class='ocrx_word' id='word_1_157' title='bbox 1077 1141 1110 1171; x_wconf 92' lang='lat' dir='ltr'>in</span> <span class='ocrx_word' id='word_1_158' title='bbox 1134 1141 1206 1180; x_wconf 88' lang='lat' dir='ltr'>ipso</span> <span class='ocrx_word' id='word_1_159' title='bbox 1227 1147 1341 1180; x_wconf 89' lang='lat' dir='ltr'>agente</span> 
     </span>
     <span class='ocr_line' id='line_1_20' title="bbox 265 1193 440 1219; baseline 0 -1"><span class='ocrx_word' id='word_1_160' title='bbox 265 1193 440 1219; x_wconf 80' lang='lat' dir='ltr'>remaneat.</span> 
     </span>
    </p>

    <p class='ocr_par' dir='ltr' id='par_1_4' title="bbox 0 1229 1343 1366">
     <span class='ocr_line' id='line_1_21' title="bbox 0 1229 1342 1270; baseline -0.002 -7"><span class='ocrx_word' id='word_1_161' title='bbox 0 1260 3 1262; x_wconf 93' lang='lat'>.</span> <span class='ocrx_word' id='word_1_162' title='bbox 321 1229 568 1263; x_wconf 83' lang='lat' dir='ltr'>Attendendum</span> <span class='ocrx_word' id='word_1_163' title='bbox 584 1235 694 1261; x_wconf 89' lang='lat' dir='ltr'>autem</span> <span class='ocrx_word' id='word_1_164' title='bbox 707 1229 799 1270; x_wconf 94' lang='lat' dir='ltr'>quod</span> <span class='ocrx_word' id='word_1_165' title='bbox 817 1239 885 1260; x_wconf 90' lang='lat' dir='ltr'>non</span> <span class='ocrx_word' id='word_1_166' title='bbox 903 1235 951 1260; x_wconf 87' lang='lat' dir='ltr'>est</span> <span class='ocrx_word' id='word_1_167' title='bbox 964 1229 1177 1260; x_wconf 82' lang='lat' dir='ltr'>contradictio</span> <span class='ocrx_word' id='word_1_168' title='bbox 1190 1230 1222 1260; x_wconf 90' lang='lat' dir='ltr'>in</span> <span class='ocrx_word' id='word_1_169' title='bbox 1240 1231 1342 1260; x_wconf 88' lang='lat' dir='ltr'>verbis</span> 
     </span>
     <span class='ocr_line' id='line_1_22' title="bbox 0 1273 1342 1316; baseline -0.003 -8"><span class='ocrx_word' id='word_1_170' title='bbox 0 1276 6 1316; x_wconf 57' lang='grc' dir='ltr'>ξ</span> <span class='ocrx_word' id='word_1_171' title='bbox 50 1284 52 1286; x_wconf 78' lang='grc'>’</span> <span class='ocrx_word' id='word_1_172' title='bbox 265 1275 375 1308; x_wconf 85' lang='lat' dir='ltr'>Sancti</span> <span class='ocrx_word' id='word_1_173' title='bbox 398 1276 549 1307; x_wconf 87' lang='lat' dir='ltr'>Thomae</span> <span class='ocrx_word' id='word_1_174' title='bbox 573 1284 649 1306; x_wconf 90' lang='lat' dir='ltr'>cum</span> <span class='ocrx_word' id='word_1_175' title='bbox 672 1275 789 1315; x_wconf 90' lang='lat' dir='ltr'>inquit,</span> <span class='ocrx_word' id='word_1_176' title='bbox 814 1274 827 1305; x_wconf 94' lang='grc' dir='ltr'>Ι</span> <span class='ocrx_word' id='word_1_177' title='bbox 851 1274 949 1310; x_wconf 72' lang='grc' dir='ltr'><em>8εηῑ.,</em></span> <span class='ocrx_word' id='word_1_178' title='bbox 979 1274 1034 1304; x_wconf 88' lang='lat' dir='ltr'>ubi</span> <span class='ocrx_word' id='word_1_179' title='bbox 1063 1273 1227 1314; x_wconf 88' lang='lat' dir='ltr'>allegatur,</span> <span class='ocrx_word' id='word_1_180' title='bbox 1253 1274 1342 1315; x_wconf 93' lang='lat' dir='ltr'>quod</span> 
     </span>
     <span class='ocr_line' id='line_1_23' title="bbox 265 1319 1343 1366; baseline -0.003 -14"><span class='ocrx_word' id='word_1_181' title='bbox 265 1321 352 1352; x_wconf 75' lang='lat' dir='ltr'>actio</span> <span class='ocrx_word' id='word_1_182' title='bbox 375 1319 588 1366; x_wconf 60' lang='lat' dir='ltr'>signficatur</span> <span class='ocrx_word' id='word_1_183' title='bbox 607 1324 646 1350; x_wconf 85' lang='lat' dir='ltr'>ut</span> <span class='ocrx_word' id='word_1_184' title='bbox 667 1319 708 1350; x_wconf 82' lang='lat' dir='ltr'>ab</span> <span class='ocrx_word' id='word_1_185' title='bbox 731 1324 859 1361; x_wconf 74' lang='lat' dir='ltr'>agente,</span> <span class='ocrx_word' id='word_1_186' title='bbox 883 1319 941 1350; x_wconf 84' lang='lat' dir='ltr'>sed</span> <span class='ocrx_word' id='word_1_187' title='bbox 964 1324 1011 1350; x_wconf 84' lang='lat' dir='ltr'>est</span> <span class='ocrx_word' id='word_1_188' title='bbox 1035 1319 1067 1349; x_wconf 87' lang='lat' dir='ltr'>in</span> <span class='ocrx_word' id='word_1_189' title='bbox 1092 1324 1211 1360; x_wconf 79' lang='lat' dir='ltr'>agente</span> <span class='ocrx_word' id='word_1_190' title='bbox 1232 1324 1268 1349; x_wconf 88' lang='lat' dir='ltr'>ut</span> <span class='ocrx_word' id='word_1_191' title='bbox 1289 1329 1343 1350; x_wconf 86' lang='lat' dir='ltr'>ac-</span> 
     </span>
    </p>

    <p class='ocr_par' dir='ltr' id='par_1_5' title="bbox 0 1359 1346 1499">
     <span class='ocr_line' id='line_1_24' title="bbox 22 1359 1344 1404; baseline 0 -9"><span class='ocrx_word' id='word_1_192' title='bbox 22 1367 164 1395; x_wconf 58' lang='lat' dir='ltr'>utum-1,</span> <span class='ocrx_word' id='word_1_193' title='bbox 178 1366 229 1390; x_wconf 70' lang='lat'><strong>¹³¹¹·</strong></span> <span class='ocrx_word' id='word_1_194' title='bbox 251 1365 376 1397; x_wconf 27' lang='lat' dir='ltr'>‘dass</span> <span class='ocrx_word' id='word_1_195' title='bbox 396 1359 464 1402; x_wconf 57' lang='lat' dir='ltr'>&#39;ein</span> <span class='ocrx_word' id='word_1_196' title='bbox 485 1365 519 1395; x_wconf 89' lang='lat' dir='ltr'>in</span> <span class='ocrx_word' id='word_1_197' title='bbox 546 1364 587 1395; x_wconf 86' lang='lat' dir='ltr'>de</span> <span class='ocrx_word' id='word_1_198' title='bbox 613 1364 763 1395; x_wconf 82' lang='lat' dir='ltr'>Potentia</span> <span class='ocrx_word' id='word_1_199' title='bbox 788 1369 908 1400; x_wconf 89' lang='lat' dir='ltr'>autem,</span> <span class='ocrx_word' id='word_1_200' title='bbox 935 1365 991 1394; x_wconf 92' lang='lat' dir='ltr'>ubi</span> <span class='ocrx_word' id='word_1_201' title='bbox 1015 1364 1163 1404; x_wconf 91' lang='lat' dir='ltr'>superius</span> <span class='ocrx_word' id='word_1_202' title='bbox 1179 1365 1196 1380; x_wconf 79' lang='lat'><em>*</em></span> <span class='ocrx_word' id='word_1_203' title='bbox 1219 1370 1266 1394; x_wconf 89' lang='lat' dir='ltr'>est</span> <span class='ocrx_word' id='word_1_204' title='bbox 1289 1364 1344 1395; x_wconf 89' lang='lat' dir='ltr'>ad-</span> 
     </span>
     <span class='ocr_line' id='line_1_25' title="bbox 0 1409 1346 1454; baseline -0.003 -11"><span class='ocrx_word' id='word_1_205' title='bbox 0 1426 6 1454; x_wconf 64' lang='lat' dir='ltr'><em>g</em></span> <span class='ocrx_word' id='word_1_206' title='bbox 266 1410 413 1447; x_wconf 81' lang='lat' dir='ltr'>ductum,</span> <span class='ocrx_word' id='word_1_207' title='bbox 429 1410 474 1440; x_wconf 83' lang='lat' dir='ltr'>ait</span> <span class='ocrx_word' id='word_1_208' title='bbox 489 1409 581 1450; x_wconf 90' lang='lat' dir='ltr'>quod</span> <span class='ocrx_word' id='word_1_209' title='bbox 596 1409 684 1440; x_wconf 84' lang='lat' dir='ltr'>actio</span> <span class='ocrx_word' id='word_1_210' title='bbox 701 1419 767 1440; x_wconf 83' lang='lat' dir='ltr'>non</span> <span class='ocrx_word' id='word_1_211' title='bbox 779 1414 828 1440; x_wconf 80' lang='lat' dir='ltr'>est</span> <span class='ocrx_word' id='word_1_212' title='bbox 842 1409 978 1440; x_wconf 86' lang='lat' dir='ltr'>realiter</span> <span class='ocrx_word' id='word_1_213' title='bbox 982 1410 1103 1450; x_wconf 83' lang='lat' dir='ltr'>forma</span> <span class='ocrx_word' id='word_1_214' title='bbox 1119 1409 1257 1450; x_wconf 78' lang='lat' dir='ltr'>agentis,</span> <span class='ocrx_word' id='word_1_215' title='bbox 1271 1409 1346 1439; x_wconf 85' lang='lat' dir='ltr'>licet</span> 
     </span>
     <span class='ocr_line' id='line_1_26' title="bbox 0 1453 1344 1499; baseline -0.003 -11"><span class='ocrx_word' id='word_1_216' title='bbox 0 1464 2 1466; x_wconf 82' lang='lat'>&#39;</span> <span class='ocrx_word' id='word_1_217' title='bbox 79 1455 84 1459; x_wconf 75' lang='grc'><strong>’</strong></span> <span class='ocrx_word' id='word_1_218' title='bbox 266 1455 472 1499; x_wconf 59' lang='lat' dir='ltr'>significetur</span> <span class='ocrx_word' id='word_1_219' title='bbox 491 1464 556 1496; x_wconf 82' lang='lat' dir='ltr'>per</span> <span class='ocrx_word' id='word_1_220' title='bbox 582 1454 713 1485; x_wconf 82' lang='lat' dir='ltr'>modum</span> <span class='ocrx_word' id='word_1_221' title='bbox 734 1454 884 1496; x_wconf 82' lang='lat' dir='ltr'>formae.</span> <span class='ocrx_word' id='word_1_222' title='bbox 908 1453 944 1484; x_wconf 82' lang='lat' dir='ltr'>In</span> <span class='ocrx_word' id='word_1_223' title='bbox 968 1454 1077 1484; x_wconf 85' lang='lat' dir='ltr'>Primo</span> <span class='ocrx_word' id='word_1_224' title='bbox 1101 1454 1187 1484; x_wconf 90' lang='lat' dir='ltr'>enim</span> <span class='ocrx_word' id='word_1_225' title='bbox 1211 1453 1344 1484; x_wconf 87' lang='lat' dir='ltr'>Senten-</span> 
     </span>
    </p>
   </div>
   <div class='ocr_carea' id='block_1_3' title="bbox 19 563 233 589">
    <p class='ocr_par' dir='ltr' id='par_1_6' title="bbox 19 563 233 589">
     <span class='ocr_line' id='line_1_27' title="bbox 19 563 233 589; baseline -0.014 -4"><span class='ocrx_word' id='word_1_226' title='bbox 19 564 30 576; x_wconf 83' lang='grc'><em>·</em></span> <span class='ocrx_word' id='word_1_227' title='bbox 43 563 53 584; x_wconf 89' lang='lat' dir='ltr'>l</span> <span class='ocrx_word' id='word_1_228' title='bbox 68 563 104 589; x_wconf 64' lang='lat' dir='ltr'>P„</span> <span class='ocrx_word' id='word_1_229' title='bbox 119 566 202 588; x_wconf 71' lang='lat' dir='ltr'>xuni,</span> <span class='ocrx_word' id='word_1_230' title='bbox 213 567 233 582; x_wconf 83' lang='lat'>2.</span> 
     </span>
    </p>
   </div>
   <div class='ocr_carea' id='block_1_4' title="bbox 0 1491 1345 1640">
    <p class='ocr_par' dir='ltr' id='par_1_7' title="bbox 0 1491 1345 1640">
     <span class='ocr_line' id='line_1_28' title="bbox 0 1491 1344 1540; baseline -0.002 -8"><span class='ocrx_word' id='word_1_231' title='bbox 0 1491 10 1539; x_wconf 56' lang='lat' dir='ltr'>f</span> <span class='ocrx_word' id='word_1_232' title='bbox 268 1499 390 1540; x_wconf 58' lang='lat' dir='ltr'>tigrum</span> <span class='ocrx_word' id='word_1_233' title='bbox 417 1497 564 1540; x_wconf 88' lang='lat' dir='ltr'>loquitur</span> <span class='ocrx_word' id='word_1_234' title='bbox 594 1498 634 1530; x_wconf 89' lang='lat' dir='ltr'>de</span> <span class='ocrx_word' id='word_1_235' title='bbox 665 1500 794 1530; x_wconf 87' lang='lat' dir='ltr'>actione</span> <span class='ocrx_word' id='word_1_236' title='bbox 822 1499 1035 1530; x_wconf 88' lang='lat' dir='ltr'>immanente:</span> <span class='ocrx_word' id='word_1_237' title='bbox 1067 1499 1100 1529; x_wconf 89' lang='lat' dir='ltr'>in</span> <span class='ocrx_word' id='word_1_238' title='bbox 1131 1498 1171 1529; x_wconf 83' lang='lat' dir='ltr'>de</span> <span class='ocrx_word' id='word_1_239' title='bbox 1196 1499 1344 1529; x_wconf 80' lang='lat' dir='ltr'>Potentia</span> 
     </span>
     <span class='ocr_line' id='line_1_29' title="bbox 0 1541 817 1577; baseline -0.002 -1"><span class='ocrx_word' id='word_1_240' title='bbox 0 1541 17 1574; x_wconf 92' lang='grc' dir='ltr'>Ρ</span> <span class='ocrx_word' id='word_1_241' title='bbox 268 1549 380 1577; x_wconf 85' lang='lat' dir='ltr'>autem</span> <span class='ocrx_word' id='word_1_242' title='bbox 402 1542 443 1575; x_wconf 84' lang='lat' dir='ltr'>de</span> <span class='ocrx_word' id='word_1_243' title='bbox 467 1544 596 1574; x_wconf 84' lang='lat' dir='ltr'>actione</span> <span class='ocrx_word' id='word_1_244' title='bbox 619 1549 817 1574; x_wconf 86' lang='lat' dir='ltr'>transeunte.</span> 
     </span>
     <span class='ocr_line' id='line_1_30' title="bbox 26 1587 1345 1640; baseline -0.002 -20"><span class='ocrx_word' id='word_1_245' title='bbox 26 1592 39 1607; x_wconf 86' lang='grc'><em>·</em></span> <span class='ocrx_word' id='word_1_246' title='bbox 56 1590 129 1616; x_wconf 66' lang='lat' dir='ltr'>thn-</span> <span class='ocrx_word' id='word_1_247' title='bbox 150 1597 183 1640; x_wconf 56' lang='grc' dir='ltr'>Ν..</span> <span class='ocrx_word' id='word_1_248' title='bbox 199 1590 243 1640; x_wconf 58' lang='lat' dir='ltr'>gg:</span> <span class='ocrx_word' id='word_1_249' title='bbox 327 1599 358 1621; x_wconf 89' lang='lat'>2.</span> <span class='ocrx_word' id='word_1_250' title='bbox 381 1589 433 1620; x_wconf 74' lang='lat' dir='ltr'>Ad</span> <span class='ocrx_word' id='word_1_251' title='bbox 445 1587 624 1620; x_wconf 82' lang='lat' dir='ltr'>secundum</span> <span class='ocrx_word' id='word_1_252' title='bbox 636 1589 653 1605; x_wconf 74' lang='lat'>⁴*</span> <span class='ocrx_word' id='word_1_253' title='bbox 665 1588 783 1619; x_wconf 91' lang='lat' dir='ltr'>dicitur</span> <span class='ocrx_word' id='word_1_254' title='bbox 794 1589 912 1629; x_wconf 90' lang='lat' dir='ltr'>primo,</span> <span class='ocrx_word' id='word_1_255' title='bbox 926 1587 1017 1628; x_wconf 91' lang='lat' dir='ltr'>quod</span> <span class='ocrx_word' id='word_1_256' title='bbox 1036 1588 1121 1618; x_wconf 91' lang='lat' dir='ltr'>actio</span> <span class='ocrx_word' id='word_1_257' title='bbox 1134 1587 1250 1618; x_wconf 90' lang='lat' dir='ltr'>dicitur</span> <span class='ocrx_word' id='word_1_258' title='bbox 1263 1598 1345 1628; x_wconf 84' lang='lat' dir='ltr'>pro-</span> 
     </span>
    </p>
   </div>
   <div class='ocr_carea' id='block_1_5' title="bbox 0 1632 1351 2614">
    <p class='ocr_par' dir='ltr' id='par_1_8' title="bbox 0 1632 1348 1934">
     <span class='ocr_line' id='line_1_31' title="bbox 0 1632 1346 1687; baseline -0.004 -19"><span class='ocrx_word' id='word_1_259' title='bbox 0 1666 10 1687; x_wconf 50' lang='lat'><em>5</em></span> <span class='ocrx_word' id='word_1_260' title='bbox 262 1634 343 1676; x_wconf 66' lang='lat' dir='ltr'>potia</span> <span class='ocrx_word' id='word_1_261' title='bbox 360 1633 523 1676; x_wconf 63' lang='lat' dir='ltr'>perfectio</span> <span class='ocrx_word' id='word_1_262' title='bbox 539 1633 678 1675; x_wconf 75' lang='lat' dir='ltr'>agentis,</span> <span class='ocrx_word' id='word_1_263' title='bbox 701 1634 737 1664; x_wconf 92' lang='lat' dir='ltr'>in</span> <span class='ocrx_word' id='word_1_264' title='bbox 761 1634 952 1674; x_wconf 81' lang='lat' dir='ltr'>quaestione</span> <span class='ocrx_word' id='word_1_265' title='bbox 967 1633 1008 1663; x_wconf 88' lang='lat' dir='ltr'>de</span> <span class='ocrx_word' id='word_1_266' title='bbox 1029 1632 1189 1668; x_wconf 86' lang='lat' dir='ltr'>Potentia,</span> <span class='ocrx_word' id='word_1_267' title='bbox 1205 1642 1273 1663; x_wconf 91' lang='lat' dir='ltr'>non</span> <span class='ocrx_word' id='word_1_268' title='bbox 1298 1633 1346 1663; x_wconf 88' lang='lat' dir='ltr'>in-</span> 
     </span>
     <span class='ocr_line' id='line_1_32' title="bbox 0 1676 1347 1731; baseline -0.001 -21"><span class='ocrx_word' id='word_1_269' title='bbox 0 1709 6 1731; x_wconf 54' lang='grc' dir='ltr'>ι</span> <span class='ocrx_word' id='word_1_270' title='bbox 269 1679 415 1716; x_wconf 51' lang='lat' dir='ltr'>harena,</span> <span class='ocrx_word' id='word_1_271' title='bbox 430 1678 489 1710; x_wconf 83' lang='lat' dir='ltr'>sed</span> <span class='ocrx_word' id='word_1_272' title='bbox 504 1678 544 1709; x_wconf 90' lang='lat' dir='ltr'>ab</span> <span class='ocrx_word' id='word_1_273' title='bbox 560 1683 676 1718; x_wconf 81' lang='lat' dir='ltr'>agente</span> <span class='ocrx_word' id='word_1_274' title='bbox 691 1678 883 1719; x_wconf 86' lang='lat' dir='ltr'>procedens.</span> <span class='ocrx_word' id='word_1_275' title='bbox 896 1678 991 1716; x_wconf 86' lang='lat' dir='ltr'>Quae</span> <span class='ocrx_word' id='word_1_276' title='bbox 1003 1677 1079 1708; x_wconf 89' lang='lat' dir='ltr'>ideo</span> <span class='ocrx_word' id='word_1_277' title='bbox 1093 1676 1209 1708; x_wconf 87' lang='lat' dir='ltr'>dicitur</span> <span class='ocrx_word' id='word_1_278' title='bbox 1223 1678 1347 1717; x_wconf 87' lang='lat' dir='ltr'>agentis</span> 
     </span>
     <span class='ocr_line' id='line_1_33' title="bbox 269 1722 1346 1764; baseline -0.003 -8"><span class='ocrx_word' id='word_1_279' title='bbox 269 1722 439 1764; x_wconf 71' lang='lat' dir='ltr'>perfectio,</span> <span class='ocrx_word' id='word_1_280' title='bbox 462 1723 539 1764; x_wconf 88' lang='lat' dir='ltr'>quia</span> <span class='ocrx_word' id='word_1_281' title='bbox 562 1732 620 1764; x_wconf 86' lang='lat' dir='ltr'>per</span> <span class='ocrx_word' id='word_1_282' title='bbox 643 1723 747 1764; x_wconf 84' lang='lat' dir='ltr'>ipsam</span> <span class='ocrx_word' id='word_1_283' title='bbox 763 1722 899 1764; x_wconf 74' lang='lat' dir='ltr'>aIIquod</span> <span class='ocrx_word' id='word_1_284' title='bbox 915 1723 1040 1753; x_wconf 90' lang='lat' dir='ltr'>bonum</span> <span class='ocrx_word' id='word_1_285' title='bbox 1063 1722 1213 1763; x_wconf 90' lang='lat' dir='ltr'>provenit</span> <span class='ocrx_word' id='word_1_286' title='bbox 1229 1723 1346 1762; x_wconf 85' lang='lat' dir='ltr'>agenti,</span> 
     </span>
     <span class='ocr_line' id='line_1_34' title="bbox 0 1733 1347 1811; baseline -0.002 -10"><span class='ocrx_word' id='word_1_287' title='bbox 0 1733 7 1811; x_wconf 63' lang='lat' dir='ltr'>i</span> <span class='ocrx_word' id='word_1_288' title='bbox 270 1768 351 1800; x_wconf 86' lang='lat' dir='ltr'>dum</span> <span class='ocrx_word' id='word_1_289' title='bbox 373 1767 496 1799; x_wconf 88' lang='lat' dir='ltr'>scilicet</span> <span class='ocrx_word' id='word_1_290' title='bbox 519 1773 729 1798; x_wconf 88' lang='lat' dir='ltr'>conservatur</span> <span class='ocrx_word' id='word_1_291' title='bbox 761 1777 830 1799; x_wconf 92' lang='lat' dir='ltr'>esse</span> <span class='ocrx_word' id='word_1_292' title='bbox 853 1768 983 1808; x_wconf 90' lang='lat' dir='ltr'>speciei,</span> <span class='ocrx_word' id='word_1_293' title='bbox 1008 1772 1063 1798; x_wconf 91' lang='lat' dir='ltr'>aut</span> <span class='ocrx_word' id='word_1_294' title='bbox 1086 1766 1209 1807; x_wconf 88' lang='lat' dir='ltr'>aliquid</span> <span class='ocrx_word' id='word_1_295' title='bbox 1236 1767 1347 1798; x_wconf 90' lang='lat' dir='ltr'>huius-</span> 
     </span>
     <span class='ocr_line' id='line_1_35' title="bbox 0 1812 731 1875; baseline -0.004 -29"><span class='ocrx_word' id='word_1_296' title='bbox 0 1817 6 1875; x_wconf 59' lang='grc' dir='ltr'>ξ</span> <span class='ocrx_word' id='word_1_297' title='bbox 270 1812 372 1850; x_wconf 88' lang='lat' dir='ltr'>modi,</span> <span class='ocrx_word' id='word_1_298' title='bbox 396 1818 432 1844; x_wconf 92' lang='lat' dir='ltr'>ut</span> <span class='ocrx_word' id='word_1_299' title='bbox 456 1812 577 1843; x_wconf 87' lang='lat' dir='ltr'>ibidem</span> <span class='ocrx_word' id='word_1_300' title='bbox 593 1813 610 1829; x_wconf 71' lang='lat'>⁴*</span> <span class='ocrx_word' id='word_1_301' title='bbox 634 1818 731 1853; x_wconf 89' lang='lat' dir='ltr'>patet.</span> 
     </span>
     <span class='ocr_line' id='line_1_36' title="bbox 327 1855 1348 1897; baseline -0.003 -8"><span class='ocrx_word' id='word_1_302' title='bbox 327 1858 453 1889; x_wconf 87' lang='lat' dir='ltr'>Dicitur</span> <span class='ocrx_word' id='word_1_303' title='bbox 476 1856 632 1893; x_wconf 91' lang='lat' dir='ltr'>secundo,</span> <span class='ocrx_word' id='word_1_304' title='bbox 650 1857 741 1897; x_wconf 95' lang='lat' dir='ltr'>quod</span> <span class='ocrx_word' id='word_1_305' title='bbox 763 1857 797 1887; x_wconf 92' lang='lat' dir='ltr'>in</span> <span class='ocrx_word' id='word_1_306' title='bbox 821 1856 861 1887; x_wconf 84' lang='lat' dir='ltr'>de</span> <span class='ocrx_word' id='word_1_307' title='bbox 890 1857 1030 1887; x_wconf 75' lang='lat' dir='ltr'>Ver-itate</span> <span class='ocrx_word' id='word_1_308' title='bbox 1051 1856 1198 1896; x_wconf 90' lang='lat' dir='ltr'>loquitur</span> <span class='ocrx_word' id='word_1_309' title='bbox 1212 1855 1348 1886; x_wconf 91' lang='lat' dir='ltr'>Sanctus</span> 
     </span>
     <span class='ocr_line' id='line_1_37' title="bbox 271 1901 867 1934; baseline -0.005 1"><span class='ocrx_word' id='word_1_310' title='bbox 271 1902 418 1934; x_wconf 78' lang='lat' dir='ltr'>Th&#39;omas</span> <span class='ocrx_word' id='word_1_311' title='bbox 442 1901 483 1933; x_wconf 91' lang='lat' dir='ltr'>de</span> <span class='ocrx_word' id='word_1_312' title='bbox 505 1902 633 1933; x_wconf 88' lang='lat' dir='ltr'>actione</span> <span class='ocrx_word' id='word_1_313' title='bbox 657 1902 867 1932; x_wconf 89' lang='lat' dir='ltr'>immanente.</span> 
     </span>
    </p>

    <p class='ocr_par' dir='ltr' id='par_1_9' title="bbox 272 1944 1347 2256">
     <span class='ocr_line' id='line_1_38' title="bbox 329 1944 1347 1986; baseline -0.004 -8"><span class='ocrx_word' id='word_1_314' title='bbox 329 1947 360 1979; x_wconf 85' lang='lat'>3.</span> <span class='ocrx_word' id='word_1_315' title='bbox 384 1947 436 1978; x_wconf 74' lang='lat' dir='ltr'>Aa</span> <span class='ocrx_word' id='word_1_316' title='bbox 459 1946 589 1977; x_wconf 86' lang='lat' dir='ltr'>tertium</span> <span class='ocrx_word' id='word_1_317' title='bbox 605 1947 623 1963; x_wconf 71' lang='lat'>⁵</span> <span class='ocrx_word' id='word_1_318' title='bbox 646 1945 763 1977; x_wconf 90' lang='lat' dir='ltr'>dicitur</span> <span class='ocrx_word' id='word_1_319' title='bbox 778 1945 869 1986; x_wconf 91' lang='lat' dir='ltr'>quod</span> <span class='ocrx_word' id='word_1_320' title='bbox 884 1946 918 1975; x_wconf 89' lang='lat' dir='ltr'>in</span> <span class='ocrx_word' id='word_1_321' title='bbox 934 1945 996 1976; x_wconf 90' lang='lat' dir='ltr'>illis</span> <span class='ocrx_word' id='word_1_322' title='bbox 1012 1945 1092 1976; x_wconf 89' lang='lat' dir='ltr'>locis</span> <span class='ocrx_word' id='word_1_323' title='bbox 1107 1944 1253 1985; x_wconf 88' lang='lat' dir='ltr'>loquitur</span> <span class='ocrx_word' id='word_1_324' title='bbox 1269 1944 1347 1975; x_wconf 90' lang='lat' dir='ltr'>San-</span> 
     </span>
     <span class='ocr_line' id='line_1_39' title="bbox 273 1989 1347 2031; baseline -0.004 -8"><span class='ocrx_word' id='word_1_325' title='bbox 273 1998 344 2023; x_wconf 91' lang='lat' dir='ltr'>ctus</span> <span class='ocrx_word' id='word_1_326' title='bbox 360 1992 506 2022; x_wconf 87' lang='lat' dir='ltr'>Thomas</span> <span class='ocrx_word' id='word_1_327' title='bbox 522 1991 563 2021; x_wconf 89' lang='lat' dir='ltr'>de</span> <span class='ocrx_word' id='word_1_328' title='bbox 579 1991 707 2021; x_wconf 91' lang='lat' dir='ltr'>actione</span> <span class='ocrx_word' id='word_1_329' title='bbox 730 1996 889 2031; x_wconf 87' lang='lat' dir='ltr'>quantum</span> <span class='ocrx_word' id='word_1_330' title='bbox 913 1989 953 2020; x_wconf 93' lang='lat' dir='ltr'>ad</span> <span class='ocrx_word' id='word_1_331' title='bbox 976 1990 1166 2020; x_wconf 88' lang='lat' dir='ltr'>relationem</span> <span class='ocrx_word' id='word_1_332' title='bbox 1191 1995 1347 2019; x_wconf 92' lang='lat' dir='ltr'>connota-</span> 
     </span>
     <span class='ocr_line' id='line_1_40' title="bbox 272 2034 1345 2076; baseline -0.004 -9"><span class='ocrx_word' id='word_1_333' title='bbox 272 2042 354 2068; x_wconf 86' lang='lat' dir='ltr'>tam:</span> <span class='ocrx_word' id='word_1_334' title='bbox 373 2036 486 2067; x_wconf 80' lang='lat' dir='ltr'>relatio</span> <span class='ocrx_word' id='word_1_335' title='bbox 502 2036 590 2067; x_wconf 87' lang='lat' dir='ltr'>enim</span> <span class='ocrx_word' id='word_1_336' title='bbox 606 2035 780 2076; x_wconf 87' lang='lat' dir='ltr'>importata</span> <span class='ocrx_word' id='word_1_337' title='bbox 794 2035 930 2066; x_wconf 90' lang='lat' dir='ltr'>nomine</span> <span class='ocrx_word' id='word_1_338' title='bbox 945 2034 1085 2065; x_wconf 83' lang='lat' dir='ltr'>actionis</span> <span class='ocrx_word' id='word_1_339' title='bbox 1104 2039 1151 2064; x_wconf 90' lang='lat' dir='ltr'>est</span> <span class='ocrx_word' id='word_1_340' title='bbox 1166 2034 1199 2064; x_wconf 89' lang='lat' dir='ltr'>in</span> <span class='ocrx_word' id='word_1_341' title='bbox 1217 2039 1345 2074; x_wconf 83' lang='lat' dir='ltr'>agente;</span> 
     </span>
     <span class='ocr_line' id='line_1_41' title="bbox 273 2078 1347 2121; baseline -0.004 -9"><span class='ocrx_word' id='word_1_342' title='bbox 273 2087 306 2112; x_wconf 87' lang='lat' dir='ltr'>et</span> <span class='ocrx_word' id='word_1_343' title='bbox 327 2081 441 2112; x_wconf 83' lang='lat' dir='ltr'>relatio</span> <span class='ocrx_word' id='word_1_344' title='bbox 465 2081 638 2121; x_wconf 86' lang='lat' dir='ltr'>importata</span> <span class='ocrx_word' id='word_1_345' title='bbox 661 2080 796 2111; x_wconf 90' lang='lat' dir='ltr'>nomine</span> <span class='ocrx_word' id='word_1_346' title='bbox 813 2078 981 2120; x_wconf 79' lang='lat' dir='ltr'>passionis</span> <span class='ocrx_word' id='word_1_347' title='bbox 1004 2084 1051 2110; x_wconf 89' lang='lat' dir='ltr'>est</span> <span class='ocrx_word' id='word_1_348' title='bbox 1074 2079 1106 2108; x_wconf 92' lang='lat' dir='ltr'>in</span> <span class='ocrx_word' id='word_1_349' title='bbox 1130 2078 1282 2118; x_wconf 90' lang='lat' dir='ltr'>patiente.</span> <span class='ocrx_word' id='word_1_350' title='bbox 1307 2078 1347 2108; x_wconf 93' lang='lat' dir='ltr'>Et</span> 
     </span>
     <span class='ocr_line' id='line_1_42' title="bbox 273 2123 1347 2162; baseline -0.004 -5"><span class='ocrx_word' id='word_1_351' title='bbox 273 2125 504 2162; x_wconf 88' lang='lat' dir='ltr'>universaliter,</span> <span class='ocrx_word' id='word_1_352' title='bbox 521 2125 577 2156; x_wconf 93' lang='lat' dir='ltr'>ubi</span> <span class='ocrx_word' id='word_1_353' title='bbox 593 2125 710 2156; x_wconf 89' lang='lat' dir='ltr'>dicitur</span> <span class='ocrx_word' id='word_1_354' title='bbox 725 2135 743 2155; x_wconf 90' lang='lat' dir='ltr'>a</span> <span class='ocrx_word' id='word_1_355' title='bbox 759 2124 878 2155; x_wconf 87' lang='lat' dir='ltr'>Sancto</span> <span class='ocrx_word' id='word_1_356' title='bbox 895 2124 1025 2154; x_wconf 88' lang='lat' dir='ltr'>Thoma</span> <span class='ocrx_word' id='word_1_357' title='bbox 1042 2123 1204 2154; x_wconf 90' lang='lat' dir='ltr'>actionem</span> <span class='ocrx_word' id='word_1_358' title='bbox 1229 2132 1298 2154; x_wconf 90' lang='lat' dir='ltr'>esse</span> <span class='ocrx_word' id='word_1_359' title='bbox 1314 2123 1347 2154; x_wconf 89' lang='lat' dir='ltr'>in</span> 
     </span>
     <span class='ocr_line' id='line_1_43' title="bbox 273 2167 1347 2212; baseline -0.005 -10"><span class='ocrx_word' id='word_1_360' title='bbox 273 2178 399 2212; x_wconf 80' lang='lat' dir='ltr'>agente,</span> <span class='ocrx_word' id='word_1_361' title='bbox 422 2169 670 2210; x_wconf 87' lang='lat' dir='ltr'>intelligendum</span> <span class='ocrx_word' id='word_1_362' title='bbox 694 2175 741 2200; x_wconf 87' lang='lat' dir='ltr'>est</span> <span class='ocrx_word' id='word_1_363' title='bbox 764 2175 820 2199; x_wconf 89' lang='lat' dir='ltr'>aut</span> <span class='ocrx_word' id='word_1_364' title='bbox 850 2168 890 2199; x_wconf 87' lang='lat' dir='ltr'>de</span> <span class='ocrx_word' id='word_1_365' title='bbox 921 2169 1076 2199; x_wconf 86' lang='lat' dir='ltr'>relatione</span> <span class='ocrx_word' id='word_1_366' title='bbox 1099 2177 1158 2208; x_wconf 92' lang='lat' dir='ltr'>per</span> <span class='ocrx_word' id='word_1_367' title='bbox 1185 2167 1347 2198; x_wconf 90' lang='lat' dir='ltr'>actionem</span> 
     </span>
     <span class='ocr_line' id='line_1_44' title="bbox 272 2214 982 2256; baseline -0.004 -9"><span class='ocrx_word' id='word_1_368' title='bbox 272 2215 457 2256; x_wconf 75' lang='lat' dir='ltr'>inportata,</span> <span class='ocrx_word' id='word_1_369' title='bbox 479 2220 536 2246; x_wconf 89' lang='lat' dir='ltr'>aut</span> <span class='ocrx_word' id='word_1_370' title='bbox 559 2214 600 2245; x_wconf 91' lang='lat' dir='ltr'>de</span> <span class='ocrx_word' id='word_1_371' title='bbox 623 2214 751 2245; x_wconf 88' lang='lat' dir='ltr'>actione</span> <span class='ocrx_word' id='word_1_372' title='bbox 773 2214 982 2244; x_wconf 88' lang='lat' dir='ltr'>immanente.</span> 
     </span>
    </p>

    <p class='ocr_par' dir='ltr' id='par_1_10' title="bbox 0 2256 1350 2435">
     <span class='ocr_line' id='line_1_45' title="bbox 328 2256 1349 2300; baseline -0.005 -9"><span class='ocrx_word' id='word_1_373' title='bbox 328 2259 369 2291; x_wconf 87' lang='lat' dir='ltr'>X.</span> <span class='ocrx_word' id='word_1_374' title='bbox 393 2258 446 2291; x_wconf 88' lang='lat' dir='ltr'>Ad</span> <span class='ocrx_word' id='word_1_375' title='bbox 470 2264 622 2300; x_wconf 87' lang='lat' dir='ltr'>quartum</span> <span class='ocrx_word' id='word_1_376' title='bbox 638 2260 655 2276; x_wconf 74' lang='lat'>⁴*</span> <span class='ocrx_word' id='word_1_377' title='bbox 679 2258 795 2290; x_wconf 85' lang='lat' dir='ltr'>dicitur</span> <span class='ocrx_word' id='word_1_378' title='bbox 818 2259 936 2298; x_wconf 89' lang='lat' dir='ltr'>primo,</span> <span class='ocrx_word' id='word_1_379' title='bbox 963 2256 1054 2298; x_wconf 90' lang='lat' dir='ltr'>quod</span> <span class='ocrx_word' id='word_1_380' title='bbox 1077 2257 1161 2287; x_wconf 88' lang='lat' dir='ltr'>actio</span> <span class='ocrx_word' id='word_1_381' title='bbox 1192 2256 1349 2287; x_wconf 87' lang='lat' dir='ltr'>transiens</span> 
     </span>
     <span class='ocr_line' id='line_1_46' title="bbox 273 2301 1348 2344; baseline -0.005 -8"><span class='ocrx_word' id='word_1_382' title='bbox 273 2304 354 2336; x_wconf 88' lang='lat' dir='ltr'>nihil</span> <span class='ocrx_word' id='word_1_383' title='bbox 369 2304 448 2336; x_wconf 88' lang='lat' dir='ltr'>dicit</span> <span class='ocrx_word' id='word_1_384' title='bbox 463 2303 673 2336; x_wconf 84' lang='lat' dir='ltr'>essentialiter</span> <span class='ocrx_word' id='word_1_385' title='bbox 688 2309 813 2344; x_wconf 91' lang='lat' dir='ltr'>praeter</span> <span class='ocrx_word' id='word_1_386' title='bbox 824 2308 952 2334; x_wconf 89' lang='lat' dir='ltr'>motum</span> <span class='ocrx_word' id='word_1_387' title='bbox 965 2307 997 2333; x_wconf 92' lang='lat' dir='ltr'>et</span> <span class='ocrx_word' id='word_1_388' title='bbox 1012 2301 1203 2332; x_wconf 86' lang='lat' dir='ltr'>relationem</span> <span class='ocrx_word' id='word_1_389' title='bbox 1215 2301 1348 2341; x_wconf 85' lang='lat' dir='ltr'>agentis.</span> 
     </span>
     <span class='ocr_line' id='line_1_47' title="bbox 0 2345 1349 2381; baseline -0.005 1"><span class='ocrx_word' id='word_1_390' title='bbox 0 2355 6 2381; x_wconf 66' lang='lat' dir='ltr'>f</span> <span class='ocrx_word' id='word_1_391' title='bbox 273 2348 338 2381; x_wconf 87' lang='lat' dir='ltr'>Sed</span> <span class='ocrx_word' id='word_1_392' title='bbox 361 2349 441 2380; x_wconf 86' lang='lat' dir='ltr'>haec</span> <span class='ocrx_word' id='word_1_393' title='bbox 470 2349 504 2380; x_wconf 88' lang='lat' dir='ltr'>in</span> <span class='ocrx_word' id='word_1_394' title='bbox 529 2349 601 2380; x_wconf 91' lang='lat' dir='ltr'>Deo</span> <span class='ocrx_word' id='word_1_395' title='bbox 630 2358 697 2379; x_wconf 90' lang='lat' dir='ltr'>non</span> <span class='ocrx_word' id='word_1_396' title='bbox 726 2348 888 2379; x_wconf 90' lang='lat' dir='ltr'>invenitur</span> <span class='ocrx_word' id='word_1_397' title='bbox 918 2347 979 2378; x_wconf 88' lang='lat' dir='ltr'>nisi</span> <span class='ocrx_word' id='word_1_398' title='bbox 1009 2352 1136 2377; x_wconf 87' lang='lat' dir='ltr'>tantum</span> <span class='ocrx_word' id='word_1_399' title='bbox 1167 2345 1349 2376; x_wconf 90' lang='lat' dir='ltr'>secundum</span> 
     </span>
     <span class='ocr_line' id='line_1_48' title="bbox 0 2389 1350 2435; baseline -0.006 -7"><span class='ocrx_word' id='word_1_400' title='bbox 0 2389 3 2411; x_wconf 65' lang='lat'>⁵</span> <span class='ocrx_word' id='word_1_401' title='bbox 29 2400 40 2411; x_wconf 90' lang='grc'><em>·</em></span> <span class='ocrx_word' id='word_1_402' title='bbox 61 2399 99 2422; x_wconf 75' lang='lat' dir='ltr'>Cf·</span> <span class='ocrx_word' id='word_1_403' title='bbox 122 2405 173 2428; x_wconf 68' lang='grc' dir='ltr'>ειν-</span> <span class='ocrx_word' id='word_1_404' title='bbox 194 2403 246 2426; x_wconf 68' lang='grc' dir='ltr'>ινΙ,</span> <span class='ocrx_word' id='word_1_405' title='bbox 273 2393 411 2426; x_wconf 88' lang='lat' dir='ltr'>modum</span> <span class='ocrx_word' id='word_1_406' title='bbox 434 2393 637 2435; x_wconf 85' lang='lat' dir='ltr'>significandi</span> <span class='ocrx_word' id='word_1_407' title='bbox 661 2399 693 2424; x_wconf 87' lang='lat' dir='ltr'>et</span> <span class='ocrx_word' id='word_1_408' title='bbox 715 2392 896 2424; x_wconf 90' lang='lat' dir='ltr'>secundum</span> <span class='ocrx_word' id='word_1_409' title='bbox 917 2391 1103 2427; x_wconf 87' lang='lat' dir='ltr'>efficaciam,</span> <span class='ocrx_word' id='word_1_410' title='bbox 1124 2396 1161 2421; x_wconf 91' lang='lat' dir='ltr'>ut</span> <span class='ocrx_word' id='word_1_411' title='bbox 1184 2389 1317 2421; x_wconf 85' lang='lat' dir='ltr'>inferius</span> <span class='ocrx_word' id='word_1_412' title='bbox 1333 2391 1350 2407; x_wconf 42' lang='grc' dir='ltr'>ἢ*</span> 
     </span>
    </p>

    <p class='ocr_par' dir='ltr' id='par_1_11' title="bbox 30 2425 1350 2524">
     <span class='ocr_line' id='line_1_49' title="bbox 30 2425 1350 2480; baseline -0.005 -8"><span class='ocrx_word' id='word_1_413' title='bbox 30 2425 163 2450; x_wconf 46' lang='lat' dir='ltr'>mmm*</span> <span class='ocrx_word' id='word_1_414' title='bbox 179 2431 245 2448; x_wconf 56' lang='lat'>&#39;²³¹&#39;</span> <span class='ocrx_word' id='word_1_415' title='bbox 273 2438 480 2471; x_wconf 81' lang='lat' dir='ltr'>ostendetur:</span> <span class='ocrx_word' id='word_1_416' title='bbox 504 2448 598 2480; x_wconf 85' lang='lat' dir='ltr'>agere</span> <span class='ocrx_word' id='word_1_417' title='bbox 621 2439 709 2469; x_wconf 90' lang='lat' dir='ltr'>enim</span> <span class='ocrx_word' id='word_1_418' title='bbox 733 2437 880 2469; x_wconf 89' lang='lat' dir='ltr'>divinum</span> <span class='ocrx_word' id='word_1_419' title='bbox 903 2436 943 2467; x_wconf 93' lang='lat' dir='ltr'>ad</span> <span class='ocrx_word' id='word_1_420' title='bbox 967 2442 1054 2467; x_wconf 86' lang='lat' dir='ltr'>extra</span> <span class='ocrx_word' id='word_1_421' title='bbox 1078 2441 1125 2466; x_wconf 91' lang='lat' dir='ltr'>est</span> <span class='ocrx_word' id='word_1_422' title='bbox 1148 2444 1244 2466; x_wconf 91' lang='lat' dir='ltr'>suum</span> <span class='ocrx_word' id='word_1_423' title='bbox 1268 2435 1350 2466; x_wconf 90' lang='lat' dir='ltr'>velle</span> 
     </span>
     <span class='ocr_line' id='line_1_50' title="bbox 273 2484 638 2524; baseline -0.005 -8"><span class='ocrx_word' id='word_1_424' title='bbox 273 2490 305 2516; x_wconf 91' lang='lat' dir='ltr'>et</span> <span class='ocrx_word' id='word_1_425' title='bbox 328 2493 427 2516; x_wconf 90' lang='lat' dir='ltr'>suum</span> <span class='ocrx_word' id='word_1_426' title='bbox 449 2484 638 2524; x_wconf 85' lang='lat' dir='ltr'>intelligere.</span> 
     </span>
    </p>

    <p class='ocr_par' dir='ltr' id='par_1_12' title="bbox 272 2523 1351 2614">
     <span class='ocr_line' id='line_1_51' title="bbox 330 2523 1351 2568; baseline -0.006 -8"><span class='ocrx_word' id='word_1_427' title='bbox 330 2539 361 2560; x_wconf 90' lang='lat'>2.</span> <span class='ocrx_word' id='word_1_428' title='bbox 386 2529 512 2560; x_wconf 85' lang='lat' dir='ltr'>Dicitur</span> <span class='ocrx_word' id='word_1_429' title='bbox 534 2528 691 2565; x_wconf 83' lang='lat' dir='ltr'>secundo,</span> <span class='ocrx_word' id='word_1_430' title='bbox 708 2526 748 2558; x_wconf 92' lang='lat' dir='ltr'>ad</span> <span class='ocrx_word' id='word_1_431' title='bbox 764 2528 901 2568; x_wconf 89' lang='lat' dir='ltr'>primam</span> <span class='ocrx_word' id='word_1_432' title='bbox 925 2526 1199 2566; x_wconf 88' lang='lat' dir='ltr'>improbationem</span> <span class='ocrx_word' id='word_1_433' title='bbox 1213 2525 1240 2561; x_wconf 48' lang='grc' dir='ltr'><strong>ᾗ</strong></span> <span class='ocrx_word' id='word_1_434' title='bbox 1260 2523 1351 2564; x_wconf 92' lang='lat' dir='ltr'>quod</span> 
     </span>
     <span class='ocr_line' id='line_1_52' title="bbox 272 2568 1351 2614; baseline -0.005 -11"><span class='ocrx_word' id='word_1_435' title='bbox 272 2572 348 2605; x_wconf 87' lang='lat' dir='ltr'>ideo</span> <span class='ocrx_word' id='word_1_436' title='bbox 372 2574 467 2614; x_wconf 85' lang='lat' dir='ltr'>ponit</span> <span class='ocrx_word' id='word_1_437' title='bbox 495 2573 632 2605; x_wconf 89' lang='lat' dir='ltr'>Sanctus</span> <span class='ocrx_word' id='word_1_438' title='bbox 655 2573 801 2604; x_wconf 89' lang='lat' dir='ltr'>Thomas</span> <span class='ocrx_word' id='word_1_439' title='bbox 825 2572 1050 2612; x_wconf 87' lang='lat' dir='ltr'>operationem</span> <span class='ocrx_word' id='word_1_440' title='bbox 1066 2576 1097 2601; x_wconf 87' lang='lat' dir='ltr'>et</span> <span class='ocrx_word' id='word_1_441' title='bbox 1118 2571 1280 2600; x_wconf 88' lang='lat' dir='ltr'>actionem</span> <span class='ocrx_word' id='word_1_442' title='bbox 1304 2568 1351 2599; x_wconf 88' lang='lat' dir='ltr'>di-</span> 
     </span>
    </p>
   </div>
   <div class='ocr_carea' id='block_1_6' title="bbox 0 2259 200 2287">
    <p class='ocr_par' dir='ltr' id='par_1_13' title="bbox 0 2259 200 2287">
     <span class='ocr_line' id='line_1_53' title="bbox 0 2259 200 2287; baseline -0.015 -2"><span class='ocrx_word' id='word_1_443' title='bbox 0 2269 8 2278; x_wconf 62' lang='lat'>·=</span> <span class='ocrx_word' id='word_1_444' title='bbox 28 2262 38 2273; x_wconf 88' lang='grc'>·</span> <span class='ocrx_word' id='word_1_445' title='bbox 53 2259 126 2284; x_wconf 73' lang='lat' dir='ltr'>Nam.</span> <span class='ocrx_word' id='word_1_446' title='bbox 136 2266 200 2287; x_wconf 66' lang='lat' dir='ltr'>ma.</span> 
     </span>
    </p>
   </div>
   <div class='ocr_carea' id='block_1_7' title="bbox 0 2514 247 2591">
    <p class='ocr_par' dir='ltr' id='par_1_14' title="bbox 0 2514 247 2591">
     <span class='ocr_line' id='line_1_54' title="bbox 0 2514 247 2591; baseline -0.012 -33"><span class='ocrx_word' id='word_1_447' title='bbox 0 2514 7 2591; x_wconf 61' lang='grc' dir='ltr'>Ξ</span> <span class='ocrx_word' id='word_1_448' title='bbox 29 2534 41 2545; x_wconf 84' lang='grc'><em>·</em></span> <span class='ocrx_word' id='word_1_449' title='bbox 53 2531 126 2556; x_wconf 71' lang='lat' dir='ltr'>num.</span> <span class='ocrx_word' id='word_1_450' title='bbox 137 2539 170 2561; x_wconf 77' lang='lat' dir='ltr'>nv,</span> <span class='ocrx_word' id='word_1_451' title='bbox 182 2538 204 2561; x_wconf 78' lang='lat' dir='ltr'>a,</span> <span class='ocrx_word' id='word_1_452' title='bbox 218 2533 247 2555; x_wconf 78' lang='lat' dir='ltr'>Si</span> 
     </span>
    </p>
   </div>
   <div class='ocr_carea' id='block_1_8' title="bbox 1109 2696 1268 2701">
    <p class='ocr_par' dir='ltr' id='par_1_15' title="bbox 1109 2696 1268 2701">
     <span class='ocr_line' id='line_1_55' title="bbox 1109 2696 1268 2701; baseline 0 0"><span class='ocrx_word' id='word_1_453' title='bbox 1109 2696 1268 2701; x_wconf 95' lang='lat' dir='ltr'> </span> 
     </span>
    </p>
   </div>
   <div class='ocr_carea' id='block_1_9' title="bbox 1361 386 1370 1326">
    <p class='ocr_par' dir='ltr' id='par_1_16' title="bbox 1361 386 1370 1326">
     <span class='ocr_line' id='line_1_56' title="bbox 1361 386 1370 1326; baseline 0 0"><span class='ocrx_word' id='word_1_454' title='bbox 1361 386 1370 1326; x_wconf 95' lang='lat' dir='ltr'> </span> 
     </span>
    </p>
   </div>
   <div class='ocr_carea' id='block_1_10' title="bbox 1370 1478 1379 2607">
    <p class='ocr_par' dir='ltr' id='par_1_17' title="bbox 1370 1478 1379 2607">
     <span class='ocr_line' id='line_1_57' title="bbox 1370 1478 1379 2607; baseline 0 0"><span class='ocrx_word' id='word_1_455' title='bbox 1370 1478 1379 2607; x_wconf 95' lang='lat' dir='ltr'> </span> 
     </span>
    </p>
   </div>
   <div class='ocr_carea' id='block_1_11' title="bbox 2382 313 2455 359">
    <p class='ocr_par' dir='ltr' id='par_1_18' title="bbox 2382 313 2455 359">
     <span class='ocr_line' id='line_1_58' title="bbox 2382 313 2455 359; baseline 0.014 -12"><span class='ocrx_word' id='word_1_456' title='bbox 2382 313 2455 359; x_wconf 86' lang='lat'>275</span> 
     </span>
    </p>
   </div>
   <div class='ocr_carea' id='block_1_12' title="bbox 1361 388 2458 428">
    <p class='ocr_par' dir='ltr' id='par_1_19' title="bbox 1361 388 2458 428">
     <span class='ocr_line' id='line_1_59' title="bbox 1361 388 2458 428; baseline 0.004 -11"><span class='ocrx_word' id='word_1_457' title='bbox 1361 409 1362 418; x_wconf 62' lang='grc'>,</span> <span class='ocrx_word' id='word_1_458' title='bbox 1390 388 1497 418; x_wconf 87' lang='lat' dir='ltr'>vinam</span> <span class='ocrx_word' id='word_1_459' title='bbox 1521 397 1585 428; x_wconf 91' lang='lat' dir='ltr'>qua</span> <span class='ocrx_word' id='word_1_460' title='bbox 1609 398 1658 418; x_wconf 90' lang='lat' dir='ltr'>res</span> <span class='ocrx_word' id='word_1_461' title='bbox 1681 389 1714 418; x_wconf 91' lang='lat' dir='ltr'>in</span> <span class='ocrx_word' id='word_1_462' title='bbox 1739 398 1807 418; x_wconf 89' lang='lat' dir='ltr'>esse</span> <span class='ocrx_word' id='word_1_463' title='bbox 1831 388 1992 428; x_wconf 87' lang='lat' dir='ltr'>producit,</span> <span class='ocrx_word' id='word_1_464' title='bbox 2016 399 2092 420; x_wconf 87' lang='lat' dir='ltr'>suae</span> <span class='ocrx_word' id='word_1_465' title='bbox 2123 391 2317 421; x_wconf 84' lang='lat' dir='ltr'>substantiae</span> <span class='ocrx_word' id='word_1_466' title='bbox 2343 390 2458 422; x_wconf 89' lang='lat' dir='ltr'>identi-</span> 
     </span>
    </p>
   </div>
   <div class='ocr_carea' id='block_1_13' title="bbox 1389 431 2470 2607">
    <p class='ocr_par' dir='ltr' id='par_1_20' title="bbox 1389 431 2458 606">
     <span class='ocr_line' id='line_1_60' title="bbox 1390 431 2457 476; baseline 0.004 -14"><span class='ocrx_word' id='word_1_467' title='bbox 1390 431 1487 468; x_wconf 90' lang='lat' dir='ltr'>ficari,</span> <span class='ocrx_word' id='word_1_468' title='bbox 1511 442 1578 463; x_wconf 92' lang='lat' dir='ltr'>non</span> <span class='ocrx_word' id='word_1_469' title='bbox 1603 433 1679 472; x_wconf 90' lang='lat' dir='ltr'>quia</span> <span class='ocrx_word' id='word_1_470' title='bbox 1703 432 1824 472; x_wconf 89' lang='lat' dir='ltr'>aliquid</span> <span class='ocrx_word' id='word_1_471' title='bbox 1847 442 1904 472; x_wconf 91' lang='lat' dir='ltr'>per</span> <span class='ocrx_word' id='word_1_472' title='bbox 1920 434 2082 464; x_wconf 90' lang='lat' dir='ltr'>actionem</span> <span class='ocrx_word' id='word_1_473' title='bbox 2097 440 2316 465; x_wconf 88' lang='lat' dir='ltr'>transeuntem</span> <span class='ocrx_word' id='word_1_474' title='bbox 2336 436 2457 476; x_wconf 82' lang='lat' dir='ltr'>impor-</span> 
     </span>
     <span class='ocr_line' id='line_1_61' title="bbox 1389 476 2458 520; baseline 0.005 -14"><span class='ocrx_word' id='word_1_475' title='bbox 1389 482 1492 506; x_wconf 89' lang='lat' dir='ltr'>tatum</span> <span class='ocrx_word' id='word_1_476' title='bbox 1509 477 1568 507; x_wconf 88' lang='lat' dir='ltr'>sibi</span> <span class='ocrx_word' id='word_1_477' title='bbox 1585 476 1810 513; x_wconf 87' lang='lat' dir='ltr'>identificetur‚</span> <span class='ocrx_word' id='word_1_478' title='bbox 1828 483 1864 507; x_wconf 91' lang='lat' dir='ltr'>ut</span> <span class='ocrx_word' id='word_1_479' title='bbox 1879 484 2106 517; x_wconf 85' lang='lat' dir='ltr'>argumentum</span> <span class='ocrx_word' id='word_1_480' title='bbox 2123 480 2292 519; x_wconf 85' lang='lat' dir='ltr'>supponit:</span> <span class='ocrx_word' id='word_1_481' title='bbox 2310 478 2366 510; x_wconf 87' lang='lat' dir='ltr'>sed</span> <span class='ocrx_word' id='word_1_482' title='bbox 2382 481 2458 520; x_wconf 91' lang='lat' dir='ltr'>quia</span> 
     </span>
     <span class='ocr_line' id='line_1_62' title="bbox 1390 522 2457 562; baseline 0.005 -12"><span class='ocrx_word' id='word_1_483' title='bbox 1390 530 1457 551; x_wconf 90' lang='lat' dir='ltr'>non</span> <span class='ocrx_word' id='word_1_484' title='bbox 1474 522 1537 561; x_wconf 88' lang='lat' dir='ltr'>agit</span> <span class='ocrx_word' id='word_1_485' title='bbox 1554 522 1585 551; x_wconf 91' lang='lat' dir='ltr'>in</span> <span class='ocrx_word' id='word_1_486' title='bbox 1602 522 1697 551; x_wconf 90' lang='lat' dir='ltr'>rebus</span> <span class='ocrx_word' id='word_1_487' title='bbox 1713 522 1774 551; x_wconf 87' lang='lat' dir='ltr'>nisi</span> <span class='ocrx_word' id='word_1_488' title='bbox 1789 530 1847 561; x_wconf 93' lang='lat' dir='ltr'>per</span> <span class='ocrx_word' id='word_1_489' title='bbox 1862 531 1953 551; x_wconf 90' lang='lat' dir='ltr'>suam</span> <span class='ocrx_word' id='word_1_490' title='bbox 1971 523 2194 562; x_wconf 90' lang='lat' dir='ltr'>operationem</span> <span class='ocrx_word' id='word_1_491' title='bbox 2216 524 2457 561; x_wconf 78' lang='lat' dir='ltr'>immanentem,</span> 
     </span>
     <span class='ocr_line' id='line_1_63' title="bbox 1390 566 2381 606; baseline 0.004 -11"><span class='ocrx_word' id='word_1_492' title='bbox 1390 575 1473 605; x_wconf 92' lang='lat' dir='ltr'>quae</span> <span class='ocrx_word' id='word_1_493' title='bbox 1497 575 1573 596; x_wconf 90' lang='lat' dir='ltr'>suae</span> <span class='ocrx_word' id='word_1_494' title='bbox 1598 566 1792 596; x_wconf 88' lang='lat' dir='ltr'>substantiae</span> <span class='ocrx_word' id='word_1_495' title='bbox 1817 571 1848 595; x_wconf 91' lang='lat' dir='ltr'>et</span> <span class='ocrx_word' id='word_1_496' title='bbox 1871 575 1947 596; x_wconf 91' lang='lat' dir='ltr'>suae</span> <span class='ocrx_word' id='word_1_497' title='bbox 1970 567 2134 606; x_wconf 89' lang='lat' dir='ltr'>potentiae</span> <span class='ocrx_word' id='word_1_498' title='bbox 2158 567 2381 599; x_wconf 89' lang='lat' dir='ltr'>identificatur.</span> 
     </span>
    </p>

    <p class='ocr_par' dir='ltr' id='par_1_21' title="bbox 1390 609 2460 1049">
     <span class='ocr_line' id='line_1_64' title="bbox 1446 609 2457 653; baseline 0.005 -14"><span class='ocrx_word' id='word_1_499' title='bbox 1446 609 1546 647; x_wconf 91' lang='lat' dir='ltr'>Quod</span> <span class='ocrx_word' id='word_1_500' title='bbox 1574 611 1599 640; x_wconf 90' lang='lat' dir='ltr'>si</span> <span class='ocrx_word' id='word_1_501' title='bbox 1628 611 1773 646; x_wconf 89' lang='lat' dir='ltr'>instetur,</span> <span class='ocrx_word' id='word_1_502' title='bbox 1798 611 1955 650; x_wconf 90' lang='lat' dir='ltr'>quoniam</span> <span class='ocrx_word' id='word_1_503' title='bbox 1986 611 2091 641; x_wconf 88' lang='lat' dir='ltr'>Prima</span> <span class='ocrx_word' id='word_1_504' title='bbox 2115 612 2216 648; x_wconf 89' lang='lat' dir='ltr'>Parte,</span> <span class='ocrx_word' id='word_1_505' title='bbox 2240 613 2295 643; x_wconf 93' lang='lat' dir='ltr'>ubi</span> <span class='ocrx_word' id='word_1_506' title='bbox 2319 622 2414 653; x_wconf 92' lang='lat' dir='ltr'>supra</span> <span class='ocrx_word' id='word_1_507' title='bbox 2430 614 2457 650; x_wconf 47' lang='grc' dir='ltr'><strong>ἦ</strong></span> 
     </span>
     <span class='ocr_line' id='line_1_65' title="bbox 1391 653 2459 698; baseline 0.006 -15"><span class='ocrx_word' id='word_1_508' title='bbox 1391 653 1430 683; x_wconf 93' lang='lat' dir='ltr'>ad</span> <span class='ocrx_word' id='word_1_509' title='bbox 1453 663 1485 693; x_wconf 85' lang='lat'>4,</span> <span class='ocrx_word' id='word_1_510' title='bbox 1509 654 1637 684; x_wconf 87' lang='lat' dir='ltr'>duobus</span> <span class='ocrx_word' id='word_1_511' title='bbox 1660 654 1766 685; x_wconf 90' lang='lat' dir='ltr'>modis</span> <span class='ocrx_word' id='word_1_512' title='bbox 1790 655 1894 695; x_wconf 90' lang='lat' dir='ltr'>inquit</span> <span class='ocrx_word' id='word_1_513' title='bbox 1909 664 2004 694; x_wconf 89' lang='lat' dir='ltr'>posse</span> <span class='ocrx_word' id='word_1_514' title='bbox 2020 655 2153 695; x_wconf 86' lang='lat' dir='ltr'>intelligi</span> <span class='ocrx_word' id='word_1_515' title='bbox 2178 657 2210 686; x_wconf 91' lang='lat' dir='ltr'>in</span> <span class='ocrx_word' id='word_1_516' title='bbox 2227 657 2298 687; x_wconf 92' lang='lat' dir='ltr'>Deo</span> <span class='ocrx_word' id='word_1_517' title='bbox 2315 667 2383 688; x_wconf 90' lang='lat' dir='ltr'>esse</span> <span class='ocrx_word' id='word_1_518' title='bbox 2399 667 2459 698; x_wconf 90' lang='lat' dir='ltr'>po-</span> 
     </span>
     <span class='ocr_line' id='line_1_66' title="bbox 1390 699 2458 741; baseline 0.005 -13"><span class='ocrx_word' id='word_1_519' title='bbox 1390 699 1524 728; x_wconf 91' lang='lat' dir='ltr'>tentiam</span> <span class='ocrx_word' id='word_1_520' title='bbox 1547 699 1700 729; x_wconf 88' lang='lat' dir='ltr'>activam:</span> <span class='ocrx_word' id='word_1_521' title='bbox 1718 699 1849 735; x_wconf 83' lang='lat' dir='ltr'>scilicet,</span> <span class='ocrx_word' id='word_1_522' title='bbox 1867 704 1903 729; x_wconf 89' lang='lat' dir='ltr'>ut</span> <span class='ocrx_word' id='word_1_523' title='bbox 1917 699 1960 729; x_wconf 86' lang='lat' dir='ltr'>sit</span> <span class='ocrx_word' id='word_1_524' title='bbox 1974 700 2099 740; x_wconf 85' lang='lat' dir='ltr'>aliquid</span> <span class='ocrx_word' id='word_1_525' title='bbox 2114 700 2267 741; x_wconf 83' lang='lat' dir='ltr'>differens</span> <span class='ocrx_word' id='word_1_526' title='bbox 2281 702 2458 733; x_wconf 87' lang='lat' dir='ltr'>secundum</span> 
     </span>
     <span class='ocr_line' id='line_1_67' title="bbox 1392 743 2458 786; baseline 0.005 -14"><span class='ocrx_word' id='word_1_527' title='bbox 1392 743 1550 772; x_wconf 83' lang='lat' dir='ltr'>rationem</span> <span class='ocrx_word' id='word_1_528' title='bbox 1567 754 1587 773; x_wconf 87' lang='lat' dir='ltr'>a</span> <span class='ocrx_word' id='word_1_529' title='bbox 1603 743 1738 773; x_wconf 80' lang='lat' dir='ltr'>scientia</span> <span class='ocrx_word' id='word_1_530' title='bbox 1763 747 1794 773; x_wconf 87' lang='lat' dir='ltr'>et</span> <span class='ocrx_word' id='word_1_531' title='bbox 1817 744 1983 774; x_wconf 84' lang='lat' dir='ltr'>voluntate</span> <span class='ocrx_word' id='word_1_532' title='bbox 1992 754 2056 783; x_wconf 85' lang='lat' dir='ltr'>per</span> <span class='ocrx_word' id='word_1_533' title='bbox 2072 744 2201 774; x_wconf 85' lang='lat' dir='ltr'>modum</span> <span class='ocrx_word' id='word_1_534' title='bbox 2215 746 2370 786; x_wconf 84' lang='lat' dir='ltr'>principii</span> <span class='ocrx_word' id='word_1_535' title='bbox 2385 756 2458 777; x_wconf 86' lang='lat' dir='ltr'>exe—</span> 
     </span>
     <span class='ocr_line' id='line_1_68' title="bbox 1391 787 2458 828; baseline 0.005 -12"><span class='ocrx_word' id='word_1_536' title='bbox 1391 787 1525 826; x_wconf 80' lang='lat' dir='ltr'>quentiS,</span> <span class='ocrx_word' id='word_1_537' title='bbox 1557 788 1599 817; x_wconf 88' lang='lat' dir='ltr'>ita</span> <span class='ocrx_word' id='word_1_538' title='bbox 1631 787 1721 827; x_wconf 91' lang='lat' dir='ltr'>quod</span> <span class='ocrx_word' id='word_1_539' title='bbox 1749 788 1812 818; x_wconf 90' lang='lat' dir='ltr'>sint</span> <span class='ocrx_word' id='word_1_540' title='bbox 1841 788 1899 818; x_wconf 89' lang='lat' dir='ltr'>tria</span> <span class='ocrx_word' id='word_1_541' title='bbox 1933 788 2107 818; x_wconf 86' lang='lat' dir='ltr'>formaliter</span> <span class='ocrx_word' id='word_1_542' title='bbox 2131 788 2286 826; x_wconf 86' lang='lat' dir='ltr'>distincta,</span> <span class='ocrx_word' id='word_1_543' title='bbox 2317 791 2458 828; x_wconf 90' lang='lat' dir='ltr'>scientia,</span> 
     </span>
     <span class='ocr_line' id='line_1_69' title="bbox 1392 831 2460 872; baseline 0.004 -11"><span class='ocrx_word' id='word_1_544' title='bbox 1392 831 1541 861; x_wconf 87' lang='lat' dir='ltr'>voluntas</span> <span class='ocrx_word' id='word_1_545' title='bbox 1565 838 1596 862; x_wconf 89' lang='lat' dir='ltr'>et</span> <span class='ocrx_word' id='word_1_546' title='bbox 1619 832 1774 872; x_wconf 89' lang='lat' dir='ltr'>potentia,</span> <span class='ocrx_word' id='word_1_547' title='bbox 1795 832 1919 862; x_wconf 86' lang='lat' dir='ltr'>realiter</span> <span class='ocrx_word' id='word_1_548' title='bbox 1942 838 2049 863; x_wconf 90' lang='lat' dir='ltr'>tamen</span> <span class='ocrx_word' id='word_1_549' title='bbox 2074 832 2281 870; x_wconf 88' lang='lat' dir='ltr'>identificata;</span> <span class='ocrx_word' id='word_1_550' title='bbox 2306 840 2337 864; x_wconf 92' lang='lat' dir='ltr'>et</span> <span class='ocrx_word' id='word_1_551' title='bbox 2362 840 2397 865; x_wconf 87' lang='lat' dir='ltr'>ut</span> <span class='ocrx_word' id='word_1_552' title='bbox 2418 836 2460 865; x_wconf 85' lang='lat' dir='ltr'>sit</span> 
     </span>
     <span class='ocr_line' id='line_1_70' title="bbox 1393 875 2460 920; baseline 0.004 -15"><span class='ocrx_word' id='word_1_553' title='bbox 1393 875 1461 915; x_wconf 84' lang='lat' dir='ltr'>ipsa</span> <span class='ocrx_word' id='word_1_554' title='bbox 1484 876 1618 906; x_wconf 87' lang='lat' dir='ltr'>scientia</span> <span class='ocrx_word' id='word_1_555' title='bbox 1646 882 1678 907; x_wconf 86' lang='lat' dir='ltr'>et</span> <span class='ocrx_word' id='word_1_556' title='bbox 1707 877 1858 907; x_wconf 81' lang='lat' dir='ltr'>voluntas</span> <span class='ocrx_word' id='word_1_557' title='bbox 1887 877 1998 907; x_wconf 82' lang='lat' dir='ltr'>divina</span> <span class='ocrx_word' id='word_1_558' title='bbox 2027 882 2063 907; x_wconf 90' lang='lat' dir='ltr'>ut</span> <span class='ocrx_word' id='word_1_559' title='bbox 2088 883 2135 907; x_wconf 88' lang='lat' dir='ltr'>est</span> <span class='ocrx_word' id='word_1_560' title='bbox 2160 878 2356 918; x_wconf 83' lang='lat' dir='ltr'>principium</span> <span class='ocrx_word' id='word_1_561' title='bbox 2385 880 2460 920; x_wconf 85' lang='lat' dir='ltr'>effe-</span> 
     </span>
     <span class='ocr_line' id='line_1_71' title="bbox 1393 920 2460 963; baseline 0.004 -13"><span class='ocrx_word' id='word_1_562' title='bbox 1393 920 1520 950; x_wconf 79' lang='lat' dir='ltr'>ctivum.</span> <span class='ocrx_word' id='word_1_563' title='bbox 1546 921 1586 950; x_wconf 89' lang='lat' dir='ltr'>Et</span> <span class='ocrx_word' id='word_1_564' title='bbox 1606 921 1661 957; x_wconf 91' lang='lat' dir='ltr'>sic,</span> <span class='ocrx_word' id='word_1_565' title='bbox 1679 921 1858 952; x_wconf 92' lang='lat' dir='ltr'>secundum</span> <span class='ocrx_word' id='word_1_566' title='bbox 1874 922 2016 962; x_wconf 88' lang='lat' dir='ltr'>primum</span> <span class='ocrx_word' id='word_1_567' title='bbox 2032 922 2179 958; x_wconf 92' lang='lat' dir='ltr'>modum,</span> <span class='ocrx_word' id='word_1_568' title='bbox 2196 928 2324 962; x_wconf 92' lang='lat' dir='ltr'>oportet</span> <span class='ocrx_word' id='word_1_569' title='bbox 2338 933 2460 963; x_wconf 89' lang='lat' dir='ltr'>ponere</span> 
     </span>
     <span class='ocr_line' id='line_1_72' title="bbox 1393 965 2460 1008; baseline 0.004 -14"><span class='ocrx_word' id='word_1_570' title='bbox 1393 965 1554 995; x_wconf 89' lang='lat' dir='ltr'>actionem</span> <span class='ocrx_word' id='word_1_571' title='bbox 1581 971 1798 996; x_wconf 88' lang='lat' dir='ltr'>transeuntem</span> <span class='ocrx_word' id='word_1_572' title='bbox 1831 967 1864 996; x_wconf 90' lang='lat' dir='ltr'>in</span> <span class='ocrx_word' id='word_1_573' title='bbox 1892 966 1973 996; x_wconf 92' lang='lat' dir='ltr'>Deo.</span> <span class='ocrx_word' id='word_1_574' title='bbox 2006 966 2047 996; x_wconf 92' lang='lat' dir='ltr'>Et</span> <span class='ocrx_word' id='word_1_575' title='bbox 2076 976 2134 1007; x_wconf 90' lang='lat' dir='ltr'>per</span> <span class='ocrx_word' id='word_1_576' title='bbox 2164 976 2366 1008; x_wconf 89' lang='lat' dir='ltr'>consequens</span> <span class='ocrx_word' id='word_1_577' title='bbox 2393 978 2460 998; x_wconf 92' lang='lat' dir='ltr'>non</span> 
     </span>
     <span class='ocr_line' id='line_1_73' title="bbox 1393 1009 2262 1049; baseline 0.002 -10"><span class='ocrx_word' id='word_1_578' title='bbox 1393 1015 1522 1049; x_wconf 89' lang='lat' dir='ltr'>oportet</span> <span class='ocrx_word' id='word_1_579' title='bbox 1545 1018 1705 1040; x_wconf 91' lang='lat' dir='ltr'>recurrere</span> <span class='ocrx_word' id='word_1_580' title='bbox 1729 1009 1768 1040; x_wconf 91' lang='lat' dir='ltr'>ad</span> <span class='ocrx_word' id='word_1_581' title='bbox 1792 1011 1953 1041; x_wconf 88' lang='lat' dir='ltr'>actionem</span> <span class='ocrx_word' id='word_1_582' title='bbox 1977 1011 2223 1042; x_wconf 88' lang='lat' dir='ltr'>immanentem:</span> <span class='ocrx_word' id='word_1_583' title='bbox 2241 1030 2262 1033; x_wconf 98' lang='lat'><strong>—</strong></span> 
     </span>
    </p>

    <p class='ocr_par' dir='ltr' id='par_1_22' title="bbox 1394 1053 2460 1184">
     <span class='ocr_line' id='line_1_74' title="bbox 1450 1053 2459 1096; baseline 0.003 -13"><span class='ocrx_word' id='word_1_584' title='bbox 1450 1053 1676 1094; x_wconf 89' lang='lat' dir='ltr'>Respondetur</span> <span class='ocrx_word' id='word_1_585' title='bbox 1699 1054 1815 1094; x_wconf 89' lang='lat' dir='ltr'>primo,</span> <span class='ocrx_word' id='word_1_586' title='bbox 1841 1054 1931 1095; x_wconf 94' lang='lat' dir='ltr'>quod</span> <span class='ocrx_word' id='word_1_587' title='bbox 1959 1056 1991 1085; x_wconf 88' lang='lat' dir='ltr'>in</span> <span class='ocrx_word' id='word_1_588' title='bbox 2022 1056 2104 1085; x_wconf 90' lang='lat' dir='ltr'>veris</span> <span class='ocrx_word' id='word_1_589' title='bbox 2135 1056 2370 1096; x_wconf 86' lang='lat' dir='ltr'>exemplaribus</span> <span class='ocrx_word' id='word_1_590' title='bbox 2393 1066 2459 1086; x_wconf 91' lang='lat' dir='ltr'>non</span> 
     </span>
     <span class='ocr_line' id='line_1_75' title="bbox 1394 1099 2460 1139; baseline 0.004 -12"><span class='ocrx_word' id='word_1_591' title='bbox 1394 1099 1526 1137; x_wconf 89' lang='lat' dir='ltr'>ponitur</span> <span class='ocrx_word' id='word_1_592' title='bbox 1549 1099 1609 1128; x_wconf 91' lang='lat' dir='ltr'>nisi</span> <span class='ocrx_word' id='word_1_593' title='bbox 1633 1099 1735 1138; x_wconf 89' lang='lat' dir='ltr'>prima</span> <span class='ocrx_word' id='word_1_594' title='bbox 1758 1100 1941 1139; x_wconf 90' lang='lat' dir='ltr'>responsio:</span> <span class='ocrx_word' id='word_1_595' title='bbox 1967 1099 2108 1130; x_wconf 91' lang='lat' dir='ltr'>secunda</span> <span class='ocrx_word' id='word_1_596' title='bbox 2131 1106 2239 1130; x_wconf 88' lang='lat' dir='ltr'>autern</span> <span class='ocrx_word' id='word_1_597' title='bbox 2259 1110 2327 1130; x_wconf 90' lang='lat' dir='ltr'>non</span> <span class='ocrx_word' id='word_1_598' title='bbox 2351 1106 2398 1131; x_wconf 87' lang='lat' dir='ltr'>est</span> <span class='ocrx_word' id='word_1_599' title='bbox 2421 1100 2460 1131; x_wconf 93' lang='lat' dir='ltr'>de</span> 
     </span>
     <span class='ocr_line' id='line_1_76' title="bbox 1394 1143 2370 1184; baseline 0.003 -12"><span class='ocrx_word' id='word_1_600' title='bbox 1394 1148 1493 1179; x_wconf 83' lang='lat' dir='ltr'>textu,</span> <span class='ocrx_word' id='word_1_601' title='bbox 1518 1149 1554 1173; x_wconf 90' lang='lat' dir='ltr'>ut</span> <span class='ocrx_word' id='word_1_602' title='bbox 1577 1152 1637 1182; x_wconf 91' lang='lat' dir='ltr'>ego</span> <span class='ocrx_word' id='word_1_603' title='bbox 1661 1143 1694 1173; x_wconf 92' lang='lat' dir='ltr'>in</span> <span class='ocrx_word' id='word_1_604' title='bbox 1718 1143 1827 1174; x_wconf 90' lang='lat' dir='ltr'>multis</span> <span class='ocrx_word' id='word_1_605' title='bbox 1851 1145 1982 1174; x_wconf 90' lang='lat' dir='ltr'>vetustis</span> <span class='ocrx_word' id='word_1_606' title='bbox 2007 1145 2240 1184; x_wconf 85' lang='lat' dir='ltr'>exemplaribus</span> <span class='ocrx_word' id='word_1_607' title='bbox 2263 1144 2328 1174; x_wconf 91' lang='lat' dir='ltr'>vidi</span> <span class='ocrx_word' id='word_1_608' title='bbox 2344 1146 2370 1175; x_wconf 75' lang='lat'>*.</span> 
     </span>
    </p>

    <p class='ocr_par' dir='ltr' id='par_1_23' title="bbox 1396 1187 2469 2376">
     <span class='ocr_line' id='line_1_77' title="bbox 1450 1187 2461 1227; baseline 0.003 -10"><span class='ocrx_word' id='word_1_609' title='bbox 1450 1187 1676 1227; x_wconf 90' lang='lat' dir='ltr'>Respondetur</span> <span class='ocrx_word' id='word_1_610' title='bbox 1699 1187 1852 1224; x_wconf 89' lang='lat' dir='ltr'>secundo,</span> <span class='ocrx_word' id='word_1_611' title='bbox 1877 1188 2021 1218; x_wconf 89' lang='lat' dir='ltr'>admissis</span> <span class='ocrx_word' id='word_1_612' title='bbox 2044 1189 2140 1219; x_wconf 90' lang='lat' dir='ltr'>etiam</span> <span class='ocrx_word' id='word_1_613' title='bbox 2171 1189 2231 1220; x_wconf 92' lang='lat' dir='ltr'>illis</span> <span class='ocrx_word' id='word_1_614' title='bbox 2260 1188 2383 1220; x_wconf 88' lang='lat' dir='ltr'>duabus</span> <span class='ocrx_word' id='word_1_615' title='bbox 2412 1199 2461 1220; x_wconf 93' lang='lat' dir='ltr'>re-</span> 
     </span>
     <span class='ocr_line' id='line_1_78' title="bbox 1396 1232 2460 1274; baseline 0.003 -13"><span class='ocrx_word' id='word_1_616' title='bbox 1396 1232 1636 1271; x_wconf 88' lang='lat' dir='ltr'>sponsionibus,</span> <span class='ocrx_word' id='word_1_617' title='bbox 1661 1232 1751 1272; x_wconf 91' lang='lat' dir='ltr'>quod</span> <span class='ocrx_word' id='word_1_618' title='bbox 1781 1232 1826 1262; x_wconf 93' lang='lat' dir='ltr'>illi</span> <span class='ocrx_word' id='word_1_619' title='bbox 1850 1232 1916 1263; x_wconf 93' lang='lat' dir='ltr'>duo</span> <span class='ocrx_word' id='word_1_620' title='bbox 1947 1233 2036 1263; x_wconf 93' lang='lat' dir='ltr'>modi</span> <span class='ocrx_word' id='word_1_621' title='bbox 2061 1233 2187 1264; x_wconf 90' lang='lat' dir='ltr'>dicendi</span> <span class='ocrx_word' id='word_1_622' title='bbox 2211 1233 2460 1274; x_wconf 87' lang='lat' dir='ltr'>distinguuntur,</span> 
     </span>
     <span class='ocr_line' id='line_1_79' title="bbox 1397 1276 2460 1318; baseline 0.002 -12"><span class='ocrx_word' id='word_1_623' title='bbox 1397 1276 1472 1316; x_wconf 90' lang='lat' dir='ltr'>quia</span> <span class='ocrx_word' id='word_1_624' title='bbox 1496 1277 1528 1307; x_wconf 94' lang='lat' dir='ltr'>in</span> <span class='ocrx_word' id='word_1_625' title='bbox 1553 1277 1658 1316; x_wconf 91' lang='lat' dir='ltr'>primo</span> <span class='ocrx_word' id='word_1_626' title='bbox 1682 1276 1782 1307; x_wconf 89' lang='lat' dir='ltr'>modo</span> <span class='ocrx_word' id='word_1_627' title='bbox 1807 1276 2050 1307; x_wconf 89' lang='lat' dir='ltr'>considerantur</span> <span class='ocrx_word' id='word_1_628' title='bbox 2072 1278 2125 1308; x_wconf 91' lang='lat' dir='ltr'>illa</span> <span class='ocrx_word' id='word_1_629' title='bbox 2149 1278 2206 1308; x_wconf 88' lang='lat' dir='ltr'>tria</span> <span class='ocrx_word' id='word_1_630' title='bbox 2229 1284 2382 1318; x_wconf 89' lang='lat' dir='ltr'>tanquam</span> <span class='ocrx_word' id='word_1_631' title='bbox 2406 1279 2460 1309; x_wconf 89' lang='lat' dir='ltr'>ha-</span> 
     </span>
     <span class='ocr_line' id='line_1_80' title="bbox 1397 1321 2461 1362; baseline 0.002 -12"><span class='ocrx_word' id='word_1_632' title='bbox 1397 1321 1504 1350; x_wconf 92' lang='lat' dir='ltr'>bentia</span> <span class='ocrx_word' id='word_1_633' title='bbox 1539 1321 1710 1361; x_wconf 84' lang='lat' dir='ltr'>disparatas</span> <span class='ocrx_word' id='word_1_634' title='bbox 1742 1321 1880 1352; x_wconf 90' lang='lat' dir='ltr'>rationes</span> <span class='ocrx_word' id='word_1_635' title='bbox 1913 1321 1956 1361; x_wconf 93' lang='lat' dir='ltr'>[a]</span> <span class='ocrx_word' id='word_1_636' title='bbox 1989 1322 2082 1352; x_wconf 91' lang='lat' dir='ltr'>nobis</span> <span class='ocrx_word' id='word_1_637' title='bbox 2113 1327 2295 1362; x_wconf 89' lang='lat' dir='ltr'>conceptas,</span> <span class='ocrx_word' id='word_1_638' title='bbox 2325 1332 2461 1362; x_wconf 89' lang='lat' dir='ltr'>quarum</span> 
     </span>
     <span class='ocr_line' id='line_1_81' title="bbox 1397 1365 2460 1406; baseline 0.002 -11"><span class='ocrx_word' id='word_1_639' title='bbox 1397 1365 1518 1395; x_wconf 91' lang='lat' dir='ltr'>scilicet</span> <span class='ocrx_word' id='word_1_640' title='bbox 1541 1375 1605 1395; x_wconf 91' lang='lat' dir='ltr'>una</span> <span class='ocrx_word' id='word_1_641' title='bbox 1629 1366 1759 1396; x_wconf 88' lang='lat' dir='ltr'>alteram</span> <span class='ocrx_word' id='word_1_642' title='bbox 1783 1375 1851 1395; x_wconf 92' lang='lat' dir='ltr'>non</span> <span class='ocrx_word' id='word_1_643' title='bbox 1875 1365 2020 1402; x_wconf 90' lang='lat' dir='ltr'>includit,</span> <span class='ocrx_word' id='word_1_644' title='bbox 2044 1367 2126 1397; x_wconf 91' lang='lat' dir='ltr'>sicut</span> <span class='ocrx_word' id='word_1_645' title='bbox 2157 1366 2395 1406; x_wconf 88' lang='lat' dir='ltr'>distinguuntur</span> <span class='ocrx_word' id='word_1_646' title='bbox 2427 1368 2460 1397; x_wconf 89' lang='lat' dir='ltr'>in</span> 
     </span>
     <span class='ocr_line' id='line_1_82' title="bbox 1398 1410 2463 1442; baseline 0.001 -2"><span class='ocrx_word' id='word_1_647' title='bbox 1398 1410 1469 1440; x_wconf 91' lang='lat' dir='ltr'>Deo</span> <span class='ocrx_word' id='word_1_648' title='bbox 1493 1410 1711 1440; x_wconf 89' lang='lat' dir='ltr'>misericordia</span> <span class='ocrx_word' id='word_1_649' title='bbox 1735 1416 1766 1440; x_wconf 91' lang='lat' dir='ltr'>et</span> <span class='ocrx_word' id='word_1_650' title='bbox 1788 1411 1920 1440; x_wconf 90' lang='lat' dir='ltr'>iustitia:</span> <span class='ocrx_word' id='word_1_651' title='bbox 1946 1411 1977 1440; x_wconf 93' lang='lat' dir='ltr'>in</span> <span class='ocrx_word' id='word_1_652' title='bbox 2002 1410 2145 1441; x_wconf 89' lang='lat' dir='ltr'>secundo</span> <span class='ocrx_word' id='word_1_653' title='bbox 2161 1420 2237 1441; x_wconf 90' lang='lat' dir='ltr'>vero</span> <span class='ocrx_word' id='word_1_654' title='bbox 2259 1411 2360 1442; x_wconf 93' lang='lat' dir='ltr'>modo</span> <span class='ocrx_word' id='word_1_655' title='bbox 2384 1420 2463 1441; x_wconf 90' lang='lat' dir='ltr'>con-</span> 
     </span>
     <span class='ocr_line' id='line_1_83' title="bbox 1398 1454 2463 1494; baseline 0.001 -9"><span class='ocrx_word' id='word_1_656' title='bbox 1398 1454 1585 1491; x_wconf 87' lang='lat' dir='ltr'>siderantur,</span> <span class='ocrx_word' id='word_1_657' title='bbox 1609 1464 1677 1485; x_wconf 89' lang='lat' dir='ltr'>non</span> <span class='ocrx_word' id='word_1_658' title='bbox 1700 1460 1854 1494; x_wconf 90' lang='lat' dir='ltr'>tanquam</span> <span class='ocrx_word' id='word_1_659' title='bbox 1885 1455 2034 1485; x_wconf 90' lang='lat' dir='ltr'>habentia</span> <span class='ocrx_word' id='word_1_660' title='bbox 2064 1456 2200 1485; x_wconf 89' lang='lat' dir='ltr'>omnino</span> <span class='ocrx_word' id='word_1_661' title='bbox 2231 1455 2392 1486; x_wconf 86' lang='lat' dir='ltr'>distinctas</span> <span class='ocrx_word' id='word_1_662' title='bbox 2415 1466 2463 1486; x_wconf 90' lang='lat' dir='ltr'>ra-</span> 
     </span>
     <span class='ocr_line' id='line_1_84' title="bbox 1398 1498 2463 1540; baseline 0.002 -11"><span class='ocrx_word' id='word_1_663' title='bbox 1398 1499 1513 1535; x_wconf 91' lang='lat' dir='ltr'>tiones,</span> <span class='ocrx_word' id='word_1_664' title='bbox 1526 1499 1581 1530; x_wconf 92' lang='lat' dir='ltr'>sed</span> <span class='ocrx_word' id='word_1_665' title='bbox 1594 1500 1675 1530; x_wconf 82' lang='lat' dir='ltr'>sicut</span> <span class='ocrx_word' id='word_1_666' title='bbox 1692 1498 1859 1529; x_wconf 92' lang='lat' dir='ltr'>includens</span> <span class='ocrx_word' id='word_1_667' title='bbox 1875 1499 2032 1529; x_wconf 90' lang='lat' dir='ltr'>rationem</span> <span class='ocrx_word' id='word_1_668' title='bbox 2050 1501 2144 1530; x_wconf 89' lang='lat' dir='ltr'>unius</span> <span class='ocrx_word' id='word_1_669' title='bbox 2161 1505 2192 1530; x_wconf 87' lang='lat' dir='ltr'>et</span> <span class='ocrx_word' id='word_1_670' title='bbox 2207 1500 2329 1540; x_wconf 90' lang='lat' dir='ltr'>aliquid</span> <span class='ocrx_word' id='word_1_671' title='bbox 2345 1499 2463 1531; x_wconf 87' lang='lat' dir='ltr'>addens</span> 
     </span>
     <span class='ocr_line' id='line_1_85' title="bbox 1399 1543 2463 1583; baseline 0.002 -10"><span class='ocrx_word' id='word_1_672' title='bbox 1399 1543 1438 1574; x_wconf 91' lang='lat' dir='ltr'>ad</span> <span class='ocrx_word' id='word_1_673' title='bbox 1461 1543 1563 1580; x_wconf 89' lang='lat' dir='ltr'>illam;</span> <span class='ocrx_word' id='word_1_674' title='bbox 1589 1544 1633 1574; x_wconf 89' lang='lat' dir='ltr'>sic</span> <span class='ocrx_word' id='word_1_675' title='bbox 1658 1544 1743 1574; x_wconf 90' lang='lat' dir='ltr'>enim</span> <span class='ocrx_word' id='word_1_676' title='bbox 1768 1544 1912 1583; x_wconf 87' lang='lat' dir='ltr'>potentia</span> <span class='ocrx_word' id='word_1_677' title='bbox 1936 1543 2070 1573; x_wconf 91' lang='lat' dir='ltr'>includit</span> <span class='ocrx_word' id='word_1_678' title='bbox 2101 1544 2257 1574; x_wconf 90' lang='lat' dir='ltr'>rationem</span> <span class='ocrx_word' id='word_1_679' title='bbox 2284 1545 2463 1575; x_wconf 89' lang='lat' dir='ltr'>intellectus</span> 
     </span>
     <span class='ocr_line' id='line_1_86' title="bbox 1400 1587 2463 1628; baseline 0.001 -10"><span class='ocrx_word' id='word_1_680' title='bbox 1400 1594 1431 1619; x_wconf 93' lang='lat' dir='ltr'>et</span> <span class='ocrx_word' id='word_1_681' title='bbox 1453 1589 1637 1624; x_wconf 85' lang='lat' dir='ltr'>voluntatis,</span> <span class='ocrx_word' id='word_1_682' title='bbox 1663 1593 1694 1618; x_wconf 91' lang='lat' dir='ltr'>et</span> <span class='ocrx_word' id='word_1_683' title='bbox 1717 1587 1804 1618; x_wconf 90' lang='lat' dir='ltr'>addit</span> <span class='ocrx_word' id='word_1_684' title='bbox 1827 1588 1984 1618; x_wconf 89' lang='lat' dir='ltr'>rationem</span> <span class='ocrx_word' id='word_1_685' title='bbox 2005 1588 2153 1628; x_wconf 87' lang='lat' dir='ltr'>principii</span> <span class='ocrx_word' id='word_1_686' title='bbox 2174 1588 2363 1628; x_wconf 88' lang='lat' dir='ltr'>productivi.</span> <span class='ocrx_word' id='word_1_687' title='bbox 2388 1588 2463 1619; x_wconf 91' lang='lat' dir='ltr'>Non</span> 
     </span>
     <span class='ocr_line' id='line_1_87' title="bbox 1399 1632 2464 1672; baseline 0 -9"><span class='ocrx_word' id='word_1_688' title='bbox 1399 1639 1507 1663; x_wconf 90' lang='lat' dir='ltr'>tamen</span> <span class='ocrx_word' id='word_1_689' title='bbox 1531 1638 1663 1672; x_wconf 91' lang='lat' dir='ltr'>propter</span> <span class='ocrx_word' id='word_1_690' title='bbox 1686 1632 1750 1662; x_wconf 91' lang='lat' dir='ltr'>hoc</span> <span class='ocrx_word' id='word_1_691' title='bbox 1775 1637 1904 1672; x_wconf 90' lang='lat' dir='ltr'>oportet</span> <span class='ocrx_word' id='word_1_692' title='bbox 1927 1641 2049 1672; x_wconf 90' lang='lat' dir='ltr'>ponere</span> <span class='ocrx_word' id='word_1_693' title='bbox 2080 1632 2112 1662; x_wconf 91' lang='lat' dir='ltr'>in</span> <span class='ocrx_word' id='word_1_694' title='bbox 2144 1632 2214 1662; x_wconf 92' lang='lat' dir='ltr'>Deo</span> <span class='ocrx_word' id='word_1_695' title='bbox 2243 1633 2464 1672; x_wconf 89' lang='lat' dir='ltr'>operationem</span> 
     </span>
     <span class='ocr_line' id='line_1_88' title="bbox 1399 1676 2466 1718; baseline -0.002 -10"><span class='ocrx_word' id='word_1_696' title='bbox 1399 1678 1530 1718; x_wconf 89' lang='lat' dir='ltr'>proprie</span> <span class='ocrx_word' id='word_1_697' title='bbox 1553 1682 1785 1707; x_wconf 88' lang='lat' dir='ltr'>transeuntem:</span> <span class='ocrx_word' id='word_1_698' title='bbox 1810 1676 1866 1706; x_wconf 92' lang='lat' dir='ltr'>sed</span> <span class='ocrx_word' id='word_1_699' title='bbox 1889 1676 2001 1707; x_wconf 90' lang='lat' dir='ltr'>eadam</span> <span class='ocrx_word' id='word_1_700' title='bbox 2025 1677 2108 1706; x_wconf 90' lang='lat' dir='ltr'>actio</span> <span class='ocrx_word' id='word_1_701' title='bbox 2133 1677 2284 1706; x_wconf 90' lang='lat' dir='ltr'>omnibus</span> <span class='ocrx_word' id='word_1_702' title='bbox 2307 1677 2373 1706; x_wconf 87' lang='lat' dir='ltr'>istis</span> <span class='ocrx_word' id='word_1_703' title='bbox 2396 1687 2466 1707; x_wconf 92' lang='lat' dir='ltr'>cor-</span> 
     </span>
     <span class='ocr_line' id='line_1_89' title="bbox 1401 1721 2467 1762; baseline 0 -10"><span class='ocrx_word' id='word_1_704' title='bbox 1401 1721 1575 1762; x_wconf 86' lang='lat' dir='ltr'>respondet</span> <span class='ocrx_word' id='word_1_705' title='bbox 1601 1721 1782 1752; x_wconf 90' lang='lat' dir='ltr'>secundum</span> <span class='ocrx_word' id='word_1_706' title='bbox 1809 1721 1946 1751; x_wconf 90' lang='lat' dir='ltr'>diversas</span> <span class='ocrx_word' id='word_1_707' title='bbox 1970 1721 2117 1751; x_wconf 86' lang='lat' dir='ltr'>rationes.</span> <span class='ocrx_word' id='word_1_708' title='bbox 2142 1721 2234 1758; x_wconf 90' lang='lat' dir='ltr'>Quae</span> <span class='ocrx_word' id='word_1_709' title='bbox 2262 1726 2309 1751; x_wconf 89' lang='lat' dir='ltr'>est</span> <span class='ocrx_word' id='word_1_710' title='bbox 2334 1721 2467 1761; x_wconf 89' lang='lat' dir='ltr'>quidem</span> 
     </span>
     <span class='ocr_line' id='line_1_90' title="bbox 1401 1764 2468 1805; baseline -0.002 -8"><span class='ocrx_word' id='word_1_711' title='bbox 1401 1766 1526 1797; x_wconf 86' lang='lat' dir='ltr'>realiter</span> <span class='ocrx_word' id='word_1_712' title='bbox 1548 1767 1744 1797; x_wconf 86' lang='lat' dir='ltr'>immanens:</span> <span class='ocrx_word' id='word_1_713' title='bbox 1769 1765 1825 1796; x_wconf 88' lang='lat' dir='ltr'>sed</span> <span class='ocrx_word' id='word_1_714' title='bbox 1848 1764 2027 1796; x_wconf 88' lang='lat' dir='ltr'>secundum</span> <span class='ocrx_word' id='word_1_715' title='bbox 2044 1764 2133 1805; x_wconf 91' lang='lat' dir='ltr'>quod</span> <span class='ocrx_word' id='word_1_716' title='bbox 2157 1764 2290 1795; x_wconf 84' lang='lat' dir='ltr'>refertur</span> <span class='ocrx_word' id='word_1_717' title='bbox 2313 1765 2352 1796; x_wconf 91' lang='lat' dir='ltr'>ad</span> <span class='ocrx_word' id='word_1_718' title='bbox 2375 1766 2468 1796; x_wconf 88' lang='lat' dir='ltr'>intel-</span> 
     </span>
     <span class='ocr_line' id='line_1_91' title="bbox 1401 1809 2468 1846; baseline -0.002 -4"><span class='ocrx_word' id='word_1_719' title='bbox 1401 1811 1522 1842; x_wconf 91' lang='lat' dir='ltr'>lectum</span> <span class='ocrx_word' id='word_1_720' title='bbox 1546 1817 1578 1842; x_wconf 89' lang='lat' dir='ltr'>et</span> <span class='ocrx_word' id='word_1_721' title='bbox 1601 1810 1812 1846; x_wconf 88' lang='lat' dir='ltr'>voluntatem,</span> <span class='ocrx_word' id='word_1_722' title='bbox 1837 1816 1873 1840; x_wconf 91' lang='lat' dir='ltr'>ut</span> <span class='ocrx_word' id='word_1_723' title='bbox 1896 1809 2045 1840; x_wconf 91' lang='lat' dir='ltr'>videlicet</span> <span class='ocrx_word' id='word_1_724' title='bbox 2061 1809 2176 1840; x_wconf 93' lang='lat' dir='ltr'>dicitur</span> <span class='ocrx_word' id='word_1_725' title='bbox 2193 1809 2273 1840; x_wconf 88' lang='lat' dir='ltr'>velle</span> <span class='ocrx_word' id='word_1_726' title='bbox 2297 1815 2328 1840; x_wconf 87' lang='lat' dir='ltr'>et</span> <span class='ocrx_word' id='word_1_727' title='bbox 2352 1810 2468 1840; x_wconf 89' lang='lat' dir='ltr'>intelli-</span> 
     </span>
     <span class='ocr_line' id='line_1_92' title="bbox 1401 1853 2466 1896; baseline -0.002 -10"><span class='ocrx_word' id='word_1_728' title='bbox 1401 1865 1486 1896; x_wconf 87' lang='lat' dir='ltr'>gere,</span> <span class='ocrx_word' id='word_1_729' title='bbox 1510 1865 1578 1886; x_wconf 91' lang='lat' dir='ltr'>non</span> <span class='ocrx_word' id='word_1_730' title='bbox 1602 1856 1709 1886; x_wconf 91' lang='lat' dir='ltr'>solum</span> <span class='ocrx_word' id='word_1_731' title='bbox 1733 1853 1912 1885; x_wconf 89' lang='lat' dir='ltr'>secundum</span> <span class='ocrx_word' id='word_1_732' title='bbox 1929 1864 1997 1885; x_wconf 91' lang='lat' dir='ltr'>rem</span> <span class='ocrx_word' id='word_1_733' title='bbox 2014 1860 2060 1885; x_wconf 93' lang='lat' dir='ltr'>est</span> <span class='ocrx_word' id='word_1_734' title='bbox 2083 1854 2274 1890; x_wconf 84' lang='lat' dir='ltr'>immanens,</span> <span class='ocrx_word' id='word_1_735' title='bbox 2293 1854 2349 1884; x_wconf 93' lang='lat' dir='ltr'>sed</span> <span class='ocrx_word' id='word_1_736' title='bbox 2372 1855 2466 1884; x_wconf 89' lang='lat' dir='ltr'>etiarn</span> 
     </span>
     <span class='ocr_line' id='line_1_93' title="bbox 1401 1898 2467 1939; baseline -0.002 -9"><span class='ocrx_word' id='word_1_737' title='bbox 1401 1899 1582 1930; x_wconf 90' lang='lat' dir='ltr'>secundum</span> <span class='ocrx_word' id='word_1_738' title='bbox 1606 1899 1743 1930; x_wconf 91' lang='lat' dir='ltr'>modum</span> <span class='ocrx_word' id='word_1_739' title='bbox 1777 1899 1997 1939; x_wconf 81' lang='lat' dir='ltr'>concipiendi3</span> <span class='ocrx_word' id='word_1_740' title='bbox 2030 1898 2208 1929; x_wconf 87' lang='lat' dir='ltr'>secundum</span> <span class='ocrx_word' id='word_1_741' title='bbox 2240 1904 2347 1929; x_wconf 88' lang='lat' dir='ltr'>autem</span> <span class='ocrx_word' id='word_1_742' title='bbox 2378 1898 2467 1939; x_wconf 93' lang='lat' dir='ltr'>quod</span> 
     </span>
     <span class='ocr_line' id='line_1_94' title="bbox 1401 1942 2467 1984; baseline -0.002 -9"><span class='ocrx_word' id='word_1_743' title='bbox 1401 1944 1441 1975; x_wconf 88' lang='lat' dir='ltr'>ad</span> <span class='ocrx_word' id='word_1_744' title='bbox 1469 1945 1648 1984; x_wconf 89' lang='lat' dir='ltr'>potentiam</span> <span class='ocrx_word' id='word_1_745' title='bbox 1672 1943 1816 1980; x_wconf 84' lang='lat' dir='ltr'>refertur,</span> <span class='ocrx_word' id='word_1_746' title='bbox 1841 1949 1877 1973; x_wconf 91' lang='lat' dir='ltr'>ut</span> <span class='ocrx_word' id='word_1_747' title='bbox 1900 1943 2048 1974; x_wconf 91' lang='lat' dir='ltr'>videlicet</span> <span class='ocrx_word' id='word_1_748' title='bbox 2071 1942 2186 1973; x_wconf 87' lang='lat' dir='ltr'>dicitur</span> <span class='ocrx_word' id='word_1_749' title='bbox 2211 1942 2389 1982; x_wconf 89' lang='lat' dir='ltr'>producere</span> <span class='ocrx_word' id='word_1_750' title='bbox 2413 1949 2467 1973; x_wconf 91' lang='lat' dir='ltr'>aut</span> 
     </span>
     <span class='ocr_line' id='line_1_95' title="bbox 1401 1983 2466 2024; baseline -0.002 -5"><span class='ocrx_word' id='word_1_751' title='bbox 1401 1998 1517 2024; x_wconf 91' lang='lat' dir='ltr'>creare,</span> <span class='ocrx_word' id='word_1_752' title='bbox 1535 1989 1609 2019; x_wconf 88' lang='lat' dir='ltr'>licet</span> <span class='ocrx_word' id='word_1_753' title='bbox 1624 1989 1664 2019; x_wconf 93' lang='lat' dir='ltr'>sit</span> <span class='ocrx_word' id='word_1_754' title='bbox 1679 1987 1858 2018; x_wconf 87' lang='lat' dir='ltr'>secundum</span> <span class='ocrx_word' id='word_1_755' title='bbox 1874 1997 1942 2018; x_wconf 89' lang='lat' dir='ltr'>rem</span> <span class='ocrx_word' id='word_1_756' title='bbox 1958 1989 2147 2023; x_wconf 88' lang='lat' dir='ltr'>immanens,</span> <span class='ocrx_word' id='word_1_757' title='bbox 2165 1983 2343 2017; x_wconf 90' lang='lat' dir='ltr'>secundum</span> <span class='ocrx_word' id='word_1_758' title='bbox 2359 1993 2466 2018; x_wconf 89' lang='lat' dir='ltr'>tamen</span> 
     </span>
     <span class='ocr_line' id='line_1_96' title="bbox 1400 2031 2466 2073; baseline -0.002 -9"><span class='ocrx_word' id='word_1_759' title='bbox 1400 2033 1538 2064; x_wconf 91' lang='lat' dir='ltr'>modum</span> <span class='ocrx_word' id='word_1_760' title='bbox 1562 2031 1768 2073; x_wconf 91' lang='lat' dir='ltr'>concipiendi</span> <span class='ocrx_word' id='word_1_761' title='bbox 1792 2038 1839 2062; x_wconf 91' lang='lat' dir='ltr'>est</span> <span class='ocrx_word' id='word_1_762' title='bbox 1862 2033 2031 2067; x_wconf 89' lang='lat' dir='ltr'>transiens;</span> <span class='ocrx_word' id='word_1_763' title='bbox 2057 2031 2238 2072; x_wconf 88' lang='lat' dir='ltr'>concipitur</span> <span class='ocrx_word' id='word_1_764' title='bbox 2253 2032 2340 2062; x_wconf 90' lang='lat' dir='ltr'>enim</span> <span class='ocrx_word' id='word_1_765' title='bbox 2363 2037 2399 2062; x_wconf 92' lang='lat' dir='ltr'>ut</span> <span class='ocrx_word' id='word_1_766' title='bbox 2422 2032 2466 2062; x_wconf 90' lang='lat' dir='ltr'>al—</span> 
     </span>
     <span class='ocr_line' id='line_1_97' title="bbox 1401 2077 2464 2118; baseline -0.002 -10"><span class='ocrx_word' id='word_1_767' title='bbox 1401 2078 1498 2108; x_wconf 86' lang='lat' dir='ltr'>terius</span> <span class='ocrx_word' id='word_1_768' title='bbox 1523 2077 1630 2114; x_wconf 86' lang='lat' dir='ltr'>factio,</span> <span class='ocrx_word' id='word_1_769' title='bbox 1656 2086 1739 2118; x_wconf 92' lang='lat' dir='ltr'>quae</span> <span class='ocrx_word' id='word_1_770' title='bbox 1757 2082 1803 2107; x_wconf 91' lang='lat' dir='ltr'>est</span> <span class='ocrx_word' id='word_1_771' title='bbox 1827 2077 1906 2107; x_wconf 90' lang='lat' dir='ltr'>ratio</span> <span class='ocrx_word' id='word_1_772' title='bbox 1924 2077 2041 2107; x_wconf 91' lang='lat' dir='ltr'>actioni</span> <span class='ocrx_word' id='word_1_773' title='bbox 2058 2077 2235 2106; x_wconf 89' lang='lat' dir='ltr'>transeunti</span> <span class='ocrx_word' id='word_1_774' title='bbox 2259 2077 2464 2106; x_wconf 89' lang='lat' dir='ltr'>conveniens.</span> 
     </span>
     <span class='ocr_line' id='line_1_98' title="bbox 1402 2120 2465 2161; baseline -0.002 -9"><span class='ocrx_word' id='word_1_775' title='bbox 1402 2122 1476 2152; x_wconf 87' lang='lat' dir='ltr'>Hoc</span> <span class='ocrx_word' id='word_1_776' title='bbox 1503 2127 1612 2153; x_wconf 89' lang='lat' dir='ltr'>autern</span> <span class='ocrx_word' id='word_1_777' title='bbox 1643 2128 1690 2152; x_wconf 92' lang='lat' dir='ltr'>est</span> <span class='ocrx_word' id='word_1_778' title='bbox 1721 2131 1758 2152; x_wconf 87' lang='lat' dir='ltr'>ex</span> <span class='ocrx_word' id='word_1_779' title='bbox 1782 2121 2028 2161; x_wconf 86' lang='lat' dir='ltr'>imperfectione</span> <span class='ocrx_word' id='word_1_780' title='bbox 2059 2120 2239 2151; x_wconf 88' lang='lat' dir='ltr'>intellectus</span> <span class='ocrx_word' id='word_1_781' title='bbox 2269 2121 2368 2151; x_wconf 90' lang='lat' dir='ltr'>nostri</span> <span class='ocrx_word' id='word_1_782' title='bbox 2398 2130 2465 2151; x_wconf 88' lang='lat' dir='ltr'>non</span> 
     </span>
     <span class='ocr_line' id='line_1_99' title="bbox 1401 2164 2467 2205; baseline -0.001 -8"><span class='ocrx_word' id='word_1_783' title='bbox 1401 2167 1534 2197; x_wconf 90' lang='lat' dir='ltr'>valentis</span> <span class='ocrx_word' id='word_1_784' title='bbox 1558 2166 1698 2197; x_wconf 90' lang='lat' dir='ltr'>divinam</span> <span class='ocrx_word' id='word_1_785' title='bbox 1723 2166 1894 2202; x_wconf 89' lang='lat' dir='ltr'>actionem,</span> <span class='ocrx_word' id='word_1_786' title='bbox 1910 2165 2088 2196; x_wconf 91' lang='lat' dir='ltr'>secundum</span> <span class='ocrx_word' id='word_1_787' title='bbox 2106 2164 2195 2205; x_wconf 91' lang='lat' dir='ltr'>quod</span> <span class='ocrx_word' id='word_1_788' title='bbox 2218 2165 2250 2195; x_wconf 89' lang='lat' dir='ltr'>in</span> <span class='ocrx_word' id='word_1_789' title='bbox 2275 2175 2307 2195; x_wconf 89' lang='lat' dir='ltr'>se</span> <span class='ocrx_word' id='word_1_790' title='bbox 2332 2170 2387 2201; x_wconf 85' lang='lat' dir='ltr'>est,</span> <span class='ocrx_word' id='word_1_791' title='bbox 2411 2175 2467 2205; x_wconf 89' lang='lat' dir='ltr'>ap-</span> 
     </span>
     <span class='ocr_line' id='line_1_100' title="bbox 1401 2209 2467 2252; baseline -0.003 -10"><span class='ocrx_word' id='word_1_792' title='bbox 1401 2211 1612 2252; x_wconf 88' lang='lat' dir='ltr'>prehendere,</span> <span class='ocrx_word' id='word_1_793' title='bbox 1632 2210 1688 2241; x_wconf 90' lang='lat' dir='ltr'>sed</span> <span class='ocrx_word' id='word_1_794' title='bbox 1711 2210 1858 2241; x_wconf 89' lang='lat' dir='ltr'>distincte</span> <span class='ocrx_word' id='word_1_795' title='bbox 1875 2210 2088 2250; x_wconf 89' lang='lat' dir='ltr'>concipientis</span> <span class='ocrx_word' id='word_1_796' title='bbox 2103 2210 2206 2250; x_wconf 89' lang='lat' dir='ltr'>ipsam</span> <span class='ocrx_word' id='word_1_797' title='bbox 2223 2215 2259 2240; x_wconf 91' lang='lat' dir='ltr'>ut</span> <span class='ocrx_word' id='word_1_798' title='bbox 2278 2209 2374 2240; x_wconf 91' lang='lat' dir='ltr'>babet</span> <span class='ocrx_word' id='word_1_799' title='bbox 2396 2219 2467 2250; x_wconf 92' lang='lat' dir='ltr'>per-</span> 
     </span>
     <span class='ocr_line' id='line_1_101' title="bbox 1402 2253 2467 2296; baseline -0.001 -10"><span class='ocrx_word' id='word_1_800' title='bbox 1402 2255 1578 2287; x_wconf 86' lang='lat' dir='ltr'>fectionem</span> <span class='ocrx_word' id='word_1_801' title='bbox 1594 2256 1790 2296; x_wconf 91' lang='lat' dir='ltr'>operationis</span> <span class='ocrx_word' id='word_1_802' title='bbox 1805 2255 2019 2290; x_wconf 85' lang='lat' dir='ltr'>immanentis,</span> <span class='ocrx_word' id='word_1_803' title='bbox 2033 2259 2065 2284; x_wconf 91' lang='lat' dir='ltr'>et</span> <span class='ocrx_word' id='word_1_804' title='bbox 2080 2260 2116 2284; x_wconf 90' lang='lat' dir='ltr'>ut</span> <span class='ocrx_word' id='word_1_805' title='bbox 2131 2254 2226 2284; x_wconf 86' lang='lat' dir='ltr'>habet</span> <span class='ocrx_word' id='word_1_806' title='bbox 2237 2253 2467 2294; x_wconf 80' lang='lat' dir='ltr'>perfectionem</span> 
     </span>
     <span class='ocr_line' id='line_1_102' title="bbox 1402 2297 2469 2341; baseline -0.003 -10"><span class='ocrx_word' id='word_1_807' title='bbox 1402 2300 1599 2341; x_wconf 90' lang='lat' dir='ltr'>operationis</span> <span class='ocrx_word' id='word_1_808' title='bbox 1622 2300 1825 2335; x_wconf 89' lang='lat' dir='ltr'>transeuntis,</span> <span class='ocrx_word' id='word_1_809' title='bbox 1850 2299 1924 2329; x_wconf 92' lang='lat' dir='ltr'>licet</span> <span class='ocrx_word' id='word_1_810' title='bbox 1947 2299 1980 2328; x_wconf 91' lang='lat' dir='ltr'>in</span> <span class='ocrx_word' id='word_1_811' title='bbox 1997 2299 2100 2338; x_wconf 90' lang='lat' dir='ltr'>seipsa</span> <span class='ocrx_word' id='word_1_812' title='bbox 2118 2299 2175 2328; x_wconf 89' lang='lat' dir='ltr'>has</span> <span class='ocrx_word' id='word_1_813' title='bbox 2192 2297 2406 2339; x_wconf 89' lang='lat' dir='ltr'>perfectiones</span> <span class='ocrx_word' id='word_1_814' title='bbox 2421 2299 2469 2328; x_wconf 92' lang='lat' dir='ltr'>in-</span> 
     </span>
     <span class='ocr_line' id='line_1_103' title="bbox 1404 2345 1749 2376; baseline -0.006 0"><span class='ocrx_word' id='word_1_815' title='bbox 1404 2345 1551 2376; x_wconf 87' lang='lat' dir='ltr'>distincte</span> <span class='ocrx_word' id='word_1_816' title='bbox 1576 2345 1749 2375; x_wconf 90' lang='lat' dir='ltr'>contineat.</span> 
     </span>
    </p>

    <p class='ocr_par' dir='ltr' id='par_1_24' title="bbox 1404 2386 2470 2607">
     <span class='ocr_line' id='line_1_104' title="bbox 1462 2386 2470 2428; baseline -0.002 -9"><span class='ocrx_word' id='word_1_817' title='bbox 1462 2389 1490 2419; x_wconf 85' lang='lat'>3.</span> <span class='ocrx_word' id='word_1_818' title='bbox 1522 2388 1574 2421; x_wconf 75' lang='lat' dir='ltr'>Ad</span> <span class='ocrx_word' id='word_1_819' title='bbox 1601 2388 1775 2419; x_wconf 90' lang='lat' dir='ltr'>secundam</span> <span class='ocrx_word' id='word_1_820' title='bbox 1802 2388 2073 2428; x_wconf 87' lang='lat' dir='ltr'>improbationem</span> <span class='ocrx_word' id='word_1_821' title='bbox 2090 2388 2106 2403; x_wconf 39' lang='grc' dir='ltr'><strong>ἥ</strong></span> <span class='ocrx_word' id='word_1_822' title='bbox 2131 2387 2245 2418; x_wconf 90' lang='lat' dir='ltr'>dicitur</span> <span class='ocrx_word' id='word_1_823' title='bbox 2272 2386 2370 2427; x_wconf 91' lang='lat' dir='ltr'>quod,</span> <span class='ocrx_word' id='word_1_824' title='bbox 2397 2387 2470 2417; x_wconf 90' lang='lat' dir='ltr'>licet</span> 
     </span>
     <span class='ocr_line' id='line_1_105' title="bbox 1404 2431 2470 2473; baseline -0.002 -9"><span class='ocrx_word' id='word_1_825' title='bbox 1404 2439 1513 2465; x_wconf 88' lang='lat' dir='ltr'>motus</span> <span class='ocrx_word' id='word_1_826' title='bbox 1529 2443 1596 2464; x_wconf 91' lang='lat' dir='ltr'>non</span> <span class='ocrx_word' id='word_1_827' title='bbox 1613 2434 1653 2464; x_wconf 90' lang='lat' dir='ltr'>sit</span> <span class='ocrx_word' id='word_1_828' title='bbox 1668 2433 1808 2463; x_wconf 89' lang='lat' dir='ltr'>nobilior</span> <span class='ocrx_word' id='word_1_829' title='bbox 1831 2433 1976 2473; x_wconf 83' lang='lat' dir='ltr'>potentia</span> <span class='ocrx_word' id='word_1_830' title='bbox 1999 2433 2100 2462; x_wconf 89' lang='lat' dir='ltr'>activa</span> <span class='ocrx_word' id='word_1_831' title='bbox 2123 2432 2258 2462; x_wconf 88' lang='lat' dir='ltr'>motoris</span> <span class='ocrx_word' id='word_1_832' title='bbox 2277 2431 2403 2463; x_wconf 90' lang='lat' dir='ltr'>Saturni</span> <span class='ocrx_word' id='word_1_833' title='bbox 2423 2432 2470 2462; x_wconf 90' lang='lat' dir='ltr'>in-</span> 
     </span>
     <span class='ocr_line' id='line_1_106' title="bbox 1405 2476 2469 2519; baseline -0.003 -10"><span class='ocrx_word' id='word_1_834' title='bbox 1405 2484 1562 2519; x_wconf 90' lang='lat' dir='ltr'>quantum</span> <span class='ocrx_word' id='word_1_835' title='bbox 1587 2484 1635 2509; x_wconf 88' lang='lat' dir='ltr'>est</span> <span class='ocrx_word' id='word_1_836' title='bbox 1658 2478 1804 2508; x_wconf 90' lang='lat' dir='ltr'>absolute</span> <span class='ocrx_word' id='word_1_837' title='bbox 1828 2477 2008 2508; x_wconf 88' lang='lat' dir='ltr'>intellectus</span> <span class='ocrx_word' id='word_1_838' title='bbox 2033 2482 2087 2507; x_wconf 89' lang='lat' dir='ltr'>aut</span> <span class='ocrx_word' id='word_1_839' title='bbox 2110 2476 2269 2512; x_wconf 90' lang='lat' dir='ltr'>voluntas,</span> <span class='ocrx_word' id='word_1_840' title='bbox 2293 2482 2340 2506; x_wconf 88' lang='lat' dir='ltr'>est</span> <span class='ocrx_word' id='word_1_841' title='bbox 2363 2482 2469 2506; x_wconf 85' lang='lat' dir='ltr'>tamen</span> 
     </span>
     <span class='ocr_line' id='line_1_107' title="bbox 1404 2520 2468 2561; baseline -0.004 -7"><span class='ocrx_word' id='word_1_842' title='bbox 1404 2523 1546 2554; x_wconf 89' lang='lat' dir='ltr'>nobilior</span> <span class='ocrx_word' id='word_1_843' title='bbox 1569 2523 1622 2553; x_wconf 91' lang='lat' dir='ltr'>illa</span> <span class='ocrx_word' id='word_1_844' title='bbox 1652 2529 1688 2553; x_wconf 89' lang='lat' dir='ltr'>ut</span> <span class='ocrx_word' id='word_1_845' title='bbox 1711 2523 1869 2552; x_wconf 89' lang='lat' dir='ltr'>rationem</span> <span class='ocrx_word' id='word_1_846' title='bbox 1892 2522 2055 2561; x_wconf 90' lang='lat' dir='ltr'>potentiae</span> <span class='ocrx_word' id='word_1_847' title='bbox 2083 2521 2223 2551; x_wconf 91' lang='lat' dir='ltr'>motivae</span> <span class='ocrx_word' id='word_1_848' title='bbox 2251 2521 2359 2551; x_wconf 90' lang='lat' dir='ltr'>habet:</span> <span class='ocrx_word' id='word_1_849' title='bbox 2385 2520 2468 2560; x_wconf 89' lang='lat' dir='ltr'>quia,</span> 
     </span>
     <span class='ocr_line' id='line_1_108' title="bbox 1406 2565 2296 2607; baseline -0.006 -8"><span class='ocrx_word' id='word_1_850' title='bbox 1406 2574 1441 2599; x_wconf 93' lang='lat' dir='ltr'>ut</span> <span class='ocrx_word' id='word_1_851' title='bbox 1464 2568 1519 2604; x_wconf 88' lang='lat' dir='ltr'>sic,</span> <span class='ocrx_word' id='word_1_852' title='bbox 1544 2567 1584 2598; x_wconf 92' lang='lat' dir='ltr'>ad</span> <span class='ocrx_word' id='word_1_853' title='bbox 1608 2573 1734 2598; x_wconf 88' lang='lat' dir='ltr'>motum</span> <span class='ocrx_word' id='word_1_854' title='bbox 1759 2573 1912 2607; x_wconf 90' lang='lat' dir='ltr'>tanquam</span> <span class='ocrx_word' id='word_1_855' title='bbox 1937 2565 1976 2596; x_wconf 88' lang='lat' dir='ltr'>ad</span> <span class='ocrx_word' id='word_1_856' title='bbox 2000 2565 2097 2596; x_wconf 90' lang='lat' dir='ltr'>finem</span> <span class='ocrx_word' id='word_1_857' title='bbox 2123 2565 2296 2596; x_wconf 90' lang='lat' dir='ltr'>ordinatur.</span> 
     </span>
    </p>
   </div>
   <div class='ocr_carea' id='block_1_14' title="bbox 1271 2675 1643 2718">
    <p class='ocr_par' dir='ltr' id='par_1_25' title="bbox 1271 2675 1643 2718">
     <span class='ocr_line' id='line_1_109' title="bbox 1271 2675 1643 2718; baseline -0.008 -10"><span class='ocrx_word' id='word_1_858' title='bbox 1271 2675 1643 2718; x_wconf 39' lang='lat' dir='ltr'>»meimwd—</span> 
     </span>
    </p>
   </div>
   <div class='ocr_carea' id='block_1_15' title="bbox 847 2839 1907 2904">
    <p class='ocr_par' dir='ltr' id='par_1_26' title="bbox 847 2839 1907 2904">
     <span class='ocr_line' id='line_1_110' title="bbox 847 2839 1907 2904; baseline -0.01 0"><span class='ocrx_word' id='word_1_859' title='bbox 847 2843 1375 2904; x_wconf 85' lang='lat' dir='ltr'>CAPITULUM</span> <span class='ocrx_word' id='word_1_860' title='bbox 1421 2839 1907 2898; x_wconf 85' lang='lat' dir='ltr'>SECUNDUM</span> 
     </span>
    </p>
   </div>
   <div class='ocr_carea' id='block_1_16' title="bbox 278 3123 1352 3609">
    <p class='ocr_par' dir='ltr' id='par_1_27' title="bbox 339 3123 1349 3228">
     <span class='ocr_line' id='line_1_111' title="bbox 458 3123 1348 3180; baseline -0.014 -10.96"><span class='ocrx_word' id='word_1_861' title='bbox 458 3152 469 3180; x_wconf 54' lang='grc' dir='ltr'>-ς</span> <span class='ocrx_word' id='word_1_862' title='bbox 487 3141 658 3168; x_wconf 75' lang='grc' dir='ltr'>υῐυεΜοοι</span> <span class='ocrx_word' id='word_1_863' title='bbox 696 3126 857 3179; x_wconf 85' lang='lat' dir='ltr'>quidem</span> <span class='ocrx_word' id='word_1_864' title='bbox 893 3126 1118 3163; x_wconf 88' lang='lat' dir='ltr'>divinorum</span> <span class='ocrx_word' id='word_1_865' title='bbox 1158 3123 1348 3160; x_wconf 88' lang='lat' dir='ltr'>factorum</span> 
     </span>
     <span class='ocr_line' id='line_1_112' title="bbox 339 3176 1349 3228; baseline -0.016 -1"><span class='ocrx_word' id='word_1_866' title='bbox 339 3216 347 3228; x_wconf 76' lang='grc'>.</span> <span class='ocrx_word' id='word_1_867' title='bbox 361 3224 369 3228; x_wconf 81' lang='grc'>.</span> <span class='ocrx_word' id='word_1_868' title='bbox 387 3212 395 3220; x_wconf 77' lang='lat'>›</span> <span class='ocrx_word' id='word_1_869' title='bbox 456 3186 465 3212; x_wconf 71' lang='lat'>³</span> <span class='ocrx_word' id='word_1_870' title='bbox 501 3178 701 3222; x_wconf 80' lang='lat' dir='ltr'>meditatio</span> <span class='ocrx_word' id='word_1_871' title='bbox 721 3182 771 3219; x_wconf 90' lang='lat' dir='ltr'>ad</span> <span class='ocrx_word' id='word_1_872' title='bbox 785 3181 906 3218; x_wconf 91' lang='lat' dir='ltr'>fidem</span> <span class='ocrx_word' id='word_1_873' title='bbox 926 3181 1142 3217; x_wconf 89' lang='lat' dir='ltr'>humanam</span> <span class='ocrx_word' id='word_1_874' title='bbox 1160 3176 1349 3213; x_wconf 89' lang='lat' dir='ltr'>instruen-</span> 
     </span>
    </p>

    <p class='ocr_par' dir='ltr' id='par_1_28' title="bbox 303 3232 1091 3284">
     <span class='ocr_line' id='line_1_113' title="bbox 303 3232 1091 3284; baseline -0.016 -3"><span class='ocrx_word' id='word_1_875' title='bbox 303 3232 308 3243; x_wconf 63' lang='grc'><em>’</em></span> <span class='ocrx_word' id='word_1_876' title='bbox 338 3251 364 3281; x_wconf 56' lang='lat' dir='ltr'>*f</span> <span class='ocrx_word' id='word_1_877' title='bbox 456 3256 467 3284; x_wconf 69' lang='lat' dir='ltr'><em>j</em></span> <span class='ocrx_word' id='word_1_878' title='bbox 502 3238 595 3276; x_wconf 86' lang='lat' dir='ltr'>dam</span> <span class='ocrx_word' id='word_1_879' title='bbox 615 3237 664 3275; x_wconf 93' lang='lat' dir='ltr'>de</span> <span class='ocrx_word' id='word_1_880' title='bbox 683 3237 770 3274; x_wconf 94' lang='lat' dir='ltr'>Deo</span> <span class='ocrx_word' id='word_1_881' title='bbox 790 3232 1006 3272; x_wconf 86' lang='lat' dir='ltr'>necessaria</span> <span class='ocrx_word' id='word_1_882' title='bbox 1025 3239 1091 3269; x_wconf 92' lang='lat' dir='ltr'>est.</span> 
     </span>
    </p>

    <p class='ocr_par' dir='ltr' id='par_1_29' title="bbox 278 3284 1352 3609">
     <span class='ocr_line' id='line_1_114' title="bbox 298 3284 1349 3339; baseline -0.014 -7"><span class='ocrx_word' id='word_1_883' title='bbox 298 3291 304 3299; x_wconf 77' lang='grc'>’</span> <span class='ocrx_word' id='word_1_884' title='bbox 380 3291 403 3336; x_wconf 43' lang='grc' dir='ltr'>’,ἓ</span> <span class='ocrx_word' id='word_1_885' title='bbox 422 3333 425 3336; x_wconf 76' lang='grc'>,</span> <span class='ocrx_word' id='word_1_886' title='bbox 558 3290 692 3328; x_wconf 87' lang='lat' dir='ltr'>Primo</span> <span class='ocrx_word' id='word_1_887' title='bbox 707 3288 880 3339; x_wconf 87' lang='lat' dir='ltr'>quidem,</span> <span class='ocrx_word' id='word_1_888' title='bbox 896 3286 988 3336; x_wconf 91' lang='lat' dir='ltr'>quia</span> <span class='ocrx_word' id='word_1_889' title='bbox 1002 3297 1048 3322; x_wconf 90' lang='lat' dir='ltr'>ex</span> <span class='ocrx_word' id='word_1_890' title='bbox 1063 3284 1254 3321; x_wconf 84' lang='lat' dir='ltr'>factorum</span> <span class='ocrx_word' id='word_1_891' title='bbox 1268 3293 1349 3318; x_wconf 90' lang='lat' dir='ltr'>rne-</span> 
     </span>
     <span class='ocr_line' id='line_1_115' title="bbox 278 3342 1350 3393; baseline -0.013 -9"><span class='ocrx_word' id='word_1_892' title='bbox 278 3345 463 3383; x_wconf 74' lang='lat' dir='ltr'>ditatione</span> <span class='ocrx_word' id='word_1_893' title='bbox 477 3344 653 3382; x_wconf 89' lang='lat' dir='ltr'>divinam</span> <span class='ocrx_word' id='word_1_894' title='bbox 668 3342 896 3393; x_wconf 89' lang='lat' dir='ltr'>sapientiam</span> <span class='ocrx_word' id='word_1_895' title='bbox 910 3348 1124 3387; x_wconf 90' lang='lat' dir='ltr'>utcumque</span> <span class='ocrx_word' id='word_1_896' title='bbox 1139 3346 1350 3386; x_wconf 90' lang='lat' dir='ltr'>possumus</span> 
     </span>
     <span class='ocr_line' id='line_1_116' title="bbox 280 3387 1349 3447; baseline -0.013 -10"><span class='ocrx_word' id='word_1_897' title='bbox 280 3398 463 3436; x_wconf 80' lang='lat' dir='ltr'>admirari</span> <span class='ocrx_word' id='word_1_898' title='bbox 482 3406 520 3436; x_wconf 91' lang='lat' dir='ltr'>et</span> <span class='ocrx_word' id='word_1_899' title='bbox 539 3397 796 3436; x_wconf 91' lang='lat' dir='ltr'>considerare.</span> <span class='ocrx_word' id='word_1_900' title='bbox 819 3396 876 3432; x_wconf 88' lang='lat' dir='ltr'>Ea</span> <span class='ocrx_word' id='word_1_901' title='bbox 895 3392 1000 3430; x_wconf 90' lang='lat' dir='ltr'>enim</span> <span class='ocrx_word' id='word_1_902' title='bbox 1020 3401 1120 3441; x_wconf 90' lang='lat' dir='ltr'>quae</span> <span class='ocrx_word' id='word_1_903' title='bbox 1140 3397 1219 3426; x_wconf 91' lang='lat' dir='ltr'>arte</span> <span class='ocrx_word' id='word_1_904' title='bbox 1239 3387 1349 3447; x_wconf 74' lang='lat' dir='ltr'>fiunt,</span> 
     </span>
     <span class='ocr_line' id='line_1_117' title="bbox 280 3442 1351 3503; baseline -0.012 -14"><span class='ocrx_word' id='word_1_905' title='bbox 280 3452 400 3503; x_wconf 88' lang='lat' dir='ltr'>ipsius</span> <span class='ocrx_word' id='word_1_906' title='bbox 428 3452 518 3490; x_wconf 84' lang='lat' dir='ltr'>artis</span> <span class='ocrx_word' id='word_1_907' title='bbox 545 3459 636 3492; x_wconf 89' lang='lat' dir='ltr'>sunt</span> <span class='ocrx_word' id='word_1_908' title='bbox 664 3447 998 3501; x_wconf 89' lang='lat' dir='ltr'>repraesentativa,</span> <span class='ocrx_word' id='word_1_909' title='bbox 1018 3442 1224 3502; x_wconf 33' lang='lat' dir='ltr'>utpote-ad</span> <span class='ocrx_word' id='word_1_910' title='bbox 1240 3453 1351 3501; x_wconf 34' lang='lat' dir='ltr'>‘Simi-</span> 
     </span>
     <span class='ocr_line' id='line_1_118' title="bbox 280 3502 1352 3553; baseline -0.014 -9"><span class='ocrx_word' id='word_1_911' title='bbox 280 3505 484 3544; x_wconf 89' lang='lat' dir='ltr'>litudinem</span> <span class='ocrx_word' id='word_1_912' title='bbox 498 3502 588 3543; x_wconf 84' lang='lat' dir='ltr'>artis</span> <span class='ocrx_word' id='word_1_913' title='bbox 602 3505 710 3542; x_wconf 89' lang='lat' dir='ltr'>facta.</span> <span class='ocrx_word' id='word_1_914' title='bbox 726 3504 835 3540; x_wconf 91' lang='lat' dir='ltr'>Deus</span> <span class='ocrx_word' id='word_1_915' title='bbox 849 3509 981 3539; x_wconf 89' lang='lat' dir='ltr'>autem</span> <span class='ocrx_word' id='word_1_916' title='bbox 1001 3510 1071 3535; x_wconf 85' lang='lat' dir='ltr'>sua</span> <span class='ocrx_word' id='word_1_917' title='bbox 1090 3502 1275 3545; x_wconf 80' lang='lat' dir='ltr'>sapientia</span> <span class='ocrx_word' id='word_1_918' title='bbox 1289 3506 1352 3553; x_wconf 73' lang='lat' dir='ltr'>res</span> 
     </span>
     <span class='ocr_line' id='line_1_119' title="bbox 280 3548 1352 3609; baseline -0.015 -10"><span class='ocrx_word' id='word_1_919' title='bbox 280 3559 320 3597; x_wconf 90' lang='lat' dir='ltr'>in</span> <span class='ocrx_word' id='word_1_920' title='bbox 340 3572 424 3598; x_wconf 91' lang='lat' dir='ltr'>esse</span> <span class='ocrx_word' id='word_1_921' title='bbox 443 3558 640 3609; x_wconf 86' lang='lat' dir='ltr'>produxit:</span> <span class='ocrx_word' id='word_1_922' title='bbox 668 3564 827 3607; x_wconf 90' lang='lat' dir='ltr'>propter</span> <span class='ocrx_word' id='word_1_923' title='bbox 850 3553 959 3604; x_wconf 92' lang='lat' dir='ltr'>quod</span> <span class='ocrx_word' id='word_1_924' title='bbox 986 3551 1025 3589; x_wconf 91' lang='lat' dir='ltr'>in</span> <span class='ocrx_word' id='word_1_925' title='bbox 1053 3551 1207 3588; x_wconf 88' lang='lat' dir='ltr'>Psalmo</span> <span class='ocrx_word' id='word_1_926' title='bbox 1221 3548 1242 3569; x_wconf 68' lang='lat'>&#39;³‘</span> <span class='ocrx_word' id='word_1_927' title='bbox 1260 3548 1352 3584; x_wconf 80' lang='lat' dir='ltr'>dici-</span> 
     </span>
    </p>
   </div>
   <div class='ocr_carea' id='block_1_17' title="bbox 278 3133 484 3290">
    <p class='ocr_par' dir='ltr' id='par_1_30' title="bbox 278 3133 484 3290">
     <span class='ocr_line' id='line_1_120' title="bbox 278 3133 484 3290; baseline 0 844"><span class='ocrx_word' id='word_1_928' title='bbox 278 3133 484 3290; x_wconf 95' lang='lat' dir='ltr'> </span> 
     </span>
    </p>
   </div>
   <div class='ocr_carea' id='block_1_18' title="bbox 33 3557 208 3586">
    <p class='ocr_par' dir='ltr' id='par_1_31' title="bbox 33 3557 208 3586">
     <span class='ocr_line' id='line_1_121' title="bbox 33 3557 208 3586; baseline 0.006 -7"><span class='ocrx_word' id='word_1_929' title='bbox 33 3561 37 3568; x_wconf 67' lang='lat'>‘·</span> <span class='ocrx_word' id='word_1_930' title='bbox 61 3557 99 3581; x_wconf 71' lang='lat' dir='ltr'>Pa.</span> <span class='ocrx_word' id='word_1_931' title='bbox 110 3563 162 3586; x_wconf 75' lang='lat' dir='ltr'>cin,</span> <span class='ocrx_word' id='word_1_932' title='bbox 171 3563 208 3584; x_wconf 79' lang='lat'>²4-</span> 
     </span>
    </p>
   </div>
   <div class='ocr_carea' id='block_1_19' title="bbox 596 2945 2152 3061">
    <p class='ocr_par' dir='ltr' id='par_1_32' title="bbox 596 2945 2152 3061">
     <span class='ocr_line' id='line_1_122' title="bbox 596 2945 2152 3015; baseline -0.012 -11"><span class='ocrx_word' id='word_1_933' title='bbox 596 2962 772 3015; x_wconf 77' lang='lat' dir='ltr'>QUOD</span> <span class='ocrx_word' id='word_1_934' title='bbox 807 2955 1266 3001; x_wconf 86' lang='lat' dir='ltr'>CONSIDERATIO</span> <span class='ocrx_word' id='word_1_935' title='bbox 1301 2949 1773 2994; x_wconf 85' lang='lat' dir='ltr'>CREATURARUM</span> <span class='ocrx_word' id='word_1_936' title='bbox 1807 2947 2004 2990; x_wconf 89' lang='lat' dir='ltr'>UTILIS</span> <span class='ocrx_word' id='word_1_937' title='bbox 2037 2945 2152 2986; x_wconf 87' lang='lat' dir='ltr'>EST</span> 
     </span>
     <span class='ocr_line' id='line_1_123' title="bbox 968 3011 1788 3061; baseline -0.013 0"><span class='ocrx_word' id='word_1_938' title='bbox 968 3020 1054 3061; x_wconf 93' lang='lat' dir='ltr'>AD</span> <span class='ocrx_word' id='word_1_939' title='bbox 1089 3018 1250 3059; x_wconf 86' lang='lat' dir='ltr'>FIDEI</span> <span class='ocrx_word' id='word_1_940' title='bbox 1284 3011 1788 3057; x_wconf 86' lang='lat' dir='ltr'>INSTRUCTIONEM</span> 
     </span>
    </p>
   </div>
   <div class='ocr_carea' id='block_1_20' title="bbox 1404 3109 2468 3319">
    <p class='ocr_par' dir='ltr' id='par_1_33' title="bbox 1404 3109 2468 3319">
     <span class='ocr_line' id='line_1_124' title="bbox 1404 3109 2466 3164; baseline -0.012 -8"><span class='ocrx_word' id='word_1_941' title='bbox 1404 3128 1481 3156; x_wconf 90' lang='lat' dir='ltr'>tur:</span> <span class='ocrx_word' id='word_1_942' title='bbox 1507 3118 1644 3155; x_wconf 87' lang='lat' dir='ltr'>Omnia</span> <span class='ocrx_word' id='word_1_943' title='bbox 1670 3118 1706 3152; x_wconf 90' lang='lat' dir='ltr'>in</span> <span class='ocrx_word' id='word_1_944' title='bbox 1733 3116 1913 3164; x_wconf 84' lang='lat' dir='ltr'>sapientia</span> <span class='ocrx_word' id='word_1_945' title='bbox 1929 3114 2065 3161; x_wconf 84' lang='lat' dir='ltr'>fecisti.</span> <span class='ocrx_word' id='word_1_946' title='bbox 2083 3111 2194 3148; x_wconf 91' lang='lat' dir='ltr'>Unde</span> <span class='ocrx_word' id='word_1_947' title='bbox 2214 3122 2259 3146; x_wconf 86' lang='lat' dir='ltr'>ex</span> <span class='ocrx_word' id='word_1_948' title='bbox 2278 3109 2466 3145; x_wconf 84' lang='lat' dir='ltr'>factorum</span> 
     </span>
     <span class='ocr_line' id='line_1_125' title="bbox 1404 3161 2466 3215; baseline -0.012 -6"><span class='ocrx_word' id='word_1_949' title='bbox 1404 3170 1711 3209; x_wconf 87' lang='lat' dir='ltr'>consideratione</span> <span class='ocrx_word' id='word_1_950' title='bbox 1739 3168 1912 3206; x_wconf 90' lang='lat' dir='ltr'>divinam</span> <span class='ocrx_word' id='word_1_951' title='bbox 1942 3164 2166 3215; x_wconf 86' lang='lat' dir='ltr'>sapientiam</span> <span class='ocrx_word' id='word_1_952' title='bbox 2186 3161 2359 3209; x_wconf 87' lang='lat' dir='ltr'>colligere</span> <span class='ocrx_word' id='word_1_953' title='bbox 2378 3173 2466 3210; x_wconf 92' lang='lat' dir='ltr'>pos-</span> 
     </span>
     <span class='ocr_line' id='line_1_126' title="bbox 1406 3215 2466 3270; baseline -0.013 -7"><span class='ocrx_word' id='word_1_954' title='bbox 1406 3237 1553 3270; x_wconf 83' lang='lat' dir='ltr'>sumuS‚</span> <span class='ocrx_word' id='word_1_955' title='bbox 1577 3223 1673 3261; x_wconf 87' lang='lat' dir='ltr'>sicut</span> <span class='ocrx_word' id='word_1_956' title='bbox 1699 3222 1739 3259; x_wconf 93' lang='lat' dir='ltr'>in</span> <span class='ocrx_word' id='word_1_957' title='bbox 1765 3221 1880 3258; x_wconf 89' lang='lat' dir='ltr'>rebus</span> <span class='ocrx_word' id='word_1_958' title='bbox 1908 3219 2012 3256; x_wconf 86' lang='lat' dir='ltr'>factis</span> <span class='ocrx_word' id='word_1_959' title='bbox 2039 3230 2108 3267; x_wconf 90' lang='lat' dir='ltr'>per</span> <span class='ocrx_word' id='word_1_960' title='bbox 2136 3215 2333 3266; x_wconf 87' lang='lat' dir='ltr'>quandam</span> <span class='ocrx_word' id='word_1_961' title='bbox 2360 3226 2466 3251; x_wconf 91' lang='lat' dir='ltr'>com—</span> 
     </span>
     <span class='ocr_line' id='line_1_127' title="bbox 1406 3266 2468 3319; baseline -0.013 -3"><span class='ocrx_word' id='word_1_962' title='bbox 1406 3277 1712 3316; x_wconf 88' lang='lat' dir='ltr'>municationem</span> <span class='ocrx_word' id='word_1_963' title='bbox 1731 3287 1823 3312; x_wconf 89' lang='lat' dir='ltr'>suae</span> <span class='ocrx_word' id='word_1_964' title='bbox 1843 3271 2098 3311; x_wconf 89' lang='lat' dir='ltr'>similitudinis</span> <span class='ocrx_word' id='word_1_965' title='bbox 2117 3280 2300 3319; x_wconf 89' lang='lat' dir='ltr'>sparsam.</span> <span class='ocrx_word' id='word_1_966' title='bbox 2321 3266 2468 3304; x_wconf 88' lang='lat' dir='ltr'>Dicitur</span> 
     </span>
    </p>
   </div>
   <div class='ocr_carea' id='block_1_21' title="bbox 1373 3319 2466 3376">
    <p class='ocr_par' dir='ltr' id='par_1_34' title="bbox 1373 3319 2466 3376">
     <span class='ocr_line' id='line_1_128' title="bbox 1373 3319 2466 3376; baseline -0.012 -8"><span class='ocrx_word' id='word_1_967' title='bbox 1373 3348 1381 3368; x_wconf 78' lang='lat' dir='ltr'><strong>s</strong></span> <span class='ocrx_word' id='word_1_968' title='bbox 1406 3332 1511 3370; x_wconf 93' lang='lat' dir='ltr'>enim</span> <span class='ocrx_word' id='word_1_969' title='bbox 1540 3331 1654 3369; x_wconf 86' lang='lat' dir='ltr'>Eccli.</span> <span class='ocrx_word' id='word_1_970' title='bbox 1677 3333 1738 3367; x_wconf 90' lang='lat'>1¹⁰:</span> <span class='ocrx_word' id='word_1_971' title='bbox 1760 3327 1900 3376; x_wconf 83' lang='lat' dir='ltr'>Effudit</span> <span class='ocrx_word' id='word_1_972' title='bbox 1920 3326 2033 3370; x_wconf 86' lang='lat' dir='ltr'>illam,</span> <span class='ocrx_word' id='word_1_973' title='bbox 2063 3323 2202 3360; x_wconf 89' lang='lat' dir='ltr'>scilicet</span> <span class='ocrx_word' id='word_1_974' title='bbox 2230 3319 2466 3370; x_wconf 87' lang='lat' dir='ltr'>sapientiam,</span> 
     </span>
    </p>
   </div>
   <div class='ocr_carea' id='block_1_22' title="bbox 1396 3372 2471 3582">
    <p class='ocr_par' dir='ltr' id='par_1_35' title="bbox 1396 3372 2471 3582">
     <span class='ocr_line' id='line_1_129' title="bbox 1405 3372 2467 3435; baseline -0.014 -12"><span class='ocrx_word' id='word_1_975' title='bbox 1405 3397 1517 3435; x_wconf 82' lang='lat' dir='ltr'>super</span> <span class='ocrx_word' id='word_1_976' title='bbox 1541 3386 1669 3422; x_wconf 87' lang='lat' dir='ltr'>omnia</span> <span class='ocrx_word' id='word_1_977' title='bbox 1693 3394 1807 3432; x_wconf 82' lang='lat' dir='ltr'>opera</span> <span class='ocrx_word' id='word_1_978' title='bbox 1830 3393 1908 3417; x_wconf 83' lang='lat' dir='ltr'>sua.</span> <span class='ocrx_word' id='word_1_979' title='bbox 1931 3377 2052 3422; x_wconf 90' lang='lat' dir='ltr'>Unde,</span> <span class='ocrx_word' id='word_1_980' title='bbox 2073 3388 2164 3413; x_wconf 90' lang='lat' dir='ltr'>cum</span> <span class='ocrx_word' id='word_1_981' title='bbox 2185 3372 2393 3412; x_wconf 76' lang='lat' dir='ltr'>Psalmus*</span> <span class='ocrx_word' id='word_1_982' title='bbox 2412 3372 2467 3409; x_wconf 90' lang='lat' dir='ltr'>di-</span> 
     </span>
     <span class='ocr_line' id='line_1_130' title="bbox 1407 3431 2468 3483; baseline -0.014 -7"><span class='ocrx_word' id='word_1_983' title='bbox 1407 3446 1518 3482; x_wconf 85' lang='lat' dir='ltr'>ceret,</span> <span class='ocrx_word' id='word_1_984' title='bbox 1547 3436 1737 3475; x_wconf 81' lang='lat' dir='ltr'>Mirabilis</span> <span class='ocrx_word' id='word_1_985' title='bbox 1754 3436 1864 3483; x_wconf 83' lang='lat' dir='ltr'>facta</span> <span class='ocrx_word' id='word_1_986' title='bbox 1893 3438 1942 3469; x_wconf 84' lang='lat' dir='ltr'>est</span> <span class='ocrx_word' id='word_1_987' title='bbox 1969 3431 2119 3468; x_wconf 83' lang='lat' dir='ltr'>scientia</span> <span class='ocrx_word' id='word_1_988' title='bbox 2138 3435 2200 3465; x_wconf 86' lang='lat' dir='ltr'>tua</span> <span class='ocrx_word' id='word_1_989' title='bbox 2220 3440 2269 3464; x_wconf 89' lang='lat' dir='ltr'>ex</span> <span class='ocrx_word' id='word_1_990' title='bbox 2287 3439 2363 3463; x_wconf 87' lang='lat' dir='ltr'>me:</span> <span class='ocrx_word' id='word_1_991' title='bbox 2380 3438 2468 3463; x_wconf 89' lang='lat' dir='ltr'>con-</span> 
     </span>
     <span class='ocr_line' id='line_1_131' title="bbox 1396 3480 2468 3541; baseline -0.014 -11"><span class='ocrx_word' id='word_1_992' title='bbox 1396 3494 1544 3541; x_wconf 81' lang='lat' dir='ltr'>fortata</span> <span class='ocrx_word' id='word_1_993' title='bbox 1574 3497 1635 3535; x_wconf 84' lang='lat' dir='ltr'>est,</span> <span class='ocrx_word' id='word_1_994' title='bbox 1657 3495 1689 3526; x_wconf 88' lang='lat' dir='ltr'>et</span> <span class='ocrx_word' id='word_1_995' title='bbox 1719 3501 1791 3525; x_wconf 84' lang='lat' dir='ltr'>non</span> <span class='ocrx_word' id='word_1_996' title='bbox 1816 3492 1949 3536; x_wconf 88' lang='lat' dir='ltr'>potero</span> <span class='ocrx_word' id='word_1_997' title='bbox 1977 3483 2027 3521; x_wconf 87' lang='lat' dir='ltr'>ad</span> <span class='ocrx_word' id='word_1_998' title='bbox 2053 3495 2155 3525; x_wconf 87' lang='lat' dir='ltr'>eam;</span> <span class='ocrx_word' id='word_1_999' title='bbox 2183 3489 2218 3518; x_wconf 91' lang='lat' dir='ltr'>et</span> <span class='ocrx_word' id='word_1_1000' title='bbox 2246 3480 2468 3527; x_wconf 85' lang='lat' dir='ltr'>adiungeret</span> 
     </span>
     <span class='ocr_line' id='line_1_132' title="bbox 1406 3532 2471 3582; baseline -0.014 1"><span class='ocrx_word' id='word_1_1001' title='bbox 1406 3545 1559 3582; x_wconf 87' lang='lat' dir='ltr'>divinae</span> <span class='ocrx_word' id='word_1_1002' title='bbox 1589 3539 1874 3581; x_wconf 88' lang='lat' dir='ltr'>illuminationis</span> <span class='ocrx_word' id='word_1_1003' title='bbox 1903 3536 2099 3580; x_wconf 86' lang='lat' dir='ltr'>auxilium,</span> <span class='ocrx_word' id='word_1_1004' title='bbox 2129 3546 2219 3572; x_wconf 89' lang='lat' dir='ltr'>cum</span> <span class='ocrx_word' id='word_1_1005' title='bbox 2248 3532 2346 3579; x_wconf 86' lang='lat' dir='ltr'>dicit,</span> <span class='ocrx_word' id='word_1_1006' title='bbox 2375 3533 2471 3570; x_wconf 90' lang='lat' dir='ltr'>Nox</span> 
     </span>
    </p>
   </div>
   <div class='ocr_carea' id='block_1_23' title="bbox 989 3622 1771 3634">
    <p class='ocr_par' dir='ltr' id='par_1_36' title="bbox 989 3622 1771 3634">
     <span class='ocr_line' id='line_1_133' title="bbox 989 3622 1771 3634; baseline 0 0"><span class='ocrx_word' id='word_1_1007' title='bbox 989 3622 1771 3634; x_wconf 95' lang='lat' dir='ltr'> </span> 
     </span>
    </p>
   </div>
   <div class='ocr_carea' id='block_1_24' title="bbox 334 3670 952 3744">
    <p class='ocr_par' dir='ltr' id='par_1_37' title="bbox 334 3670 952 3744">
     <span class='ocr_line' id='line_1_134' title="bbox 335 3670 952 3710; baseline -0.015 -7"><span class='ocrx_word' id='word_1_1008' title='bbox 335 3677 351 3702; x_wconf 84' lang='lat'><strong>6</strong></span> <span class='ocrx_word' id='word_1_1009' title='bbox 370 3677 500 3710; x_wconf 85' lang='lat' dir='ltr'>admirari]</span> <span class='ocrx_word' id='word_1_1010' title='bbox 521 3682 547 3702; x_wconf 86' lang='lat' dir='ltr'>et</span> <span class='ocrx_word' id='word_1_1011' title='bbox 565 3675 685 3700; x_wconf 86' lang='lat' dir='ltr'>admirari</span> <span class='ocrx_word' id='word_1_1012' title='bbox 706 3673 792 3702; x_wconf 72' lang='lat' dir='ltr'>aXPc,</span> <span class='ocrx_word' id='word_1_1013' title='bbox 811 3670 904 3696; x_wconf 87' lang='lat' dir='ltr'>imitari</span> <span class='ocrx_word' id='word_1_1014' title='bbox 923 3670 952 3694; x_wconf 89' lang='lat' dir='ltr'>Z.</span> 
     </span>
     <span class='ocr_line' id='line_1_135' title="bbox 334 3711 769 3744; baseline -0.014 -6"><span class='ocrx_word' id='word_1_1015' title='bbox 334 3713 350 3738; x_wconf 88' lang='lat'><strong>6</strong></span> <span class='ocrx_word' id='word_1_1016' title='bbox 371 3721 431 3739; x_wconf 89' lang='lat' dir='ltr'>cum</span> <span class='ocrx_word' id='word_1_1017' title='bbox 451 3711 583 3744; x_wconf 80' lang='lat' dir='ltr'>Psalmus]</span> <span class='ocrx_word' id='word_1_1018' title='bbox 604 3711 724 3735; x_wconf 81' lang='lat' dir='ltr'>Psalmus</span> <span class='ocrx_word' id='word_1_1019' title='bbox 744 3716 769 3739; x_wconf 82' lang='grc' dir='ltr'>α,</span> 
     </span>
    </p>
   </div>
   <div class='ocr_carea' id='block_1_25' title="bbox 0 2912 59 4134">
    <p class='ocr_par' dir='ltr' id='par_1_38' title="bbox 0 2912 59 4134">
     <span class='ocr_line' id='line_1_136' title="bbox 0 2912 59 4134; baseline 0 0"><span class='ocrx_word' id='word_1_1020' title='bbox 0 2912 59 4134; x_wconf 95' lang='lat' dir='ltr'> </span> 
     </span>
    </p>
   </div>
   <div class='ocr_carea' id='block_1_26' title="bbox 789 3694 1659 3732">
    <p class='ocr_par' dir='ltr' id='par_1_39' title="bbox 789 3694 1659 3732">
     <span class='ocr_line' id='line_1_137' title="bbox 789 3694 1659 3732; baseline -0.017 0"><span class='ocrx_word' id='word_1_1021' title='bbox 789 3707 909 3732; x_wconf 79' lang='lat' dir='ltr'>Psalmus</span> <span class='ocrx_word' id='word_1_1022' title='bbox 928 3712 987 3730; x_wconf 89' lang='lat' dir='ltr'>cum</span> <span class='ocrx_word' id='word_1_1023' title='bbox 1006 3703 1074 3732; x_wconf 85' lang='lat' dir='ltr'>XPc,</span> <span class='ocrx_word' id='word_1_1024' title='bbox 1094 3708 1153 3726; x_wconf 88' lang='lat' dir='ltr'>cum</span> <span class='ocrx_word' id='word_1_1025' title='bbox 1173 3698 1310 3724; x_wconf 83' lang='lat' dir='ltr'>Psalmista</span> <span class='ocrx_word' id='word_1_1026' title='bbox 1330 3698 1362 3728; x_wconf 88' lang='lat' dir='ltr'>G,</span> <span class='ocrx_word' id='word_1_1027' title='bbox 1382 3697 1519 3722; x_wconf 86' lang='lat' dir='ltr'>Psalmista</span> <span class='ocrx_word' id='word_1_1028' title='bbox 1539 3702 1596 3719; x_wconf 90' lang='lat' dir='ltr'>cum</span> <span class='ocrx_word' id='word_1_1029' title='bbox 1616 3694 1659 3717; x_wconf 92' lang='lat' dir='ltr'>W.</span> 
     </span>
    </p>
   </div>
   <div class='ocr_carea' id='block_1_27' title="bbox 1042 3654 1911 3699">
    <p class='ocr_par' dir='ltr' id='par_1_40' title="bbox 1042 3654 1911 3699">
     <span class='ocr_line' id='line_1_138' title="bbox 1042 3654 1911 3699; baseline -0.017 -8"><span class='ocrx_word' id='word_1_1030' title='bbox 1042 3675 1057 3699; x_wconf 85' lang='lat'><strong>7</strong></span> <span class='ocrx_word' id='word_1_1031' title='bbox 1077 3665 1138 3691; x_wconf 88' lang='lat' dir='ltr'>artis</span> <span class='ocrx_word' id='word_1_1032' title='bbox 1157 3669 1217 3689; x_wconf 88' lang='lat' dir='ltr'>sunt</span> <span class='ocrx_word' id='word_1_1033' title='bbox 1235 3661 1462 3696; x_wconf 83' lang='lat' dir='ltr'>repraesentativa]</span> <span class='ocrx_word' id='word_1_1034' title='bbox 1482 3665 1553 3684; x_wconf 83' lang='lat' dir='ltr'>actus</span> <span class='ocrx_word' id='word_1_1035' title='bbox 1573 3663 1632 3683; x_wconf 87' lang='lat' dir='ltr'>sunt</span> <span class='ocrx_word' id='word_1_1036' title='bbox 1651 3654 1867 3689; x_wconf 85' lang='lat' dir='ltr'>repraesentantia</span> <span class='ocrx_word' id='word_1_1037' title='bbox 1887 3661 1911 3676; x_wconf 89' lang='grc' dir='ltr'>α.</span> 
     </span>
    </p>
   </div>
   <div class='ocr_carea' id='block_1_28' title="bbox 1750 3686 2170 3721">
    <p class='ocr_par' dir='ltr' id='par_1_41' title="bbox 1750 3686 2170 3721">
     <span class='ocr_line' id='line_1_139' title="bbox 1750 3686 2170 3721; baseline -0.01 -7"><span class='ocrx_word' id='word_1_1038' title='bbox 1750 3691 1765 3714; x_wconf 84' lang='grc'><strong>8</strong></span> <span class='ocrx_word' id='word_1_1039' title='bbox 1785 3695 1809 3714; x_wconf 90' lang='lat' dir='ltr'>et</span> <span class='ocrx_word' id='word_1_1040' title='bbox 1828 3686 1986 3721; x_wconf 87' lang='lat' dir='ltr'>adiungeret]</span> <span class='ocrx_word' id='word_1_1041' title='bbox 2007 3686 2121 3718; x_wconf 79' lang='lat' dir='ltr'>adiungit</span> <span class='ocrx_word' id='word_1_1042' title='bbox 2142 3686 2170 3710; x_wconf 91' lang='lat' dir='ltr'>D.</span> 
     </span>
    </p>
   </div>
   <div class='ocr_carea' id='block_1_29' title="bbox 2486 613 2684 640">
    <p class='ocr_par' dir='ltr' id='par_1_42' title="bbox 2486 613 2684 640">
     <span class='ocr_line' id='line_1_140' title="bbox 2486 613 2684 640; baseline -0.005 -5"><span class='ocrx_word' id='word_1_1043' title='bbox 2486 615 2494 622; x_wconf 88' lang='lat'>&#39;¹</span> <span class='ocrx_word' id='word_1_1044' title='bbox 2511 613 2557 640; x_wconf 94' lang='lat' dir='ltr'>Qu.</span> <span class='ocrx_word' id='word_1_1045' title='bbox 2569 619 2622 639; x_wconf 81' lang='lat' dir='ltr'>xxv,</span> <span class='ocrx_word' id='word_1_1046' title='bbox 2634 620 2653 634; x_wconf 77' lang='lat' dir='ltr'>a.</span> <span class='ocrx_word' id='word_1_1047' title='bbox 2668 620 2684 634; x_wconf 82' lang='grc' dir='ltr'>ι.</span> 
     </span>
    </p>
   </div>
   <div class='ocr_carea' id='block_1_30' title="bbox 2488 1145 2699 1194">
    <p class='ocr_par' dir='ltr' id='par_1_43' title="bbox 2488 1145 2699 1194">
     <span class='ocr_line' id='line_1_141' title="bbox 2488 1145 2699 1168; baseline 0 -1"><span class='ocrx_word' id='word_1_1048' title='bbox 2488 1147 2497 1155; x_wconf 94' lang='grc'>·</span> <span class='ocrx_word' id='word_1_1049' title='bbox 2512 1146 2547 1168; x_wconf 80' lang='lat' dir='ltr'>Ct&#39;.</span> <span class='ocrx_word' id='word_1_1050' title='bbox 2561 1146 2606 1167; x_wconf 85' lang='lat' dir='ltr'>loc.</span> <span class='ocrx_word' id='word_1_1051' title='bbox 2622 1145 2660 1167; x_wconf 87' lang='lat' dir='ltr'>cit.</span> <span class='ocrx_word' id='word_1_1052' title='bbox 2676 1145 2699 1167; x_wconf 90' lang='lat' dir='ltr'>in</span> 
     </span>
     <span class='ocr_line' id='line_1_142' title="bbox 2488 1172 2650 1194; baseline 0.006 -1"><span class='ocrx_word' id='word_1_1053' title='bbox 2488 1172 2524 1194; x_wconf 89' lang='lat' dir='ltr'>ed.</span> <span class='ocrx_word' id='word_1_1054' title='bbox 2540 1172 2650 1194; x_wconf 79' lang='lat' dir='ltr'>Leonina.</span> 
     </span>
    </p>
   </div>
   <div class='ocr_carea' id='block_1_31' title="bbox 2497 2383 2708 2438">
    <p class='ocr_par' dir='ltr' id='par_1_44' title="bbox 2497 2383 2708 2438">
     <span class='ocr_line' id='line_1_143' title="bbox 2498 2383 2708 2410; baseline -0.01 -4"><span class='ocrx_word' id='word_1_1055' title='bbox 2498 2386 2506 2394; x_wconf 91' lang='grc'>·</span> <span class='ocrx_word' id='word_1_1056' title='bbox 2516 2384 2586 2407; x_wconf 81' lang='lat' dir='ltr'>Num.</span> <span class='ocrx_word' id='word_1_1057' title='bbox 2597 2391 2628 2410; x_wconf 81' lang='lat' dir='ltr'>iv,</span> <span class='ocrx_word' id='word_1_1058' title='bbox 2636 2389 2657 2410; x_wconf 78' lang='lat'>2,</span> <span class='ocrx_word' id='word_1_1059' title='bbox 2667 2383 2708 2404; x_wconf 82' lang='lat' dir='ltr'>Se-</span> 
     </span>
     <span class='ocr_line' id='line_1_144' title="bbox 2497 2411 2707 2438; baseline -0.014 -5"><span class='ocrx_word' id='word_1_1060' title='bbox 2497 2411 2571 2433; x_wconf 81' lang='lat' dir='ltr'>cundo</span> <span class='ocrx_word' id='word_1_1061' title='bbox 2582 2411 2636 2438; x_wconf 77' lang='lat' dir='ltr'>quia</span> <span class='ocrx_word' id='word_1_1062' title='bbox 2652 2416 2707 2431; x_wconf 87' lang='lat' dir='ltr'>non.</span> 
     </span>
    </p>
   </div>
   <div class='ocr_carea' id='block_1_32' title="bbox 2495 3368 2709 3423">
    <p class='ocr_par' dir='ltr' id='par_1_45' title="bbox 2495 3368 2709 3423">
     <span class='ocr_line' id='line_1_145' title="bbox 2495 3368 2709 3394; baseline -0.005 -4"><span class='ocrx_word' id='word_1_1063' title='bbox 2495 3370 2504 3378; x_wconf 85' lang='lat'>&#39;</span> <span class='ocrx_word' id='word_1_1064' title='bbox 2520 3369 2556 3390; x_wconf 80' lang='lat' dir='ltr'>Ps.</span> <span class='ocrx_word' id='word_1_1065' title='bbox 2568 3374 2679 3394; x_wconf 75' lang='lat' dir='ltr'>cxxxvlii,</span> <span class='ocrx_word' id='word_1_1066' title='bbox 2694 3368 2709 3389; x_wconf 75' lang='lat' dir='ltr'>o</span> 
     </span>
     <span class='ocr_line' id='line_1_146' title="bbox 2496 3401 2547 3423; baseline 0.02 -7"><span class='ocrx_word' id='word_1_1067' title='bbox 2496 3401 2547 3423; x_wconf 88' lang='lat' dir='ltr'>sqq.</span> 
     </span>
    </p>
   </div>
  </div>
 </body>
</html>
