2768 4134
291 305 366 342 302

290 381 405 412 modo:
431 380 506 420 quia
530 378 678 409 videlicet
701 377 789 418 prius
812 385 880 407 non
906 380 970 405 erat
993 374 1074 404 ratio
1099 373 1180 404 entis
1199 373 1233 403 in
1249 372 1360 412 aliquo

290 436 327 456 ex
351 435 418 465 quo
442 423 496 454 fiat
519 422 609 463 quod
633 427 768 452 creatur.
784 438 806 442 —
823 419 903 450 Item
919 428 976 450 ens
996 418 1146 454 totaliter,
1161 416 1243 447 idest
1259 425 1361 456 quan-

289 476 358 500 tum
382 468 422 499 ad
445 468 555 498 omnia
579 475 662 506 quae
686 471 761 496 sunt
784 464 824 495 de
848 465 917 495 eius
940 463 1074 499 ratione,
1090 471 1148 502 per
1164 461 1361 492 creationem

288 512 488 553 producitur.
512 511 553 542 Et
576 511 621 542 sic
644 509 680 540 fit
704 519 761 540 ens
784 508 971 549 simpliciter
994 508 1088 538 tertio
1112 505 1214 537 modo
1238 515 1276 535 ex
1291 514 1360 535 non

289 563 360 588 ente
385 556 587 596 simpliciter:
613 554 688 595 quia
712 553 748 584 fit
771 553 859 584 nulla
875 553 944 583 eius
959 557 1048 592 parte
1072 550 1314 591 praeexistente.

343 601 402 631 Per
424 600 668 641 generationem
690 604 800 629 autem
824 607 890 628 non
915 596 951 627 fit
974 606 1031 627 ens
1055 595 1242 636 simpliciter
1265 593 1359 624 tertio

287 645 388 676 modo
405 654 443 676 ex
459 654 527 675 non
543 649 617 675 ente
632 643 835 684 simpliciter:
860 642 936 682 quia
952 650 1020 671 non
1037 639 1072 670 fit
1088 639 1229 670 materia.
1245 657 1267 660 —
1283 637 1359 668 Non

287 691 383 720 etiam
407 698 464 720 ens
493 688 680 729 simpliciter
709 686 854 718 secundo
884 685 1001 716 modo:
1026 685 1102 725 quia
1125 693 1182 714 ens
1212 682 1359 713 absolute

285 743 353 765 non
378 740 425 764 est
447 733 591 764 formalis
614 733 770 763 terminus
793 730 1020 771 generationis,
1045 728 1101 760 sed
1124 728 1232 768 aliqua
1255 727 1359 758 deter-

286 779 406 809 minata
422 778 545 818 species
561 778 653 808 entis.
669 795 692 799 —
708 775 771 807 Sed
786 775 822 806 fit
838 785 895 805 ens
911 774 1097 814 simpliciter
1113 773 1219 813 primo
1240 770 1358 802 modo:

287 824 363 864 quia
386 822 422 854 fit
445 822 622 853 substantia
646 831 682 852 ex
707 830 773 851 non
798 819 983 850 substantia.

342 867 477 899 Sanctus
493 867 638 897 Thomas
662 875 738 906 ergo
763 864 879 904 accipit
905 873 961 894 ens
984 862 1173 902 simpliciter
1195 861 1258 891 hoc
1282 860 1358 890 loco

287 911 415 943 duobus
439 911 544 942 modis
568 911 698 942 ultimis.
727 908 945 948 Philosophus
969 912 1078 937 autem
1101 906 1207 947 primo
1232 910 1358 935 tantum

286 956 387 988 modo
403 956 529 996 accipit,
546 955 601 985 ubi
617 955 779 994 allegatur.
805 952 882 983 Ideo
906 951 994 982 nulla
1018 956 1065 981 est
1089 949 1312 981 contradictio.

341 1002 380 1031 V.
401 1000 533 1037 Quinto.
551 999 658 1030 Omne
682 1007 778 1038 agens
802 995 892 1037 quod
915 996 1082 1030 materiam
1104 993 1138 1025 in
1162 993 1288 1035 agendo
1309 1003 1357 1024 re-

286 1046 392 1085 quirit,
417 1044 568 1085 producit
597 1043 704 1074 solum
735 1042 872 1072 formam
903 1042 936 1071 in
967 1041 1109 1071 materia.
1134 1039 1223 1070 Deus
1247 1044 1356 1070 autem

285 1099 352 1120 non
365 1089 516 1130 producit
528 1088 635 1118 solum
652 1087 790 1117 formam
806 1087 839 1116 in
855 1085 998 1121 materia,
1010 1084 1067 1115 sed
1082 1090 1185 1115 totam
1200 1093 1269 1114 rem
1281 1084 1357 1114 sub-

285 1135 460 1164 sistentem.
484 1133 571 1173 Ergo
595 1138 655 1163 etc.
678 1149 701 1154 —
723 1130 968 1171 Consequentia
988 1135 1076 1166 nota,
1093 1139 1170 1160 cum
1192 1129 1317 1159 maiori.
1334 1146 1357 1150 -

286 1179 392 1209 Minor
408 1187 484 1208 vero
504 1177 667 1217 probatur.
693 1176 781 1206 Deus
806 1181 852 1206 est
876 1184 932 1205 ens
956 1180 1031 1205 actu
1053 1183 1122 1205 non
1141 1183 1198 1214 per
1217 1173 1356 1203 formam

284 1223 514 1258 inhaerentem,
538 1220 594 1251 sed
618 1230 675 1261 per
699 1226 801 1250 totam
824 1220 1034 1250 substantiam
1058 1228 1160 1249 suam.
1185 1218 1271 1258 Ergo
1294 1223 1354 1248 etc.

284 1267 439 1297 Probatur
467 1266 715 1306 consequentia:
742 1265 817 1305 quia
845 1263 1108 1304 unumquodque
1139 1264 1203 1303 agit
1231 1262 1291 1293 sibi
1315 1262 1355 1292 si-

283 1311 368 1347 mile,
394 1320 469 1342 cum
488 1315 560 1350 agat
579 1309 758 1341 secundum
778 1308 868 1350 quod
888 1314 935 1339 est
955 1314 1040 1339 actu.
1060 1307 1155 1339 Unde
1174 1307 1232 1338 Vll
1250 1308 1356 1338 Meta-

277 1356 436 1397 physicae
458 1355 614 1396 probatur
636 1353 728 1395 quod
750 1363 800 1384 res
822 1353 1001 1384 materiales
1016 1353 1170 1384 habentes
1186 1351 1307 1384 formas
1321 1352 1355 1383 in

282 1401 432 1437 materiis,
455 1405 647 1440 generantur
670 1409 687 1430 a
711 1399 928 1429 materialibus
952 1398 1130 1438 agentibus,
1154 1407 1222 1428 non
1246 1403 1356 1428 autem

282 1456 301 1475 a
323 1445 435 1476 formis
458 1445 620 1485 separatis.

340 1499 368 1520 2.
386 1489 450 1521 Sed
464 1489 590 1520 videtur
605 1489 664 1519 ista
680 1489 760 1519 ratio
784 1498 852 1518 non
876 1486 1082 1518 concludere.
1107 1487 1141 1518 Si
1164 1487 1262 1523 enim,
1279 1487 1356 1528 quia

283 1535 371 1565 Deus
395 1534 458 1575 agit
481 1534 540 1565 sibi
564 1533 677 1569 simile,
702 1542 777 1563 cum
802 1533 870 1572 ipse
894 1532 933 1563 sit
957 1538 1045 1563 totus
1068 1537 1152 1568 actu,
1170 1537 1299 1572 oportet
1320 1537 1356 1562 ut

282 1579 439 1619 producat
461 1584 563 1612 totam
587 1578 796 1608 substantiam
820 1578 882 1613 rei;
908 1576 1020 1607 eadem
1044 1577 1168 1607 ratione
1192 1577 1355 1617 oportebit

282 1630 317 1654 ut
334 1625 440 1654 omnis
456 1633 505 1654 res
530 1622 687 1663 producta
702 1623 741 1653 ab
759 1631 798 1653 eo
815 1622 855 1652 sit
870 1622 1007 1652 omnino
1023 1621 1171 1662 simplex,
1187 1622 1271 1652 sicut
1286 1622 1355 1662 ipse

283 1674 329 1699 est
345 1668 611 1709 simplicissimus.
629 1668 670 1698 Et
686 1668 730 1698 sic
747 1667 787 1698 de
803 1667 872 1697 aliis
888 1665 1142 1706 perfectionibus
1158 1665 1283 1697 divinis.

338 1713 498 1753 Sequetur
513 1713 610 1743 etiam
626 1711 717 1752 quod
731 1721 801 1742 non
816 1711 975 1752 producet
991 1711 1173 1742 materiam:
1195 1711 1271 1751 quia
1287 1721 1355 1742 ma-

281 1758 359 1788 teria
382 1767 451 1788 non
475 1763 522 1788 est
545 1767 601 1788 ens
625 1762 709 1793 actu,
734 1757 816 1787 sicut
839 1762 887 1786 est
911 1756 1009 1786 Deus.

339 1802 368 1833 3.
381 1802 444 1832 Pro
460 1801 669 1842 intelligentia
685 1801 791 1838 huius,
805 1799 1075 1832 considerandum
1091 1806 1138 1832 est
1151 1800 1242 1841 quod
1258 1809 1355 1840 agens

282 1846 451 1887 dupliciter
474 1846 669 1877 considerari
692 1851 816 1886 potest:
842 1845 963 1876 scilicet
989 1844 1209 1882 materialiter;
1234 1850 1266 1876 et
1289 1843 1354 1875 for-

281 1891 414 1922 maliter.
440 1891 645 1922 Materialiter
668 1890 811 1930 quidem,
835 1890 1029 1930 inquantum
1053 1890 1085 1919 in
1110 1890 1182 1930 ipso
1205 1889 1354 1920 conside-

280 1941 367 1966 ratur
381 1936 461 1966 haec
477 1935 527 1966 vel
543 1935 597 1966 illa
611 1940 734 1971 natura,
750 1940 828 1975 puta
844 1935 957 1971 homo,
975 1943 1090 1974 equuS,
1107 1940 1138 1964 et
1154 1933 1352 1965 huiusmodi.

280 1980 471 2010 Formaliter.
501 1985 619 2016 autem,
648 1979 780 2020 quando
812 1978 1032 2010 consideratur
1063 1988 1139 2009 cum
1169 1978 1283 2009 ordine
1313 1978 1354 2009 ad

280 2025 441 2055 actionem
465 2034 484 2054 a
506 2033 571 2064 qua
602 2023 830 2054 denominatur
853 2033 961 2063 agenS.
988 2041 1011 2045 -
1038 2022 1190 2054 Similiter
1220 2022 1353 2054 effectus

279 2068 482 2099 materialiter
506 2068 725 2099 consideratur
740 2073 776 2098 ut
792 2073 839 2098 est
858 2068 937 2099 haec
953 2077 1016 2098 res:
1038 2067 1214 2098 formaliter
1233 2073 1351 2103 autem,

280 2120 315 2144 ut
337 2119 385 2144 est
408 2112 540 2143 effectus
564 2118 596 2143 et
618 2122 669 2144 res
692 2112 860 2153 producta.

335 2158 482 2198 Utroque
506 2157 606 2188 modo
630 2163 759 2198 oportet
780 2166 877 2197 agens
894 2156 1074 2197 producere
1089 2158 1149 2188 sibi
1165 2157 1279 2194 simile,
1296 2156 1353 2188 sed

279 2202 502 2233 diversimode.
529 2202 562 2233 Si
585 2203 673 2233 enirn
694 2201 914 2233 consideretur
930 2211 1027 2242 agens
1043 2202 1258 2238 materialiter,
1274 2208 1353 2233 tunc

278 2257 375 2288 agens
399 2247 550 2288 producit
573 2248 632 2278 sibi
660 2247 763 2277 simile
795 2247 989 2287 inquantum
1018 2245 1151 2278 effectus
1174 2246 1353 2287 productus

278 2291 457 2323 secundum
474 2291 613 2322 formam
629 2301 721 2322 suam
737 2292 922 2322 continetur
937 2301 994 2332 per
1010 2291 1151 2332 aliquam
1171 2292 1352 2323 similitudi-

278 2346 354 2368 nem
377 2337 411 2368 in
435 2341 558 2376 agente.
583 2336 659 2366 Non
676 2341 806 2377 oportet
826 2342 934 2367 autem
951 2342 987 2367 ut
1003 2335 1136 2367 effectus
1150 2337 1183 2367 in
1199 2337 1353 2368 omnibus

279 2381 470 2413 assimiletur
485 2381 601 2422 agenti,
618 2381 674 2411 sed
690 2380 807 2412 sufficit
823 2387 859 2412 ut
874 2381 1016 2422 aliquam
1036 2382 1085 2412 sui
1109 2381 1352 2413 similitudinem

278 2427 310 2457 in
341 2427 414 2467 ipso
444 2426 574 2456 habeat:
606 2426 699 2463 sicut,
730 2426 804 2456 licet
834 2426 923 2457 Deus
952 2426 992 2456 sit
1022 2426 1256 2463 intellectualis,
1284 2435 1352 2458 non

278 2476 387 2503 tamen
410 2470 491 2511 lapis
515 2471 553 2501 ab
578 2479 620 2501 eo
642 2470 821 2511 productus
845 2476 892 2501 est
915 2470 1150 2507 intellectualis,
1167 2471 1224 2502 sed
1240 2471 1353 2502 similis

278 2521 326 2547 est
349 2515 421 2546 Deo
445 2515 639 2555 inquantum
664 2521 712 2546 est
734 2525 791 2546 ens
815 2521 846 2546 et
870 2516 1056 2552 substantia,
1073 2522 1105 2546 et
1129 2522 1163 2546 ut
1188 2515 1292 2547 forma
1307 2516 1352 2547 la-

278 2560 360 2600 pidis
377 2560 562 2591 continetur
578 2565 738 2601 quantum
761 2559 801 2591 ad
825 2569 958 2591 omnem
974 2561 1023 2591 sui
1041 2559 1275 2600 perfectionem
1292 2562 1353 2592 vir-

277 2605 404 2636 tualiter
427 2606 460 2635 in
484 2604 565 2635 Deo.
582 2622 605 2627 —
620 2604 653 2635 Si
676 2610 785 2635 autem
810 2604 1032 2636 consideretur
1055 2614 1152 2645 agens
1176 2604 1353 2637 formaliter

278 2655 313 2680 ut
337 2658 434 2689 agens
457 2654 514 2686 est,
538 2654 668 2689 oportet
690 2650 773 2680 inter
796 2659 893 2689 agens
917 2656 949 2680 et
972 2649 1125 2681 effectum
1149 2659 1217 2681 esse
1241 2650 1353 2682 simili-

277 2693 424 2725 tudinem
447 2699 606 2734 quantum
630 2693 670 2724 ad
693 2694 831 2725 modum
853 2694 990 2725 actionis
1013 2704 1078 2735 qua
1101 2704 1198 2735 agens
1222 2695 1296 2736 agit,
1320 2701 1353 2727 et

277 2738 500 2778 productionis
532 2739 675 2778 passivae
708 2748 773 2780 qua
804 2738 937 2769 effectus
969 2739 1169 2780 producitur.
1205 2739 1297 2777 Ideo,
1325 2741 1352 2772 si

276 2783 395 2814 modus
410 2783 533 2824 agentis
548 2783 582 2814 in
598 2783 724 2823 agendo
737 2789 784 2814 est
800 2789 836 2814 ut
852 2790 923 2824 agat
939 2793 996 2824 per
1007 2789 1132 2824 partem
1148 2785 1197 2815 sui
1213 2790 1350 2822 tantum,

276 2827 394 2859 modus
414 2827 546 2859 effectus
569 2827 719 2868 producti
743 2834 790 2859 est
815 2834 850 2858 ut
873 2829 1054 2860 secundum
1077 2834 1202 2869 partem
1225 2835 1351 2861 tantum

276 2872 483 2913 producatur.
501 2872 534 2903 Si
546 2878 655 2903 autem
667 2872 785 2904 modus
797 2873 920 2912 agentis
936 2879 983 2904 est
1000 2879 1035 2904 ut
1051 2873 1232 2905 secundum
1248 2880 1350 2906 totam

275 2927 366 2948 suam
390 2917 601 2948 substantiam
625 2923 706 2957 agat,
730 2916 848 2949 modus
873 2916 1005 2949 effectus
1029 2919 1087 2949 erit
1111 2925 1147 2949 ut
1170 2919 1350 2951 secundum

275 2968 377 2993 totam
400 2971 492 2993 suam
515 2962 725 2992 substantiam
749 2961 957 3003 producatur.
989 2962 1073 2993 lnter
1096 2973 1193 3004 agens
1217 2973 1294 3004 ergo
1318 2971 1350 2995 et

276 3006 426 3038 effectum
451 3005 627 3037 formaliter
649 3012 779 3047 sumpta
802 3012 932 3047 oportet
955 3017 1015 3038 suo
1040 3007 1141 3039 modo
1167 3009 1349 3041 similitudi-

276 3061 356 3090 nem⁴
375 3061 454 3088 esse,
479 3051 562 3082 sicut
585 3056 615 3082 et
639 3051 722 3082 inter
745 3061 782 3082 ea
806 3051 830 3081 si
854 3052 1058 3083 materialiter
1081 3059 1258 3084 sumantur.

331 3095 382 3126 Ad
406 3096 547 3136 primum
571 3096 690 3136 itaque,
708 3102 796 3137 patet
819 3095 910 3136 quod
934 3098 1166 3137 consequentia
1183 3098 1270 3129 nulla
1286 3105 1347 3130 est:

276 3141 352 3180 quia
375 3140 410 3171 fit
434 3141 584 3171 transitus
608 3141 648 3171 ab
672 3146 786 3181 agente
811 3147 842 3172 et
865 3139 982 3172 effectu
1006 3140 1182 3173 formaliter
1212 3144 1349 3185 sumptis

276 3184 315 3215 ad
338 3195 375 3215 ea
391 3191 435 3216 „t
457 3185 660 3216 materialiter
684 3185 938 3217 considerantur.
962 3185 1087 3217 Dicitur
1115 3193 1223 3218 tamen
1247 3188 1348 3228 quod,

276 3229 371 3260 etiam
395 3230 420 3260 si
444 3230 648 3261 materialiter
672 3236 849 3267 sumantur,
874 3240 942 3261 non
966 3231 1059 3267 valet,
1076 3233 1187 3273 Agens
1202 3233 1274 3274 agit
1288 3233 1349 3264 sibi

275 3274 388 3310 simile,
405 3274 498 3316 Ergo
522 3274 610 3315 quod
626 3274 825 3315 producitur
841 3284 861 3305 a
876 3274 948 3306 Deo
973 3280 1020 3306 est
1043 3276 1176 3306 omnino
1200 3277 1347 3318 simplex,

276 3318 357 3348 sicut
380 3328 447 3349 non
471 3320 625 3360 sequitur,
649 3319 740 3350 Deus
762 3324 809 3350 est
833 3319 1069 3354 intellectualis,
1087 3320 1180 3362 Ergo
1206 3322 1288 3362 lapis
1308 3322 1348 3353 ab

275 3372 312 3392 eo
337 3363 517 3402 productus
547 3369 594 3395 est
624 3364 869 3395 intellectualis:
892 3365 968 3404 quia
998 3374 1106 3405 agens,
1136 3365 1348 3406 producendo

276 3407 417 3447 aliquem
440 3407 600 3445 effectum,
625 3418 693 3439 non
717 3415 846 3449 oportet
870 3414 906 3440 ut
928 3408 1087 3449 producat
1110 3419 1186 3441 eum
1210 3411 1348 3442 similem

277 3457 434 3490 quantum
458 3452 497 3483 ad
521 3453 630 3484 omnia
654 3462 738 3493 quae
769 3460 843 3484 sunt
873 3454 906 3484 in
938 3455 1020 3495 ipso,
1044 3453 1101 3485 sed
1125 3460 1284 3495 quantum
1308 3455 1348 3487 ad

277 3494 413 3526 formam
437 3497 617 3528 secundum
641 3507 739 3538 quam
770 3504 818 3530 est
848 3498 1077 3539 productivum
1106 3499 1191 3530 illius
1214 3499 1348 3532 effectus

277 3545 312 3569 ut
328 3540 389 3576 sic;
414 3540 501 3572 Deus
523 3548 632 3573 autern
657 3543 752 3574 unius
777 3542 910 3575 effectus
926 3549 973 3574 est
989 3543 1201 3583 productivus
1218 3550 1253 3575 ut
1268 3554 1347 3576 con-

277 3583 356 3613 tinet
378 3584 411 3614 in
435 3595 467 3615 se
492 3586 559 3616 eius
583 3586 833 3627 perfectionem,
858 3594 906 3619 est
928 3593 1038 3619 autem
1061 3594 1093 3619 et
1116 3588 1244 3619 alterius
1271 3598 1346 3629 pro-

278 3626 424 3658 ductivus
448 3635 483 3659 ut
506 3630 590 3662 illius
614 3632 759 3662 continet
783 3632 1027 3672 perfectionem.
1044 3632 1137 3664 Valet
1153 3639 1271 3670 autem,
1288 3633 1347 3665 Est

278 3681 334 3701 ens
366 3677 439 3702 actu
472 3675 645 3706 secundum
679 3682 779 3706 totam
812 3677 1034 3713 substantiam,
1066 3677 1161 3719 Ergo
1192 3678 1348 3718 producit

790 297 978 335 SUMMA
1007 296 1230 333 CONTRA
1258 294 1535 339 GENTILES,
1563 294 1658 330 LlB.
1680 294 1720 338 ll,
1752 294 1863 330 CAP.
1884 295 1983 331 XVI.

1416 376 1517 402 totam
1541 371 1773 401 substantiam:
1795 371 1872 411 quia
1896 379 1964 401 esse
1988 377 2062 401 actu
2079 377 2126 402 est
2141 374 2248 412 agenti
2266 375 2347 405 ratio
2364 375 2489 415 agendi,

1416 425 1482 455 non
1509 421 1618 445 autem
1642 424 1711 445 esse
1736 423 1864 445 summe
1887 414 2023 454 simplex
2047 421 2083 446 ut
2106 417 2161 446 sic.

1469 459 1522 490 Ad
1545 459 1726 490 secundum
1750 459 1847 490 etiam
1869 465 2006 499 negatur
2028 462 2271 501 consequentia.
2295 462 2387 493 Licet
2403 464 2490 494 enim

1414 504 1546 534 materia
1573 513 1642 535 non
1671 504 1711 534 sit
1740 503 1853 534 similis
1881 503 1953 535 Deo
1977 503 2011 534 in
2033 505 2098 536 hoc
2122 504 2214 546 quod
2236 511 2285 536 ast
2306 516 2376 537 esse
2399 508 2432 538 in
2456 517 2491 538 se

1415 558 1471 579 ens
1495 554 1579 585 actu,
1604 548 1796 579 assimilatur
1818 554 1927 580 tamen
1943 549 2004 580 sibi
2020 550 2053 580 in
2069 549 2133 580 hoc
2149 549 2241 590 quod
2256 550 2367 591 aliquo
2388 551 2490 583 modo

1414 593 1573 624 rationem
1597 593 1679 623 entis
1702 593 1881 633 participat.

1470 638 1523 668 Vl.
1541 638 1651 668 Sexto.
1669 637 1758 668 Deus
1781 647 1850 668 non
1874 638 1939 678 agit
1961 638 2089 669 actione
2113 647 2213 679 quam
2235 639 2276 669 sit
2293 649 2426 671 necesse
2442 650 2491 670 re-

1414 682 1479 722 cipi
1501 683 1535 712 in
1559 682 1670 722 aliquo
1693 682 1854 722 patiente:
1881 691 1958 713 cum
1981 692 2039 713 sua
2061 684 2147 714 actio
2171 684 2211 714 sit
2230 693 2289 714 sua
2304 685 2490 716 substantia.

1413 726 1501 767 Ergo
1525 732 1586 757 etc.
1610 745 1633 749 —
1656 727 2081 767 Probaturconsequentia.
2111 727 2198 766 Quia
2227 729 2360 760 materia
2383 730 2491 769 requi-

1412 771 1492 802 ritur
1508 771 1547 801 ab
1564 771 1675 811 aliquo
1691 777 1806 811 agente
1822 777 1858 801 ut
1873 772 2008 812 recipiat
2022 772 2186 803 actionem
2201 773 2285 804 eius:
2309 783 2386 804 cum
2405 774 2490 804 actio

1413 816 1453 846 sit
1468 821 1558 846 actus
1575 816 1698 856 agentis
1713 816 1747 846 in
1763 817 1904 856 patiente
1921 821 2080 857 receptus.
2105 816 2163 848 Est
2178 818 2267 848 enim
2281 823 2374 849 actus
2389 827 2490 860 agen—

1413 861 1454 891 tis
1469 861 1486 877 ξ
1510 865 1541 891 et
1554 860 1704 902 formae,
1728 860 1811 892 idest
1834 866 1924 892 actus
1954 861 1994 891 ab
2025 866 2140 901 agente
2170 867 2202 892 et
2232 861 2338 893 forma
2367 863 2490 904 agentis

1412 904 1601 946 productus,
1626 911 1685 936 aut
1707 905 1818 946 aliqua
1843 905 2008 936 inchoatio
2022 906 2162 948 formae
2186 906 2219 937 in
2244 906 2324 947 ipso,
2340 907 2423 939 idest
2440 909 2489 939 in-

1412 950 1542 980 choatio
1566 949 1691 981 formae
1714 950 1837 990 agentis
1859 950 1893 981 in
1917 950 2070 990 patiente,
2087 949 2167 981 dum
2189 951 2259 991 ipsa
2273 950 2389 989 forma,
2405 962 2490 993 quae

1412 994 1445 1024 in
1468 994 1611 1035 patiente
1634 994 1836 1035 producitur,
1852 994 1958 1025 adhuc
1982 999 2030 1025 est
2052 995 2086 1025 in
2107 993 2186 1031 fieri,
2202 995 2353 1027 nondum
2367 997 2490 1028 habens

1412 1048 1481 1069 esse
1504 1039 1717 1079 completum.
1741 1039 1802 1070 Per
1825 1045 2002 1079 utrumque
2025 1040 2113 1070 enim
2135 1039 2274 1071 modum
2297 1040 2426 1072 dicendi
2448 1042 2490 1072 si-

1411 1082 1582 1123 gnificatur
1606 1083 1697 1124 quod
1720 1084 1805 1115 actio
1828 1085 1862 1115 in
1885 1084 2028 1125 patiente
2050 1084 2214 1124 recipitur.

1467 1127 1607 1159 Adverte
1623 1129 1675 1158 hic
1688 1128 1780 1169 quod
1795 1129 1889 1169 ponit
1900 1128 2038 1160 Sanctus
2047 1128 2193 1160 Thomas
2208 1130 2373 1160 actionem
2389 1136 2490 1162 trans-

1412 1178 1545 1204 euntem
1560 1182 1629 1204 non
1645 1182 1715 1204 esse
1731 1173 1764 1204 in
1781 1178 1906 1214 agente,
1923 1173 1979 1204 sed
2002 1174 2036 1204 in
2059 1174 2201 1214 patiente
2213 1175 2240 1205 ⁵.
2258 1174 2299 1205 Et
2314 1174 2406 1215 quod
2420 1185 2489 1207 non

1411 1216 1563 1257 loquatur
1586 1217 1626 1248 de
1650 1218 1778 1248 actione
1802 1218 2021 1255 consecutive,
2044 1218 2166 1249 scilicet
2197 1228 2258 1259 pro
2287 1218 2406 1251 effectu
2431 1230 2490 1262 per

1411 1262 1574 1293 actionem
1590 1261 1763 1302 producto,
1775 1261 1986 1294 manifestum
2002 1268 2050 1293 est
2066 1273 2104 1294 ex
2121 1272 2162 1294 eo
2175 1262 2266 1304 quod
2277 1270 2374 1304 negat
2388 1265 2488 1297 actio-

1410 1315 1488 1337 nem
1511 1306 1654 1337 divinam
1677 1307 1840 1347 requirere
1863 1307 2030 1338 materiam
2054 1308 2131 1349 quia
2153 1314 2202 1339 est
2223 1308 2286 1339 Dei
2301 1309 2488 1341 substantia.

1411 1350 1549 1382 Constat
1572 1351 1669 1387 enim,
1694 1352 1720 1382 si
1743 1352 1904 1392 acciperet
1934 1352 2097 1383 actionem
2128 1361 2188 1393 pro
2212 1352 2330 1384 effectu
2353 1355 2490 1386 actionis

1411 1402 1443 1427 et
1465 1405 1534 1426 non
1557 1396 1766 1428 essentialiter
1789 1406 1849 1437 pro
1871 1397 1942 1437 ipsa
1965 1397 2103 1434 actione,
2128 1397 2219 1437 quod
2242 1399 2327 1429 actio
2343 1399 2405 1430 Dei
2419 1408 2488 1430 non

1411 1446 1494 1472 esset
1517 1441 1587 1471 eius
1611 1441 1759 1472 essentia.

1469 1495 1497 1516 2.
1523 1484 1587 1516 Sed
1617 1486 1758 1517 occurrit
1781 1485 1918 1517 dubium
1942 1485 2026 1516 circa
2049 1486 2244 1518 antecedens
2271 1488 2368 1519 huius
2391 1489 2488 1520 ratio-

1410 1530 1469 1560 nis.
1495 1530 1616 1561 Primo.
1632 1531 1729 1562 Actio
1745 1531 1912 1567 transiens,
1928 1531 2133 1562 materialiter
2149 1537 2288 1572 sumpta,
2305 1532 2386 1563 nihil
2401 1533 2488 1565 aliud

1411 1580 1458 1605 est
1482 1584 1581 1616 quam
1604 1575 1674 1615 ipsa
1697 1575 1802 1606 forma
1826 1575 1987 1616 producta
2010 1580 2046 1606 ut
2069 1582 2117 1607 est
2138 1577 2172 1607 in
2192 1575 2272 1614 fieri,
2289 1577 2356 1608 sive
2380 1583 2416 1608 ut
2439 1584 2488 1610 est

1410 1625 1530 1651 motus.
1558 1619 1622 1651 Sed
1650 1629 1719 1651 non
1743 1625 1790 1651 est
1820 1620 2055 1651 inconveniens
2086 1621 2280 1661 productam
2304 1622 2444 1654 formam
2469 1633 2488 1654 a

1411 1664 1483 1695 Deo
1507 1664 1649 1704 indigere
1673 1665 1806 1695 materia
1829 1665 1862 1695 in
1878 1674 1944 1705 qua
1959 1665 2148 1706 recipiatur:
2172 1667 2231 1697 ista
2247 1667 2336 1698 enim
2350 1677 2420 1698 non
2441 1673 2489 1699 est

1411 1709 1546 1740 essentia
1570 1709 1688 1741 divina.
1713 1709 1800 1750 Ergo
1824 1716 1884 1741 etc.

1466 1754 1630 1785 Secundo.
1655 1754 1821 1795 Superius,
1846 1755 1951 1795 capite
1974 1755 2092 1795 primo,
2113 1755 2169 1786 ubi
2193 1755 2336 1787 distinxit
2351 1756 2488 1789 Sanctus

1411 1799 1556 1830 Thomas
1580 1799 1647 1830 duo
1670 1808 1788 1839 genera
1810 1800 1988 1836 actionum,
2012 1799 2091 1831 dixit
2114 1805 2286 1842 utramque
2313 1802 2487 1839 actionem,

1409 1844 1643 1875 immanentem
1667 1844 1789 1875 scilicet
1812 1850 1844 1875 et
1866 1850 2097 1881 transeuntem,
2121 1845 2194 1876 Deo
2217 1846 2403 1878 convenire.
2423 1846 2487 1879 Sed

1410 1887 1449 1918 de
1466 1889 1590 1919 ratione
1606 1889 1744 1919 actionis
1759 1889 1954 1920 transeuntis
1968 1894 2017 1920 est
2032 1895 2069 1920 ut
2084 1889 2117 1920 in
2134 1890 2277 1930 patiente
2298 1891 2486 1932 recipiatur:

1409 1932 1453 1963 ibi
1470 1934 1558 1964 enim
1574 1933 1691 1964 dicitur
1706 1933 1797 1974 quod
1813 1939 1861 1964 est
1870 1934 2034 1975 perfectio
2048 1934 2150 1974 passi.
2174 1934 2262 1975 Ergo
2278 1935 2387 1976 aliqua
2400 1937 2486 1968 aetio

1410 1977 1470 2008 Dei
1494 1978 1651 2009 transiens
1673 1979 1827 2019 recipitur
1850 1978 1884 2009 in
1907 1978 2060 2018 patiente.
2085 1978 2127 2009 Et
2141 1979 2188 2010 sic
2205 1978 2330 2020 indiget
2343 1981 2488 2012 materia.

1466 2022 1496 2053 3.
1525 2022 1578 2053 Ad
1607 2023 1705 2054 huius
1736 2021 1942 2059 evidentiam.
1970 2023 2218 2063 intelligendum
2249 2030 2296 2055 est
2325 2025 2418 2066 quod
2446 2025 2487 2058 de

1409 2067 1538 2098 actione
1554 2073 1740 2099 transeunte
1757 2067 1928 2109 dupliciter
1943 2077 2119 2108 possumus
2135 2068 2242 2110 loqui:
2258 2075 2324 2106 aut,
2340 2070 2487 2111 inquam,

1408 2111 1589 2143 secundum
1613 2122 1681 2144 rem
1698 2118 1730 2144 et
1745 2112 1927 2144 secundum
1951 2113 2021 2144 eius
2043 2113 2210 2154 propriam
2233 2114 2407 2152 rationem;
2431 2122 2488 2148 aut

1408 2156 1589 2188 secundum
1613 2157 1749 2189 modum
1773 2157 1977 2198 significandi
1999 2163 2031 2189 et
2054 2158 2236 2190 secundum
2259 2159 2423 2200 quandam
2445 2161 2488 2193 si-

1407 2201 1635 2234 militudinem.
1661 2202 1694 2234 Si
1718 2202 1900 2234 secundum
1923 2203 2089 2244 propriam
2113 2204 2182 2235 eius
2205 2205 2364 2237 rationem
2380 2207 2488 2237 consi-

1408 2246 1547 2283 deretur,
1571 2248 1616 2278 sic
1640 2248 1725 2278 actio
1749 2248 1959 2279 essentialiter
1982 2253 2029 2279 est
2056 2254 2177 2286 motus,
2201 2254 2234 2280 et
2257 2256 2414 2282 connotat
2436 2260 2487 2283 re-

1408 2298 1556 2332 spectum
1579 2293 1613 2323 in
1638 2298 1768 2333 agente:
1794 2299 1904 2324 motus
1934 2293 2022 2324 enim
2053 2298 2089 2324 ut
2110 2293 2152 2324 ab
2173 2294 2237 2325 hoc
2259 2300 2306 2326 est
2329 2295 2426 2333 actio,
2450 2301 2487 2327 ut

1409 2336 1525 2367 dicitur
1538 2335 1577 2367 111
1590 2337 1806 2378 physicorum
1813 2338 1840 2369 ἦ
1853 2355 1876 2361 -
1888 2338 1922 2370 Si
1937 2343 2047 2369 autem
2066 2337 2289 2370 consideretur
2304 2339 2486 2372 secundum

1408 2381 1572 2421 quandam
1591 2382 1836 2414 similitudinem
1861 2388 1892 2414 et
1914 2383 2053 2415 modum
2069 2382 2271 2424 significandi
2287 2390 2424 2423 tantum,
2439 2386 2485 2417 sic

1408 2435 1475 2457 non
1500 2432 1548 2457 est
1571 2427 1781 2458 essentialiter
1803 2433 1924 2465 motus,
1940 2427 1998 2460 sed
2013 2427 2091 2460 dicit
2113 2428 2237 2470 aliquid
2252 2430 2286 2460 in
2306 2435 2421 2471 agente
2436 2440 2486 2462 re-

1407 2480 1552 2508 manens,
1569 2472 1661 2512 quod
1683 2471 1881 2512 significatur
1897 2473 1981 2505 utin
1997 2473 2086 2504 aliud
2108 2474 2275 2511 transiens,
2290 2474 2485 2516 inquantum

1408 2525 1465 2556 per
1480 2517 1589 2557 ipsum
1604 2516 1728 2557 aliquid
1743 2517 1783 2548 ab
1799 2523 1914 2558 agente
1938 2517 2126 2550 distinctum
2149 2518 2341 2560 producitur
2355 2520 2390 2551 in
2404 2529 2484 2552 esse.

1408 2561 1460 2592 Sic
1485 2561 1582 2598 enim,
1607 2562 1633 2592 si
1656 2561 1738 2592 velle
1761 2567 1909 2593 nostrum
1933 2569 2016 2594 esset
2039 2563 2220 2595 secundum
2236 2573 2270 2595 se
2285 2574 2394 2596 rerum
2409 2574 2485 2607 pro-

1408 2605 1587 2643 ductivum,
1612 2611 1648 2636 ut
1671 2607 1778 2646 ipsum
1805 2607 1885 2638 velle
1909 2613 1991 2638 esset
2015 2607 2123 2648 ipsum
2146 2608 2338 2649 producere,
2362 2609 2485 2651 produ-

1407 2659 1480 2682 cere
1503 2660 1554 2682 res
1577 2656 1660 2682 esset
1689 2651 1870 2682 secundum
1902 2652 1948 2683 rei
1978 2653 2146 2684 veritatem
2176 2654 2261 2685 actio
2290 2654 2483 2692 immanens,

1407 2695 1484 2736 quia
1507 2701 1591 2726 esset
1614 2695 1701 2727 idem
1725 2696 1861 2727 omnino
1885 2696 1976 2738 quod
1999 2697 2092 2734 velle,
2116 2703 2225 2730 tamen
2252 2698 2486 2739 significaretur

1407 2749 1464 2781 per
1487 2739 1624 2772 modum
1649 2741 1682 2772 in
1707 2741 1843 2772 alterum
1866 2742 2070 2773 transeuntis.
2457 2767 2459 2771 .

1461 2785 1558 2816 Actio
1582 2794 1660 2825 ergo
1684 2785 1791 2817 divina
1815 2795 1880 2826 qua
1910 2796 1960 2818 res
1990 2787 2024 2818 in
2053 2796 2122 2818 esse
2146 2787 2382 2828 producuntur,
2406 2798 2483 2821 cum

1406 2839 1474 2860 non
1497 2831 1537 2861 sit
1561 2829 1649 2861 aliud
1672 2839 1772 2870 quam
1794 2831 1903 2872 ipsum
1927 2831 2009 2862 velle
2033 2831 2179 2863 divinum
2198 2838 2230 2864 et
2244 2833 2314 2873 ipsa
2329 2833 2391 2864 Dei
2407 2835 2483 2866 sub-

1406 2875 1530 2912 stantia,
1555 2884 1640 2916 quae
1663 2885 1681 2906 a
1704 2884 1822 2916 genere
1852 2881 1962 2907 motus
1992 2882 2040 2907 est
2070 2877 2207 2908 omnino
2235 2883 2390 2919 separata,
2414 2888 2481 2911 non

1406 2924 1454 2950 est
1476 2920 1561 2951 actio
1585 2919 1741 2951 transiens
1763 2920 1946 2952 secundum
1968 2921 2014 2952 rei
2038 2922 2214 2959 veritatem,
2234 2922 2290 2954 sed
2313 2924 2398 2954 actio
2421 2924 2483 2955 im-

1405 2973 1540 2996 manens
1556 2974 1641 3005 quae
1657 2970 1705 2995 est
1722 2965 1803 2996 velle
1820 2971 1852 2996 et
1870 2965 2064 3007 intelligere:
2089 2966 2271 2998 secundum
2286 2967 2375 2998 enim
2391 2968 2482 3009 quod

1405 3009 1494 3040 Deus
1517 3009 1666 3050 intelligit
1689 3015 1720 3040 et
1743 3010 1822 3047 vult,
1847 3011 1890 3041 ita
1913 3019 1962 3042 res
1986 3011 2019 3042 in
2043 3020 2112 3043 esse
2142 3011 2335 3052 procedunt,
2359 3013 2482 3054 absque

1405 3053 1465 3084 alia
1488 3054 1595 3086 media
1618 3055 1746 3086 actione
1777 3061 1808 3086 et
1838 3061 1942 3086 motu.
1974 3055 2038 3087 Sed
2064 3065 2177 3087 verum
2201 3062 2249 3088 est
2271 3056 2363 3098 quod
2379 3057 2482 3089 -habet

1405 3099 1548 3139 aliquam
1569 3098 1816 3131 similitudinem
1831 3109 1908 3131 cum
1924 3101 2052 3132 actione
2074 3106 2269 3138 transeunte,
2285 3102 2480 3143 inquantum

1404 3153 1462 3184 per
1477 3144 1581 3184 ipsam
1597 3144 1714 3185 aliquis
1732 3143 1866 3176 effectus
1890 3145 1923 3176 in
1947 3146 2100 3177 creaturis
2122 3146 2324 3187 relinquitur.
2347 3146 2391 3177 Et
2404 3146 2480 3179 ideo

1404 3198 1422 3219 a
1452 3189 1547 3220 nobis
1576 3187 1774 3230 significatur
1802 3198 1861 3230 per
1890 3189 2028 3221 modum
2057 3191 2195 3222 actionis
2223 3191 2418 3222 transeuntis
2445 3192 2478 3222 in

1404 3233 1500 3270 aliud,
1525 3242 1601 3264 curn
1630 3233 1778 3270 dicimus,
1802 3234 1892 3265 Deus
1909 3235 2067 3275 producit
2089 3241 2145 3267 aut
2174 3240 2265 3266 creat
2291 3244 2353 3266 res.
2384 3235 2480 3267 Unde

1404 3284 1511 3319 potest
1527 3278 1591 3309 dici
1606 3278 1691 3309 actio
1707 3279 1863 3311 transiens
1881 3279 2085 3320 productim,
2101 3280 2179 3321 quia
2193 3279 2289 3311 habet
2303 3280 2477 3312 terminum

1404 3323 1620 3354 extrinsecum
1643 3323 1856 3364 productum:
1881 3333 1950 3355 non
1974 3330 2083 3355 autem
2111 3323 2293 3360 subiectae,
2317 3324 2408 3365 quod
2431 3332 2480 3356 est

1403 3368 1534 3408 proprie
1557 3376 1627 3398 esse
1650 3368 1814 3400 actionem
1837 3374 2069 3406 transeuntem,
2086 3369 2163 3409 quia
2185 3377 2254 3399 non
2277 3369 2430 3410 recipitur
2444 3370 2476 3401 in

1403 3412 1514 3452 aliquo
1532 3412 1711 3444 extrinseco
1728 3414 1886 3450 subiecto,
1902 3413 1958 3445 sed
1973 3418 2119 3444 remanet
2140 3413 2174 3444 in
2198 3418 2322 3453 agente.
2348 3413 2405 3445 Est
2419 3414 2478 3445 ita-

1404 3466 1469 3497 que
1491 3466 1584 3488 mens
1608 3456 1715 3488 Sancti
1734 3457 1883 3489 Thomae
1906 3458 1970 3489 hoc
1994 3457 2070 3488 loco
2094 3457 2185 3498 quod
2209 3457 2297 3489 Deus
2321 3468 2389 3489 non
2412 3459 2479 3500 agit

1403 3502 1532 3532 actione
1561 3511 1646 3542 quae
1675 3511 1750 3533 vere
1781 3508 1814 3534 et
1845 3501 2026 3534 secundum
2056 3503 2221 3543 propriam
2252 3503 2410 3534 rationem
2438 3505 2477 3534 sit

1402 3546 1568 3577 transiens.
1594 3546 1671 3578 ldeo
1695 3556 1763 3578 non
1786 3547 1850 3587 agit
1872 3547 2001 3578 actione
2024 3556 2124 3587 quam
2150 3556 2283 3579 necesse
2310 3548 2350 3578 sit
2377 3548 2475 3589 recipi

1402 3591 1435 3621 in
1460 3591 1612 3631 patiente.

1457 3644 1488 3673 4.
1513 3635 1565 3666 Ad
1589 3635 1730 3676 primum
1755 3636 1788 3666 in
1812 3635 2003 3676 oppositum
2026 3635 2142 3667 dicitur
2166 3637 2256 3677 quod
2283 3637 2477 3669 antecedens

1402 3688 1514 3710 verum
1531 3685 1578 3710 est
1594 3679 1634 3711 de
1650 3681 1778 3711 actione
1795 3688 1878 3720 quae
1898 3689 1971 3711 vere
1995 3686 2043 3711 est
2065 3681 2231 3712 transiens.
2255 3682 2352 3713 Actio
2367 3688 2474 3714 autem

2518 861 2526 869 ·
2537 859 2573 882 Cf.
2580 863 2636 882 text.
2646 864 2667 882 et
2682 866 2730 883 var.

2517 1176 2526 1184 ·
2541 1174 2577 1197 Cf.
2594 1174 2729 1196 Commeat.

2517 1207 2568 1228 cap.
2581 1207 2596 1228 ι,
2607 1207 2629 1223 a.
2641 1207 2668 1223 ιιι
2678 1207 2731 1229 sqq.

2514 2340 2523 2350 ·
2538 2339 2596 2368 Cap.
2611 2345 2650 2362 ur.
