2742 4152
0 3026 2 3040 ἡ
0 2986 2 2996 ν
0 2922 2 2945 Η
0 2560 11 2888 ,ὴνψ-υκἿ-ν-ι-ν-Αν

57 2751 121 2822 .ἶὲ

45 1557 57 1568 ·
69 1555 142 1580 Nam.
153 1560 206 1578 vm·

46 1778 129 1803 ‘vit
144 1779 187 1803 Ιι
199 1785 222 1809 5.

887 263 1076 301 SUMMA
1105 262 1328 301 CONTRA
1356 264 1632 311 GENTILES,
1662 266 1772 303 CAP.
1799 267 1862 304 XI.

276 358 372 391 esse,
392 350 474 383 non
498 357 545 382 ex
573 342 863 403 imperfectione
883 341 943 379 sui
963 353 1046 379 esse
1066 349 1122 378 est
1139 343 1202 379 vel
1230 341 1351 379 incer-

274 398 450 447 titudine,
470 410 563 436 cum
583 409 701 435 suum
720 408 803 434 esse
823 396 869 433 sit
887 395 1107 432 secundum
1130 406 1171 431 se
1194 395 1352 433 manife-

277 452 505 490 stissimum:
527 451 595 490 sed
615 463 663 488 ex
684 449 877 488 debilitate
896 448 1017 486 nostri
1040 448 1265 494 intellectus,
1286 448 1353 497 qui

277 518 372 544 eum
390 504 531 543 intueri
549 516 632 542 non
650 510 777 554 potest
795 515 866 553 per
885 501 1070 551 seipsum,
1091 501 1159 538 sed
1188 513 1235 538 ex
1263 501 1353 538 effe-

2424 280 2469 306 23

1406 344 1627 381 naturaliter
1641 346 1771 382 Deum
1785 346 1981 394 cognoscit
1997 347 2094 385 sicut
2115 348 2354 386 naturaliter
2346 363 2475 400 ipsum

1407 397 1608 434 desiderat.
1638 398 1838 436 Desiderat
1866 407 1996 436 autem
2016 400 2144 450 ipsum
2172 403 2294 440 homo
2323 411 2475 441 natura-

1409 449 1512 486 liter
1504 458 1735 498 inquantum
1751 451 1941 489 desiderat
1955 454 2173 491 naturaliter
2186 455 2475 504 beatitudinem,

1410 514 1511 561 quae
1540 510 1595 538 est
1632 504 1827 551 quaedam
1864 504 2072 543 similitudo
2100 507 2253 546 divinae
2286 509 2475 548 bonitatis.

277 559 403 597 ctibus
430 558 526 605 eius,
547 566 584 596 et
608 557 664 595 sic
691 557 741 594 ad
768 555 1088 605 cognoscendum
1116 554 1247 604 ipsum
1272 566 1356 591 esse
1378 568 1388 589 s
1412 555 1475 592 Sic
1494 554 1607 602 igitur
1625 567 1705 592 non
1725 564 1876 605 oportet
1894 559 2002 606 quod
2030 560 2163 596 Deus
2155 573 2235 609 ipse
2264 562 2303 598 in
2327 576 2366 600 se
2383 576 2477 601 con-

278 612 545 650 ratiocinando
572 609 810 661 perducitur.

1412 608 1600 645 sideratus
1628 608 1674 645 sit
1701 609 1922 647 naturaliter
1949 619 2064 648 notus
2091 613 2251 661 homini,
2280 616 2347 652 sed
2375 616 2478 654 simi-

333 667 393 703 Ex
421 677 502 715 quo
522 663 639 701 etiarn
666 663 776 700 tertia
803 662 899 700 ratio
924 661 1096 699 solvitur.
1125 662 1231 699 Nam
1260 660 1358 698 sicut
1412 661 1534 698 titudo
1563 661 1694 710 ipsius.
1724 662 1838 699 Unde
1866 671 2016 712 oportet
2036 665 2143 713 quod
2170 678 2240 715 per
2267 667 2348 705 eius
2376 669 2479 707 simi-

279 718 393 757 nobis
420 730 492 778 per
525 729 566 755 se
603 724 744 755 notum
771 723 828 754 est
860 715 969 776 quod
997 723 1124 753 totum
1152 727 1223 752 sua
1250 721 1358 764 parte
1413 713 1593 752 litudines
1630 714 1670 751 in
1708 714 1906 752 effectibus
1943 725 2110 766 repertas
2147 717 2186 755 in
2222 721 2480 768 cognitionem

280 771 326 810 sit
352 771 491 818 maius,
521 770 575 808 sic
609 769 832 807 videntibus
868 769 995 819 ipsam
1022 768 1198 806 divinam
1230 779 1358 805 essen·
1414 766 1535 817 ipsius
1563 768 1686 804 homo
1714 767 1978 806 ratiocinando
2006 770 2217 820 perveniat.

279 825 375 864 tiam
401 836 473 875 per
500 836 542 862 se
569 823 819 861 notissimum
838 831 894 860 est
922 824 1054 860 Deum
1082 833 1177 868 esse,
1206 833 1254 858 ex
1282 821 1360 858 hoc
1374 838 1401 854 ο
1467 820 1529 858 Ad
1549 820 1726 869 quintam
1746 821 1862 858 etiam
1880 822 1929 859 de
1948 822 2045 860 facili
2072 831 2175 872 patet
2202 825 2353 862 solutio.
2378 828 2479 865 Nam

281 878 390 928 quod
418 890 490 916 sua
517 876 682 915 essentia
701 885 757 915 est
785 888 903 914 suum
931 887 1027 915 esse.
1049 875 1128 912 Sed
1156 873 1248 924 quia
1276 873 1360 911 eius
1415 874 1524 911 Deus
1551 881 1608 910 est
1635 873 1795 923 quidem
1815 887 1895 924 quo
1924 876 2057 912 omnia
2084 886 2379 926 cognoscuntur,
2403 892 2482 917 non

282 931 488 970 essentiam
507 931 640 968 videre
659 942 741 968 non
758 940 983 990 possumus,
1004 928 1054 965 ad
1082 927 1166 965 eius
1193 938 1277 964 esse
1296 939 1360 964 co-
1416 926 1467 964 ita
1495 927 1603 987 quod
1632 927 1704 964 alia
1733 939 1814 964 non
1842 937 2125 977 cognoscantur
2145 930 2215 967 nisi
2244 943 2291 968 eo
2319 932 2482 981 cognito,

281 984 552 1035 gnoscendum
572 995 654 1022 non
672 995 744 1034 per
761 981 946 1035 seipsum,
967 981 1036 1019 sed
1059 993 1130 1032 per
1157 980 1241 1018 eius
1270 980 1361 1018 effe-

282 1046 367 1076 ctus
394 1037 661 1097 pervenimus.

1417 979 1514 1018 sicut
1542 979 1581 1017 in
1609 980 1806 1030 principiis
1828 993 1898 1031 per
1921 994 1961 1018 se
1989 982 2089 1019 notis
2117 982 2269 1021 accidit:
2300 986 2367 1022 sed
2395 985 2486 1034 quia

1417 1046 1488 1084 per
1522 1033 1606 1071 eius
1643 1033 1886 1101 influentiam
1924 1034 2051 1072 omnis
2088 1044 2267 1073 causatur
2298 1037 2337 1074 in
2374 1039 2487 1102 nobis

337 1091 400 1130 Ad
418 1098 599 1142 quartam
614 1090 729 1129 etiam
745 1096 850 1139 patet
864 1087 1017 1126 solutio.
1035 1087 1099 1126 Sic
1114 1087 1219 1125 enim
1238 1089 1388 1126 homo1
1379 1109 1402 1130 ς
1419 1086 1599 1163 cognitio.

338 1205 396 1231 bu
419 1203 483 1239 quo]
502 1203 528 1229 io
547 1211 602 1238 quo
621 1203 666 1229 Pe.

353 1335 447 1346 .<⁶—-·‘“

262 1345 351 1357 nl‘

405 1426 510 1448 urssas
536 1416 678 1447 rationes
709 1414 897 1446 doctissime
924 1415 1021 1446 solvit
1047 1414 1185 1446 Sanctus
1208 1414 1365 1446 Thomas.

295 1427 314 1492 f
344 1461 409 1494 Sed
436 1462 521 1493 circa
543 1461 608 1492 hoc
637 1459 705 1491 duo
729 1459 822 1491 facit:
853 1460 963 1500 primo
994 1460 1083 1490 enirn
1111 1459 1252 1490 ostendit
1279 1459 1367 1490 unde

286 1506 458 1548 proveniat
471 1506 569 1537 huius
585 1504 752 1546 opinionis
767 1503 936 1545 decepti03
952 1503 1110 1540 secunde,
1122 1503 1163 1534 ad
1178 1509 1368 1544 argumenta

386 1549 466 1582 ndet
479 1551 497 1568 '

287 1559 563 1647 resprmmm
578 1593 620 1625 ad
634 1594 789 1635 primum,
805 1594 912 1645 inquit
927 1592 1020 1634 quod
1034 1592 1102 1624 duo
1117 1598 1193 1624 sunt
1208 1602 1294 1634 quae
1308 1593 1369 1624 ho-

288 1640 394 1672 minos
418 1640 454 1671 in
480 1639 565 1670 hanc
593 1638 750 1670 inducere
779 1638 974 1679 opinionem
1003 1643 1193 1690 potuerunt.
1224 1638 1371 1669 Primum·

290 1684 425 1726 quidem
451 1689 500 1715 est
522 1682 741 1716 consuetudo.-
767 1683 855 1722 Quia
878 1683 966 1714 enirn
989 1691 1008 1713 a
1030 1683 1193 1724 principio
1220 1683 1373 1714 homines

290 1732 533 1761 consueverunt
553 1727 665 1759 audire
682 1737 807 1759 nomen
830 1727 893 1759 Dei
916 1733 948 1759 et
970 1728 1140 1764 invocare;
1165 1727 1371 1758 consuetudo

289 1782 380 1811 vero,
399 1783 438 1804 ea
457 1773 746 1814 praesertimrquae
762 1778 810 1804 est
826 1782 844 1803 a
863 1773 1055 1813 principio*
1057 1796 1065 1809 ,
1081 1778 1215 1803 naturae
1231 1773 1296 1803 vim
1313 1773 1372 1803 ob-

290 1819 388 1851 tinet:
411 1817 488 1849 ideo
511 1816 647 1849 firmiter
668 1823 798 1848 tenetur
820 1817 930 1848 Deum
945 1826 1026 1854 esse,
1042 1826 1080 1848 ae
1096 1818 1122 1848 si
1138 1822 1222 1848 esset
1243 1822 1372 1848 natura-

290 1863 362 1895 liter
385 1868 419 1894 et
439 1871 499 1903 per
514 1871 549 1893 se
563 1867 695 1895 notum.
720 1862 768 1893 Ea
792 1863 880 1893 enim
904 1862 1024 1902 quibus
1043 1862 1170 1893 animus
1194 1871 1212 1892 a
1235 1862 1373 1902 pueritia

290 1907 458 1943 imbuitur,
485 1907 530 1938 ita
551 1906 687 1938 firmiter
712 1911 865 1938 tenentur
887 1916 926 1938 ac
948 1907 975 1938 si
998 1912 1105 1938 essent
1131 1907 1317 1938 naturaliter
1341 1912 1373 1938 et

291 1961 351 1994 per
371 1961 407 1983 se
429 1956 518 1983 nota.

347 1996 498 2028 Alterum
525 2000 573 2027 est
595 1995 673 2036 quia
699 2004 768 2026 non
796 1994 1009 2027 distinxerunt
1036 1996 1120 2026 inter
1146 1995 1180 2026 id
1207 1995 1298 2036 quod
1325 2001 1374 2027 est

292 2041 481 2081 simpliciter
497 2049 555 2081 per
577 2049 612 2070 se
628 2045 756 2076 notum,
772 2045 804 2071 et
819 2039 911 2081 quod
933 2046 981 2071 est
995 2049 1054 2081 per
1076 2050 1110 2071 se
1126 2046 1244 2071 notum
1266 2041 1372 2071 nobis.

293 2085 402 2117 Deum
421 2085 510 2116 enirn
525 2093 594 2116 esse
617 2085 806 2125 simpliciter
821 2085 955 2126 quidem
979 2090 1027 2116 est
1042 2094 1101 2126 per
1123 2094 1158 2116 se
1173 2091 1305 2116 notum:
1331 2094 1372 2116 eo

234 2133 238 2138 '
293 2129 385 2171 quod
407 2129 498 2160 Deus
520 2130 561 2160 sit
583 2136 681 2160 suurn
696 2138 776 2160 esse.
799 2129 920 2168 Quoad
934 2139 996 2161 nos
1020 2135 1130 2161 autem
1153 2139 1222 2160 non
1245 2135 1293 2161 est
1315 2139 1373 2170 per

265 2767 272 2773 ·
300 2758 348 2785 est
370 2752 412 2784 de
433 2759 544 2785 mente
565 2754 758 2791 Aristotelis,
774 2754 787 2785 1
802 2755 927 2786 Foster.
940 2756 958 2772 ⁴

294 2183 329 2206 se
354 2179 493 2206 notum:
524 2174 681 2215 quoniam
711 2174 776 2205 hoc
805 2175 914 2215 ipsum
945 2174 1037 2215 quod
1060 2179 1108 2206 est
1131 2174 1232 2211 Deus,
1262 2180 1373 2206 mente

294 2219 470 2260 concipere
497 2228 567 2250 non
589 2227 774 2258 possumus.
804 2218 895 2250 Sicut
917 2228 1018 2250 omne
1044 2224 1152 2250 totum
1176 2228 1246 2250 esse
1268 2220 1373 2250 maius

294 2273 354 2295 sua
374 2268 475 2304 parte,
492 2263 682 2304 simpliciter
704 2262 838 2304 quidem
856 2273 915 2304 per
937 2273 972 2294 se
994 2269 1112 2294 notum
1128 2269 1192 2294 est:
1217 2264 1247 2294 ei
1263 2270 1373 2295 autem

294 2308 353 2350 qui
375 2308 535 2339 rationem
557 2307 658 2339 totius
680 2313 790 2340 mente
812 2318 881 2339 non
905 2309 1102 2349 conciperet,
1118 2317 1187 2339 non
1210 2314 1294 2340 esset
1315 2318 1374 2349 per

295 2362 331 2384 se
352 2358 482 2389 notum,
497 2353 601 2383 immo
622 2358 705 2384 esset
727 2353 888 2393 ignotum.
912 2353 1051 2394 Hacque
1065 2353 1191 2384 ratione
1214 2352 1251 2384 fit
1273 2359 1310 2384 ut
1333 2352 1374 2384 ad

294 2397 464 2430 notissima
494 2406 602 2428 rerum
635 2397 818 2429 intellectus
849 2403 960 2429 noster
987 2407 1022 2429 se
1049 2398 1164 2429 habeat
1193 2403 1230 2429 ut
1257 2398 1374 2429 oculus

295 2447 437 2474 noctuae
463 2441 506 2472 ad
531 2441 653 2473 solem:
683 2443 760 2483 quia
782 2442 933 2474 videlicet
960 2452 999 2474 ea
1020 2443 1069 2474 uti
1096 2448 1172 2474 sunt
1200 2444 1375 2484 concipere

295 2496 367 2519 non
387 2494 574 2527 possumus.

351 2530 390 2562 11.
407 2531 470 2562 Pro
487 2529 704 2562 declaratione
722 2531 819 2563 huius
835 2530 1060 2569 distinctionis,
1077 2531 1310 2563 advertendum
1327 2538 1375 2563 est

298 2575 390 2616 quod
404 2576 588 2616 propositio
604 2576 712 2617 aliqua
725 2585 785 2617 per
807 2585 842 2607 se
857 2582 936 2607 nota
951 2576 1068 2608 dicitur
1091 2577 1167 2617 quia
1191 2577 1298 2617 aliqua
1314 2577 1375 2608 alia

297 2620 525 2661 propositione
547 2621 648 2661 priori
672 2626 704 2652 et
726 2621 848 2652 notiori
862 2630 932 2652 non
954 2621 1078 2662 indiget
1101 2621 1141 2652 ad
1164 2622 1215 2652 sui
1237 2622 1375 2653 manife-

298 2665 482 2701 stationem,
505 2673 564 2705 per
582 2665 745 2706 aliamque
768 2665 982 2697 demonstrari
1004 2676 1072 2697 non
1096 2671 1215 2707 potest.
1238 2666 1376 2707 Propter

300 2708 391 2750 quod
413 2709 520 2749 inquit
543 2709 680 2741 Sanctus
703 2709 859 2746 Thomas,
884 2710 897 2740 1
915 2710 963 2747 Ρ.,
980 2720 1012 2752 q.
1028 2721 1103 2747 xvn,
1129 2720 1156 2741 a.
1183 2710 1213 2746 3,
1230 2710 1271 2741 ad
1288 2720 1318 2748 2,
1343 2716 1375 2741 et

959 2779 968 2791 ,
985 2761 1017 2786 et
1034 2755 1152 2791 Boetii‚
1175 2757 1210 2786 in
1233 2755 1316 2786 libro
1335 2755 1376 2786 de

299 2797 544 2834 Hebdomad.*‚
569 2798 660 2839 quod
678 2799 846 2839 principia
862 2808 927 2839 per
948 2809 983 2830 se
1006 2805 1086 2830 nota
1108 2804 1186 2830 sunt
1209 2800 1268 2831 illa
1291 2809 1376 2840 quae

299 2843 409 2874 statim
424 2843 566 2884 cognitis
582 2843 729 2874 terminis
743 2849 1000 2885 cognoscuntur.
1017 2844 1082 2875 Sed
1104 2845 1181 2884 quia
1202 2854 1254 2875 res
1269 2843 1375 2885 dupli-

301 2887 380 2919 citer
397 2887 499 2919 ,habet
522 2897 602 2924 esse,
625 2897 694 2918 uno
718 2887 840 2919 scilicet
861 2888 964 2919 modo
987 2889 1022 2919 in
1043 2889 1148 2929 seipsa
1171 2894 1259 2920 extra
1280 2889 1375 2919 intel-

300 2931 434 2968 lectum,
459 2931 523 2963 alio
546 2931 649 2963 modo
676 2931 859 2963 secundum
881 2932 974 2973 quod
1000 2933 1041 2963 ab
1070 2933 1238 2964 intellectu
1261 2938 1375 2964 nostro

302 2976 486 3016 concipitur
500 2981 532 3007 et
546 2976 745 3016 intelligitur,
760 2976 836 3007 ideo
853 2976 1025 3017 dupliciter
1039 2976 1080 3008 de
1102 2987 1136 3008 re
1160 2978 1268 3018 aliqua
1282 2978 1376 3018 loqui

302 3029 493 3061 possumus:
518 3029 587 3051 uno
613 3020 727 3057 modo,
751 3020 932 3052 secundum
961 3021 996 3052 id
1025 3021 1117 3062 quod
1140 3023 1294 3053 convenit
1316 3023 1376 3053 sibi

302 3063 484 3096 secundum
499 3070 647 3096 naturam
662 3074 771 3102 suam3
787 3065 851 3096 alio
866 3065 981 3102 modo,
998 3065 1039 3096 de
1054 3075 1096 3096 eo
1112 3066 1203 3107 quod
1223 3067 1377 3098 convenit

301 3109 363 3140 sibi
385 3108 567 3140 secundum
583 3108 675 3150 quod
689 3119 708 3140 a
722 3110 818 3140 nobis
834 3110 1017 3151 concipitur
1032 3115 1064 3141 et
1085 3111 1282 3152 intelligitur.
1299 3111 1376 3142 Non

302 3154 491 3185 inconvenit
513 3159 623 3185 autem
646 3153 779 3195 aliquod
800 3154 847 3185 rei
869 3154 972 3186 modo
995 3155 1106 3196 aliquo
1130 3156 1305 3187 convenire
1326 3165 1376 3187 se-

304 3197 450 3229 cundum
472 3203 620 3229 naturam
644 3208 746 3236 suam,
764 3198 855 3239 quod
877 3200 938 3230 sibi
957 3199 1138 3230 secundum
1153 3200 1291 3231 modum
1307 3210 1376 3241 quo

304 3252 323 3273 a
344 3243 440 3274 nobis
467 3243 652 3284 concipitur
678 3253 748 3274 non
779 3245 941 3280 convenit,
966 3249 998 3274 et
1027 3253 1046 3274 e
1074 3254 1243 3275 converso.
1266 3245 1378 3276 Potest

303 3287 401 3327 igitur
423 3288 553 3318 evenire
575 3293 613 3318 ut
635 3293 750 3319 natura
772 3288 909 3319 subiecti
933 3289 1115 3328 cuiuspiam
1143 3298 1180 3320 ac
1202 3289 1377 3330 praedicati

304 3331 376 3362 talis
399 3332 439 3362 sit
461 3331 554 3372 quod
575 3342 680 3364 unum
703 3333 744 3363 sit
772 3332 860 3364 idem
883 3332 984 3368 alteri,
1007 3333 1060 3363 vel
1087 3343 1192 3364 unum
1220 3333 1260 3364 ad
1289 3333 1378 3365 aliud

304 3376 420 3407 habeat
447 3376 672 3408 immediatum
700 3376 868 3408 ordinem·
897 3383 929 3408 et
955 3376 1042 3414 ideo,
1066 3378 1093 3408 si
1114 3378 1378 3430 unumquodque

304 3420 436 3451 illorum
459 3422 685 3462 conciperetur
699 3422 882 3453 secundum
898 3421 989 3462 quod
1009 3422 1044 3452 in
1067 3431 1102 3452 se
1125 3427 1182 3458 est,
1199 3421 1305 3453 statim
1321 3433 1378 3464 ap-

305 3470 430 3505 pareret
444 3465 688 3506 praedicatum
679 3476 784 3498 messe
800 3467 957 3498 subiecto.
974 3466 1038 3497 Sed
1053 3467 1130 3506 quia
1144 3476 1213 3498 non
1229 3477 1378 3518 compre-

305 3509 457 3540 henditur
479 3511 616 3542 subiecti
637 3510 878 3552 praedicatique
893 3516 1006 3542 natura
1028 3516 1066 3542 ut
1087 3511 1121 3541 in
1143 3521 1178 3542 se
1202 3517 1259 3548 est,
1275 3513 1378 3543 immo

307 3552 453 3585 debiliter
482 3554 738 3596 imperfecteque
770 3556 970 3596 concipitur,
998 3554 1074 3586 ideo
1105 3565 1144 3586 ex
1174 3565 1212 3586 ea
1241 3557 1378 3588 subiecti

306 3597 546 3639 praedicatique
561 3600 676 3630 notitia
690 3609 760 3630 non
775 3601 882 3631 statim
893 3601 1101 3641 cognoscitur
1112 3600 1257 3631 subiecto
1273 3602 1378 3632 inesse

307 3642 538 3683 praedicatum,
562 3643 619 3674 sed
648 3644 759 3684 aliquo
789 3645 918 3675 notiore
940 3645 1036 3675 nobis
1061 3650 1092 3675 et
1114 3645 1221 3684 priore
1245 3645 1285 3676 ad
1309 3646 1379 3676 eius

451 3702 546 3728 Suum
565 3702 675 3728 Con-rna
694 3702 828 3729 Gan-mss
847 3704 878 3729 D.
897 3703 1012 3729 Τιιοιυιιι
1031 3703 1100 3728 Tou.
1120 3704 1137 3728 l.

1054 1300 1393 1333 Commentario.
1419 1300 1732 1333 Fer-ramensis

1397 1443 1400 1447 .
1421 1414 1617 1446 evidentiam
1641 1423 1725 1455 opus
1741 1419 1798 1445 est.
1816 1414 1897 1445 Tale
1920 1420 1999 1445 tunc
2022 1414 2137 1445 dicitur
2159 1415 2344 1456 simpliciter
2360 1416 2492 1457 quidem

1420 1469 1479 1500 per
1501 1469 1536 1490 se
1558 1465 1677 1490 notum
1700 1468 1770 1490 esse
1793 1464 1825 1489 et
1847 1458 2028 1490 secundum
2044 1464 2201 1501 naturam,
2227 1461 2302 1500 quia
2324 1461 2358 1490 in
2380 1467 2492 1492 natura

1421 1502 1558 1535 subiecti
1574 1509 1606 1535 et
1628 1503 1802 1545 praedicati
1823 1509 1880 1540 est,
1897 1504 1923 1534 si
1946 1508 2045 1544 prout
2060 1499 2135 1534 sunt
2158 1511 2439 1544 cognoscerentur,
2456 1511 2493 1536 ut

1422 1549 1530 1580 statim
1554 1554 1707 1589 appareat
1734 1549 1838 1579 inesse
1869 1549 2089 1593 praedicatum
2112 1549 2277 1585 subiecto,
2301 1558 2360 1580 nec
2384 1550 2493 1591 aliquo

1422 1602 1507 1634 opus
1530 1599 1614 1624 esset
1636 1594 1765 1624 notiore
1795 1592 1835 1623 ad
1863 1594 1932 1624 eius
1960 1593 2142 1624 habendam
2169 1594 2332 1624 notitiam.
2356 1604 2423 1625 non
2447 1600 2495 1625 est

1422 1644 1531 1669 tamen
1547 1639 1642 1669 nobis
1657 1647 1716 1679 per
1731 1647 1765 1668 se
1776 1643 1904 1675 notum,
1921 1639 1998 1679 quia
2012 1647 2082 1668 non
2096 1637 2239 1678 perfecte
2255 1647 2368 1669 eorum
2383 1645 2495 1670 natura

1424 1684 1643 1724 cognoscitur,
1661 1688 1692 1714 et
1707 1682 1888 1714 secundum
1913 1692 1969 1714 eos
1986 1687 2164 1723 conceptus
2188 1692 2271 1723 quos
2295 1683 2335 1714 de
2351 1684 2495 1714 subiecto

1425 1733 1456 1759 et
1471 1727 1656 1768 praedicato
1672 1727 1862 1764 formamus,
1874 1737 1943 1758 non
1960 1728 2066 1758 statim
2081 1733 2214 1768 apparet
2229 1729 2389 1758 connexio
2406 1737 2496 1768 prae-

1425 1771 1521 1804 dicati
1545 1781 1622 1803 cum
1645 1773 1803 1803 subiecto.
1832 1773 1969 1813 Propter
1999 1771 2090 1813 quod
2113 1781 2182 1802 non
2206 1773 2412 1812 cognoscitur
2434 1773 2496 1803 tale

1425 1817 1505 1858 quid
1529 1817 1666 1858 cognitis
1689 1817 1844 1854 terminis,
1867 1822 1967 1858 prout
1982 1827 2000 1847 a
2016 1817 2110 1847 nobis
2134 1817 2373 1857 concipiuntur.
2397 1817 2497 1855 Quod

1425 1863 1451 1892 si
1475 1861 1610 1903 aliquod
1633 1861 1844 1903 complexum
1867 1862 1930 1893 tale
1954 1862 1994 1892 sit
2016 1867 2054 1892 ut
2077 1866 2109 1892 et
2132 1870 2171 1891 ex
2194 1862 2329 1892 subiecti
2353 1867 2384 1892 et
2406 1871 2497 1902 prae-

1426 1906 1522 1937 dicati
1537 1911 1661 1943 natura,
1677 1912 1715 1938 ut
1729 1907 1764 1937 in
1779 1907 1892 1947 seipsis
1907 1911 1984 1937 sunt
1999 1906 2147 1947 cognitis,
2165 1911 2315 1946 appareat
2330 1907 2497 1947 utriusque

1425 1952 1604 1982 necessaria
1620 1951 1798 1988 connexi03
1815 1956 1847 1982 et
1859 1960 1974 1982 eorum
1986 1955 2118 1981 naturae
2133 1951 2273 1991 propriis
2289 1952 2498 1991 conceptibus

1426 2001 1458 2026 et
1481 1995 1632 2036 perfectis
1660 2005 1679 2026 a
1707 1996 1804 2026 nobis
1834 2001 2089 2037 cognoscantur:
2119 1995 2178 2026 erit
2204 1995 2266 2026 tale
2291 1995 2369 2036 quid
2393 2001 2424 2026 et
2450 2005 2499 2027 se-

1426 2039 1572 2071 cundum
1587 2045 1735 2071 naturam
1751 2049 1810 2081 per
1824 2050 1859 2071 se
1874 2045 2002 2076 notum,
2018 2041 2214 2081 inquantum
2238 2049 2352 2070 eorum
2368 2045 2499 2078 naturae

1425 2085 1546 2116 habent
1568 2090 1615 2122 ut,
1639 2085 1717 2125 ipsis
1740 2084 1884 2126 perfecte
1911 2085 2075 2125 inspectis,
2100 2090 2253 2126 appareat
2279 2084 2499 2125 praedicatum

1427 2130 1602 2161 convenire
1629 2130 1794 2166 subiecto;
1819 2135 1851 2160 et
1881 2129 1991 2169 quoad
2020 2139 2091 2165 nos,
2119 2129 2314 2170 inquantum
2342 2129 2498 2161 evidentia

1404 2175 1496 2205 ¹eius
1527 2183 1566 2205 ex
1597 2174 1811 2214 conceptibus
1841 2174 2056 2205 terminorum
2086 2173 2127 2204 de
2156 2174 2235 2215 ipsis
2267 2175 2307 2204 ab
2334 2175 2498 2205 intellectu

1425 2224 1538 2250 nostro
1554 2218 1699 2249 formatis
1715 2224 1857 2259 apparet,
1874 2228 1943 2249 non
1967 2224 2076 2249 autem
2093 2228 2131 2249 ex
2147 2219 2255 2260 aliqua
2278 2220 2499 2259 propositione

1426 2265 1515 2306 prius
1538 2269 1627 2294 nota.

1483 2308 1570 2347 Quia
1585 2308 1692 2348 igitur,
1708 2308 1735 2338 si
1751 2307 1859 2338 divina
1875 2308 2012 2338 essentia
2035 2307 2218 2339 secundum
2234 2307 2324 2348 quod
2347 2308 2380 2338 in
2404 2318 2436 2339 se
2453 2314 2500 2339 est

1426 2350 1598 2389 videretur,
1622 2352 1729 2383 statim
1756 2357 1926 2393 appareret
1949 2353 2150 2384 existentiam
2172 2353 2218 2384 illi
2243 2354 2425 2390 convenire,
2449 2359 2499 2384 ut-

1427 2403 1506 2439 pote
1530 2406 1615 2439 quae
1638 2406 1714 2428 curn
1738 2398 1807 2438 ipsa
1829 2406 1934 2428 unum
1962 2397 2116 2438 idemque
2140 2399 2199 2434 sit3
2223 2398 2340 2428 merito
2364 2377 2499 2429 dicimus

1428 2442 1519 2483 quod
1535 2441 1643 2473 Deum
1659 2451 1728 2472 esse
1744 2446 1792 2472 est
1806 2451 1864 2482 per
1879 2451 1913 2473 se
1928 2448 2045 2474 notum
2065 2421 2251 2483 simpliciter
2274 2447 2305 2472 et
2321 2443 2498 2474 secundum

1427 2493 1586 2518 naturam.
1610 2486 1698 2525 Quia
1720 2496 1798 2517 vero
1822 2487 1905 2522 Deo,
1922 2487 2102 2519 secundum
2126 2487 2216 2528 quod
2240 2497 2258 2518 a
2273 2487 2367 2518 nobis
2391 2489 2499 2518 conci-

1427 2533 1525 2573 pitur,
1550 2532 1752 2562 existentiam
1775 2531 1835 2562 sibi
1865 2534 2046 2564 necessario
2079 2533 2254 2564 convenire
2283 2534 2354 2563 non'
2375 2538 2499 2563 constat

1428 2577 1489 2607 nisi
1513 2573 1560 2607 ex'
1576 2575 1743 2607 effectibus
1772 2576 1973 2614 ostendatur,
1998 2588 2039 2609 eo
2070 2578 2160 2619 quod
2189 2578 2297 2608 Deum
2320 2577 2496 2608 secundum

1428 2621 1520 2662 quod
1534 2622 1569 2651 in
1585 2630 1620 2652 se
1643 2626 1691 2652 est
1706 2622 1880 2662 concipere
1902 2632 2120 2664 nequeamus3
2136 2623 2256 2654 idcirco
2273 2631 2340 2652 non
2357 2628 2404 2652 est
2418 2621 2498 2652 illud

1427 2675 1486 2707 per
1508 2675 1543 2696 se
1565 2671 1683 2696 notum
1707 2665 1817 2706 quoad
1840 2675 1911 2698 nos.

1484 2710 1537 2741 111.
1562 2709 1626 2741 Sed
1649 2710 1790 2741 occurrit
1812 2710 1959 2748 dubium,
1983 2713 2016 2742 in
2041 2712 2185 2743 doctrina
2208 2711 2313 2743 Sancti
2337 2710 2495 2746 Thomae,

1429 2763 1513 2795 quae
1536 2755 1600 2785 sint
1622 2755 1864 2796 propositiones
1880 2766 1964 2797 quae
1986 2757 2092 2787 statim
2116 2757 2251 2797 cognitis
2274 2755 2416 2786 terminis
2441 2764 2496 2785 co-

1428 2804 1641 2851 gnoscuntur‚
1666 2808 1751 2840 quae
1774 2799 1926 2831 dicuntur
1948 2810 2006 2842 per
2029 2811 2062 2832 se
2085 2807 2181 2832 notae
2203 2800 2395 2831 intellectui:
2415 2816 2437 2820 —
2456 2799 2495 2830 de

1428 2845 1496 2875 istis
1526 2844 1614 2874 enim
1642 2844 1824 2885 loquimur,
1852 2855 1921 2876 non
1949 2845 1990 2876 de
2017 2847 2055 2877 iis
2085 2856 2168 2886 quae
2199 2845 2238 2876 ad
2269 2854 2398 2875 sensum
2421 2849 2495 2874 sunt

1428 2894 1537 2925 notae,
1561 2893 1598 2919 ut
1621 2894 1669 2919 est
1692 2889 1796 2920 nivem
1821 2899 1889 2921 esse
1912 2890 2028 2921 albam.
2056 2891 2227 2931 Aliquibus
2251 2890 2336 2920 enim
2360 2888 2494 2919 Thorni-

1429 2931 1550 2964 st'arum
1573 2932 1700 2964 videtur
1723 2943 1776 2964 eas
1799 2934 1906 2965 solum
1922 2935 2000 2965 tales
2016 2945 2084 2966 esse
2099 2936 2132 2965 in
2148 2935 2264 2976 quibus
2279 2933 2495 2974 praedicatum

1429 2978 1470 3008 sit
1492 2977 1533 3008 de
1556 2977 1746 3009 definitione
1774 2979 1923 3010 subiecti·
1953 2985 1984 3010 et
2013 2981 2077 3010 hoc
2101 2989 2139 3010 ex
2166 2979 2357 3020 quibusdam
2389 2977 2495 3008 Sancti

1429 3022 1579 3053 Thomae
1602 3023 1706 3053 verbis
1722 3032 1835 3053 verum
1859 3033 1928 3054 esse
1951 3024 2059 3064 apud*
2051 3033 2158 3065 1psum
2175 3024 2363 3054 existimant.
2379 3039 2402 3044 -
2416 3021 2495 3052 Aliis

1429 3076 1507 3098 vero
1523 3066 1650 3098 videtur
1665 3067 1756 3107 quod
1771 3077 1839 3098 non
1856 3068 1964 3099 solum
1986 3069 2058 3099 illae
2081 3069 2114 3099 in
2138 3069 2255 3109 quibus
2278 3066 2495 3108 praedicatum

1429 3112 1463 3142 in
1486 3112 1623 3142 subiecti
1646 3113 1770 3143 ratione
1793 3112 1962 3149 clauditur,
1987 3113 2043 3143 sed
2070 3113 2165 3143 etiam
2188 3112 2308 3142 multae
2331 3111 2410 3141 aliae
2433 3110 2496 3140 sint

1429 3165 1488 3197 per
1510 3165 1545 3187 se
1567 3162 1683 3187 notae:
1707 3162 1744 3187 ut
1767 3166 1806 3187 ex
1828 3158 1866 3187 iis
1890 3163 2021 3198 apparet
2044 3166 2127 3197 quae
2146 3166 2203 3197 per
2218 3157 2325 3196 ipsum
2341 3154 2495 3185 Sanctum

1430 3200 1596 3232 Thomam
1618 3206 1775 3253 tanquam
1797 3210 1855 3242 per
1877 3211 1911 3232 se
1934 3207 2030 3232 notae
2053 3200 2255 3232 adducuntur
2269 3200 2296 3235 ἡ
2319 3204 2365 3234 ιιι,
2394 3197 2531 3228 Omne·

1431 3250 1534 3276 totum
1557 3251 1606 3276 est
1627 3246 1734 3276 maius
1755 3255 1816 3276 sua
1835 3251 1941 3287 parte,
1967 3251 2007 3281 et,
2032 3245 2069 3275 Si
2083 3246 2122 3276 ab
2138 3244 2326 3285 aequalibus
2343 3242 2495 3283 aequalia

1430 3290 1550 3325 demas,
1575 3299 1659 3330 quae
1682 3295 1851 3321 remanent
1871 3295 1948 3321 sunt
1970 3290 2129 3331 aequalia,
2155 3294 2195 3324 et,
2216 3287 2444 3328 Incorporalia
2462 3286 2495 3317 in

1431 3335 1504 3365 loco
1529 3344 1595 3365 non
1612 3344 1689 3370 esse,
1707 3340 1739 3365 et
1757 3335 1881 3365 similia.
1905 3335 1946 3365 Et
1969 3334 2167 3374 singulariter
2185 3332 2296 3363 dicunt
2319 3341 2390 3362 earn
2413 3340 2496 3371 qu-o

1431 3388 1496 3419 que
1520 3388 1589 3409 esse
1612 3379 1799 3419 simpliciter
1813 3389 1871 3420 per
1886 3388 1919 3409 se
1935 3385 2046 3409 notam
2069 3378 2103 3409 in
2127 3387 2190 3418 qua
2212 3377 2315 3417 prima
2332 3375 2439 3416 passio
2457 3374 2496 3411 de

1430 3424 1576 3454 subiecto
1600 3423 1809 3464 praedicatur.

1486 3468 1664 3498 Possumus
1695 3473 1803 3498 autem
1834 3467 1938 3497 dicere
1962 3465 2051 3516 quod
2075 3474 2142 3496 esse
2167 3464 2206 3495 de
2229 3465 2353 3494 ratione
2381 3469 2412 3494 et
2442 3462 2496 3494 de-

1431 3511 1579 3543 finitione
1602 3512 1737 3543 subiecti
1760 3511 1929 3552 dupliciter
1949 3510 2050 3550 accipi
2073 3514 2194 3550 potest:
2219 3518 2287 3539 uno
2302 3507 2415 3544 modo,
2432 3506 2496 3538 for-

1431 3557 1565 3592 maliter,
1596 3562 1751 3596 tanquam
1785 3556 1905 3586 scilicet
1938 3554 2071 3584 subiecti
2103 3553 2271 3584 essentiam
2304 3551 2496 3593 ingrediens,

1431 3602 1514 3632 sicut
1544 3601 1668 3631 animal
1692 3606 1739 3630 est
1762 3600 1801 3630 de
1824 3600 1946 3630 ratione
1973 3598 2132 3634 hominis;
2157 3597 2219 3627 alio
2248 3596 2359 3633 modo,
2379 3597 2498 3627 virtua-

1431 3646 1502 3676 liter
1525 3651 1556 3676 et
1580 3645 1796 3679 consecutive,
1821 3649 1974 3683 tanquam
1998 3642 2118 3672 scilicet
2140 3641 2301 3672 inclusum
2324 3640 2499 3671 virtualiter

2338 3708 2355 3732 4

2547 3195 2583 3218 cf.
2604 3195 2634 3217 de
2657 3194 2736 3222 νει-ἠ.)

2523 3229 2546 3250 q.
2557 3229 2579 3248 x,
2595 3228 2616 3243 a.
2630 3228 2662 3244 ιι.
