2768 4134
62 780 71 789 ·
86 779 142 806 Cap.
156 784 212 800 ινιι.

59 1519 117 1542 'CL
137 1519 270 1541 Comment.

58 1552 109 1574 cap.
131 1552 188 1573 ινιι,
211 1546 272 1577 init.,

58 1579 111 1595 cum
143 1576 224 1595 annot.
248 1563 272 1594 in’

58 1605 107 1621 mur

114 1632 157 1647 n.
173 1632 198 1648 ιι.

57 1654 66 1663 ·
82 1653 118 1675 ef.
134 1659 157 1674 n.
173 1659 203 1675 iv.

55 3040 64 3049 ·
81 3039 118 3062 Cf.
134 3040 183 3062 init.
199 3040 269 3062 Com-

57 3070 128 3088 mem.

305 321 382 367 416

306 399 432 459 specie
460 397 572 434 vitae.
604 396 681 433 Sed
706 396 834 432 adhuc
863 394 901 431 in
922 393 1082 430 homine
1112 392 1307 430 invenitur
1326 393 1377 429 al-

304 452 378 489 tior
406 449 577 509 operatio
612 449 662 485 ad
696 448 817 485 vitam
845 446 1042 498 pertinens
1070 458 1191 496 quam
1229 445 1268 482 in
1297 444 1377 483 ani-

304 504 405 550 mali,
436 502 575 540 scilicet
603 501 820 561 intelligere.
851 501 954 560 Ergo
983 501 1106 537 homo
1140 498 1298 537 habebit
1326 499 1377 535 al-

303 558 441 594 tiorem
470 556 640 616 speciem
668 554 780 592 vitae.
812 555 889 592 Sed
917 553 995 591 vita
1014 561 1070 591 est
1092 565 1163 603 per
1191 552 1375 590 animam.

303 610 471 647 Habebit
490 609 603 669 igitur
621 610 744 646 homo
765 608 940 646 altiorem
969 607 1153 653 animam,
1174 618 1252 656 qua
1271 605 1376 651 vivit,
1400 619 1408 639 s

303 675 423 713 quarn
443 663 489 700 sit
517 662 647 700 anima
671 661 870 700 sensibilis.
891 662 1009 698 Nulla
1028 669 1160 698 autem
1185 668 1240 696 est
1268 658 1379 696 altior

303 729 422 776 quam
442 716 665 754 intellectus.
687 717 755 753 Est
773 715 886 763 igitur
913 714 1125 752 intellectus
1149 713 1280 750 anima
1308 714 1377 749 ho-

302 769 428 807 minis.
459 771 508 807 Et
534 782 605 819 per
632 781 878 818 consequens
906 769 1030 805 forma
1059 766 1224 826 ipsiu-5³⁹.

356 824 508 861 Adhuc.
531 823 652 870 Quod
671 821 923 872 consequitur
941 821 991 858 ad
1019 819 1289 880 operationem
1313 818 1377 856 ali-

302 876 413 914 cuius
441 877 507 923 rei,
536 889 618 914 non
646 876 802 925 largitur
821 875 933 913 alicui
953 873 1141 924 speciem:
1168 873 1260 922 quia
1284 885 1377 923 ope-

302 930 398 977 ratio
428 938 483 967 est
503 938 609 967 actus
630 930 842 975 secundus;
862 928 987 965 forma
1006 935 1138 964 autern
1158 938 1229 976 per
1256 938 1378 975 quam

302 983 447 1034 aliquid
476 984 592 1021 habet
625 983 806 1032 speciem,
846 989 902 1018 est
930 988 1038 1018 actus
1073 979 1236 1029 primus,
1273 979 1376 1017 Unio

302 1046 433 1074 autem
461 1036 672 1074 intellectus
700 1034 892 1085 possibilis
920 1034 970 1071 ad
998 1032 1214 1093 hominem,
1240 1044 1376 1070 secun-

302 1091 399 1128 dum
427 1090 662 1139 positionem
690 1088 939 1138 praedictam,
968 1086 1221 1136 consequitur
1249 1086 1377 1123 homi-

301 1143 360 1180 nis
397 1142 683 1193 operationem:
723 1141 767 1179 fit
795 1141 901 1179 enim
937 1139 1132 1178 mediante
1161 1139 1414 1189 phantasia„

354 1258 369 1282 b
383 1263 411 1282 ιι
434 1257 485 1282 sint
503 1256 676 1287 DGNWXY;
696 1261 764 1281 sunt.
854 1262 886 1280 12
906 1255 985 1288 igitur
1002 1255 1046 1280 hic
1063 1255 1086 1279 Α
1104 1255 1191 1286 solus3
1206 1258 1270 1287 post
1288 1260 1337 1281 est.

1065 1369 1405 1403 Commentaria

356 1478 503 1499 osi-oum
534 1468 669 1500 Sanctus
701 1469 847 1499 Thomas
882 1474 994 1499 contra
1024 1469 1204 1509 positiones
1233 1468 1377 1499 Platonis

304 1480 353 1542 p
367 1513 550 1554 disputavit,
574 1514 687 1554 incipit
712 1519 824 1544 contra
849 1523 989 1544 errorem
1013 1513 1165 1544 Averrois
1185 1513 1338 1544 disserere
1349 1514 1377 1544 “.

300 1557 394 1590 Circa
418 1558 509 1600 quod
523 1559 583 1589 tria
598 1557 690 1589 facit:
714 1559 832 1599 primo,
848 1558 943 1599 ponit
962 1557 1173 1589 fundamenta
1189 1557 1377 1599 positionis;

299 1603 454 1640 secundo,
471 1604 575 1644 ipsam
590 1603 791 1643 positionem
807 1603 946 1634 declarat
957 1603 992 1640 *3
1015 1603 1121 1639 tertio,
1142 1608 1255 1634 contra
1273 1603 1377 1643 ipsam

300 1657 333 1678 ar
355 1649 403 1679 uit
414 1649 441 1679 ’ἦ

333 1657 378 1723 gI.
396 1692 565 1731 Quantum
589 1692 628 1723 ad
651 1692 804 1733 primum,
820 1692 927 1732 inquit
943 1691 1034 1732 quod
1050 1691 1181 1722 fuerunt
1201 1697 1231 1722 et
1247 1691 1299 1722 alii
1316 1691 1377 1721 alia

300 1736 529 1767 adinventione
552 1742 680 1767 utentes
702 1737 736 1767 in
761 1735 951 1767 sustinendo
968 1736 1059 1777 quod
1083 1736 1260 1767 substantia
1281 1735 1376 1766 intel-

300 1781 446 1812 lectualis
470 1791 538 1812 non
562 1782 663 1822 possit
688 1781 818 1822 corpori
842 1782 927 1812 uniri
957 1787 993 1811 ut
1021 1780 1143 1811 forma:
1169 1781 1226 1821 qui
1255 1780 1378 1811 seilicet

301 1825 414 1856 dicunt
438 1825 527 1866 quod
553 1826 732 1857 intellectus
749 1826 917 1866 possibilis
939 1831 987 1856 est
1009 1825 1168 1866 quaedam
1195 1825 1376 1856 substantia

298 1876 451 1911 separata
477 1880 542 1901 non
566 1871 742 1901 coniuncta
767 1870 859 1900 nobis
883 1875 918 1901 ut
931 1870 1062 1911 forma.
1079 1870 1170 1900 Haec
1194 1870 1308 1910 opinio
1329 1875 1377 1900 est

299 1915 461 1952 Averrois,
475 1915 516 1945 111
529 1915 568 1945 de
583 1915 711 1951 Anima,
726 1920 903 1945 comment.
923 1915 952 1950 5,
970 1920 1001 1944 et
1016 1914 1126 1944 multis
1143 1914 1211 1944 aliis
1227 1914 1261 1944 in
1277 1913 1372 1951 locis;

300 1968 437 1999 eamque
461 1960 557 1990 etiarn
581 1959 722 1999 antiquis
745 1959 814 1999 ipse
838 1959 1042 1999 philosophis
1065 1958 1224 1989 adscribit.

354 2003 447 2034 Hanc
472 2009 580 2034 autem
604 2004 802 2044 positionem
823 2009 855 2033 et
877 2002 1045 2033 fictionem
1069 2012 1161 2033 suam
1185 2008 1217 2033 et
1240 2011 1278 2032 ex
1303 2002 1375 2043 qui-

298 2048 434 2079 busdam
457 2048 638 2078 Aristotelis
661 2048 776 2084 verbis,
801 2054 832 2078 et
857 2057 895 2078 ex
920 2047 1115 2087 quibusdam
1139 2046 1261 2078 frivolis
1277 2047 1375 2077 ratio-

297 2093 393 2123 nibus
416 2093 527 2123 nititur
551 2092 754 2123 confirmare.

352 2138 475 2169 Primo.
492 2137 578 2176 Quia
590 2137 791 2174 Aristoteles,
811 2136 851 2167 de
870 2137 934 2167 hoc
950 2136 1116 2167 intellectu
1132 2136 1284 2177 loquens,
1297 2136 1375 2169 dicit

297 2182 388 2222 quod
404 2188 451 2213 est
466 2187 647 2223 separatus,
665 2188 696 2213 et
712 2181 879 2212 immixtus
894 2181 1038 2222 corpori,
1056 2187 1087 2212 et
1102 2181 1250 2222 simplex,
1269 2187 1300 2212 et
1316 2181 1374 2212 im-

291 2227 466 2268 passibilis.

353 2271 512 2302 Secundo.
529 2270 625 2309 Quia,
650 2271 674 2301 si
699 2276 782 2302 esset
804 2271 923 2301 mixtus
947 2270 1043 2301 alicui
1067 2270 1206 2310 corpori,
1231 2276 1263 2301 et
1285 2271 1372 2302 simi·

297 2316 367 2346 liter
391 2317 417 2347 si
445 2322 527 2347 esset
554 2315 659 2346 forma
689 2316 824 2346 alicuius
855 2316 1011 2356 corporis,
1036 2315 1168 2346 haberet
1196 2314 1236 2346 de
1260 2324 1294 2346 se
1318 2316 1374 2346 ali-

297 2370 396 2400 quam
423 2360 563 2391 formam
590 2370 647 2391 seu
670 2366 819 2391 naturam
850 2360 890 2391 de
917 2360 1013 2390 rebus
1041 2359 1261 2391 sensibilibus:
1287 2361 1373 2400 quia,

299 2414 374 2436 cum
398 2415 436 2436 ex
459 2405 592 2436 materia
617 2410 648 2435 et
671 2404 775 2436 forma
798 2403 854 2435 fiat
876 2413 992 2441 unum,
1009 2409 1139 2444 oportet
1155 2404 1246 2444 quod
1270 2403 1374 2435 forma

296 2450 465 2490 participet
478 2449 599 2490 aliquid
612 2449 651 2480 de
664 2455 778 2480 natura
794 2450 863 2480 eius
876 2449 968 2480 cuius
981 2454 1028 2479 est
1045 2447 1159 2479 forma.
1177 2448 1251 2480 Hoc
1264 2455 1374 2480 autem

297 2495 322 2525 si
347 2501 439 2531 esset,
463 2504 530 2525 non
555 2500 665 2535 posset
681 2494 756 2525 alias
779 2499 908 2525 naturas
932 2493 1098 2524 sensibiles
1121 2493 1313 2534 intelligere:
1339 2500 1375 2525 ut

298 2549 335 2570 ex
360 2539 636 2570 demonstratione
659 2538 840 2570 Aristotelis
863 2543 960 2579 patet.

356 2584 476 2614 Tertio.
501 2584 587 2622 Quia
609 2590 688 2614 tunc
711 2583 894 2615 intellectus
909 2583 1065 2623 receptio,
1083 2589 1114 2614 et
1137 2583 1282 2624 receptio
1305 2593 1375 2614 ma-

295 2629 392 2659 teriae
416 2629 550 2670 primae,
571 2635 676 2660 essent
692 2628 838 2660 eiusdem
857 2629 993 2668 generis.
1010 2627 1051 2659 Et
1074 2628 1120 2658 sic
1135 2628 1293 2668 reciperet
1308 2627 1374 2659 for-

296 2683 364 2703 mas
391 2679 428 2703 ut
457 2673 681 2704 individuales.
707 2692 729 2696 —
752 2673 844 2704 Patet
875 2673 1119 2713 consequentia.
1152 2672 1238 2711 Quia
1269 2672 1374 2714 forma

297 2719 442 2758 corporis
466 2728 533 2749 non
557 2718 671 2759 recipit
694 2717 817 2758 aliquid
840 2717 963 2758 absque
987 2727 1044 2749 sua
1067 2718 1210 2748 materia.

354 2762 492 2799 Quarto.
509 2763 596 2802 Quia
619 2768 808 2804 sequeretur
825 2762 916 2802 quod
931 2771 999 2794 non
1025 2768 1237 2803 cognosceret
1253 2761 1374 2794 formas

295 2814 456 2848 receptas:
477 2808 560 2839 sicut
583 2817 644 2838 nec
668 2808 799 2838 materia
824 2807 937 2847 prima.

354 2852 487 2888 Quinto.
505 2852 591 2891 Quia
606 2852 789 2883 intellectus
805 2852 966 2892 possibilis
983 2857 1030 2882 est
1047 2851 1294 2892 quodammodo
1310 2852 1372 2883 vir-

296 2897 371 2927 tutis
383 2896 544 2929 infinitae:
563 2906 639 2928 cum
655 2906 712 2938 per
727 2897 836 2937 ipsum
851 2896 1034 2927 iudicemus
1049 2895 1175 2927 infinita
1191 2896 1372 2928 secundum

295 2950 469 2973 numerum
482 2947 635 2972 contenta
647 2942 706 2972 sub
723 2941 967 2972 universalibus.
985 2941 1187 2982 Impossibile
1200 2947 1247 2972 est
1263 2947 1372 2973 autem

296 2994 365 3017 esse
388 2987 421 3018 in
446 2995 585 3027 corpore
607 2986 759 3018 virtutem
783 2985 952 3018 infinitam.

352 3031 388 3061 11.
413 3031 583 3070 Quantum
607 3030 646 3062 ad
669 3031 850 3062 secundum
863 3032 890 3068 *‚
911 3030 987 3072 quia
1010 3030 1062 3061 hic
1085 3031 1268 3061 intellectus
1291 3030 1371 3062 nihil

296 3075 336 3105 ad
358 3085 419 3106 nos
442 3076 626 3116 pertineret,
643 3085 703 3107 nec
727 3086 784 3117 per
807 3075 915 3116 ipsum
939 3075 1202 3115 intelligeremus,
1227 3075 1288 3106 nisi
1311 3085 1371 3106 no-

295 3121 421 3152 biscum
437 3121 548 3161 aliquo
564 3120 666 3151 modo
683 3122 952 3162 coniungeretur3
977 3120 1118 3154 ostendit
1133 3119 1268 3151 Sanctus
1281 3119 1371 3151 Tho—

296 3174 364 3195 mas
387 3165 525 3197 modum
542 3174 609 3206 quo
626 3165 786 3196 Averroes
808 3166 919 3206 posuit
934 3165 1043 3205 ipsum
1058 3164 1260 3195 intellectum
1276 3165 1371 3196 nobis

297 3210 462 3251 coniungi,
486 3216 522 3241 ut
546 3219 603 3251 per
626 3211 734 3251 ipsum
759 3210 905 3241 dicamur
930 3209 1119 3250 intelligere.
1151 3209 1259 3250 Inquit
1283 3210 1371 3241 enim

297 3254 395 3294 quod,
421 3264 497 3286 cum
520 3255 644 3295 species
667 3255 830 3286 intellecta
853 3256 886 3286 in
903 3260 987 3292 actu,
1009 3263 1046 3285 ex
1071 3263 1134 3294 qua
1155 3260 1185 3284 et
1204 3254 1371 3286 intellectu

296 3299 440 3339 possibili
463 3298 499 3330 fit
517 3309 631 3336 unum,
649 3300 778 3330 uniatur
801 3300 894 3331 nobis
918 3308 976 3341 per
998 3299 1198 3340 phantasma,
1216 3308 1256 3330 eo
1281 3299 1371 3339 quod

298 3344 486 3383 phantasma
502 3344 541 3375 sit
557 3344 739 3375 subiectum
757 3344 923 3385 quoddam
947 3343 1032 3375 illius
1055 3342 1190 3379 formae,
1208 3349 1238 3374 et
1262 3344 1370 3384 ipsum

297 3388 496 3419 intellectum
520 3389 709 3430 possibilem
737 3395 867 3430 oportet
898 3389 1003 3425 nobis,
1027 3387 1190 3419 mediante
1220 3388 1371 3428 phantas-

297 3439 391 3469 mate,
416 3434 509 3464 uniri.

353 3477 502 3514 Adverte,
519 3487 595 3508 cum
611 3478 718 3519 inquit
735 3477 985 3509 Commentator
1001 3477 1191 3518 phantasma
1208 3486 1276 3507 esse
1296 3478 1371 3508 sub-

298 3520 417 3551 iectum
434 3521 556 3553 formae
573 3523 763 3559 intellectae,
781 3522 872 3564 quod
887 3532 955 3555 non
980 3522 1096 3563 accipit
1118 3521 1293 3552 subiectum
1310 3531 1369 3562 pro

298 3565 437 3595 subiecto
469 3567 685 3598 inhaesionis:
709 3577 784 3598 cum
817 3568 903 3599 enim
933 3567 1097 3598 inhaereat
1119 3572 1156 3597 ut
1179 3565 1283 3596 forma
1310 3567 1369 3607 ipsi

299 3609 473 3640 intellectui
490 3612 644 3651 possibili,
661 3621 728 3642 non
753 3618 860 3652 potest
876 3621 945 3643 esse
961 3611 1137 3642 subiective
1160 3619 1217 3651 per
1233 3610 1370 3642 modum

299 3652 514 3685 inhaerentiae
538 3656 570 3685 in
602 3656 838 3695 phantasmate;
864 3663 894 3687 et
919 3656 1015 3687 etiam
1043 3655 1129 3696 quia,
1153 3655 1299 3696 quandiu
1315 3662 1370 3686 ‘est

300 3697 332 3726 in
357 3697 585 3737 phantasmate,
603 3706 649 3730 est
672 3706 797 3731 tantum
822 3701 982 3732 intellecta
999 3701 1031 3731 in
1056 3700 1211 3741 potentia,
1229 3709 1296 3731 non
1320 3701 1369 3731 in-

1393 890 1418 905 10

807 315 995 352 SUMMA
1024 313 1248 351 CONTRA
1276 311 1552 357 GENTILES,
1581 312 1676 348 LlB.
1701 312 1742 357 II,
1773 311 1885 348 CAP.
1906 312 2004 348 LIX.

1433 403 1546 441 quae,
1583 391 1803 428 secundum
1838 391 2126 441 Philosophum
2140 392 2171 438 ³⁸,
2207 402 2263 430 est
2295 400 2415 431 motus
2441 395 2546 443 fa-‘

1432 451 1509 482 ctus
1524 457 1547 482 a
1561 456 1670 481 sensu
1689 445 1893 481 secundum
1914 450 2050 482 actum.
2071 446 2131 482 Ex
2149 445 2212 482 tali
2231 445 2344 494 igitur
2361 447 2553 485 unione·

1433 510 1514 535 non
1529 497 1780 547 consequitur
1794 498 1917 535 homo
1932 498 2114 547 speciem.
2135 499 2230 536 Non
2253 498 2366 547 igitur
2383 500 2511 538 differt

1433 553 1556 589 homo
1581 551 1709 600 specie
1737 563 1760 588 a
1787 551 1910 588 brutis
1934 551 2167 589 animalibus
2199 564 2270 602 per
2297 553 2374 590 hoc
2402 554 2510 603 quod

1434 614 1489 643 est
1517 605 1754 642 intellectum
1783 605 1944 642 habens.

1487 658 1678 708 Amplius.
1709 658 1750 695 Si
1780 659 1902 695 homo
1941 658 2112 708 speciem
2148 658 2304 696 sortitur
2337 671 2407 709 per
2434 660 2512 697 hoc

1434 712 1541 762 quod
1578 719 1634 748 est
1669 711 1863 752 rationalis
1898 720 1934 748 et
1961 711 2197 750 intellectum
2230 712 2390 759 habens,
2426 713 2511 763 qui-

1433 777 1604 815 cumque
1633 773 1690 802 est
1717 764 1757 802 in
1785 764 1913 814 specie
1941 765 2127 812 humana,
2156 774 2212 803 est
2248 765 2442 804 rationalis
2475 774 2512 804 et

1433 819 1668 857 intellectum
1697 818 1857 856 habens.
1898 818 1976 856 Sed
2004 830 2114 868 puer,
2146 819 2263 857 etiam
2299 827 2511 870 antequam

1433 885 1479 910 ex
1499 881 1610 910 utero
1631 871 1858 921 egrediatur,
1879 879 1935 909 est
1954 871 1994 909 in
2014 872 2142 922 specie
2162 873 2352 911 humana:
2374 873 2414 910 in
2429 886 2510 924 quo

1432 934 1563 964 tamen
1592 926 1770 963 nondum
1802 933 1892 962 sunt
1919 926 2201 975 phantasmata,
2221 937 2323 975 quae
2351 926 2426 965 sint
2454 927 2510 965 in-

1432 979 1637 1028 telligibilia
1665 987 1765 1016 actu.
1785 980 1880 1016 Non
1909 978 2021 1027 igitur
2040 987 2095 1016 est
2123 980 2247 1017 homo
2275 979 2511 1019 intellectum

1432 1034 1582 1070 habens
1601 1045 1671 1082 per
1699 1034 1776 1070 hoc
1804 1032 1912 1082 quod
1936 1032 2150 1070 intellectus
2173 1032 2422 1071 continuatur
2440 1034 2510 1072 ho-

1432 1085 1528 1123 mini
1557 1086 1752 1124 mediante
1772 1086 1899 1136 specie
1919 1086 2141 1135 intelligibili
2161 1086 2273 1124 cuius
2292 1086 2509 1125 subiectum

1432 1147 1488 1176 est
1515 1141 1759 1189 phantasma.

1432 1370 1744 1403 Fen-ariensis

1431 1468 1558 1499 tellecta
1573 1468 1607 1499 in
1623 1474 1708 1500 actu.
1725 1468 1789 1500 Sed
1804 1469 1940 1500 nomine
1954 1469 2089 1500 subiecti
2106 1469 2242 1510 intelligi
2251 1469 2510 1511 fundamentum

1431 1518 1462 1543 et
1481 1513 1654 1555 originem
1671 1514 1728 1544 Est
1744 1514 1832 1544 enim
1847 1514 2038 1554 phantasma
2054 1513 2304 1546 fundamentum
2322 1513 2446 1546 formae
2461 1517 2512 1548 in-

1430 1557 1587 1595 tellectae,
1604 1558 1692 1589 unde
1716 1558 1812 1590 habet
1828 1565 1864 1590 ut
1883 1564 2016 1590 naturae
2032 1559 2214 1590 intellectae
2230 1560 2509 1600 proportionetur.

1431 1601 1479 1632 Ex
1502 1603 1567 1633 hoc
1598 1603 1686 1634 enim
1709 1603 1789 1634 haec
1813 1604 1948 1644 species,
1979 1609 2059 1644 puta
2082 1604 2170 1644 equi,
2199 1609 2247 1635 est
2275 1610 2409 1636 naturae
2433 1606 2511 1647 equi

1430 1648 1687 1687 proportionata,
1701 1648 1777 1688 quia
1793 1653 2010 1689 repraesentat
2023 1649 2245 1680 universaliter
2259 1654 2409 1680 naturam
2421 1650 2508 1692 equi,

1432 1700 1531 1731 quam
1555 1692 1624 1722 eius
1647 1692 1838 1732 phantasma
1860 1692 1894 1723 in
1917 1693 2012 1723 nobis
2037 1693 2174 1723 existens
2203 1693 2436 1734 particulariter
2458 1703 2509 1726 re-

1430 1742 1622 1776 praesentat.

1487 1780 1539 1811 111.
1569 1780 1663 1812 Circa
1693 1781 1788 1812 istam
1816 1781 2015 1822 positionem
2042 1782 2210 1819 Averrois,
2236 1782 2508 1815 considerandum

1431 1825 1521 1865 quod
1549 1825 1683 1866 quidam
1714 1825 1857 1856 iuniores
1887 1826 2101 1864 Averroistae,
2125 1826 2271 1858 videntes
2303 1827 2508 1860 difficultates

1430 1870 1585 1900 maximas
1609 1879 1694 1910 quae
1717 1870 1751 1900 in
1778 1870 1838 1901 hac
1861 1869 2058 1902 defensanda
2089 1872 2254 1912 positione
2284 1873 2508 1910 occurrebant,

1430 1914 1579 1944 dixerunt
1602 1923 1670 1944 non
1695 1923 1764 1944 esse
1787 1919 1932 1945 mentem
1947 1915 2099 1945 Averrois
2118 1921 2154 1946 ut
2177 1915 2360 1948 intellectus
2378 1917 2508 1949 uniatur

1429 1958 1523 1988 nobis
1547 1964 1674 1988 tantum
1697 1967 1756 1998 per
1778 1958 2001 1999 phantasmata
2031 1958 2071 1990 ad
2101 1959 2358 2000 intelligendum,
2381 1966 2418 1992 ut
2447 1961 2509 1995 sibi

1429 2001 1510 2033 falso
1529 2002 1671 2043 imponit
1686 2002 1823 2033 Sanctus
1839 2002 2002 2034 Thomas:
2019 2003 2076 2034 sed
2093 2003 2185 2044 quod
2199 2005 2330 2036 uniatur
2347 2006 2444 2037 nobis
2458 2014 2509 2038 so-

1429 2047 1574 2078 cundum
1591 2056 1670 2084 esse,
1687 2047 1762 2078 licet
1777 2047 1811 2078 in
1828 2048 1981 2078 omnibus
1996 2048 2185 2080 hominibus
2200 2058 2286 2081 unus
2301 2060 2440 2082 numero
2455 2051 2508 2083 sit.

1484 2092 1559 2122 Hoc
1583 2098 1693 2124 autem
1717 2101 1785 2123 esse
1809 2091 1850 2123 de
1873 2098 1984 2124 mente
2007 2094 2086 2130 eius,
2111 2094 2287 2126 ostendunt
2315 2105 2353 2126 ex
2377 2095 2506 2127 multis·

1427 2136 1485 2168 sed
1506 2137 1648 2168 maxime
1672 2146 1710 2167 ex
1734 2137 1839 2168 verbis
1863 2137 1932 2168 eius
1954 2137 1984 2168 X
2003 2138 2196 2170 Ethicorum
2212 2139 2239 2176 *,
2263 2140 2320 2170 ubi
2343 2140 2386 2171 ait
2416 2140 2545 2182 quod·

1427 2181 1599 2212 existentia
1623 2181 1854 2223 cuiuscumque
1875 2182 2027 2219 hominis,
2044 2183 2236 2224 inquantum
2259 2184 2367 2222 homo,
2384 2190 2432 2217 est
2443 2195 2509 2228 per

1427 2226 1512 2257 hanc
1535 2226 1749 2258 substantiam
1772 2236 1857 2268 quae
1879 2231 1927 2258 est
1949 2227 2131 2259 intellectus
2154 2229 2352 2267 nominatus,
2369 2239 2442 2262 cum
2465 2229 2509 2263 sit

1428 2271 1543 2302 melius
1566 2276 1598 2302 et
1619 2271 1847 2303 honorabilius
1869 2271 1958 2313 quod
1980 2277 2028 2303 est
2051 2273 2083 2303 in
2109 2282 2157 2303 eo.

1484 2315 1576 2353 Item,
1593 2325 1631 2346 ex
1649 2316 1690 2347 111
1707 2316 1747 2347 de
1762 2317 1892 2353 Anima,
1905 2323 2095 2348 commento
2113 2318 2184 2349 20*
2185 2341 2195 2355 ,
2211 2318 2267 2349 ubi
2280 2319 2323 2349 ait
2342 2319 2433 2360 quod
2456 2319 2507 2351 in-

1427 2361 1573 2392 tellectus
1582 2361 1775 2401 potentialis
1786 2362 1898 2402 prima
1913 2362 2160 2393 continuatione
2182 2363 2396 2395 continuatur
2414 2364 2507 2396 nobis

1421 2415 1485 2446 per
1509 2410 1672 2436 naturam.

1484 2450 1574 2486 Item,
1600 2460 1638 2481 ex
1657 2450 1715 2480 VII
1732 2451 1886 2492 Metaph„
1909 2457 2099 2482 commento
2122 2459 2158 2482 12
2169 2452 2196 2489 *,
2213 2452 2269 2484 ubi
2285 2453 2328 2484 ait
2343 2452 2505 2484 hominem

1428 2495 1580 2536 componi
1603 2504 1645 2525 ex
1668 2495 1874 2526 animalitate
1897 2501 1928 2526 et
1951 2495 2186 2527 rationalitate.

1486 2549 1515 2570 2.
1534 2538 1598 2570 Sed
1614 2539 1704 2580 quod
1728 2540 1792 2570 hoc
1808 2549 1877 2571 non
1893 2541 1933 2571 sit
1955 2540 1995 2571 ad
2018 2546 2164 2572 mentem
2179 2541 2341 2579 Averrois,
2358 2541 2399 2574 ad
2413 2551 2505 2583 prae-

1427 2594 1501 2616 sens
1517 2583 1654 2614 sufficiat
1669 2583 1850 2621 ostendere,
1866 2585 1985 2625 primo,
2003 2594 2041 2616 ex
2056 2586 2162 2617 verbis
2178 2586 2247 2618 eius
2259 2586 2301 2617 llI
2320 2586 2360 2618 de
2375 2587 2504 2624 Anima,

1428 2634 1618 2660 commento
1636 2629 1666 2659 5.
1687 2628 1774 2660 Cum
1791 2629 1879 2660 enim
1902 2629 1989 2670 apud
2011 2630 2121 2670 ipsum
2137 2640 2222 2662 unus
2240 2641 2380 2663 numero
2395 2631 2436 2663 sit
2455 2631 2507 2664 in-

1427 2674 1575 2705 tellectus
1607 2673 1758 2705 omnium
1787 2674 1972 2711 hominum,
2000 2675 2156 2715 sequitur,
2187 2675 2213 2706 si
2241 2677 2352 2707 unitur
2378 2676 2506 2708 homini

1427 2717 1610 2750 secundum
1634 2727 1713 2755 esse,
1739 2718 1829 2759 quod
1852 2719 1892 2749 sit
1915 2728 2019 2750 unum
2047 2729 2115 2751 esse
2139 2720 2288 2752 omnium
2318 2721 2503 2753 hominum.

1427 2763 1468 2794 Et
1492 2764 1537 2794 sic
1560 2763 1690 2794 habebit
1713 2762 1890 2794 efficaciam
1913 2764 1994 2795 ratio
2011 2773 2110 2805 quam
2123 2771 2235 2796 contra
2259 2774 2293 2797 se
2316 2764 2392 2796 facit
2406 2765 2449 2796 111
2464 2765 2505 2798 de

1427 2808 1556 2844 Anima,
1581 2813 1759 2838 comment.
1778 2809 1794 2839 5
1809 2809 1837 2845 “,
1861 2806 1983 2839 scilicet
2002 2808 2093 2850 quod
2114 2813 2149 2840 tu
2165 2819 2251 2841 esses
2261 2819 2325 2851 per
2339 2819 2408 2842 esse
2429 2810 2502 2847 mei,

1427 2858 1459 2884 et
1481 2862 1544 2895 ego
1563 2862 1627 2893 per
1648 2861 1717 2883 esse
1740 2853 1797 2883 tui.
1827 2852 1891 2884 Sed
1920 2853 2024 2894 ipsam
2054 2859 2182 2895 reputat
2212 2855 2372 2886 Averroes
2399 2853 2504 2886 ineffi-

1427 2907 1555 2929 cacem:
1580 2897 1667 2928 unde
1691 2907 1751 2928 nec
1777 2907 1849 2928 eam
1872 2897 2022 2938 dignatur
2045 2898 2180 2930 solvere.
2204 2899 2291 2940 Ergo
2311 2905 2441 2940 oportet
2455 2899 2504 2931 di-

1427 2951 1510 2979 cere,
1534 2948 1570 2973 ut
1593 2942 1657 2973 hoc
1681 2942 1818 2973 evitetur
1843 2942 2088 2980 inconveniens,
2113 2943 2204 2985 quod
2229 2943 2412 2976 intellectus
2433 2953 2504 2978 non
2540 2974 2545 2980 ,

1426 2987 1536 3019 unitur
1559 2987 1686 3017 homini
1709 2992 1745 3017 ut
1769 2985 1872 3018 forma
1896 2986 1975 3018 dans
1998 2997 2077 3018 esse.

1482 3031 1645 3068 Secundo,
1662 3032 1696 3062 in
1721 3031 1838 3062 eodem
1861 3031 1985 3069 Tertio,
2002 3038 2191 3064 commento
2209 3032 2251 3064 36
2264 3034 2291 3070 *,
2308 3033 2353 3064 sic
2369 3033 2426 3064 ait:
2447 3031 2504 3064 In·

1426 3077 1571 3107 tellectus
1584 3076 1764 3107 materialis
1777 3086 1842 3107 non
1855 3077 2031 3118 copulatur
2043 3077 2208 3108 nobiscum
2218 3087 2282 3119 per
2293 3087 2328 3109 se
2339 3082 2371 3108 et
2378 3077 2502 3119 primo,

1425 3121 1482 3152 sed
1505 3130 1570 3152 non
1595 3121 1771 3162 copulatur
1794 3121 1959 3152 nobiscum
1983 3122 2048 3153 nisi
2065 3131 2129 3164 per
2145 3131 2238 3154 suam
2263 3121 2502 3163 copulationem

1425 3176 1498 3197 cum
1513 3166 1641 3208 formis
1664 3165 1939 3207 imaginabilibus.
1964 3166 2062 3207 Ergo,
2087 3166 2269 3198 secundum
2291 3167 2410 3208 ipsum,
2432 3174 2502 3199 non

1425 3211 1535 3242 unitur
1558 3210 1653 3241 nobis
1684 3210 1866 3242 secundum
1896 3220 1981 3243 esse:
2006 3211 2052 3242 sic
2082 3211 2170 3251 enim
2196 3220 2265 3243 non
2296 3209 2502 3251 copularetur

1425 3256 1598 3287 nobiscum
1623 3254 1729 3286 solum
1756 3264 1815 3296 per
1838 3255 2083 3296 copulationem
2107 3256 2157 3288 sui
2186 3265 2262 3287 cum
2286 3254 2398 3292 formis
2421 3255 2501 3286 ima—

1424 3300 1628 3342 ginabilibus.

1482 3345 1606 3381 Tertio,
1619 3344 1631 3375 1
1649 3344 1803 3385 Metaph„
1821 3349 2011 3375 commento
2029 3343 2069 3376 33
2082 3345 2099 3361 “
2101 3343 2231 3384 ,inquit
2247 3342 2337 3383 quod
2354 3343 2500 3384 impossi-

1424 3389 1487 3420 bile
1510 3394 1558 3420 est
1570 3389 1708 3431 formas
1724 3397 1894 3420 remanere
1909 3394 1942 3420 et
1954 3388 2092 3427 deficere
2106 3396 2160 3419 res
2173 3396 2313 3429 quarum
2330 3393 2407 3419 sunt
2419 3389 2500 3440 sor-

1426 3444 1506 3470 mae,
1530 3434 1686 3475 quoniam
1711 3438 1788 3464 tunc
1811 3443 1877 3464 non
1902 3438 1984 3464 esset
2004 3432 2176 3476 generatio
2202 3441 2303 3473 neque
2319 3433 2498 3474 corruptio.

1424 3478 1498 3515 Sed,
1516 3477 1687 3509 deficiente
1703 3477 1882 3514 individuo,
1901 3476 2007 3508 adhuc
2023 3482 2168 3508 remanet
2184 3477 2376 3509 intellectus.
2400 3477 2498 3519 Ergo,

1424 3522 1605 3554 secundum
1628 3523 1747 3564 ipsum,
1771 3522 1953 3553 intellectus
1976 3529 2044 3552 non
2065 3526 2112 3551 est
2136 3519 2239 3552 forma
2263 3521 2342 3553 dans
2358 3531 2428 3553 esse
2449 3523 2498 3553 in—

1424 3567 1568 3598 dividuo.

1479 3612 1592 3643 Posset
1616 3621 1654 3642 ex
1677 3611 1746 3642 aliis
1768 3610 1850 3641 locis
1879 3610 1943 3641 hoc
1973 3609 2081 3650 ipsum
2110 3609 2310 3642 confirmari:
2335 3609 2391 3642 sed
2414 3619 2498 3652 quo-

1424 3657 1511 3687 niam
1535 3662 1582 3687 est
1607 3651 1753 3696 quaestio
1776 3655 1856 3686 haec
1880 3654 1919 3685 ab
1944 3654 2011 3685 aliis
2036 3653 2188 3692 discussa,
2210 3661 2242 3686 et
2265 3655 2323 3686 viri
2351 3665 2497 3688 summae

1425 3701 1631 3737 auctoritatis,
1656 3705 1691 3730 ut
1717 3699 1877 3735 Albertus,
1908 3698 2043 3730 Sanctus
2068 3699 2223 3737 Thomas,
2248 3699 2375 3737 Scotus‚
2399 3706 2497 3742 atque

2562 397 2593 419 111
2609 397 2639 420 de
2657 398 2755 426 Anima,

2538 431 2574 450 ιιι,
2594 430 2633 453 ¹3;
2663 431 2682 446 s.
2705 414 2755 447 Ths

2565 2143 2605 2166 Aa
2625 2149 2677 2173 οιρ.
2702 2151 2749 2172 νιις

2535 2170 2648 2226 {zi-..2⁵⁴
2680 2162 2751 2200 w...

2534 2326 2544 2336 ·
2558 2325 2611 2349 Foi.
2623 2325 2666 2354 ¹⁶⁴
2675 2332 2698 2348 v.

2534 2460 2543 2469 ·
2553 2458 2604 2481 Fol.
2617 2458 2685 2482 ¹⁶„-

2531 2817 2541 2827 ·
2554 2814 2606 2839 Fot.
2617 2822 2656 2844 ¹4⁸
2663 2822 2686 2839 ν.

2530 3035 2541 3045 ·
2554 3032 2607 3056 Fol-
2619 3033 2667 3060 178.

2529 3349 2538 3359 ·
2552 3347 2603 3371 Fol.
2613 3353 2647 3370 ιι.
