2742 4152
20 2003 29 2011 ‘
45 2000 79 2023 Cf.
96 2007 160 2022 num.
172 2007 188 2022 ι.

28 3123 239 3152 ‘Vll,VlllPhys.-

29 3149 83 3172 Vid.
98 3157 122 3178 p.
132 3156 166 3179 32,
181 3151 196 3172 Ι.
208 3156 240 3173 ¹2.

30 3186 39 3194 ·
54 3184 97 3206 vn
110 3184 179 3213 Pitye.
193 3191 212 3207 c.
225 3192 240 3211 ις

31 3218 49 3233 ι.
60 3210 107 3233 Th.
123 3212 139 3233 1.
152 3219 169 3239 ¹,
180 3218 200 3233 ι.

258 281 307 321 30

312 357 486 389 Sciendum
510 356 606 388 etiam
622 353 712 394 quod
735 352 824 384 aliter
846 360 908 382 nos
931 350 1088 381 habemus
1104 347 1183 380 dum
1202 356 1327 387 cogno-

256 403 375 434 scimus
406 401 514 432 Deum
538 407 616 434 esse,
646 403 677 429 et
707 396 797 427 aliter
828 394 907 426 dum
938 393 1168 433 cognoscimus
1199 391 1328 422 Sortem

257 455 334 477 esse.
357 445 442 475 Nam
466 452 542 474 cum
565 451 634 473 esse
656 442 691 472 in
714 441 807 472 Sorte
830 438 955 470 realiter
979 437 1192 477 distinguatur
1215 435 1254 465 ab
1279 444 1328 465 es-

256 490 365 524 sentia,
389 488 469 518 nihil
493 486 581 518 aliud
604 491 651 516 est
674 494 774 526 quam
804 483 968 514 actualitas
992 491 1056 522 qua
1080 480 1189 511 Sortes
1212 479 1327 510 existit.

256 534 332 564 Ideo
348 532 449 563 Souis
465 540 534 565 esse
549 536 628 561 tunc
643 530 806 570 complete
829 527 1037 568 cognoscitur
1055 523 1188 565 quando
1204 532 1328 563 cogno-

255 578 352 608 scitur
367 575 458 616 quod
480 585 538 616 per
552 576 661 615 ipsum
675 574 785 606 Sortes
800 574 834 603 in
848 580 957 603 rerum
971 575 1085 601 natura
1097 568 1211 600 existit.
1227 567 1329 606 Quod

255 630 331 654 sane
346 629 478 654 necesse
494 625 541 651 est
556 627 754 659 cognoscere
769 617 848 649 dum
865 615 1071 656 cognoscitur
1094 613 1223 644 Sortem
1239 621 1327 644 esse:

255 674 332 698 cum
354 664 465 699 Sortes
487 665 528 698 sit
550 673 664 697 verum
687 672 744 696 ens
770 661 865 693 reale.
888 678 911 682 —-
934 660 1013 690 Esse
1041 663 1150 688 autem
1181 657 1329 688 divinum

254 718 322 740 non
346 708 451 739 differt
471 708 597 739 realiter
619 708 658 738 ab
682 706 818 737 essentia
834 704 951 740 divina,
976 702 1032 734 sed
1054 707 1181 732 tantum
1204 701 1329 732 ratione

256 763 294 784 ex
316 757 407 793 parte
435 752 616 783 intellectus
645 751 758 787 nostri,
782 749 872 780 dum‘
891 746 1163 789 apprehendimus
1186 745 1329 776 divinam

256 798 427 828 essentiam
449 797 509 827 sub
533 797 656 827 ratione
679 794 868 826 actualitatis
890 791 1016 824 essendi
1043 790 1330 833 proportionaliter

256 842 296 872 ad
320 851 388 872 esse
413 846 566 872 creatum.
583 840 660 871 Ideo
677 839 822 870 divinum
842 847 910 868 esse
925 846 994 867 non
1017 835 1160 877 perfecte
1183 834 1330 875 comple-

255 892 354 927 teque
376 885 627 927 apprehenditur
649 893 727 918 cum
743 882 950 923 cognoscitur
972 882 1081 922 ipsum
1104 889 1174 912 esse
1197 879 1330 911 actuali-

255 936 355 964 tatem
371 929 497 963 essendi
513 939 577 970 qua
593 929 682 961 Deus
699 928 803 960 existit
816 927 851 959 in
865 935 974 959 rerum
988 930 1113 960 natura,
1129 923 1187 955 sed
1202 929 1330 958 tantum

256 974 387 1016 quando
400 974 607 1017 cognoscitur
618 971 709 1014 quod
721 976 768 1002 est
779 970 886 1002 divina
898 970 1045 1006 essentia,
1058 978 1143 1010 quae
1159 973 1207 999 est
1220 968 1330 1009 ipsum

256 1028 334 1050 esse.
359 1018 448 1049 Bene
464 1027 541 1058 ergo
563 1017 670 1058 inquit
684 1015 821 1047 Sanctus
836 1014 982 1044 Thomas
998 1013 1090 1054 quod
1111 1022 1171 1053 per
1193 1011 1331 1043 demon·

256 1063 443 1094 strationem
464 1071 529 1102 qua
544 1061 773 1102 cognoscimus
793 1060 900 1090 Deum
916 1067 996 1094 esse,
1013 1067 1083 1089 non
1099 1057 1331 1098 cognoscimus

256 1117 325 1140 esse
348 1116 416 1147 quo
440 1107 529 1139 Deus
551 1107 586 1137 in
611 1106 720 1146 seipso
743 1104 895 1140 subsistit,
917 1101 1000 1134 idest
1018 1102 1161 1144 perfecta
1183 1107 1216 1133 ct
1239 1111 1331 1133 com-

255 1152 342 1192 pleta
365 1151 552 1191 cognitione
575 1149 794 1190 quidditativa‚
810 1149 894 1179 sicut
908 1156 971 1178 nec
993 1146 1135 1181 divinam
1158 1147 1331 1179 essentiam

256 1196 341 1226 utin
357 1204 391 1226 se
408 1201 455 1226 est
479 1195 722 1235 cognoscimus:
748 1192 804 1224 sed
828 1192 1058 1233 cognoscimus
1082 1201 1152 1222 esse
1176 1190 1268 1232 quod
1287 1191 1330 1221 si-

256 1238 387 1281 gnificat
414 1240 687 1280 compositionem
713 1237 906 1273 intellectus,
929 1254 954 1259 —
977 1235 1070 1274 idest,
1099 1235 1331 1276 cognoscimus

256 1293 325 1315 esse
349 1284 421 1314 Deo
448 1284 622 1315 convenire
645 1288 682 1314 ut
709 1282 925 1312 actualitatem
941 1281 1078 1318 essendi,
1094 1281 1151 1312 sed
1175 1281 1252 1321 quia
1275 1289 1331 1310 co-

256 1328 443 1369 gnoscimus
469 1333 596 1358 tantum
623 1327 900 1368 compositionem
924 1335 1024 1366 quam
1051 1325 1127 1357 facit
1148 1325 1332 1356 intellectus

256 1374 301 1404 rei
325 1383 393 1404 esse
418 1372 640 1413 adaequatam,
658 1377 690 1403 et
712 1372 913 1403 intellectum
929 1371 975 1402 sic
990 1376 1247 1412 componentem
1262 1379 1332 1402 esse

255 1427 383 1454 verum,
416 1418 528 1458 sicque
560 1418 595 1448 in
624 1427 658 1448 re
689 1426 758 1447 esse
789 1422 826 1448 ut
856 1416 1039 1447 intellectus
1070 1415 1235 1456 intelligit:
1267 1416 1333 1446 hoc

256 1468 365 1497 autem
388 1462 623 1503 praesupponit
645 1461 867 1501 cognitionem
883 1470 952 1495 esse
976 1460 1076 1494 divini
1098 1466 1135 1492 ut
1153 1466 1201 1493 est
1224 1466 1333 1492 actua-

256 1507 326 1539 litas
347 1506 474 1541 essendi
496 1511 530 1541 et
553 1507 717 1539 veritatem
733 1506 967 1548 propositionis
989 1504 1115 1542 fundat,
1130 1514 1199 1537 non
1223 1510 1334 1540 autem

257 1557 416 1593 quantum
439 1551 480 1583 ad
502 1551 604 1592 ipsius
626 1549 840 1591 quidditatem
862 1556 899 1582 ut
921 1551 955 1584 in
978 1550 1087 1591 seipso
1109 1555 1167 1582 est.

312 1596 374 1627 Per
396 1597 461 1627 hoc
484 1601 670 1626 removetur
692 1595 836 1630 obiectio
859 1595 961 1632 Scoti.
986 1594 1114 1630 ISent.,
1136 1593 1167 1625 d.
1189 1604 1235 1630 111,
1258 1603 1290 1634 q.
1311 1604 1334 1630 1,

258 1641 394 1675 dicentis
409 1650 475 1673 non
493 1645 645 1681 oportere
659 1640 819 1682 distingui
832 1639 874 1671 de
897 1652 911 1666 α
926 1639 955 1670 si
970 1644 1019 1671 est
1033 1652 1047 1667 »
1074 1643 1111 1670 ut
1125 1643 1174 1671 est
1187 1638 1334 1680 quaestio

259 1685 298 1717 de
321 1685 458 1718 veritate
473 1685 722 1726 propositionis,
745 1685 796 1716 vel
819 1689 855 1716 ut
874 1689 922 1715 est
943 1683 1090 1725 quaestio
1107 1683 1147 1714 de
1162 1692 1231 1714 esse
1253 1682 1336 1714 Dei:

259 1730 346 1772 quia,
363 1736 400 1762 ut
420 1730 537 1770 inquit,
555 1730 585 1761 si
601 1734 712 1770 potest
732 1738 802 1760 esse
816 1728 962 1770 quaestio
980 1728 1020 1760 de
1035 1727 1172 1760 veritate
1181 1727 1336 1769 proposi-

261 1775 359 1805 tionis
376 1775 408 1805 in
425 1783 490 1816 qua
506 1783 574 1805 esse
590 1779 745 1815 tanquam
763 1773 992 1815 praedicatum
1015 1773 1188 1814 quaeritur
1202 1772 1242 1804 de
1261 1772 1336 1803 sub-

261 1819 353 1855 iecto,
371 1819 415 1850 ad
429 1818 675 1860 concipiendum
691 1818 859 1851 veritatem
883 1818 972 1849 illius
991 1817 1192 1858 quaestionis
1208 1821 1337 1857 oportet

258 1864 513 1905 praeconcipere
528 1863 693 1895 terminos.
705 1881 729 1887 -
744 1863 870 1895 Dicitur
889 1863 977 1894 enim
993 1861 1085 1902 quod
1100 1862 1217 1902 utique
1230 1862 1264 1892 in
1279 1861 1336 1892 tali

261 1909 452 1949 quaestione
474 1909 736 1949 praeconcipitur
759 1917 828 1939 esse
856 1907 934 1938 Dei:
958 1916 1028 1939 non
1054 1912 1163 1938 tamen
1189 1905 1335 1947 perfecto

261 1951 541 1994 quidditativoque
551 1957 725 1993 conceptu,
733 1951 791 1983 sed
799 1952 908 1983 solum
917 1957 955 1983 ut
964 1957 1011 1982 est
1023 1951 1187 1982 actualitas
1197 1949 1335 1982 essendi.

317 1997 370 2027 IV.
385 1997 438 2028 Ad
454 1996 630 2028 secundam
645 1998 805 2028 rationem
816 1997 834 2014 ⁴*
849 1995 1024 2036 respondet
1037 1995 1174 2027 Sanctus
1189 1995 1337 2027 Thomas

259 2041 409 2082 negando
437 2041 528 2082 quod
550 2042 584 2072 in
612 2041 791 2073 rationibus
818 2041 937 2081 quibus
964 2040 1202 2072 demonstratur
1227 2039 1335 2070 Deum

800 272 989 310 SUMMA
1018 269 1242 309 CONTRA
1271 267 1548 314 GENTILES,
1579 267 1691 304 CAP.
1712 267 1792 313 XII,
1812 267 1908 305 XIII.

1382 355 1462 382 esse,
1490 350 1640 385 oporteat
1666 345 1787 377 assumi
1813 343 1956 376 divinam
1982 342 2155 375 essentiam
2181 347 2215 375 et
2237 340 2461 382 quidditatem,

1381 389 1474 426 idest,
1489 390 1595 431 ipsam
1617 388 1853 426 definitionem,
1870 388 1910 420 de
1934 397 2000 429 qua
2018 386 2135 419 dicitur
2149 385 2194 418 IV
2209 386 2354 426 Metaph.
2371 386 2463 427 quod

1383 434 1470 464 ratio
1491 443 1589 475 quam
1612 433 1780 475 significat
1802 443 1919 464 nomen
1945 437 1993 463 est
2015 431 2171 473 dffnitiO.
2197 429 2261 462 Sed
2276 430 2352 461 loco
2369 430 2464 472 quid-

1383 477 1488 508 ditatis
1512 478 1668 518 accipitur
1691 477 1835 514 effectus,
1859 487 1899 508 ex
1922 486 1989 518 quo
2017 476 2155 507 sumitur
2177 475 2259 506 ratio
2282 474 2380 505 huius
2401 484 2463 506 no-

1382 523 1479 553 minis
1501 522 1613 553 Deus:
1635 523 1719 553 sicut
1741 521 1858 553 accidit
1880 523 1914 553 in
1938 519 2269 553 demonstrationibus
2292 519 2380 560 quia.

1438 567 1501 597 Pro
1516 566 1633 597 notitia
1654 567 1752 597 huius
1765 566 1998 607 responsionis,
2021 564 2151 596 adverte
2167 563 2259 604 quod
2279 564 2362 595 ratio
2378 572 2464 604 quae

1382 611 1556 642 assumitur
1578 610 1619 641 ad
1642 610 1882 642 ostendendum
1905 620 1948 642 an
1973 615 2021 641 est
2043 610 2084 641 de
2099 609 2221 650 aliquo,
2245 613 2294 639 est
2316 607 2464 639 definitio

1382 655 1461 697 quid
1487 655 1639 690 nominis,
1663 664 1733 686 non
1755 660 1866 687 autem
1889 655 2110 696 quidditativa‚
2137 662 2222 696 quae
2245 652 2362 686 dicitur
2384 652 2464 684 defi-

1382 700 1464 730 nitio
1480 699 1560 740 quid
1575 699 1633 735 rei,
1650 704 1688 730 ut
1702 699 1810 740 inquit
1824 699 1962 731 Sanctus
1977 698 2124 730 Thomas
2138 697 2256 735 Prima,
2269 707 2301 738 q.
2314 708 2348 734 n,
2361 707 2389 728 a.
2404 707 2422 728 2
2435 698 2463 734 *,

1384 749 1415 775 et
1438 744 1466 774 II
1488 744 1614 774 Poster.
1631 744 1648 760 ³
1675 743 1828 775 habetur:
1859 753 1937 774 nam
1963 744 2111 785 quaestio
2137 742 2216 784 quid
2243 742 2292 773 rei
2318 743 2466 782 sequitur

1383 789 1610 829 quaestionem
1633 797 1677 819 an
1701 793 1757 823 est,
1777 794 1815 819 ut
1837 793 1926 828 patet
1940 788 1968 818 11
1983 787 2109 818 Poster.
2133 786 2333 818 Huiusmodi
2355 792 2466 818 autem

1383 833 1462 874 quid
1489 833 1588 864 huius
1617 833 1761 864 nominis
1790 832 1882 864 Deus
1907 841 1947 863 ex
1973 831 2090 863 divinis
2119 830 2288 864 effectibus
2316 832 2465 863 sumitun

1384 878 1480 909 Unde
1507 877 1800 909 demonstrationes
1826 877 1946 917 quibus
1972 876 2082 908 Deum
2108 885 2178 907 esse
2202 875 2399 914 ostenditur,
2427 886 2467 908 ex

1383 928 1474 963 parte
1497 922 1632 963 quidem
1654 922 1701 952 rei
1723 927 1799 953 sunt
1821 931 1840 952 a
1862 921 2046 962 posteriori,
2063 929 2103 951 ex
2116 925 2208 961 parte
2231 926 2342 953 autem
2363 921 2467 952 nostri

1384 972 1460 998 sunt
1475 976 1494 997 a
1507 967 1623 1007 priori:
1641 976 1681 997 eo
1704 965 1796 1007 quod
1810 965 1944 997 effectus
1958 965 2021 996 Dei
2043 964 2108 995 sint
2121 963 2217 995 nobis
2231 964 2304 1006 ipso
2317 965 2392 996 Deo
2405 975 2467 997 no-

1384 1012 1492 1042 tiores.
1509 1011 1685 1052 Propterea
1702 1011 1810 1051 inquit
1825 1009 1962 1042 Sanctus
1977 1009 2125 1040 Thomas
2143 1008 2235 1050 quod
2249 1018 2319 1040 non
2337 1015 2468 1052 oportet

1384 1065 1445 1096 pro
1468 1055 1579 1086 medio
1602 1055 1643 1086 ad
1666 1054 1873 1096 probandum
1895 1054 2006 1085 Deum
2027 1062 2096 1085 esse
2119 1053 2168 1084 uti
2191 1052 2371 1094 quidditate
2393 1054 2466 1091 Dei,

1384 1100 1442 1132 sed
1463 1105 1591 1132 tannim
1618 1100 1688 1131 eius
1710 1098 1846 1131 effectu:
1874 1099 1940 1130 hoc
1963 1103 2012 1129 est
2037 1098 2126 1130 enim
2147 1097 2256 1130 dicere
2280 1096 2374 1138 quod
2398 1108 2468 1130 non

1385 1150 1516 1186 oportet
1542 1145 1592 1176 uti
1620 1154 1681 1185 pro
1708 1143 1820 1175 medio
1851 1143 1930 1184 quid
1956 1143 2005 1174 rei
2032 1143 2104 1179 Dei,
2133 1142 2192 1175 sed
2221 1142 2300 1184 quid
2326 1143 2468 1176 nominis

1385 1195 1518 1231 sumpto
1543 1190 1582 1220 ab
1606 1188 1735 1220 effectu.

1441 1234 1481 1264 V.
1505 1233 1559 1265 Ad
1580 1233 1708 1265 tertiam
1737 1233 1898 1264 rationem
1912 1232 1930 1249 '
1953 1231 2131 1273 respondet
2162 1231 2299 1263 Sanctus
2323 1231 2469 1264 Th0mas

1387 1278 1478 1320 quod
1503 1279 1618 1319 utique
1646 1278 1739 1319 origo
1766 1278 1864 1309 huius
1891 1277 2088 1317 cognitionis
2114 1281 2164 1308 est
2188 1277 2224 1307 in
2248 1285 2363 1308 sensu:
2392 1278 2470 1318 quia

1387 1323 1520 1355 effectus
1536 1323 1608 1361 Dei,
1621 1332 1660 1354 ex
1673 1323 1792 1364 quibus
1807 1323 1946 1354 sumitur
1956 1321 2190 1353 demonstratio
2206 1320 2248 1352 ad
2262 1322 2470 1363 probandum

1385 1369 1496 1410 ipsum
1512 1378 1592 1405 csse,
1607 1369 1774 1400 sensibiles
1797 1373 1889 1405 sunt;
1912 1368 1988 1399 licet
2011 1367 2101 1399 Deus
2117 1367 2279 1399 sensibilia
2303 1368 2415 1399 omnia
2437 1373 2470 1399 et

1386 1423 1519 1444 sensum
1543 1413 1686 1445 excedat.

1444 1458 1690 1492 Advertendum
1714 1457 1806 1499 quod
1829 1467 1868 1489 ex
1890 1457 1951 1490 ista
1977 1457 2192 1498 responsione
2214 1455 2270 1489 dat
2291 1457 2470 1497 intelligere

1387 1503 1525 1535 Sanctus
1540 1503 1687 1535 Thomas
1709 1502 1882 1543 dupliciter
1896 1511 1994 1543 posse
2016 1501 2152 1542 intelligi
2167 1502 2391 1542 cognitionem
2412 1500 2470 1536 ali.-

1388 1548 1482 1580 cuius
1504 1548 1550 1579 rei
1574 1548 1726 1588 originari
1749 1557 1768 1578 a
1790 1556 1898 1579 sensu.
1922 1547 1998 1579 Uno
2021 1545 2136 1583 modo,
2152 1546 2230 1587 quia
2252 1551 2384 1588 oportet
2398 1555 2471 1582 tem

1388 1593 1492 1633 ipsam
1515 1593 1604 1633 prius
1626 1593 1661 1624 in
1684 1593 1790 1633 seipsa
1812 1592 1969 1632 cognosci
1991 1600 2050 1632 per
2072 1600 2215 1627 sensum,
2230 1596 2407 1632 antequam
2429 1590 2471 1622 de

1388 1637 1459 1677 ipsa
1473 1636 1605 1677 aliquid.
1618 1646 1677 1678 per
1691 1636 1894 1669 intellectum
1916 1641 2144 1677 cognoscatur.
2167 1635 2210 1670 Et
2231 1636 2268 1668 in
2285 1636 2356 1669 boe
2373 1645 2471 1671 sensu

1389 1682 1572 1723 propositio
1600 1687 1648 1712 est
1671 1681 1765 1713 falsa:
1792 1681 1896 1712 multa
1922 1681 2010 1713 enim
2034 1680 2075 1713 de
2100 1680 2174 1712 Deo
2197 1686 2231 1712 et
2252 1680 2472 1722 intelligentiis

1389 1726 1631 1767 cognoscimus,
1643 1731 1675 1757 et
1686 1731 1796 1757 tamen
1811 1735 1872 1757 nec
1887 1726 1977 1758 Deus
1989 1735 2052 1757 nec
2065 1725 2297 1766 intelligentiae
2310 1726 2344 1757 in
2358 1726 2472 1767 seipsis

1389 1771 1449 1801 sub
1473 1780 1571 1802 sensu
1594 1769 1724 1801 cadunt.
1746 1788 1771 1794 —
1792 1770 1869 1801 Alio
1892 1769 2006 1807 modo,
2031 1770 2108 1810 quia
2131 1775 2262 1811 oportet
2287 1770 2340 1803 vel
2361 1775 2400 1804 ut
2421 1778 2472 1804 re·

1388 1816 1459 1856 ipsa
1485 1815 1546 1846 sub
1573 1824 1669 1846 sensu
1695 1814 1798 1852 cadat,
1824 1815 1877 1846 vel
1902 1820 1940 1846 ut
1965 1815 2149 1846 intellectus
2173 1814 2414 1848 manuduoemr
2436 1815 2471 1847 in

1390 1860 1460 1891 eius
1487 1860 1711 1900 cognitionem
1733 1869 1792 1900 per
1817 1859 1941 1900 aliquid
1964 1860 2024 1891 sub
2051 1868 2150 1891 sensu
2172 1860 2301 1892 cadens.
2328 1859 2371 1892 Et
2392 1865 2472 1894 tunc

1390 1905 1573 1945 propositio
1592 1913 1667 1935 vera
1691 1909 1749 1940 est,
1765 1909 1802 1935 ut
1817 1904 1915 1935 etiam
1938 1904 2135 1945 experientia
2150 1903 2264 1936 docet:
2288 1904 2473 1945 experimur

1391 1949 1479 1980 enim
1503 1948 1595 1989 quod
1618 1948 1658 1980 de
1674 1949 1859 1980 substantiis
1880 1949 2146 1980 immaterialibus
2167 1949 2293 1981 nullam
2314 1948 2473 1981 habemus

1391 1993 1615 2034 cognitionem
1637 1993 1701 2024 nisi
1722 1994 1919 2034 inquantum
1942 2003 1981 2025 ex
2005 1993 2209 2026 sensibilibus
2222 1994 2258 2025 in
2273 2002 2390 2025 eorum
2410 2002 2474 2026 no-

1389 2037 1494 2069 titiam
1517 2037 1719 2070 devenimus.

1093 2152 1633 2196 ——wm—

698 2332 1185 2390 CAPITULUM
1226 2332 1613 2389 DECIMUM
1649 2331 2032 2389 TERTIUM

1001 2459 1234 2500 Fragmentum
1257 2468 1295 2490 ex
1319 2459 1349 2490 A
1375 2458 1443 2490 32a
1475 2467 1513 2490 12
1536 2477 1560 2482 —
1585 2458 1655 2490 33a
1682 2468 1737 2499 47.

601 2557 984 2600 RATIONES
1035 2558 1131 2599 AD
1180 2557 1654 2600 PROBANDUM
1702 2557 1913 2600 DEUM
1959 2557 2143 2600 ESSE

300 2880 303 2884 v
327 2888 331 2890 .
403 2889 421 2894 ,.
493 2865 574 2895 tarn
602 2856 826 2907 philosophi
851 2869 972 2906 quam
991 2857 1170 2894 doctores
1200 2857 1343 2894 Catho-

267 2910 327 2948 lici
355 2911 488 2948 Deum
516 2922 599 2948 esse
628 2910 905 2960 probaverunt.

320 2963 453 3001 Primo
482 2971 614 3001 autem
642 2975 838 3013 ponemus
874 2962 1041 3000 rationes
1078 2963 1221 3013 quibus
1258 2963 1342 3002 Ari-

268 3017 420 3055 stoteles
438 3016 613 3067 procedit
641 3017 690 3054 ad
718 3016 967 3066 probandum
989 3018 1117 3054 Deum
1139 3028 1235 3055 esse.
1261 3017 1343 3065 Qui

268 3070 548 3145 1196*ρι·οὸει·ε
586 3069 747 3107 intendit
785 3083 831 3108 ex
869 3078 976 3120 parte
1014 3078 1146 3108 motus
1186 3070 1342 3108 duabus

267 3135 340 3161 vus
381 3153 388 3160 .

1400 2761 1567 2787 movens
1586 2749 1800 2788 immobile.
1822 2750 1900 2788 Sed
1919 2761 2001 2787 non
2021 2757 2077 2787 est
2095 2749 2307 2800 procedere
2328 2748 2369 2788 in
2386 2749 2475 2788 infi-¹

294 2716 312 2747 ,·
334 2710 349 2719 -·
416 2706 458 2738 ’κ’
479 2709 617 2735 STENSO
645 2696 759 2746 igitur
786 2695 895 2746 quod
915 2708 997 2734 non
1021 2704 1077 2733 est
1103 2708 1254 2734 vanum
1277 2694 1346 2734 niti
1401 2695 1492 2734 dere
1520 2695 1561 2734 in
1588 2695 1804 2734 infinitum:
1834 2704 1901 2734 aut
1928 2703 1984 2734 est
2015 2694 2200 2734 devenire
2232 2696 2283 2734 ad
2314 2692 2475 2747 aliquod

449 2745 467 2769 Ὦ
493 2750 543 2789 ad
567 2749 918 2788 demonstrandum
937 2751 1069 2787 Deum
1097 2761 1181 2787 esse
1195 2749 1226 2796 *,
1256 2761 1346 2799 pro-

286 2717 458 2894 ·
494 2804 680 2842 cedamus
699 2804 748 2841 ad
767 2803 999 2853 ponendum
1019 2803 1187 2840 rationes
1201 2802 1345 2853 quibus
1400 2802 1538 2841 nitum.
1564 2804 1668 2852 Ergo
1687 2815 1844 2841 necesse
1864 2810 1920 2841 est
1938 2814 2086 2854 ponere
2113 2803 2271 2854 aliquod
2299 2802 2474 2854 primum

1399 2868 1566 2895 movens
1593 2856 1808 2894 immobile.

1451 2911 1494 2948 In
1524 2911 1598 2948 hac
1624 2917 1757 2948 autem
1785 2909 2015 2961 probatione
2050 2918 2140 2949 sunt
2167 2909 2270 2948 duae
2297 2909 2474 2961 proposi-

1397 2963 1522 3001 tiones
1559 2963 1807 3014 probandae:
1846 2963 1998 3012 scilicet‚
2035 2963 2144 3014 quod
2183 2976 2296 3002 omne
2331 2969 2475 3002 motum

1397 3023 1567 3055 movetur
1594 3019 1643 3055 ab
1670 3018 1769 3062 alio,·
1796 3025 1834 3055 et
1860 3017 1969 3067 quod
1998 3019 2036 3055 in
2056 3019 2286 3056 moventibus
2309 3023 2343 3055 et
2365 3018 2475 3055 motis

1397 3083 1473 3108 non
1501 3073 1547 3108 sit
1568 3071 1778 3121 procedere
1804 3073 1842 3108 in
1871 3072 2058 3120 infinitum
2072 3071 2104 3108 ⁴⁸.

1451 3124 1636 3172 Quorum
1673 3124 1848 3175 primum
1884 3124 2025 3175 probat
2060 3123 2326 3175 Philosophus
2351 3122 2474 3175 tribus

323 3177 504 3224 Quarum
531 3175 658 3227 prima
676 3176 760 3214 talis
779 3184 835 3214 est
848 3176 879 3214 ³⁸.
911 3177 1039 3215 Omne
1069 3177 1177 3227 quod
1205 3189 1341 3215 move·
1358 3195 1384 3211 ιο
1396 3177 1537 3215 modis.
1576 3178 1721 3224 Primo,
1751 3177 1816 3216 sic.
1855 3176 1896 3216 Si
1932 3177 2079 3228 aliquid
2115 3183 2250 3216 movet
2286 3175 2472 3227 seipsum,

268 3238 342 3277 tur,
367 3230 415 3268 ab
444 3229 518 3267 alio
547 3237 739 3268 movetur.
768 3231 876 3267 Patet
903 3238 1035 3268 autem
1060 3242 1177 3268 sensu
1196 3229 1342 3281 aliquid

270 3282 433 3330 moveri,
453 3291 591 3333 utputa
619 3284 754 3321 solem.
785 3284 887 3332 Ergo
908 3283 983 3321 alio
1003 3291 1186 3322 movente
1206 3296 1342 3322 move-

270 3344 343 3373 tur.
365 3358 391 3363 -
409 3339 488 3374 Aut
516 3348 607 3385 ergo
636 3336 730 3374 illud
750 3348 916 3374 movens
944 3345 1138 3384 movetur,
1158 3344 1225 3375 aut
1247 3349 1340 3375 non.

273 3388 313 3426 Si
332 3400 411 3426 non
432 3397 624 3437 movetur,
641 3401 731 3439 ergo
752 3390 944 3428 habemus
958 3390 1216 3441 propositum,
1232 3391 1341 3441 quod

1398 3238 1549 3280 oportet
1568 3231 1678 3280 quod
1696 3231 1737 3269 in
1757 3243 1798 3269 se
1822 3230 1963 3270 habeat
1989 3229 2226 3281 principium
2244 3237 2376 3268 motus
2395 3229 2471 3268 sui:

1397 3284 1500 3330 alias,
1516 3283 1718 3323 manifeste
1733 3285 1782 3322 ab
1797 3284 1873 3322 alio
1887 3291 2123 3323 moveretur.
2136 3305 2163 3312 -
2177 3283 2343 3333 Oportet
2355 3283 2474 3322 etiam

1397 3337 1505 3387 quod
1534 3337 1582 3375 sit
1603 3339 1732 3388 primo
1760 3343 1924 3375 motum:
1950 3336 2091 3375 scilicet
2125 3337 2235 3387 quod
2267 3344 2475 3375 moveatur

1398 3390 1546 3428 ratione
1583 3390 1643 3428 sui
1680 3390 1813 3442 ipsius,
1843 3399 1880 3429 et
1911 3401 1993 3429 non
2026 3389 2173 3428 ratione
2211 3401 2305 3428 suae
2341 3389 2471 3441 partis,

272 3453 427 3479 neeesse
448 3450 504 3480 est
522 3455 669 3493 ponere
693 3443 851 3494 aliquod
870 3455 1036 3481 movens
1055 3443 1268 3482 immobile.
1294 3444 1343 3482 Et
1358 3459 1381 3480 ις
1397 3442 1495 3481 sicut
1513 3451 1697 3482 movetur
1714 3443 1858 3482 animal
1875 3455 1946 3494 per
1963 3450 2118 3481 motum
2137 3442 2269 3494 pedis;
2289 3443 2344 3482 sic
2367 3443 2472 3481 enim

273 3495 349 3532 hoc
376 3494 541 3533 dicimus
570 3497 712 3534 Deum.
742 3519 767 3524 —
798 3496 838 3535 Si
867 3504 998 3534 autem
1026 3504 1220 3545 movetur,
1250 3509 1342 3546 ergo

273 3547 322 3584 ab
350 3547 424 3585 alio
457 3557 640 3587 movente
668 3558 860 3588 movetur.
895 3552 973 3588 Aut
1001 3562 1092 3599 ergo
1121 3559 1178 3588 est
1208 3562 1343 3600 proce-

327 3661 343 3685 b
359 3659 388 3685 16
407 3668 454 3686 sua
473 3661 542 3696 pars]
562 3670 576 3687 a
595 3670 642 3688 sua
656 3669 729 3696 parte
747 3664 817 3690 GPc.

1396 3505 1524 3535 totum
1551 3509 1634 3535 non
1661 3504 1887 3535 moveretur
1904 3508 1928 3534 a
1946 3508 1999 3542 se,
2019 3496 2087 3535 sed
2116 3508 2187 3535 sua
2213 3508 2315 3547 pars,
2335 3504 2373 3535 et
2394 3509 2473 3535 una

1398 3562 1488 3601 pars
1502 3551 1551 3588 ab
1566 3550 1650 3588 alia.
1667 3572 1693 3578 -
1709 3550 1874 3600 Oportet
1889 3548 2005 3588 etiam
2025 3549 2155 3600 ipsum
2170 3561 2254 3588 esse
2269 3548 2471 3599 divisibile,

2493 694 2556 716 'Ad
2570 700 2590 716 2.

2494 741 2709 796 I;“,¹.''·1i'‚'.'¹1.⁷{‚¹}t

2495 1233 2506 1242 ⁶
2520 1231 2557 1254 Cf.
2571 1238 2638 1254 num.
2648 1237 2668 1259 ι,

2501 3072 2512 3083 ·
2525 3077 2549 3102 3ι
2559 3072 2574 3094 b
2590 3077 2628 3101 ι9.
