2768 4134
23 728 198 784 Ἀθη-ια’

17 1923 30 1935 ·
41 1921 114 1946 Nun.
126 1927 179 1946 vm.

887 276 1075 314 SUMMA
1105 278 1326 317 CONTRA
1355 280 1630 330 GENTILES,
1662 284 1772 321 CAP.
1793 287 1837 322 L.

265 356 377 394 malis
405 364 586 394 naturam
618 355 730 394 sciret
763 355 928 406 perfecte
956 356 1023 405 qui
1058 358 1221 396 nesciret
1249 371 1337 397 eam
1394 360 1484 398 dine
1504 369 1594 398 sunt
1613 363 1661 399 ab
1677 363 1844 401 invicem
1860 365 2068 404 distinctae.
2086 367 2126 405 Si
2145 367 2257 417 igitur
2275 370 2383 406 Deus
2402 381 2462 406 res

264 410 442 459 pluribus
456 408 828 447 communicabilem
842 409 1101 469 esse-Divina
1120 419 1251 449 autem
1271 424 1337 449 na·
1395 413 1434 450 in
1455 426 1525 451 sua
1544 414 1786 453 distinctione
1815 429 1895 454 non
1915 420 2119 467 cognoscit,
2141 421 2314 471 sequitur
2332 422 2463 472 ipsum

265 471 351 501 tura
378 462 716 501 communicabilis
744 469 801 500 est
826 474 897 512 per
924 462 1230 501 similitudinem.
1261 465 1339 502 Scit
1396 467 1732 515 insipientissimum
1761 481 1854 507 esse:
1884 471 1980 508 sicut
2008 481 2044 509 et
2073 473 2142 511 illis
2170 475 2236 524 qui
2264 475 2462 525 ponebant

2389 292 2458 338 145

265 529 357 566 ergo
385 518 494 555 Deus
518 524 615 567 quot
636 515 766 554 modis
793 515 878 554 eius
906 515 1092 553 essentiae
1117 516 1263 566 aliquid
1292 518 1340 555 si-

265 571 357 609 mile
376 583 460 608 esse
478 578 616 620 potest.
639 570 718 609 Sed
736 581 784 607 ex
803 570 880 607 hoc
899 577 989 607 sunt
1007 568 1246 607 diversitates
1266 570 1340 608 for-

266 637 423 662 marum
441 624 551 674 quod
569 623 747 661 divinam
770 623 978 660 essentiam
998 630 1059 660 re's
1077 623 1341 662 diversimode

265 678 481 715 imitantur:
510 677 617 715 unde
641 676 905 727 Philosophus
928 677 1097 714 formam
1125 678 1342 714 naturalem

264 732 430 770 divinum
451 731 638 782 quoddam
658 730 836 769 nominat
849 730 880 768 ²¹³.
902 731 1010 768 Deus
1024 729 1139 779 igitur
1157 730 1206 768 de
1226 731 1342 768 rebus

264 785 381 824 habet
404 783 668 834 cognitionem
688 785 909 823 secundum
927 783 1106 835 proprias
1129 784 1286 822 formas.

317 839 532 882 Praeterea.
553 839 672 888 Apud
691 838 873 876 homines
891 846 929 875 et
951 838 1047 876 alios
1066 845 1343 886 cognoscentes

264 892 431 930 habetur
453 892 622 941 cognitio
647 892 696 930 de
722 892 840 930 rebus
867 899 985 942 prout
1008 890 1049 928 in
1077 903 1149 928 sua
1171 891 1342 929 multitu-

317 1005 334 1031 6
353 1006 435 1040 quod]
455 1007 518 1040 quia
536 1006 647 1032 aDEPc.

318 1049 333 1067 2
353 1042 473 1076 sequitur
490 1043 577 1076 ipsum
595 1042 651 1076 (vel
668 1040 743 1076 eum)
761 1042 784 1066 Α
796 1041 883 1071 solun
901 1045 1028 1078 sequetur
1046 1041 1077 1071 N.
1096 1042 1216 1074 sequitur
1229 1041 1315 1067 Deum
1328 1042 1356 1074 Z,
1376 1048 1501 1075 sequetur
1514 1051 1574 1068 eum
1593 1044 1684 1069 ceteri.
1705 1045 1759 1070 Pro
1772 1045 1890 1078 sequitur
1903 1046 1998 1078 ipsum,
2011 1047 2100 1072 accidit
2112 1049 2162 1080 pA.

263 1078 310 1112 (ej.
328 1086 389 1104 var.
403 1078 519 1112 praec.)]
539 1079 608 1104 sicut
624 1083 651 1104 et
667 1077 704 1103 illi
723 1077 815 1107 FNZb,
836 1077 904 1102 sicut
922 1077 948 1102 in
966 1077 1018 1102 illis
1036 1077 1070 1107 Y,
1089 1077 1156 1102 sicut
1172 1076 1245 1111 (illos
1263 1085 1348 1111 supra
1367 1077 1432 1112 ras.)
1452 1079 1484 1110 G,
1504 1080 1648 1105 secundum
1667 1080 1727 1105 illos
1746 1081 1789 1107 Pc.

264 1114 404 1147 anZch,
422 1122 467 1140 res
485 1122 566 1148 quam
584 1114 616 1146 D,
635 1119 719 1147 quern
736 1113 759 1138 G
765 1121 773 1144 3
792 1113 828 1138 W
845 1117 910 1139 ante
928 1120 1009 1146 quarn
1028 1113 1143 1138 habebat
1159 1113 1288 1146 spamam,
1306 1115 1354 1140 sed
1365 1114 1483 1147 scriptor
1501 1115 1527 1140 in
1546 1116 1636 1148 spano
1654 1116 1747 1141 scribit
1766 1124 1835 1150 quae
1853 1120 1879 1142 et
1897 1118 1968 1143 deIet
1986 1126 2075 1151 quam.

263 1149 280 1175 8
299 1149 450 1184 edocemur]
471 1150 597 1176 docemur
615 1149 668 1175 NZ.
761 1156 792 1174 ιι
812 1147 892 1182 auda]
911 1154 999 1174 autem
1018 1149 1088 1174 nuda
1107 1149 1152 1175 Pc.

1396 519 1528 556 Deum
1547 531 1628 556 non
1642 532 1875 569 cognoscere
1895 525 2006 571 litem,
2022 538 2142 574 quam
2162 540 2298 565 omnes
2318 541 2461 577 cogno-

1364 587 1372 606 ς
1397 580 1524 618 scunt;
1546 573 1653 622 quod
1668 586 1740 623 pro
1760 574 2046 614 inconvenienti
2060 580 2174 616 habet
2189 581 2460 632 Philosophus,

1397 624 1437 661 in
1465 626 1478 662 1
1507 626 1554 662 de
1571 627 1746 664 Anima*
1774 635 1810 664 et
1839 628 1877 665 in
1906 631 1951 666 ΠΙ
1970 633 2254 681 Λίείαρὴγείεαε
2266 634 2318 671 *ἢ

1451 679 1539 716 Hoc
1581 679 1697 717 etiam
1735 681 1957 719 auctoritate
1996 684 2213 734 Scripturae
2254 688 2461 726 canonicae

1399 731 1622 769 edocemur.
1653 733 1803 771 Dicitur
1830 747 2001 785 namque
2034 738 2126 775 Gen.
2147 742 2208 776 1³¹:
2242 741 2336 777 Vidit
2362 743 2463 779 Deus

1398 791 1531 823 cuncta
1569 799 1665 835 quae
1690 788 1852 835 fecerat,
1891 795 1924 825 et
1965 797 2073 827 erant
2113 793 2220 829 valde
2260 795 2369 830 hona.
2415 796 2463 832 Et

1360 855 1385 870 ιο
1398 840 1498 876 Heh.
1520 851 1554 876 1v
1567 843 1605 876 ¹³:
1628 841 1718 877 Non
1740 847 1791 878 est
1811 842 1887 878 ulla
1906 849 2080 881 creatura
2107 846 2296 882 invisibilis
2319 848 2355 882 in
2376 859 2462 884 con-

1398 898 1521 942 spectu
1545 894 1640 930 eius.-
1658 896 1787 931 omnia
1808 896 1908 932 nuda
1934 902 1967 933 et
1986 903 2116 946 aperta
2134 904 2218 935 sunt
2243 900 2358 936 oculis
2376 902 2462 936 eius.

2253 1049 2267 1074 3
2288 1050 2353 1075 sicut
2372 1054 2397 1074 et
2415 1050 2465 1074 illis

1879 1089 1898 1113 4
1916 1082 1987 1107 litem
2007 1090 2087 1115 quam
2110 1083 2254 1116 ENXZsY;
2274 1085 2359 1110 lucem
2386 1093 2466 1118 quam

2165 1127 2180 1152 7
2201 1120 2287 1154 etiam}
2307 1126 2392 1146 autem
2410 1121 2465 1146 EG.

1030 1246 1367 1280 Commentario.
1396 1248 1708 1282 Fert-ariensis

256 1343 467 1420 pendulis
489 1344 716 1375 determinavit
737 1344 875 1376 Sanctus
898 1345 1045 1376 Thomas
1068 1345 1108 1376 de
1135 1346 1266 1376 obiecto
1290 1355 1339 1376 se-

318 1389 475 1420 cundario
514 1389 656 1430 generali
689 1389 817 1420 divinae
847 1390 1045 1430 cognitionis
1084 1390 1266 1421 secundum
1294 1400 1339 1427 se,

261 1433 352 1466 nunc
373 1433 415 1465 de
441 1434 516 1474 ipso
544 1439 705 1474 quantum
733 1434 774 1465 ad
800 1434 939 1466 modum
967 1435 1166 1475 cognitionis
1189 1434 1340 1466 determi-

227 1493 234 1500 ·
261 1479 360 1511 ω’.
385 1478 482 1510 cirea
503 1479 569 1510 hoc
592 1484 703 1510 autem
731 1479 798 1510 duo
821 1478 913 1510 facit:
938 1480 1056 1520 primo,
1081 1480 1146 1520 agit
1173 1479 1213 1510 de
1236 1480 1339 1511 modo

262 1532 298 1555 se
319 1528 451 1555 tenente
473 1532 513 1554 ex
535 1529 627 1564 parte
650 1525 788 1560 obiecti3
812 1523 970 1561 secundo,
986 1524 1027 1555 de
1043 1534 1084 1555 eo
1108 1525 1166 1565 qui
1189 1534 1228 1555 ex
1250 1531 1340 1566 parte

262 1568 491 1609 cognoscentis
514 1577 549 1599 se
571 1573 672 1606 tenet,
697 1569 803 1609 capite
826 1569 986 1610 sequenti.

319 1612 343 1644 1.
356 1612 528 1651 Quantum
539 1612 580 1644 ad
596 1613 750 1655 primurn,
763 1614 858 1654 ponit
868 1614 952 1645 hanc
967 1614 1233 1645 conclusionem:
1250 1614 1341 1645 Deus

262 1658 436 1700 cognoscit
456 1667 510 1689 res
525 1658 612 1689 alias
633 1667 654 1689 a
673 1668 710 1689 se
719 1663 824 1700 prout
843 1659 884 1689 ab
904 1659 1041 1689 invicem
1061 1664 1140 1689 sunt
1158 1658 1340 1690 distinctae.

311 1702 468 1734 neclan-at
490 1709 601 1734 autem
623 1704 729 1744 ipsam
753 1713 794 1734 ex
815 1703 956 1734 aliorum
979 1704 1147 1744 opinione.
1172 1703 1257 1735 Nam
1275 1703 1342 1735 'fuit

262 1747 471 1788 quorundam
494 1748 611 1789 opinio
635 1748 728 1789 quod
751 1748 841 1779 Deus
867 1748 908 1779 de
936 1748 1008 1779 aliis
1031 1749 1129 1779 rebus
1151 1758 1220 1779 non
1243 1749 1341 1780 habet

262 1791 487 1833 cognitione·
501 1793 563 1824 nisi
587 1793 815 1830 universalem,
838 1799 955 1834 utpote
979 1802 1181 1833 cognoscens
1203 1793 1272 1824 illas
1290 1794 1340 1824 in-

262 1842 424 1877 quantum
447 1838 535 1868 entia
557 1843 644 1874 sunt,
669 1847 710 1868 eo
733 1837 825 1878 quod
847 1843 997 1869 naturam
1021 1838 1104 1868 entis
1126 1847 1186 1878 per
1209 1839 1259 1869 sui
1282 1847 1339 1869 co-

261 1881 445 1922 gnitionem
460 1882 692 1923 apprehendat.
713 1882 764 1913 De
783 1891 848 1922 qua
863 1883 1023 1923 opinione
1037 1883 1072 1913 in
1087 1881 1154 1913 fine
1174 1883 1271 1914 huius
1287 1892 1339 1914 ca-

261 1925 337 1967 pitis
359 1927 606 1967 pertractabitur
621 1928 648 1957 ’.
672 1927 742 1957 Nos
765 1932 876 1958 autem
900 1926 1038 1958 dicimus
1061 1926 1152 1967 quod
1175 1927 1266 1958 Deus
1289 1937 1339 1958 res

261 1970 339 2002 alias
363 1972 534 2012 cognoscit
556 1980 626 2002 non
653 1971 762 2002 solum
785 1976 947 2012 quantum
974 1971 1016 2002 ad
1042 1971 1224 2011 praedicata
1248 1981 1339 2002 com-

261 2015 375 2046 munia
396 2016 431 2046 in
454 2016 574 2056 quibus
597 2016 810 2052 conveniunt,
826 2015 884 2047 sed
900 2015 997 2046 etiam
1012 2021 1112 2056 prout
1135 2016 1174 2046 ab
1197 2016 1338 2046 invicem

262 2059 432 2091 distinctae
454 2066 540 2096 sunt,
557 2059 649 2097 idest,
666 2066 826 2101 quantum
843 2060 883 2091 ad
906 2061 1038 2101 propria
1059 2060 1178 2101 quibus
1201 2070 1266 2091 una
1288 2070 1338 2091 res

261 2105 302 2135 ab
325 2104 387 2136 alia
410 2104 627 2146 distinguitur.
652 2105 693 2135 Et
716 2105 780 2136 hoc
804 2111 852 2136 est
867 2114 1067 2146 cognoscere
1082 2114 1132 2135 res
1155 2105 1338 2141 secundum

261 2149 408 2190 proprias
432 2150 544 2180 earum
566 2150 718 2180 rationes.

316 2193 476 2225 Probatur
487 2199 597 2225 autem
613 2194 783 2225 conclusio
796 2195 968 2235 supposito
986 2194 1077 2235 quod
1089 2194 1178 2224 Deus
1190 2194 1230 2224 sit
1243 2204 1338 2226 causa

261 2239 369 2269 omnis
393 2239 486 2275 entis,
502 2239 569 2270 sive
585 2238 726 2270 mediate
742 2239 808 2269 sive
829 2238 1031 2270 immediate:
1054 2238 1146 2279 quod
1168 2238 1250 2269 infra
1269 2240 1338 2280 ple-

260 2283 335 2314 nius
359 2283 557 2314 ostendetur.
588 2283 630 2314 Et
654 2284 765 2325 primo
793 2284 848 2314 sic.
877 2283 967 2314 Deus
995 2284 1164 2324 cognoscit
1194 2284 1337 2324 seipsum

261 2333 295 2359 et
316 2337 433 2359 omnes
455 2337 568 2359 causas
591 2328 714 2359 medias
742 2338 827 2369 quae
857 2334 932 2359 sunt
960 2328 1044 2359 inter
1070 2329 1179 2369 ipsum
1208 2334 1240 2359 et
1268 2338 1337 2359 rem

260 2372 450 2413 quamlibet.
478 2373 566 2414 Ergo
597 2372 638 2404 de
665 2374 762 2404 rebus
791 2373 888 2404 habet
917 2373 1084 2414 propriam
1114 2373 1338 2413 cognitionem

259 2417 443 2449 secundum
459 2418 551 2458 quod
565 2424 642 2449 sunt
657 2418 697 2448 ab
714 2418 855 2449 invicem
871 2417 1050 2449 distinctae.
1067 2435 1090 2440 -
1105 2417 1263 2449 Probatur
1282 2427 1338 2449 an-

259 2461 422 2493 tecedens.
450 2462 536 2493 Nam
566 2462 658 2503 quod
686 2463 776 2494 Deus
806 2463 950 2504 seipsum
981 2462 1124 2503 perfecte
1151 2468 1337 2503 cognoscat,

259 2512 429 2538 ostensum
453 2513 500 2538 est
523 2517 630 2548 supra.
646 2507 749 2546 Quod
764 2513 875 2538 autem
891 2508 967 2538 alias
984 2517 1096 2538 causas
1118 2507 1336 2544 intermedias,

259 2551 442 2582 ostenditur
465 2553 552 2592 quia,
580 2553 715 2593 cognito
743 2553 863 2594 seipso,
887 2553 1056 2593 cognoscit
1083 2551 1175 2592 quod
1201 2553 1241 2582 ab
1264 2553 1336 2593 ipso

258 2595 446 2627 immediate
462 2602 526 2633 est3
543 2606 612 2637 quo
628 2598 772 2638 cognito,
789 2598 961 2638 cognoscit
974 2598 1092 2628 iterum
1117 2596 1208 2637 quod
1223 2597 1263 2627 ab
1279 2597 1336 2628 illo

258 2640 399 2672 mediate
411 2646 476 2677 est;
493 2646 526 2672 et
537 2642 583 2672 sic
598 2651 706 2682 usque
722 2641 763 2672 ad
774 2642 928 2673 ultimum
941 2641 1104 2678 effectum,
1128 2651 1205 2672 cum
1221 2651 1336 2672 omnes

258 2685 421 2717 secundae
443 2695 560 2716 causae
577 2686 617 2716 ab
632 2687 705 2727 ipso
729 2686 917 2726 procedant.
933 2705 956 2709 —
971 2685 1216 2726 Consequentia
1239 2686 1336 2716 etiam

258 2731 424 2771 probatur.
441 2730 538 2768 Quia,
555 2731 685 2770 cognita
700 2740 808 2768 causa,
824 2731 1034 2771 cognoscitur
1049 2731 1118 2761 eius
1134 2729 1277 2760 effectus.
1294 2730 1336 2761 Et

258 2775 315 2813 ἀς,
330 2776 464 2816 cognito
481 2775 554 2806 Deo
571 2780 603 2806 et
619 2775 772 2806 omnibus
785 2776 890 2807 causis
905 2775 1113 2811 intermediis,
1127 2775 1336 2815 cognoscitur

259 2820 418 2861 quicquid
434 2825 482 2851 est
503 2821 538 2850 in
561 2829 604 2850 re.
629 2820 704 2850 Hoc
727 2825 838 2850 autem
854 2825 902 2851 est
925 2829 1124 2860 cognoscere
1145 2820 1335 2850 communia

259 2871 291 2896 et
305 2865 438 2906 propria
453 2865 509 2901 rei,
527 2870 558 2895 et
574 2865 620 2895 sic
635 2865 753 2895 habere
768 2865 944 2905 propriam,
962 2864 1160 2904 completam
1176 2869 1207 2894 et
1223 2863 1334 2894 distin-

258 2915 344 2940 ctam
367 2910 592 2950 cognitionem
616 2909 656 2940 de
679 2918 724 2939 re.

314 2953 410 2985 Circa
432 2955 526 2985 istam
548 2954 820 2994 propositionem,
839 2953 982 2995 Cognita
1002 2962 1102 2983 causa
1122 2953 1335 2994 cognoscitur

258 2998 402 3040 effectus,
426 2998 610 3029 notandum
635 2998 726 3039 quod
753 2999 850 3028 habet
874 2998 1043 3028 veritatem
1070 2997 1196 3028 duabus
1219 2997 1333 3028 condi-

257 3044 402 3074 tionibus
434 3043 615 3079 intellectis,
639 3042 810 3083 loquendo
839 3042 878 3073 de
908 3051 1005 3072 causa
1033 3051 1092 3082 per
1119 3051 1169 3072 se:
1200 3041 1332 3079 scilicet,

258 3087 349 3129 quod
372 3093 588 3128 cognoscatur
611 3093 772 3128 quantum
795 3086 836 3117 ad
858 3086 939 3117 illud
966 3086 1147 3117 secundum
1171 3085 1262 3126 quod
1285 3092 1334 3117 est

258 3143 355 3164 causa
378 3132 526 3169 effectus3
550 3133 707 3169 secundo,
731 3131 823 3172 quod
846 3137 1061 3172 cognoscatur
1083 3130 1260 3161 formaliter
1282 3132 1332 3162 in-

258 3183 418 3218 quantum
441 3187 547 3208 causa.
571 3177 708 3218 Propter
734 3176 899 3208 defectum
925 3176 1031 3217 primi,
1060 3175 1087 3205 si
1116 3181 1332 3215 cognoscatur

257 3223 340 3263 ignis
356 3228 516 3264 quantum
527 3222 568 3253 ad
583 3223 759 3253 siccitatem
775 3221 893 3258 solum,
903 3230 972 3251 non
983 3221 1117 3261 propter
1131 3220 1195 3251 hoc
1207 3229 1329 3260 cogno-

258 3267 356 3298 scitur
372 3267 515 3298 calidum
530 3267 570 3298 ab
586 3267 658 3307 ipso
682 3267 880 3307 productum
896 3265 956 3296 sub
972 3265 1097 3295 ratione
1121 3265 1229 3295 calidi:
1255 3265 1331 3305 quia

257 3321 327 3344 non
350 3313 559 3353 cognoscitur
589 3317 748 3352 quantum
778 3310 819 3341 ad
847 3309 928 3340 illud
957 3319 1024 3350 quo
1054 3309 1137 3349 ignis
1163 3315 1212 3340 est
1235 3319 1330 3340 causa

258 3356 362 3388 calidi.
386 3357 523 3398 Propter
546 3356 711 3388 defectum
739 3355 883 3391 secundi,
914 3355 1047 3395 cognito
1071 3354 1146 3394 igne
1170 3357 1330 3394 quantum

257 3402 298 3433 ad
321 3401 527 3438 caliditatem,
547 3411 612 3443 qua
636 3407 684 3433 est
708 3411 803 3432 causa
825 3400 923 3430 huius
945 3399 1054 3434 calidi;
1079 3399 1106 3429 si
1128 3399 1237 3438 ipsum
1261 3408 1329 3429 non

257 3456 456 3488 cognoscam
478 3452 516 3477 ut
538 3456 669 3478 causam
692 3446 788 3477 huius
811 3443 915 3481 calidi,
939 3453 1006 3474 non
1030 3448 1164 3483 propter
1186 3443 1250 3473 hoc
1274 3453 1329 3474 co-

255 3501 382 3532 gnosco
406 3492 471 3522 hoc
495 3491 647 3527 calidum,
672 3500 711 3521 ex
740 3490 927 3530 cognitione
955 3488 1077 3519 scilicet
1104 3487 1174 3518 talis
1202 3497 1327 3519 causae.

257 3536 344 3575 Quia
359 3541 469 3567 autem
492 3536 581 3567 Deus
604 3545 719 3567 omnes
740 3544 851 3566 causas
874 3543 982 3565 rerum
1006 3537 1165 3573 quantum
1187 3532 1228 3563 ad
1248 3532 1329 3563 illud

257 3590 325 3621 quo
348 3586 424 3612 sunt
447 3590 573 3618 causae,
599 3587 631 3612 et
653 3581 738 3621 ipsas
762 3589 831 3611 esse
854 3579 967 3609 talium
994 3587 1102 3608 rerum
1126 3586 1248 3613 causas,
1273 3587 1329 3608 co-

255 3625 393 3665 gnoscit,
417 3625 492 3656 ideo
516 3635 555 3656 ex
578 3626 766 3666 cognitione
783 3633 952 3655 causarum
968 3623 1117 3653 omnium
1139 3631 1189 3652 res
1213 3631 1327 3652 omnes

257 3669 404 3705 distincte
428 3671 607 3710 cognoscit.

400 3733 494 3757 Smuu
514 3732 624 3757 CONTRA
643 3731 777 3756 Ges-nmis
797 3731 827 3755 D.
847 3730 963 3755 Tuomst:
982 3729 1051 3753 Τοιι.
1071 3728 1090 3753 Ι.

1448 1347 1486 1377 11.
1515 1346 1675 1377 Secundo.
1705 1347 1794 1378 Deus
1822 1353 1870 1377 est
1897 1356 1993 1378 causa
2023 1357 2130 1379 rerum
2161 1359 2219 1389 per
2246 1350 2462 1381 intellectum:

1394 1392 1470 1432 quia
1493 1391 1758 1432 unumquodque
1782 1392 1846 1432 agit
1869 1392 2065 1432 inquantum
2089 1399 2136 1423 est
2159 1399 2248 1431 actu;
2266 1401 2298 1425 et
2316 1398 2385 1426 esse
2403 1395 2465 1426 Dei

1394 1442 1441 1467 est
1457 1437 1527 1467 eius
1541 1436 1731 1476 intelligere.
1747 1437 1835 1476 Ergo
1851 1437 2020 1477 cognoscit
2034 1447 2084 1468 res
2101 1438 2258 1469 distincte.
2271 1457 2294 1461 -
2307 1439 2465 1470 Probatur

1394 1481 1637 1521 consequentia.
1655 1481 1742 1519 Quia
1760 1490 1859 1511 omne
1878 1490 1976 1522 agens
1995 1491 2054 1521 per
2070 1482 2271 1514 intellectum
2293 1484 2389 1515 habet
2408 1493 2464 1515 co-

1393 1526 1575 1567 gnitionem
1591 1525 1631 1556 de
1647 1535 1681 1556 re
1704 1535 1804 1566 quam
1819 1526 1884 1565 agit
1900 1525 2081 1556 secundum
2096 1528 2260 1567 propriam
2278 1528 2354 1558 facti
2369 1529 2465 1559 ratio—

1393 1580 1484 1602 nem:
1510 1579 1550 1601 eo
1567 1569 1659 1610 quod
1675 1571 1820 1611 cognitio
1835 1569 1981 1601 facientis
1998 1570 2190 1602 determinet
2213 1571 2351 1603 formam
2367 1572 2464 1604 facto.

1453 1625 1482 1646 2.
1500 1614 1564 1646 Sed
1587 1614 1759 1656 dupliciter
1773 1614 1900 1646 videtur
1915 1615 1975 1645 ista
1991 1615 2071 1646 ratio
2089 1615 2236 1647 deficere.
2252 1617 2362 1649 Primo
2379 1618 2465 1658 quia,

1393 1660 1419 1690 si
1431 1669 1471 1691 ex
1483 1660 1547 1690 hoc
1564 1659 1655 1700 quod
1671 1669 1741 1691 esse
1753 1659 1813 1690 Dei
1831 1663 1878 1690 est
1893 1669 1990 1690 suum
2005 1660 2182 1700 intelligere
2199 1662 2344 1701 sequitur
2358 1662 2466 1700 Deum

1393 1714 1487 1745 agere
1503 1714 1562 1745 per
1576 1705 1788 1740 intellectum,
1809 1707 1897 1744 erge,
1915 1705 1972 1734 ubi
1989 1714 2057 1735 esse
2074 1714 2189 1735 causae
2204 1714 2272 1736 non
2297 1706 2355 1736 erit
2370 1715 2466 1737 suum

1393 1749 1583 1790 intelligere,
1599 1749 1654 1780 illa
1670 1759 1766 1780 causa
1781 1758 1850 1779 non
1874 1754 1947 1788 aget
1962 1758 2020 1789 per
2035 1749 2249 1780 intellectum:
2275 1751 2358 1781 sicut
2380 1751 2467 1781 enim

1393 1794 1574 1836 affirmatio
1599 1799 1647 1825 est
1674 1803 1774 1825 causa
1797 1793 2040 1834 affirmationis,
2066 1794 2111 1824 ita
2136 1795 2269 1836 negatio
2298 1800 2346 1825 est
2367 1804 2468 1825 causa

1394 1839 1580 1881 negationis
1592 1840 1618 1869 *.
1636 1839 1677 1869 Et
1693 1840 1738 1870 sic
1754 1839 1857 1869 homo
1873 1838 1965 1869 nullo
1982 1838 2084 1869 modo
2096 1848 2154 1879 per
2169 1839 2369 1870 intellectum
2384 1839 2466 1880 aget.

1449 1883 1613 1920 Secundo,
1630 1884 1707 1924 quia
1730 1883 1776 1914 illi
1796 1883 1852 1923 qui
1875 1883 2014 1923 primam
2031 1884 2223 1923 opinionem
2246 1890 2367 1922 tenent,
2391 1894 2466 1925 pos-

1393 1934 1464 1958 sent
1479 1928 1586 1959 dicere
1603 1927 1695 1968 quod
1710 1928 1800 1959 Deus
1817 1933 1864 1958 est
1880 1928 2031 1958 omnium
2047 1937 2143 1958 causa
2166 1934 2325 1968 quantum
2341 1929 2381 1959 ad
2397 1938 2466 1960 esse

1391 1973 1529 2003 tantum.
1562 1972 1641 2003 Ideo
1671 1971 1789 2003 sufficit
1820 1971 1911 2012 quod
1942 1972 2058 2003 habeat
2088 1976 2215 2003 tantum
2243 1973 2465 2013 cognitionem

1392 2026 1500 2048 rerum
1523 2017 1719 2057 inquantum
1742 2022 1817 2046 sunt
1841 2015 1926 2046 entia
1942 2017 1969 2047 “.

1450 2061 1479 2092 3.
1504 2061 1732 2102 Respondetur
1764 2060 1805 2091 ad
1835 2060 1977 2100 primum
2011 2060 2102 2101 quod
2130 2060 2185 2091 illa
2210 2071 2279 2092 non
2313 2067 2359 2092 est
2382 2062 2463 2092 ratio

1392 2105 1571 2146 adaequata
1594 2115 1694 2146 quare
1709 2104 1830 2145 aliquid
1847 2110 1919 2144 agat
1942 2114 2000 2145 per
2014 2105 2226 2141 intellectum,
2244 2107 2320 2146 quia
2342 2106 2464 2137 scilicet

1392 2160 1488 2181 suum
1513 2160 1581 2181 esse
1598 2151 1638 2181 sit
1654 2150 1841 2190 intelligere.
1859 2149 1936 2180 Ideo
1952 2159 2021 2180 non
2038 2155 2167 2190 oportet
2182 2156 2218 2180 ut
2233 2151 2362 2191 negatio
2379 2151 2464 2181 illius

1392 2205 1508 2226 causae
1531 2196 1572 2226 sit
1594 2196 1675 2226 ratio
1700 2204 1800 2235 quare
1830 2193 1953 2234 aliquid
1975 2203 2033 2234 per
2061 2192 2261 2225 intellectum
2284 2204 2352 2225 non
2376 2200 2462 2235 agat:

1392 2239 1445 2270 illa
1461 2240 1549 2270 enim
1565 2239 1746 2270 Aristotelis
1762 2239 1945 2279 propositio
1961 2238 2148 2279 intelligitur
2163 2244 2291 2270 tantum
2313 2239 2352 2270 de
2369 2249 2464 2270 causa

1392 2284 1571 2324 adaequata
1595 2290 1626 2315 et
1648 2284 1790 2325 propria.
1824 2283 1888 2314 Sed
1913 2287 1960 2313 est
1979 2280 2063 2313 ‘ratio
2087 2284 2187 2323 gratia
2209 2284 2362 2314 materiae
2385 2293 2463 2315 con—

1392 2329 1527 2360 cludens
1551 2329 1584 2360 in
1607 2329 1691 2359 Deo.
1720 2328 1754 2359 Si
1779 2328 1867 2358 enim
1890 2327 2154 2368 unumquodque
2178 2329 2243 2368 agit
2269 2329 2463 2369 inquantum

1392 2374 1558 2404 actualiter
1581 2374 1696 2409 existit,
1713 2373 1790 2414 quia
1813 2372 1948 2403 existere
1971 2378 2019 2402 est
2042 2372 2188 2403 conditio
2211 2374 2391 2403 necessario
2414 2382 2463 2403 re-

1392 2419 1509 2459 quisita
1533 2418 1574 2449 ad
1595 2419 1660 2448 hoc
1675 2423 1712 2449 ut
1735 2416 1858 2457 aliquid
1881 2422 1964 2457 agat,
1980 2417 2136 2458 sequitur,
2154 2427 2230 2448 cum
2254 2418 2386 2448 existere
2403 2418 2464 2448 Dei

1391 2464 1431 2494 sit
1454 2472 1551 2494 suum
1574 2463 1763 2503 intelligere,
1780 2461 1871 2503 quod
1886 2461 1975 2492 Deus
1992 2463 2064 2502 agat
2086 2462 2281 2502 inquantum
2303 2462 2462 2503 intelligit,

1391 2509 1435 2539 ita
1458 2507 1549 2549 quod
1578 2507 1757 2548 intelligere
1787 2512 1836 2537 est
1867 2505 2013 2537 conditio
2043 2507 2225 2537 necessario
2249 2507 2401 2548 requisita
2423 2507 2463 2537 ad

1391 2554 1455 2584 hoc
1478 2558 1515 2583 ut
1538 2558 1620 2593 agat.
1863 2554 1865 2556 ’

1445 2606 1477 2636 4.
1495 2596 1559 2628 Sed
1574 2602 1654 2627 tunc
1669 2596 1774 2626 maius
1790 2595 1926 2636 insurgit
1941 2595 2088 2626 dubium.
2105 2595 2172 2626 Aut
2196 2596 2283 2626 enim
2306 2596 2463 2636 accipitur

1390 2641 1568 2681 intelligere
1591 2640 1778 2676 formaliter,
1805 2640 2001 2680 inquantum
2028 2640 2206 2680 intelligere
2230 2645 2291 2670 est:
2316 2645 2372 2670 aut
2392 2649 2461 2670 ma-

1389 2686 1549 2722 terialiter,
1567 2690 1727 2725 quantum
1750 2684 1791 2727 ad
1805 2684 1893 2714 illam
1909 2685 2076 2715 entitatem
2095 2693 2179 2724 quae
2202 2690 2251 2715 est
2272 2684 2458 2724 intelligere.

1389 2730 1423 2760 Si
1445 2729 1631 2766 formaliter,
1655 2735 1734 2760 tunc
1757 2727 1875 2759 falsum
1899 2728 2108 2764 subsumitur,
2133 2728 2255 2759 scilicet
2277 2728 2368 2768 quod
2391 2738 2459 2759 esse

1388 2775 1450 2805 Dei
1461 2775 1501 2805 sit
1513 2773 1690 2805 formaliter
1701 2772 1889 2813 intelligere.
1902 2773 2008 2804 Immo
2021 2772 2198 2804 formaliter
2209 2773 2458 2813 distinguuntur,

1388 2824 1420 2849 et
1443 2818 1574 2850 diversis
1598 2818 1811 2859 conceptibus
1828 2828 1845 2848 a
1861 2818 1956 2849 nobis
1971 2817 2201 2858 intelliguntur.
2219 2836 2242 2840 -
2257 2817 2289 2848 Si
2312 2818 2459 2848 materia-

1388 2863 1468 2900 liter,
1492 2873 1562 2894 non
1584 2865 1686 2904 magis
1709 2868 1863 2903 sequetur
1882 2862 1971 2903 quod
1995 2863 2084 2893 Deus
2100 2868 2170 2902 agat
2194 2863 2386 2903 inquantum
2409 2862 2458 2892 in-

1386 2908 1510 2948 telligit,
1534 2909 1601 2939 sive
1624 2917 1682 2949 per
1704 2907 1916 2944 intellectum,
1936 2917 2035 2948 quam
2059 2906 2149 2947 quod
2171 2913 2243 2947 agat
2264 2907 2457 2947 inquantum

1387 2958 1435 2983 est
1449 2954 1564 2990 iustus,
1581 2954 1647 2984 sive
1663 2962 1722 2994 per
1737 2952 1909 2983 iustitiam:
1926 2953 2002 2992 quia
2018 2952 2101 2982 sicut
2116 2951 2293 2992 intelligere
2310 2957 2356 2982 est
2371 2951 2456 2982 idem

1386 2998 1591 3029 materialiter
1613 2998 1647 3028 in
1670 2997 1743 3028 Deo
1767 2996 1858 3037 quod
1882 3006 1961 3033 esse,
1984 2997 2028 3027 ita
2052 3001 2083 3027 et
2105 2996 2234 3027 iustitia.

1441 3042 1672 3083 Respondetur
1702 3041 1792 3082 quod
1822 3042 1979 3082 accipitur
2008 3040 2185 3081 intelligere
2216 3040 2391 3071 formaliter
2417 3049 2456 3070 ex

1385 3092 1476 3126 parte
1499 3088 1556 3123 rei,
1574 3092 1606 3118 et
1620 3096 1689 3117 non
1704 3089 1831 3117 tantum
1847 3085 2061 3116 materialiter.
2078 3085 2152 3116 Hoc
2169 3085 2255 3115 enim
2270 3085 2365 3115 habet
2379 3093 2455 3124 pro-

1385 3131 1494 3171 prium
1516 3132 1695 3171 intelligere
1718 3131 1752 3161 in
1782 3131 1854 3161 Deo
1884 3130 1975 3171 quod
2002 3135 2049 3160 est
2071 3129 2247 3160 formaliter
2268 3129 2355 3159 idem
2378 3130 2454 3159 cum

1386 3185 1454 3207 esse
1470 3176 1597 3207 divino:
1616 3186 1655 3207 eo
1673 3175 1764 3216 quod
1779 3180 1955 3215 utrumque
1967 3175 2113 3205 ultimam
2129 3174 2344 3204 actualitatem
2359 3173 2453 3204 dicat.

1385 3220 1464 3251 Esse
1487 3221 1576 3252 enim
1600 3226 1648 3251 est
1670 3221 1784 3251 ultima
1808 3220 1972 3250 actualitas
1989 3219 2050 3249 Dei
2073 3224 2109 3248 ut
2133 3223 2179 3249 est
2202 3218 2235 3250 in
2257 3227 2374 3258 genere
2398 3228 2454 3248 en-

1384 3265 1480 3296 tium:
1505 3265 1683 3305 intelligere
1706 3270 1816 3295 autem
1847 3270 1894 3295 est
1923 3264 1993 3294 eius
2016 3263 2129 3294 ultima
2155 3262 2319 3293 actualitas
2342 3268 2378 3292 ut
2406 3268 2454 3293 est

1383 3310 1417 3340 in
1440 3319 1558 3350 genere
1589 3309 1851 3349 intelligibilium.
1884 3308 1996 3339 Genus
2027 3313 2134 3341 autem
2166 3307 2246 3337 entis
2269 3307 2302 3337 in
2326 3307 2398 3337 Deo
2422 3313 2454 3337 et

1383 3363 1486 3394 genus
1510 3354 1718 3394 intelligibilis
1744 3360 1792 3384 est
1818 3352 1996 3383 formaliter
2017 3352 2118 3382 idem:
2144 3361 2219 3382 cum
2243 3351 2331 3381 Deus
2355 3352 2394 3382 sit
2422 3357 2454 3382 et

1384 3408 1454 3430 esse
1477 3400 1651 3430 subsistens
1675 3398 1895 3434 immateriale,
1920 3403 1952 3428 et
1974 3397 2150 3436 intelligere
2174 3396 2358 3426 subsistens.
2378 3396 2453 3426 Hoc

1384 3449 1493 3474 autem
1516 3444 1585 3474 aliis
1602 3448 1776 3483 quaesunt
1791 3443 1825 3473 in
1844 3442 1916 3472 Deo
1939 3451 2006 3471 non
2031 3440 2198 3471 convenit:
2224 3450 2299 3470 cum
2321 3450 2390 3470 non
2406 3439 2453 3471 di-

1383 3494 1458 3518 cant
1480 3498 1519 3519 ex
1542 3498 1576 3519 se
1599 3488 1747 3518 ultimam
1765 3487 1990 3521 actualitatem,
2006 3485 2081 3516 licet
2105 3490 2136 3515 et
2159 3485 2228 3525 ipsa
2251 3485 2453 3515 subsistentia

1382 3533 1454 3563 sint.
1478 3532 1573 3563 Unde
1597 3542 1665 3563 non
1690 3537 1764 3562 suut
1794 3531 1880 3562 idem
1912 3530 2088 3560 formaliter
2112 3539 2186 3560 cum
2211 3530 2283 3569 ipso
2308 3538 2377 3560 esse
2404 3530 2452 3560 in-

1381 3583 1541 3617 quantum
1565 3583 1612 3608 est
1636 3586 1716 3613 esse,
1741 3577 1824 3606 sicut
1846 3575 2032 3614 intelligere.
2062 3573 2104 3604 Et
2133 3579 2267 3615 propter
2296 3574 2360 3604 hoc
2383 3583 2452 3604 non

1381 3624 1520 3662 oportet,
1537 3622 1564 3652 si
1586 3622 1652 3661 agit
1674 3621 1869 3661 inquantum
1886 3625 1932 3650 est
1949 3619 1982 3649 in
2007 3624 2091 3655 actu,
2109 3618 2200 3659 quod
2223 3623 2295 3659 agat
2314 3618 2453 3659 inquan-

1381 3672 1454 3697 tum
1476 3672 1524 3697 est
1546 3667 1662 3696 iustus.

2278 3731 2310 3757 ¹9

2490 632 2702 660 ¹Cap.v‚1o;s.·rh.

2489 660 2610 708 1²¹2S-.Tli.
2638 687 2652 709 l.
2670 693 2702 714 ¹1;

2478 712 2624 740 ,Did.11,1v‚
2637 719 2668 741 ¹5.

2495 1842 2507 1889 ὲ
2519 1841 2526 1862 l
2542 1840 2642 1867 poster„
2654 1847 2707 1867 χιιι,

2493 2020 2501 2027 ·
2517 2018 2551 2040 cf.
2568 2025 2591 2040 n.
2607 2025 2618 2046 5
2637 2018 2705 2040 huius

2493 2051 2569 2073 parag.
