2768 4134
46 999 55 1007 “
67 996 143 1019 S.Th.
154 997 197 1023 l,4;
208 996 261 1018 Did.

49 1024 77 1051 V,
90 1030 120 1050 tv,
131 1031 149 1046 1.

293 309 369 335 200

290 376 429 406 maxime
445 370 655 411 intelligibilia
670 369 805 399 minime
825 371 1078 406 cognoscuntur,
1095 371 1228 405 propter
1247 365 1366 404 imper-

829 288 1018 326 SUMMA
1047 286 1271 324 CONTRA
1300 284 1578 332 GENTILES,
1609 284 1720 322 CAP.
1742 285 1909 334 LXVIII,
1928 285 2064 322 LXIX.

1421 362 1512 403 quod
1536 363 1676 402 pertinet
1699 363 1740 394 ad
1762 364 1976 400 voluntatem,
2001 369 2049 395 est
2079 364 2112 394 in
2135 364 2242 395 rebus.
2270 365 2312 396 Et
2341 366 2386 396 sic
2409 365 2500 396 Deus

291 419 465 450 sectionem
481 415 662 446 intellectus
678 413 789 444 nostri.
811 412 853 442 Et
867 410 953 447 ideo,
970 411 997 441 si
1012 420 1062 441 res
1078 410 1243 441 sensibiles
1259 419 1278 440 a
1294 409 1365 439 Deo
1421 408 1590 447 cognoscit
1613 408 1856 448 cogitationem,
1875 408 2057 440 secundum
2081 418 2180 448 quam
2203 408 2398 441 informatur
2420 419 2500 441 con-

291 466 542 503 cognoscuntur,
566 459 671 490 multo
695 457 797 497 magis
820 466 869 487 res
896 455 1127 496 intelligibiles:
1152 464 1221 485 non
1244 459 1365 489 autem,

290 508 315 538 si
338 516 399 537 nos
414 515 464 536 res
487 503 652 535 sensibiles
669 508 701 533 et
723 500 902 532 materiales
921 500 1162 540 cognoscimus,
1180 504 1310 540 oportet
1331 504 1366 529 ut

290 561 339 582 res
362 549 578 590 intelligibiles
601 548 703 588 magis
726 546 954 586 intelligamus.

345 593 534 626 Secundum
558 599 606 624 est
629 591 720 633 quod
744 591 867 622 dictum
889 589 998 620 Sancti
1021 589 1182 625 Thomae,
1208 589 1365 629 quoniam

289 640 410 671 scilicet
433 639 592 680 cogitatio
609 637 741 668 animae
762 640 810 666 est
827 645 891 675 per
905 633 1071 675 quandam
1095 634 1365 676 informationem

289 685 399 726 ipsius,
424 683 554 725 affectio
579 688 687 713 autem
708 690 772 721 per
795 679 1052 714 inclinationem,
1077 687 1147 709 non
1177 684 1225 709 est
1248 678 1293 708 sic
1316 679 1366 708 in-

289 728 501 769 telligendum
524 727 616 768 quasi
640 725 793 766 cogitatio
816 724 971 755 informet
986 724 1139 759 animam,
1164 732 1233 753 non
1256 728 1365 753 autem

290 773 428 810 affectio,
441 791 462 796 -
478 774 592 809 immo,
610 781 685 802 cum
702 776 878 810 utrumque
895 768 979 800 dicat
995 773 1104 799 actum
1120 768 1365 804 immanentem,

290 824 430 859 utroque
454 818 561 849 anima
577 816 784 847 informatur:
806 814 863 845 sed
883 813 974 854 quod
998 813 1153 853 cogitatio
1168 811 1206 843 fit
1228 821 1287 853 per
1301 813 1366 843 hoc

290 863 382 904 quod
398 863 563 894 obiectum
579 861 780 893 intellectum
797 859 908 899 aliquo
925 857 1027 889 modo
1042 856 1197 888 informat
1213 858 1365 894 animam,

290 908 418 939 affectio
442 912 551 938 autem
575 916 633 947 per
659 906 724 936 hoc
752 903 843 945 quod
873 903 980 934 anima
1010 902 1183 933 inclinatur
1204 902 1239 932 in
1262 903 1366 943 ipsam

289 963 358 984 rem
382 958 469 983 extra
491 953 643 982 animam.
668 951 791 980 Verum
807 949 905 983 enirn,
923 947 1014 988 quod
1030 947 1170 988 pertinet
1186 947 1227 977 ad
1242 947 1367 978 intelle-

290 1003 389 1034 ctum,
403 1003 450 1028 est
469 997 502 1027 in
525 997 642 1032 anima,
656 1001 691 1026 ut
708 994 824 1025 dicitur
835 993 878 1023 Vl
891 992 1076 1033 Metaph.*;
1097 992 1224 1023 bonum
1245 997 1366 1028 autem,

1421 458 1519 492 ceptu
1544 457 1575 482 et
1598 453 1698 483 verbo
1726 453 1919 490 intellectus,
1944 459 1975 485 et
1998 453 2245 484 inclinationem
2269 454 2444 485 voluntatis
2465 455 2499 485 in

1420 507 1489 528 rem
1513 497 1735 528 extrinsecam.

1477 542 1710 572 Commu-run
1733 542 1902 573 conclusio
1927 543 2118 574 auctoritate
2134 543 2264 579 Psalmi,
2286 548 2318 574 et
2333 543 2431 574 Pron.
2448 553 2499 579 xv,

1420 597 1456 617 ac
1482 586 1576 617 Ioan.
1598 597 1631 617 11.

1475 632 1529 662 Vl.
1546 631 1599 662 Ad
1615 631 1837 662 obiectionem
1851 637 1962 662 autem
1976 633 2010 663 in
2027 633 2220 673 oppositum
2235 633 2262 668 ὗ,
2285 641 2370 673 quae
2385 632 2420 663 in
2436 632 2500 663 hoc

1420 677 1581 707 consistit:
1607 676 1694 714 Quia
1714 681 1804 706 actus
1820 676 1995 707 voluntatis
2011 682 2059 708 est
2078 677 2112 708 in
2132 682 2294 718 potestate
2313 677 2499 714 voluntatis,

1419 721 1494 752 ideo
1507 731 1525 752 a
1537 721 1610 752 solo
1622 721 1754 751 volente
1770 721 1927 761 cognosci
1941 726 2059 761 potest,
2071 740 2095 744 —
2105 722 2321 763 respondetur
2333 721 2424 763 quod
2435 722 2500 753 hoc

1420 765 1512 807 quod
1528 772 1575 797 est
1597 766 1631 796 in
1651 771 1810 807 potestate
1827 764 2002 796 voluntatis
2017 766 2100 797 velle
2116 772 2148 797 et
2163 777 2233 798 non
2248 767 2342 804 velle,
2360 766 2501 798 excludit

1421 811 1555 852 quidem
1578 811 1883 842 determinationem
1910 810 1951 841 ad
1973 819 2088 847 unum,
2113 817 2146 842 et
2167 812 2356 843 violentiam
2384 821 2500 843 causae

1420 857 1598 887 extrinsece
1628 856 1805 887 moventis:
1827 864 1896 886 non
1923 860 2034 886 autem
2057 855 2199 887 excludit
2220 856 2423 888 influentiam
2447 866 2500 887 su-

1419 901 1555 942 perioris
1579 910 1695 932 causae
1714 910 1732 931 a
1750 910 1816 941 qua
1840 905 1888 930 est
1911 900 1941 930 ei
1957 909 2027 930 esse
2051 905 2083 930 et
2106 901 2243 941 operari.
2265 901 2342 932 Ideo
2365 907 2501 943 negatur

1421 947 1655 986 consequentia
1671 947 1744 976 ista:
1769 946 1869 976 Actus
1893 944 2073 975 voluntatis
2088 950 2136 975 est
2151 945 2184 975 in
2201 950 2364 986 potestate
2385 947 2501 978 volun-

1421 991 1507 1026 tatis,
1531 991 1626 1032 Ergo
1650 1001 1670 1021 a
1694 991 1766 1021 solo
1791 990 1920 1021 volente
1942 989 2166 1031 cognoscitur.

666 1267 1156 1325 CAPITULUM
1193 1266 1806 1324 SEXAGESIMUM
1841 1265 2131 1322 NONUM

1165 1394 1196 1425 Α
1229 1404 1298 1425 20v
1334 1393 1401 1424 a18
1426 1394 1495 1424 sine
1519 1393 1626 1424 titulo.

857 1503 1033 1557 QUOD
1068 1502 1234 1545 DEUS
1270 1502 1622 1544 COGNOSCIT
1657 1501 1929 1543 INFINITA

501 1652 570 1678 osr
598 1641 695 1677 haec
723 1639 1012 1676 ostendendum
1041 1648 1096 1676 est
1124 1639 1233 1688 quod
1262 1639 1370 1676 Deus
1424 1638 1556 1689 possit.
1587 1638 1695 1676 Nihil
1723 1637 1837 1687 igitur
1859 1637 2040 1688 prohibet
2059 1637 2191 1688 ipsum
2209 1651 2280 1690 per
2298 1638 2504 1678 essentiam

445 1695 486 1759 &a
519 1693 670 1732 infinita
698 1692 895 1742 cognoscit
913 1692 945 1730 ³¹².
1425 1705 1538 1730 suam
1566 1691 1716 1730 infinita
1744 1703 1991 1741 cognoscere.

446 1751 448 1753 ’
478 1749 483 1758 “
570 1747 855 1796 Cognoscendo
889 1746 995 1783 enim
1024 1758 1064 1784 se
1093 1758 1176 1783 esse
1210 1759 1369 1784 causam
1479 1747 1693 1783 Praeterea.
1715 1746 1811 1783 Esse
1830 1745 1904 1783 Dei
1919 1753 1975 1783 est
1994 1757 2113 1783 suum
2127 1745 2335 1796 intelligere
2344 1746 2376 1784 ²⁸.
2398 1746 2505 1786 Sicut

309 1657 318 1671 Κ
367 1665 417 1678 1,--

322 1689 327 1701 “
354 1665 425 1746 {fv

45 1701 53 1709 '¹
74 1699 109 1721 Cf.
131 1705 181 1726 cap.
197 1705 259 1725 Lxlv,

45 1726 140 1754 Quinto.

445 1797 481 1827 ι’]
519 1813 651 1839 rerum
679 1800 751 1838 alia
779 1813 802 1838 a
830 1813 871 1838 se
899 1800 1107 1850 cognoscit,
1128 1808 1171 1837 ut
1190 1812 1237 1837 ex
1256 1812 1370 1850 supe·
1426 1800 1539 1848 igitur
1558 1812 1676 1837 suum
1696 1811 1780 1836 esse
1800 1807 1857 1836 est
1876 1798 2085 1846 infinitum,
2106 1807 2150 1837 ut
2175 1808 2377 1838 ostensum
2397 1809 2454 1838 est
2471 1801 2503 1847 ⁸,

45 1861 54 1870 ·
70 1860 127 1887 <2²5³-
143 1865 204 1881 mx·
508 1862 622 1906 patet.
646 1856 731 1904 lpse
751 1861 883 1891 autem
903 1862 959 1891 est
977 1866 1095 1891 causa
1110 1853 1366 1901 infinitorum,
1393 1870 1402 1890 ς
1426 1853 1475 1890 ita
1513 1865 1632 1891 suum
1666 1853 1873 1902 intelligere
1902 1860 1959 1889 est
1993 1852 2202 1891 infinitum.
2237 1853 2345 1891 Sicut
2372 1861 2504 1892 autem

288 1908 318 1945 si
348 1908 497 1946 infinita
526 1916 616 1946 sunt
643 1907 760 1945 entia:
791 1915 847 1944 est
875 1907 981 1944 enim
1011 1907 1192 1945 omnium
1226 1919 1367 1945 eorum
1425 1919 1465 1944 se
1486 1907 1602 1944 habet
1630 1905 1786 1944 finitum
1809 1906 1859 1944 ad
1888 1905 2056 1954 finitum,
2078 1905 2129 1944 ita
2151 1906 2350 1945 infinitum
2369 1907 2419 1945 ad
2447 1907 2503 1946 in-

287 1974 389 2012 quae
417 1970 507 1999 sunt
535 1974 663 2000 causa.
701 1962 768 1998 Est
796 1961 910 2009 igitur
945 1960 1189 1998 infinitorum
1225 1973 1367 2010 cogno·
1423 1959 1592 1997 finitum.
1619 1959 1659 1997 Si
1689 1959 1803 2009 igitur
1830 1959 2051 1997 secundum
2079 1959 2288 2009 intelligere
2312 1968 2503 2009 nostrum,

288 2015 455 2052 scitivus.
1423 2014 1531 2063 quod
1568 2012 1726 2050 finitum
1764 2021 1839 2060 est,
1877 2012 1986 2051 finita
2023 2025 2162 2064 capere
2198 2025 2430 2064 possumus,
2468 2023 2506 2052 et

341 2069 447 2106 Item.
478 2069 586 2106 Deus
615 2079 729 2105 suam
758 2067 941 2104 virtutem
970 2067 1136 2117 perfecte
1155 2067 1366 2116 cognoscit,
1422 2067 1530 2105 Deus
1559 2067 1778 2104 secundum
1803 2079 1921 2105 suum
1950 2066 2158 2117 intelligere
2186 2067 2337 2106 infinita
2365 2070 2504 2119 capere

44 2124 53 2133 '
68 2122 124 2149 0¹⁹²
140 2127 212 2143 *Μ’
288 2131 329 2160 ut
349 2135 395 2159 ex
415 2122 563 2172 supra*
577 2121 686 2159 dictis
705 2129 819 2171 patet.
837 2120 967 2158 Virtus
987 2128 1120 2158 autem
1140 2133 1221 2158 non
1241 2129 1366 2171 potest
1383 2139 1408 2154 ιο
1421 2129 1559 2171 potest.

287 2175 468 2225 cognosci
482 2175 647 2225 perfecte
664 2174 736 2212 nisi
752 2182 1037 2224 cognoscantur
1055 2174 1191 2212 omnia
1210 2174 1249 2212 in
1264 2187 1366 2225 quae
1476 2174 1667 2224 Amplius.
1704 2174 1913 2212 Intellectus
1945 2186 2179 2226 cognoscens
2206 2177 2419 2214 maximum
2448 2177 2503 2214 in·

287 2237 428 2279 potest:
458 2241 551 2266 cum
571 2228 790 2266 secundum
811 2241 858 2265 ea
877 2228 1070 2278 quantitas
1094 2227 1244 2266 virtutis
1267 2241 1365 2278 quo·
1421 2228 1612 2279 telligibile
1635 2241 1710 2265 non
1735 2230 1858 2266 minus
1877 2229 2071 2279 cognoscit
2094 2230 2258 2275 minora,
2277 2229 2344 2267 sed
2365 2231 2502 2281 magis,

287 2282 504 2320 dammodo
533 2282 762 2320 attendatur.
793 2282 874 2320 Sua
902 2290 1034 2319 autem
1054 2281 1187 2327 virtus,
1208 2294 1301 2320 cum
1321 2282 1366 2320 sit
1422 2290 1464 2319 ut
1483 2290 1586 2332 patet
1605 2294 1675 2331 per
1693 2281 1994 2332 Philosophum,
2014 2281 2172 2320 inlude
2185 2282 2372 2321 Anima⁸½
2394 2283 2503 2333 quod

45 2338 204 2365 'Op-¹²⁰¹·
286 2335 448 2382 infinita,
478 2343 520 2372 ut
552 2343 754 2373 ostensum
783 2343 838 2372 est
867 2347 984 2384 supra
1003 2335 1035 2382 ³¹²,
1065 2335 1114 2372 ad
1148 2335 1297 2373 infinita
1325 2348 1366 2373 se
1421 2348 1468 2372 ex
1488 2337 1565 2373 hoc
1584 2335 1765 2384 provenit
1784 2335 1876 2385 quia
1896 2335 2108 2373 intellectus
2132 2347 2215 2373 non
2238 2336 2504 2387 corrumpitur

287 2388 467 2427 extendit.
498 2389 566 2426 Est
593 2388 707 2438 igitur
732 2389 840 2426 Deus
860 2388 1103 2426 infinitorum
1123 2388 1309 2438 cognitor.
1383 2406 1404 2426 ις
1421 2401 1468 2426 ex
1494 2389 1692 2426 excellenti
1725 2388 1958 2437 intelligibili,
1984 2388 2081 2427 sicut
2109 2401 2257 2437 sensuS,
2282 2389 2351 2427 sed
2379 2390 2502 2440 magis

341 2442 531 2492 Amplius.
563 2442 603 2480 Si
623 2442 695 2480 Dei
716 2442 882 2491 cognitio
903 2442 952 2480 ad
973 2441 1107 2480 omnia
1132 2454 1172 2479 se
1197 2442 1366 2480 extendit
1419 2442 1630 2493 perficitur.
1662 2442 1740 2480 Sed
1769 2442 1799 2480 si
1828 2442 2066 2492 accipiantur
2093 2442 2243 2481 infinita
2271 2443 2390 2491 entia;
2420 2443 2501 2482 sive

43 2497 170 2546 ,BQ-⁶⁸⁹·
187 2504 208 2524 ι’
223 2496 261 2518 ‘⁴⁰¹
287 2510 388 2547 quae
418 2508 672 2546 quocumque
701 2496 823 2533 modo
852 2504 953 2542 sunt,
975 2504 1016 2533 ut
1041 2503 1242 2533 ostensum
1263 2505 1319 2534 est
1333 2496 1364 2543 ²¹²,
1421 2496 1495 2534 sint
1523 2495 1701 2534 eiusdem
1729 2495 1883 2546 speciei,
1905 2505 1946 2534 ut
1966 2495 2104 2534 infiniti
2129 2496 2322 2545 homines,
2343 2497 2424 2535 sive
2440 2497 2501 2536 in-

288 2558 440 2600 oportet
468 2550 576 2600 quod
605 2562 687 2587 non
711 2550 840 2587 solum
859 2557 1067 2598 cognoscat
1087 2562 1156 2587 ens
1175 2558 1275 2595 actu,
1297 2551 1363 2588 sed
1420 2549 1620 2587 finitarum
1650 2549 1886 2599 specierum;
1916 2549 2032 2588 etiam
2061 2550 2093 2588 si
2121 2549 2251 2600 aliqua
2279 2552 2341 2589 vel
2367 2550 2502 2590 omnia

287 2605 401 2642 etiam
432 2615 501 2640 ens
528 2602 711 2653 potentia.
743 2603 820 2641 Sed
840 2602 879 2640 in
900 2603 1016 2640 rebus
1044 2603 1284 2641 naturalibus
1310 2612 1366 2642 est
1420 2611 1547 2642 essent
1566 2603 1716 2641 infinita
1735 2604 1955 2642 secundum
1974 2603 2240 2653 quantitatem,
2257 2604 2287 2642 si
2307 2605 2386 2642 hoc
2403 2612 2502 2643 esset

287 2657 483 2695 infinitum
512 2656 551 2694 in
580 2656 763 2707 potentia,
794 2656 862 2694 etsi
891 2669 972 2694 non
1001 2665 1101 2703 actu,
1123 2665 1165 2695 ut
1189 2657 1364 2696 Philoso-
1380 2674 1407 2689 20
1420 2657 1620 2708 possibile3
1651 2656 1881 2695 universum
1905 2669 2045 2696 eorum
2069 2665 2168 2695 esset
2187 2657 2349 2695 minoris
2373 2657 2500 2696 infini-

45 2710 177 2763 ζξῗξηρζ
192 2716 258 2765 ξὲξῤ
286 2713 389 2761 phus
408 2711 547 2761 probat
566 2710 605 2748 in
625 2711 671 2748 III
690 2711 941 2760 Physicorum
960 2710 991 2747 *.
1024 2710 1233 2760 Cognoscit
1253 2711 1366 2761 igitur
1419 2710 1505 2749 tatis
1523 2723 1645 2761 quam
1666 2711 1789 2748 Deus:
1811 2723 1904 2749 nam
1925 2710 2127 2761 quodlibet
2141 2723 2293 2755 eorum,
2310 2719 2347 2749 et
2366 2711 2501 2753 omnia

286 2766 393 2803 Deus
422 2763 587 2802 infinita:
619 2763 716 2802 sicut
744 2764 884 2811 unitas,
914 2777 1014 2814 quae
1045 2772 1100 2802 est
1126 2764 1365 2815 principium
1419 2765 1537 2803 simul
1575 2764 1762 2802 haberent
1794 2777 1878 2803 esse
1912 2773 2113 2815 receptum
2145 2773 2183 2803 et
2215 2764 2422 2804 limitatum
2449 2765 2500 2804 ad

286 2818 452 2865 numeri,
474 2817 643 2856 infinitas
663 2817 810 2867 species
829 2830 1088 2856 numerorum
1115 2827 1365 2867 cognosceret
1419 2818 1592 2868 aliquam
1620 2817 1792 2868 speciem
1812 2819 1872 2856 vel
1896 2830 2031 2867 genus,
2053 2827 2090 2856 et
2116 2818 2171 2856 sic
2194 2818 2414 2857 secundum
2433 2818 2499 2857 ali-

286 2872 316 2910 si
341 2879 591 2921 cognosceret
615 2871 801 2921 quicquid
827 2879 882 2908 est
908 2871 947 2908 in
967 2883 1007 2908 se
1028 2871 1066 2908 in
1091 2873 1278 2922 potentia;
1309 2882 1364 2910 est
1419 2872 1514 2922 quid
1548 2880 1647 2909 esset
1677 2871 1851 2919 finitum;
1879 2872 1986 2910 unde
2018 2871 2201 2910 deficeret
2233 2872 2283 2910 ab
2311 2871 2499 2911 infinitate

286 2926 392 2963 enim
421 2925 548 2963 unitas
577 2924 749 2974 potentia
778 2924 907 2962 omnis
935 2937 1136 2963 numems.
1379 2942 1403 2963 as
1419 2926 1504 2972 Dei,
1525 2925 1593 2976 qui
1613 2933 1670 2963 est
1688 2925 1862 2963 infinitus
1883 2925 2117 2976 simpliciter,
2138 2933 2181 2963 ut
2205 2925 2353 2976 supra*
2371 2933 2499 2964 osten-

340 2979 493 3016 Adhuc.
519 2979 626 3016 Deus
646 2978 810 3016 essentia
830 2991 900 3015 sua
920 2977 1017 3016 sicut
1036 2979 1211 3029 quodam
1232 2979 1363 3018 medio
1419 2992 1509 3017 sum
1534 2987 1601 3017 est.
1633 2979 1737 3017 Cum
1763 2978 1877 3028 igitur
1901 2979 2010 3017 Deus
2038 2979 2203 3029 perfecte
2232 2979 2407 3030 seipsum
2434 2975 2499 3018 co*-

46 3030 201 3105 ’ἓΡ-“““·
286 3032 497 3083 exemplari
530 3032 603 3070 alia
635 3031 832 3081 cognoscit
851 3031 882 3069 ³¹².
914 3032 1003 3079 Sed,
1037 3044 1130 3070 cum
1163 3032 1208 3070 sit
1241 3034 1363 3084 perfe-
1418 3041 1577 3083 gnoscat
1595 3032 1626 3080 ²⁸⁸,
1656 3032 1751 3070 nihil
1779 3032 1962 3083 prohibet
1989 3045 2083 3071 eum
2113 3032 2230 3071 etiam
2258 3032 2364 3072 illam
2392 3045 2498 3072 sum-

46 3085 55 3093 ‘
105 3090 203 3111 1³.thst

286 3086 422 3124 ctionis
447 3085 631 3132 infinitae,
653 3093 695 3123 ut
719 3084 868 3135 supra*
887 3093 1088 3124 ostensum
1109 3094 1176 3131 est,
1204 3087 1253 3124 ab
1278 3087 1363 3137 ipso
1418 3099 1526 3125 mam
1556 3085 1801 3125 infinitorum
1829 3098 2076 3135 cognoscere.

286 3139 497 3190 exemplari
525 3147 689 3190 possunt
718 3138 868 3176 infinita
897 3139 1077 3177 habentia
1110 3140 1363 3189 perfectiones
1473 3140 1625 3178 Adhuc.
1657 3140 1817 3188 Quanto
1839 3140 1978 3190 aliquis
1997 3139 2210 3178 intellectus
2229 3147 2286 3178 est
2303 3139 2499 3178 efficacior

286 3193 430 3231 finitas:
458 3192 550 3243 quia
570 3205 641 3230 nec
661 3192 819 3242 aliquod
839 3204 965 3229 unum
986 3205 1137 3240 eorum,
1158 3205 1231 3231 nec
1250 3202 1363 3244 quot·
1379 3211 1404 3231 ιο
1418 3202 1455 3231 et
1474 3193 1673 3244 limpidior
1702 3193 1741 3231 in
1770 3194 2056 3243 cognoscendo,
2076 3201 2184 3232 tanto
2203 3205 2250 3231 ex
2269 3205 2352 3231 uno
2370 3200 2497 3243 potest

287 3247 376 3284 libet
413 3248 525 3297 plura
563 3247 780 3296 exemplata
818 3245 1094 3295 perfectionem
1133 3248 1363 3298 exemplaris
1418 3248 1530 3298 plura
1558 3259 1808 3296 cognoscere:
1839 3246 1937 3285 sicut
1964 3255 2001 3285 et
2029 3247 2158 3286 omnis
2186 3245 2320 3292 virtus,
2349 3254 2496 3296 quanto

287 3301 504 3350 adaequare
523 3307 704 3350 possunt,
734 3307 771 3337 et
790 3298 843 3336 sic
863 3311 1019 3349 semper
1037 3308 1211 3338 remanet
1235 3313 1363 3339 novus
1418 3309 1474 3338 est
1492 3300 1637 3347 fortior,
1652 3308 1759 3339 tanto
1779 3308 1835 3338 est
1854 3300 1977 3350 magis
1991 3299 2109 3338 unita.
2130 3300 2345 3338 Intellectus
2364 3308 2496 3338 autem

287 3354 430 3391 modus
458 3366 539 3403 quo
568 3353 727 3403 aliquod
766 3353 1029 3402 exemplatum
1065 3353 1189 3403 ipsam
1223 3354 1362 3392 imitari
1418 3354 1575 3392 divinus
1609 3354 1828 3392 secundum
1864 3353 2077 3392 efficaciam
2105 3353 2186 3392 sive
2219 3353 2495 3403 perfectionem

342 3468 355 3493 5
376 3474 462 3494 autem
482 3469 561 3500 NZP;
580 3469 658 3494 enim.
738 3467 755 3493 6
774 3469 795 3494 si
810 3469 912 3500 Nle23
926 3469 983 3494 sed.

288 3503 312 3528 in
330 3505 443 3536 potentia
462 3505 491 3536 Z,
510 3512 557 3530 ens
575 3506 601 3530 in
620 3504 735 3538 potentia
753 3505 846 3530 ceteri.
941 3503 974 3529 26
993 3503 1087 3529 Adhuc
1107 3503 1164 3535 Nz;
1184 3504 1314 3537 Amplius.

288 3540 310 3564 Α
323 3540 395 3565 ,τοίω
403 3547 410 3570 ;
428 3543 491 3565 ante
510 3540 681 3573 perfectiones
694 3541 726 3571 X,
739 3539 851 3566 infinitae
865 3540 904 3566 Nb
917 3543 943 3566 et
956 3543 1021 3565 ante
1036 3539 1208 3573 perfectiones
1222 3540 1313 3565 ceteri.

290 3573 321 3598 33
342 3575 424 3607 ipsam
443 3575 581 3606 onvb;
601 3576 697 3609 ipsum.

342 3608 358 3633 6
376 3610 418 3644 ita]
439 3618 467 3636 se
486 3611 563 3636 habet
581 3611 687 3637 addunt
705 3611 753 3637 Pd-

289 3645 454 3670 enuntiabilia
472 3646 524 3671 ΝΖ.
618 3647 649 3672 18
669 3647 756 3681 etiam]
777 3653 802 3672 et
821 3647 871 3673 eY.

290 3679 321 3705 32
342 3680 440 3714 fortior}
460 3680 586 3707 efficacior
605 3683 635 3708 Z.

1066 3475 1097 3501 ¹7
1117 3475 1288 3501 quocumque
1302 3469 1325 3494 Α
1339 3469 1425 3499 solun
1444 3469 1672 3502 qualitercumque
1687 3468 1749 3499 ePc,
1765 3467 1952 3501 qualicumque
1965 3466 2056 3492 ceteri.
2132 3473 2164 3500 ¹9
2183 3474 2231 3492 ens
2246 3467 2362 3500 potentin
2373 3468 2397 3492 Α
2409 3468 2496 3500 solun

1401 3505 1514 3530 essentia
1533 3512 1582 3530 sua
1601 3505 1622 3529 Α
1641 3504 1727 3534 solun
1746 3511 1794 3536 per
1812 3501 1953 3528 essentiam
1968 3509 2044 3527 tuam
2058 3501 2090 3534 (N
2105 3502 2163 3527 sine
2175 3502 2274 3537 sunm).
2358 3502 2392 3528 30
2410 3501 2496 3530 finitas

1400 3539 1538 3575 quotlibet}
1554 3540 1686 3574 quaelibet
1698 3537 1907 3569 DGwvsuch,
1921 3537 1994 3570 quod
2008 3537 2069 3563 licet
2080 3537 2109 3568 Ζ,
2123 3538 2259 3572 quodlibet
2272 3539 2394 3565 scribunt
2405 3539 2496 3565 ceteri.

844 3611 861 3637 8
881 3610 962 3645 finita]
982 3609 1086 3671 finarum
1105 3610 1163 3671 aliz

959 3653 992 3680 19
1029 3653 1061 3671 oc
1080 3653 1123 3671 om
1165 3664 1171 3670 .

1873 3614 1901 3633 11
1925 3608 2057 3643 Amplius]
2077 3609 2215 3635 Praeterea
2233 3610 2277 3636 Pc.
2364 3608 2398 3636 16
2417 3609 2495 3645 entia]

1246 3617 1262 3644 9
1282 3610 1436 3646 intelligere]
1457 3610 1585 3637 infinitum
1605 3610 1713 3636 addunt
1731 3610 1780 3636 Pa.

2072 3644 2101 3670 31
2125 3645 2191 3671 sicut
2210 3645 2244 3680 et]
2263 3646 2330 3672 sicut
2349 3645 2494 3672 GWYch.

1260 3653 1292 3679 27
1313 3646 1401 3680 etiam]
1422 3652 1447 3672 et
1467 3654 1493 3672 α.
1581 3646 1614 3672 30
1633 3644 1773 3680 limpidior]
1794 3642 1939 3678 simplicior
1957 3644 1985 3671 Z.

2529 625 2624 648 'Ca.

2648 631 2715 654 thn,

2529 652 2596 681 Quor
2606 658 2630 675 a.

2531 1752 2542 1762 ·
2557 1750 2616 1779 cap.
2626 1757 2680 1773 ην.

2532 1805 2542 1815 ·
2558 1804 2617 1833 cap.
2628 1810 2695 1826 xuu.

2530 2284 2606 2339 ''gap-
2611 2290 2662 2314 tv‚5;
2669 2285 2748 2314 ⁸:171„

2526 2930 2536 2939 ·
2551 2927 2608 2957 esp.
2623 2934 2689 2953 ιιιῐι.

2525 3035 2535 3044 “
2550 3033 2607 3063 Cnp.
2622 3040 2694 3058 nvn.
