2742 4152
0 3375 9 3391 ,⁷-
163 3386 167 3390 .

0 3395 9 3410 {1

0 3409 10 3446 ’,ἓ
43 3416 55 3427 ·
69 3414 126 3443 cm.
135 3421 202 3438 um.

859 263 1047 302 SUMMA
1077 264 1299 303 CONTRA
1327 266 1602 314 GENTILES,
1634 267 1744 304 CAP.
1767 268 1895 303 XVIII.

2423 280 2473 316 49

647 422 1171 479 CAPITULUM
1224 424 1635 479 DECIMUM
1687 423 2109 479 OCTAVUM

764 550 940 602 QUOD
975 551 1035 591 IN
1069 552 1196 592 DEo
1231 535 1592 592 NULLAEST
1627 549 1996 590 COMPosmo

360 712 371 719 .
417 705 421 712 ⁴
466 691 471 711 r
487 682 512 707 x
525 670 747 719 praemissis
767 679 898 708 autem
913 672 1092 709 concludi
1107 680 1233 722 potest
1246 671 1355 720 quod

381 722 405 744 ⁴³
432 724 450 769 ‘-
468 720 476 730 '
502 723 541 759 in
570 723 656 760 Deo
685 725 791 761 nulla
819 724 865 761 sit
893 725 1138 774 compositio.

316 810 320 818 ,
351 804 376 823 Α
406 770 472 825 3⁶⁶„
551 777 658 813 Nam
678 776 718 813 in
738 777 846 814 omni
866 778 1086 827 composito
1106 784 1258 826 oportet
1272 788 1356 813 esse

308 829 317 855 ἶ
409 828 415 833 ’
445 829 473 845 ”
503 836 634 866 actum
663 838 700 866 et
727 830 953 880 potentiam.
982 830 1078 867 Non
1111 829 1217 866 enim
1245 830 1357 878 plura

277 889 443 931 possunt
463 881 688 932 simpliciter
706 895 834 920 unum
852 882 938 920 fieri
962 882 1035 919 nisi
1059 881 1205 931 aliquid
1233 881 1279 919 sit
1305 882 1357 919 ibi

278 941 398 982 actus,
415 941 451 971 et
465 935 571 973 aliud
586 936 769 985 potentia.
786 936 900 983 Quae
919 934 1027 972 enim
1046 942 1135 972 actu
1155 943 1256 981 sunt,
1277 932 1358 972 n0n

279 986 470 1025 uniuntur
505 988 579 1026 'nisi
615 989 728 1038 quasi
763 988 939 1036 colligata
975 989 1038 1024 vel
1067 988 1164 1025 sicut
1198 1000 1358 1036 congre-

278 1048 376 1088 gata,
406 1053 508 1090 quae
527 1053 610 1079 non
633 1049 723 1079 sunt
742 1053 868 1078 unum
894 1040 1127 1090 simpliciter.
1153 1042 1195 1078 ln
1214 1041 1358 1090 quibus

279 1093 396 1131 etiam
414 1094 521 1144 ipsae
539 1102 667 1144 partes
686 1101 939 1142 congregatae
959 1101 1049 1131 sunt
1072 1093 1170 1132 sicut
1186 1094 1359 1144 potentia

279 1154 458 1196 respectu
476 1146 651 1184 unionis:
682 1155 772 1184 sunt
795 1147 901 1184 enim
926 1146 1056 1184 unitae
1082 1147 1122 1184 in
1146 1155 1234 1185 actu
1253 1155 1357 1197 post-

279 1212 402 1249 quam
429 1199 570 1237 fuerint
594 1199 633 1237 in
652 1200 826 1250 potentia
844 1200 1021 1238 unibiles.
1051 1201 1092 1237 In
1121 1201 1207 1238 Deo
1227 1209 1359 1238 autem

279 1254 386 1291 nulla
413 1260 470 1290 est
497 1253 670 1303 potentia
683 1253 715 1291 *.
745 1254 840 1291 Non
869 1262 925 1291 est
953 1253 1066 1302 igitur
1085 1253 1125 1290 in
1153 1266 1201 1291 eo
1228 1254 1360 1304 aliqua

279 1305 525 1357 compositio.
546 1319 575 1323 Ἀ

273 1359 440 1397 f‘ltem.
481 1360 613 1398 Omne
651 1359 916 1409 compositum
954 1359 1146 1410 posterius
1183 1368 1239 1397 est
1280 1360 1359 1398 suis

279 1411 620 1463 componentibus.
660 1412 840 1450 Primum
875 1425 966 1462 ergo
1003 1425 1084 1459 ens,
1114 1414 1223 1462 quod
1251 1414 1359 1451 Deus

279 1473 337 1504 est
354 1465 387 1512 *,
416 1478 464 1504 ex
493 1465 608 1503 nullis
636 1465 902 1515 compositum
930 1474 997 1503 est.

333 1519 487 1557 Adhuc.
518 1520 650 1558 Omne
669 1519 935 1569 compositum
964 1527 1020 1557 est
1042 1519 1215 1569 potentia
1238 1519 1360 1557 disso-

278 1572 408 1620 lubile,
424 1579 618 1623 quantum
634 1581 690 1610 est
709 1584 756 1610 ex
776 1573 923 1610 ratione
942 1571 1253 1622 compositionis:
1275 1572 1360 1610 licet

278 1625 319 1663 in
347 1626 586 1676 quibusdam
606 1626 652 1663 sit
671 1626 817 1676 aliquid
846 1626 951 1664 aliud
979 1625 1222 1663 dissolutioni
1245 1638 1359 1676 repu-

279 1690 415 1729 gnans.
437 1679 558 1727 Quod
578 1687 711 1717 autem
730 1687 786 1718 est
805 1678 1041 1726 dissolubile,
1058 1686 1114 1716 est
1134 1678 1172 1716 in
1187 1679 1360 1728 potentia

280 1733 332 1771 ad
357 1745 440 1771 non
469 1745 564 1771 esse.
595 1733 718 1781 Quod
746 1734 832 1771 Deo
861 1745 942 1771 non
971 1731 1171 1782 competit:
1202 1745 1295 1770 cum
1314 1732 1361 1770 sit

279 1798 351 1836 per
369 1799 410 1825 se
429 1798 587 1824 necesse
613 1798 697 1824 esse
715 1786 747 1824 ²⁸⁶.
778 1787 871 1824 Non
891 1795 948 1825 est
966 1786 1080 1835 igitur
1098 1785 1137 1823 in
1158 1798 1206 1823 eo
1231 1786 1360 1836 aliqua

279 1839 529 1890 compositio.

335 1893 526 1943 Amplius.
541 1893 684 1931 Omnis
697 1893 932 1943 compositio
948 1892 1091 1941 indiget
1105 1892 1237 1942 aliquo
1252 1904 1359 1929 com-

280 1954 468 1997 ponente:
499 1946 530 1984 si
549 1946 655 1984 enim
674 1946 907 1996 compositio
927 1954 994 1994 est,
1015 1958 1062 1983 ex
1089 1945 1266 1996 pluribus
1286 1953 1359 1992 est3

281 2011 384 2049 quae
412 2007 543 2038 autem
574 2000 794 2037 secundum
823 2012 863 2037 se
893 2007 983 2037 sunt
1010 2000 1134 2049 plura,
1164 1998 1203 2036 in
1231 2011 1359 2036 unum

281 2064 364 2090 non
391 2052 647 2091 convenirent
670 2053 744 2090 nisi
762 2053 812 2090 ab
831 2053 964 2103 aliquo
992 2059 1255 2102 componente
1275 2051 1360 2089 uni-

282 2113 427 2144 rentur.
459 2106 500 2144 Si
528 2106 642 2154 igitur
669 2106 912 2156 compositus
930 2113 1029 2143 esset
1056 2106 1176 2152 Deus,
1201 2105 1361 2142 haberet

280 2167 609 2210 componentem:
639 2172 721 2197 non
750 2159 856 2197 enim
888 2159 970 2209 ipse
999 2158 1172 2208 seipsum
1201 2170 1360 2208 compo·

280 2215 380 2251 nere
401 2221 544 2263 posset,
570 2213 663 2263 quia
686 2212 782 2250 nihil
801 2220 856 2250 est
875 2225 992 2250 causa
1016 2211 1075 2249 sui
1104 2211 1241 2262 ipsius;
1263 2219 1361 2248 esset

336 2326 350 2354 5
370 2336 453 2354 unum
466 2331 532 2361 post
546 2326 601 2353 fien'
615 2328 686 2354 GPc.

280 2368 368 2390 mern
389 2363 463 2395 anx,
481 2371 525 2389 om
544 2363 577 2389 N.

334 2407 351 2433 7
369 2399 486 2433 aliquam

280 2435 352 2461 enim
370 2434 542 2468 DGWpNPc,
561 2439 648 2460 autem
667 2434 696 2460 Z.

772 2326 789 2352 6
807 2326 886 2361 aliud]
907 2326 1006 2360 aliquid
1018 2326 1130 2358 ENZPc,
1143 2333 1186 2351 om
1200 2326 1232 2352 Y.

1319 2333 1351 2359 ²7
1371 2324 1549 2359 convenirent]
1570 2327 1728 2351 conveniunt
1741 2326 1857 2352 EGYPc.

505 2398 590 2432 frigidi
607 2397 817 2432 permixtionem]
838 2398 935 2432 aliquid
953 2397 1037 2431 frigidi
1057 2397 1256 2431 permixtionem
1277 2395 1445 2430 (permixtum
1467 2397 1520 2428 ΡΥ,
1534 2404 1576 2422 om
1590 2397 1622 2431 Z)
1642 2397 1714 2427 αΥΖ,
1732 2397 1846 2430 aliquam
1866 2397 2064 2430 permixtionem
2088 2398 2170 2432 frigidi
2190 2398 2256 2424 DPc.

1411 670 1517 707 enim
1545 670 1652 719 prius
1685 670 1825 719 seipso,
1854 671 1962 719 quod
1995 680 2051 708 est
2082 671 2329 721 impossibile.
2360 674 2477 710 Com-

1410 735 1562 772 ponens
1582 731 1713 760 autem
1733 731 1788 760 est
1807 736 1924 761 causa
1951 724 2121 761 efficiens
2140 725 2355 774 compositi.
2376 727 2477 774 Ergo

1411 776 1518 813 Deus
1533 776 1692 814 haberet
1711 788 1867 814 causam
1889 777 2131 814 efficientem.
2154 778 2202 814 Et
2220 777 2274 814 sic
2288 790 2367 815 non
2382 787 2480 816 esset

1411 841 1528 866 causa
1556 829 1694 879 prima,
1724 830 1832 879 quod
1861 830 2012 879 supra*
2040 830 2216 867 habitum
2244 839 2310 868 est.

1379 895 1389 915 ς
1466 883 1572 919 Item.
1598 884 1639 919 In
1668 882 1841 932 quolibet
1868 895 2007 931 genere
2036 891 2141 920 tanto
2170 883 2314 933 aliquid
2338 892 2393 921 est
2411 897 2480 922 no-

1412 934 1526 972 bilius
1555 944 1702 984 quanto
1736 936 1966 985 simplicius:
1998 936 2094 973 sicut
2127 936 2166 973 in
2200 949 2339 985 genere
2372 937 2482 975 calidi

1413 988 1521 1036 ignis,
1551 989 1619 1038 qui
1647 1001 1728 1026 non
1757 990 1873 1026 habet
1905 989 2077 1038 aliquam
2108 989 2230 1037 frigidi
2263 990 2482 1039 permixtio-

1414 1053 1517 1078 nem.
1549 1042 1669 1089 Quod
1699 1042 1812 1091 igitur
1831 1050 1886 1079 est
1904 1042 1943 1079 in
1963 1042 2043 1080 fine
2071 1042 2275 1080 nobilitatis
2304 1043 2483 1081 omnium

1414 1094 1574 1142 entium,
1605 1103 1757 1144 oportet
1791 1107 1875 1132 esse
1908 1095 1947 1132 in
1985 1095 2064 1132 fine
2103 1095 2361 1145 simplicitatis„
2396 1097 2483 1134 Hoc

1375 1164 1400 1178 ιο
1414 1155 1546 1185 autem
1575 1149 1683 1198 quod
1712 1156 1767 1185 est
1796 1148 1835 1185 in
1863 1148 1942 1185 fine
1976 1148 2182 1186 nobilitatis
2210 1149 2389 1186 omnium
2417 1162 2482 1186 en—

1413 1200 1523 1247 tium,
1544 1201 1710 1238 dicimus
1729 1202 1871 1249 Deum,
1892 1214 1984 1239 cum
2004 1202 2050 1239 sit
2067 1202 2195 1251 prima
2213 1214 2347 1240 causa:
2368 1214 2484 1240 causa

1414 1254 1520 1291 enim
1539 1262 1595 1291 est
1614 1254 1782 1292 nobilior
1800 1255 1952 1292 effectu.
1978 1256 2095 1292 Nulla
2114 1255 2227 1304 igitur
2254 1255 2483 1305 compositio

1414 1307 1449 1344 ei
1477 1307 1651 1344 accidere
1679 1315 1815 1357 potest.

1468 1361 1680 1398 Praeterea.
1711 1361 1753 1398 In
1780 1360 1888 1398 omni
1908 1360 2125 1410 composito
2145 1361 2295 1398 bonum
2322 1374 2403 1399 non
2430 1370 2485 1399 est

1374 1426 1397 1446 ¹⁵
1415 1413 1532 1451 huius
1550 1415 1612 1451 vel
1631 1413 1730 1451 illius
1749 1413 1878 1463 partis,
1894 1414 1962 1451 sed
1981 1414 2109 1461 totius,
2129 1437 2153 1440 -
2173 1422 2209 1451 et
2229 1414 2314 1452 dico
2333 1415 2484 1452 bonum

1415 1467 1634 1504 secundum
1652 1467 1757 1504 illam
1776 1467 1989 1504 bonitatem
2007 1479 2108 1516 quae
2128 1475 2183 1504 est
2201 1467 2356 1517 propria
2370 1468 2486 1505 totius

1415 1528 1452 1556 et
1479 1519 1662 1569 perfectio
1695 1519 1798 1557 eius:
1833 1533 1926 1557 nam
1958 1528 2085 1569 partes
2122 1528 2212 1557 sunt
2243 1520 2486 1569 imperfectae

1416 1581 1594 1622 respectu
1627 1572 1763 1619 totius;
1794 1573 1891 1610 sicut
1923 1581 2050 1622 partes
2082 1573 2253 1610 hominis
2285 1585 2365 1610 non
2398 1582 2488 1611 sunt

1416 1627 1552 1673 homo,
1582 1633 1709 1675 partes
1738 1625 1853 1663 etiam
1880 1626 2033 1663 numeri
2062 1626 2200 1663 senarii
2232 1638 2311 1663 non
2345 1627 2488 1664 habent

1376 1696 1402 1710 ιο
1415 1678 1692 1729 perfectionem
1713 1679 1864 1726 senarii,
1885 1687 1922 1716 et
1941 1679 2111 1716 similiter
2124 1687 2251 1729 partes
2264 1679 2387 1717 lineae
2406 1692 2487 1717 non

1415 1732 1649 1782 perveniunt
1677 1733 1726 1770 ad
1763 1732 2039 1782 perfectionem
2076 1744 2281 1770 mensurae
2319 1745 2419 1782 quae
2448 1733 2487 1770 in

1415 1793 1495 1823 tota
1513 1785 1615 1823 linea
1634 1785 1840 1823 invenitur.
1862 1785 1903 1823 Si
1922 1798 2013 1835 ergo
2033 1786 2141 1823 Deus
2160 1793 2216 1823 est
2235 1785 2486 1836 compositus,

1415 1838 1597 1889 perfectio
1617 1847 1654 1876 et
1673 1839 1825 1876 bonitas
1845 1839 1928 1876 eius
1946 1839 2104 1889 propria
2122 1839 2317 1876 invenitur
2334 1839 2374 1876 in
2393 1847 2486 1886 toto,

1415 1904 1497 1929 non
1525 1899 1658 1929 autem
1691 1892 1731 1929 in
1759 1892 1887 1942 aliqua
1924 1892 2007 1930 eius
2035 1892 2215 1942 partium.
2249 1893 2298 1930 Et
2326 1892 2379 1930 sic
2406 1905 2487 1930 non

1374 1956 1399 1977 ²⁵
1415 1945 1485 1982 erit
1503 1945 1542 1982 in
1564 1957 1611 1982 eo
1626 1957 1724 1995 pure
1739 1945 1832 1983 illud
1852 1945 2004 1983 bonum
2024 1946 2132 1995 quod
2147 1954 2203 1983 est
2216 1945 2418 1995 proprium
2439 1946 2484 1983 ei.

1414 1999 1509 2036 Non
1537 2006 1593 2035 est
1612 2010 1703 2047 ergo
1722 1997 1804 2048 ipse
1823 1998 1995 2048 primum
2027 2006 2062 2036 et
2090 2011 2292 2036 summum
2321 1999 2483 2037 bonum.

1468 2052 1575 2089 Item.
1610 2053 1710 2088 Ante
1738 2064 1901 2089 omnem
1935 2051 2223 2090 multitudinem
2252 2060 2403 2102 oportet
2430 2052 2486 2090 in-

1415 2104 1547 2142 venire
1581 2104 1779 2142 unitatem.
1814 2106 1856 2142 In
1885 2105 1995 2142 omni
2027 2113 2158 2143 autem
2186 2106 2402 2155 composito
2430 2114 2486 2143 est

1415 2157 1635 2195 multitudo.
1657 2157 1773 2206 Igitur
1791 2166 1943 2208 oportet
1961 2158 2000 2196 id
2020 2159 2127 2208 quod
2156 2167 2211 2196 est
2239 2166 2326 2196 ante
2341 2159 2484 2204 omnia,

1376 2222 1402 2242 ³0
1416 2211 1555 2248 scilicet
1583 2211 1727 2258 Deum,
1757 2211 1864 2249 omni
1894 2211 2176 2261 compositione
2204 2224 2343 2249 carere.

1943 2326 2086 2361 unirentur]
2106 2327 2227 2352 uniantur
2241 2328 2269 2352 Ρ.
2356 2336 2388 2362 ²9
2407 2328 2486 2362 enim]

2349 2406 2382 2433 ²9
2400 2399 2486 2433 etiam]

1046 2520 1386 2554 Commentariis.
1416 2520 1728 2553 Fet-ramensis

285 2621 485 2688 posroum
516 2611 651 2642 exclusit
678 2610 815 2642 Sanctus
839 2610 984 2641 Thomas
1015 2619 1033 2640 a
1066 2610 1138 2640 Deo
1175 2609 1359 2650 potentiali-

337 2662 436 2688 tatem
467 2657 637 2697 passivam,
670 2661 909 2695 consequenter
939 2661 971 2685 et
1001 2655 1275 2695 compositionem
1306 2663 1359 2684 ex—

248 2718 254 2723 ·
280 2701 383 2734 cludit
393 2702 420 2732 ³.
445 2700 541 2732 Circa
563 2701 627 2731 hoc
643 2705 753 2731 autem
769 2699 836 2730 duo
860 2698 951 2730 facit:
975 2700 1083 2740 primo
1107 2699 1194 2729 enim
1219 2698 1359 2729 excludit

280 2746 558 2788 compositionem
571 2745 805 2781 universaliter;
822 2743 979 2780 secundo,
993 2743 1033 2774 ad
1048 2743 1254 2784 particulares
1267 2752 1358 2773 com-

281 2791 463 2833 positiones
485 2789 661 2826 descendit‚
687 2789 791 2829 capite
811 2798 862 2818 xx.

337 2835 432 2867 Circa
446 2836 591 2876 primum
607 2833 674 2864 duo
690 2833 782 2864 facit:
807 2833 926 2873 primo,
944 2832 1085 2863 excludit
1101 2842 1119 2862 a
1135 2832 1206 2862 Deo
1224 2840 1358 2862 omnem

281 2880 575 2921 compositionem;
599 2877 755 2914 secundo,
780 2877 946 2918 quoddam
978 2876 1109 2908 deducit
1139 2876 1357 2912 corollarium,

282 2926 388 2966 capite
411 2925 571 2965 sequenti.

338 2969 362 3000 1.
386 2968 557 3007 Quantum
580 2967 621 2998 ad
649 2967 803 3007 primum,
826 2966 943 3006 probat
974 2966 1098 2996 nullam
1123 2974 1191 2995 esse
1222 2965 1254 2995 in
1285 2965 1357 2995 Deo

282 3013 559 3054 compositionem.
584 3012 626 3042 Et
649 3011 753 3051 arguit
769 3010 881 3051 primo
899 3010 954 3040 sic.
979 3010 1015 3040 In
1031 3010 1103 3040 Deo
1120 3009 1208 3040 nulla
1229 3015 1277 3040 est
1297 3019 1358 3050 po-

281 3059 391 3089 tentia.
416 3058 503 3098 Ergo
526 3056 616 3087 nulla
640 3055 848 3096 compositio.
875 3073 898 3077 —
924 3054 1083 3084 Probatur
1113 3054 1357 3094 consequentia.

282 3103 370 3142 Quia
391 3103 449 3133 ubi
473 3107 520 3133 est
543 3100 752 3140 compositio,
776 3100 820 3129 ibi
844 3104 892 3129 est
914 3104 1004 3129 actus
1035 3104 1067 3129 et
1095 3099 1250 3139 potentia.
1281 3099 1358 3129 Non

283 3148 371 3179 enim
395 3156 434 3178 ex
456 3147 603 3188 pluribus
626 3150 735 3185 potest
757 3144 945 3183 simpliciter
967 3153 1071 3174 unum
1092 3142 1162 3173 fieri
1176 3144 1237 3174 nisi
1253 3152 1358 3174 unum

282 3194 324 3224 sit
346 3198 437 3223 actus
460 3197 492 3222 et
514 3192 651 3222 alterum
674 3189 838 3230 potentia:
867 3193 950 3219 esset
980 3188 1067 3218 enim
1097 3197 1201 3218 unum
1231 3193 1358 3218 tantum

284 3237 491 3278 colligatione
515 3241 547 3267 et
569 3234 831 3276 congregatione,
852 3234 878 3263 si
901 3238 1078 3272 utrumque
1094 3237 1177 3262 esset
1192 3238 1292 3263 actus.
1317 3232 1359 3263 Et

282 3287 393 3312 tamen
427 3281 523 3312 etiam
558 3280 603 3310 sic
635 3281 724 3320 ipsae
756 3283 862 3319 partes
895 3283 1001 3308 essent
1031 3277 1178 3317 potentia
1209 3282 1358 3317 respectu

283 3326 426 3358 unionis.

339 3369 605 3402 Fundamentum
627 3369 725 3399 huius
747 3367 879 3398 rationis
902 3365 1035 3396 inferius
1058 3367 1092 3396 in
1115 3365 1268 3396 Secundo
1302 3365 1357 3396 de-

285 3415 455 3447 clarabitur
470 3415 497 3451 *,
521 3414 578 3445 ubi
601 3413 641 3444 de
664 3412 845 3453 pluralitate
868 3411 1045 3442 formarum
1069 3419 1175 3441 sermo
1199 3410 1267 3440 erit.

340 3460 378 3491 11.
403 3459 562 3490 Secundo.
587 3458 677 3489 Deus
700 3463 748 3488 est
768 3457 910 3497 primum
926 3465 993 3486 enS.
1017 3455 1103 3495 Ergo
1119 3464 1188 3485 non
1204 3460 1252 3485 est
1267 3463 1358 3484 com-

283 3505 419 3546 positus.
444 3522 468 3526 —
489 3504 647 3534 Probatur
670 3502 914 3542 consequentia.
945 3500 1031 3538 Quia
1063 3500 1283 3540 compositum
1311 3504 1359 3530 est

283 3550 445 3590 posterius
467 3549 533 3579 suis
557 3547 842 3587 componentibus

339 3593 481 3624 Adverte
505 3592 596 3633 quod
619 3592 841 3632 compositum
865 3595 1070 3630 comparatur
1094 3589 1133 3619 ad
1157 3598 1230 3619 suas
1252 3593 1358 3629 partes

285 3643 523 3679 componentes
546 3637 657 3677 aliquo
681 3635 783 3666 modo
807 3636 890 3666 sicut
913 3640 1002 3665 actus
1018 3633 1058 3664 ad
1073 3634 1262 3674 potentiam.
1280 3631 1357 3663 Ideo

427 3699 522 3723 Smnu
543 3698 653 3722 Coum
673 3697 807 3722 Gna-iuis
827 3696 858 3721 D.
876 3695 993 3720 Tamus
1012 3695 1082 3719 Tou.
1101 3694 1119 3719 1.

1413 2610 1447 2639 in
1470 2618 1587 2649 genere
1611 2618 1726 2639 causae
1756 2607 1899 2639 formalis
1931 2614 2038 2639 totum
2062 2615 2110 2640 est
2132 2610 2197 2640 suis
2224 2611 2367 2650 partibus
2396 2611 2484 2651 prius

1413 2653 1594 2684 secundum
1621 2659 1784 2683 naturam:
1815 2653 1849 2683 in
1879 2662 1996 2693 genere
2031 2660 2139 2684 autem
2171 2663 2285 2685 causae
2313 2655 2484 2685 materialis

1412 2703 1518 2738 partes
1534 2703 1609 2728 sunt
1624 2698 1747 2738 priores
1763 2702 1844 2728 toto.
1866 2697 2001 2738 Propter
2017 2698 2106 2738 quod
2122 2698 2228 2738 inquit
2243 2698 2377 2729 Sanctus
2393 2699 2483 2729 Tho-

2508 834 2516 841 ·
2532 831 2590 859 Cap.
2600 838 2651 854 xni.

1412 2751 1480 2772 mas
1497 2741 1538 2772 111
1555 2742 1653 2777 Sent„
1678 2741 1708 2772 d.
1726 2752 1758 2778 11,
1776 2751 1807 2782 q.
1824 2752 1857 2778 11,
1880 2751 1907 2772 a.
1928 2750 1940 2772 1
1958 2743 1985 2778 *,
2010 2743 2101 2782 quod
2118 2748 2232 2783 partes
2254 2748 2330 2773 sunt
2350 2744 2483 2784 priores
2509 2746 2518 2754 '
2574 2745 2587 2758 ⁸

1413 2791 1480 2817 toto
1515 2786 1734 2828 originaliter,
1769 2786 1826 2817 sed
1855 2787 2042 2827 completive
2065 2797 2083 2818 e
2105 2797 2272 2818 converse.
2304 2787 2403 2825 Quod
2435 2794 2482 2818 est

1412 2831 1518 2861 dicere
1542 2832 1618 2871 quia
1641 2832 1693 2861 via
1715 2832 1930 2871 generationis
1954 2837 1986 2861 et
2011 2832 2172 2868 materiae,
2204 2842 2268 2872 qua
2297 2832 2482 2872 proceditur

1413 2875 1452 2906 de
1486 2876 1632 2916 potentia
1655 2875 1695 2906 ad
1719 2882 1838 2912 actum,
1862 2881 1967 2916 partes
1999 2882 2074 2907 sunt
2105 2877 2227 2916 priores
2257 2882 2343 2906 toto:
2368 2877 2480 2907 ordine

1412 2925 1521 2951 autern
1544 2926 1677 2950 naturae
1701 2926 1732 2951 et
1755 2920 1889 2956 formae,
1907 2930 1924 2950 a
1941 2929 2004 2960 qua
2028 2921 2072 2951 rei
2096 2922 2244 2961 provenit
2260 2921 2480 2961 complemen-

1411 2970 1493 3001 tum,
1517 2970 1624 2995 totum
1649 2970 1696 2995 est
1719 2965 1862 3005 partibus
1885 2965 1984 3005 prius.

1468 3009 1520 3039 111.
1542 3009 1662 3040 Tertio.
1687 3009 1721 3040 Si
1745 3015 1827 3040 esset
1843 3010 2054 3049 compositus,
2071 3015 2182 3050 posset
2196 3019 2264 3040 non
2281 3018 2359 3040 esse.
2381 3009 2481 3047 Quod

1412 3053 1484 3084 Deo
1507 3063 1575 3084 non
1600 3055 1766 3094 competit.
1789 3072 1813 3077 —
1834 3054 1993 3084 Probatur
2015 3054 2256 3094 consequentia.
2282 3053 2366 3091 Quia
2390 3064 2479 3084 com-

1412 3099 1557 3139 positum
1580 3107 1690 3134 omne,
1714 3104 1751 3129 ut
1774 3099 1829 3135 sic,
1854 3104 1901 3129 est
1921 3098 2122 3129 dissolubile:
2146 3099 2220 3129 licet
2235 3099 2267 3128 in
2288 3098 2480 3138 quibusdam

1412 3143 1452 3173 sit
1475 3143 1597 3183 aliquid
1620 3142 1825 3173 dissolutioni
1849 3152 2042 3183 repugnans.

1468 3187 1531 3218 Sed
1555 3187 1681 3218 videtur
1695 3188 1775 3218 haec
1791 3188 1871 3217 ratio
1888 3188 2025 3227 seipsam
2048 3186 2219 3217 destruere.
2245 3186 2376 3217 Dicetur
2392 3187 2479 3217 enim

1412 3231 1512 3272 quod,
1537 3232 1611 3262 licet
1643 3242 1681 3262 ex
1712 3241 1752 3262 eo
1783 3231 1874 3272 quod
1902 3231 1990 3262 Deus
2021 3236 2068 3261 est
2097 3231 2296 3271 compositus
2329 3236 2480 3271 sequatur

1411 3277 1519 3316 ipsum
1542 3285 1638 3317 posse
1661 3286 1729 3306 non
1753 3285 1832 3312 esse,
1856 3282 1965 3306 tamen
1988 3285 2084 3316 posse
2107 3285 2175 3306 non
2191 3285 2259 3306 esse
2275 3275 2334 3305 sibi
2350 3275 2479 3306 aliunde

1411 3326 1578 3361 repugnat,
1604 3326 1635 3351 et
1658 3326 1706 3351 est
1729 3330 1785 3351 ens
1808 3330 1939 3351 necesse
1964 3330 2041 3350 esse.

1467 3365 1519 3396 Ad
1549 3366 1645 3395 huius
1673 3365 1866 3396 evidentiam
1895 3364 2061 3395 sciendum
2093 3363 2182 3403 quod
2214 3373 2312 3394 omne
2343 3373 2479 3404 compo-

1411 3410 1508 3440 situm
1531 3409 1668 3440 includit
1690 3409 1782 3450 plura
1805 3410 1929 3440 realiter
1952 3409 2107 3444 distincta,
2133 3417 2170 3438 ex
2194 3408 2311 3448 quibus
2342 3418 2478 3448 compo-

1410 3460 1514 3485 natur.
1539 3454 1633 3492 Quae
1657 3460 1766 3484 autem
1789 3460 1863 3485 sunt
1886 3453 2010 3484 realiter
2033 3453 2188 3488 distincta,
2211 3458 2249 3482 ut
2278 3453 2403 3483 realiter
2432 3452 2480 3483 di-

1411 3500 1526 3529 stincta
1549 3504 1633 3535 sunt,
1657 3508 1725 3529 non
1755 3499 1943 3529 inconvenit
1972 3507 2067 3537 posse
2098 3497 2136 3527 ab
2159 3497 2299 3527 invicem
2322 3498 2477 3538 separari:

1410 3544 1486 3574 licet
1509 3543 1683 3583 aliquando
1708 3553 1746 3574 ex
1769 3542 2011 3583 particularibus
2034 3542 2099 3572 suis
2122 3541 2299 3572 rationibus
2322 3547 2479 3582 repugnet

1411 3594 1447 3619 ut
1470 3593 1666 3628 separentur,
1692 3597 1730 3618 ex
1754 3597 1794 3617 eo
1818 3587 1907 3627 quod
1930 3595 2033 3617 unum
2050 3585 2090 3616 ad
2110 3586 2244 3617 alterum
2267 3587 2478 3617 necessariam

1410 3633 1507 3663 habet
1530 3632 1787 3673 dependentiam.
1812 3631 1900 3662 Bene
1917 3640 1993 3671 ergo
2010 3630 2125 3661 dicitur
2146 3631 2234 3671 quod
2259 3632 2478 3671 compositum

2319 3699 2334 3724 7
