2768 4134
58 892 68 902 ·
86 890 149 912 Lect.
168 896 180 912 2
206 888 268 918 (Did.

57 917 148 944 tib.1v,
160 922 210 944 cap.
223 915 258 944 ιι).

51 2404 63 2415 ·
77 2403 149 2426 Num.
164 2409 191 2431 n,
201 2409 221 2426 2.

58 3343 70 3354 '¹
80 3342 116 3365 Cf.
127 3349 151 3366 n.
162 3349 194 3366 ιι.

775 277 963 315 SUMMA
992 276 1214 314 CONTRA
1243 277 1517 325 GENTILES,
1547 281 1640 317 LIB.
1662 282 1702 327 ΙΙ,
1733 281 1843 319 CAP.
1866 283 2019 319 LXXV.

299 355 451 387 materiae
478 360 605 386 tantum
638 356 672 385 in
703 365 768 396 qua
797 356 915 396 accipit
944 354 1250 391 individuationem,
1282 356 1307 385 si
1334 356 1374 385 sit

299 409 406 431 sermo
430 399 470 430 de
494 400 602 430 anima
620 400 828 430 intellectiva.
854 400 887 430 Si
910 405 1020 431 autem
1044 399 1084 430 de
1107 400 1175 430 aliis
1198 399 1311 430 formis
1334 400 1374 429 sit

298 449 416 481 sermo,
433 444 511 475 dicit
532 444 755 475 habitudinem
780 453 909 475 causae:
935 445 1012 484 quia
1038 444 1118 474 aliae
1141 443 1265 474 formae
1289 453 1373 484 quae

298 494 375 520 sunt
396 489 430 519 in
461 489 603 526 materia,
631 488 815 519 educuntur
844 488 884 519 de
907 489 1053 529 potentia
1083 488 1244 524 materiae,
1273 493 1305 518 et
1327 489 1373 518 sic

298 534 432 565 materia
455 539 503 564 est
525 534 587 565 illis
610 533 800 573 simpliciter
822 540 919 564 causa
942 533 1078 564 essendi.

353 577 455 616 Quod
470 578 497 608 si
512 579 649 608 instetur
663 578 723 608 sic:
749 577 928 608 Causalitas
951 578 1104 608 materiae
1118 576 1200 607 nihil
1223 575 1310 607 aliud
1326 582 1374 607 est

297 631 398 663 quam
426 623 569 662 recipere
599 621 749 652 formam.
777 622 864 662 Ergo
897 623 1031 653 materia
1061 627 1110 653 est
1139 628 1236 652 causa
1266 622 1373 651 omnis

297 667 422 698 formae
451 671 600 706 receptae
622 667 657 696 in
679 667 763 706 ipsa:
786 684 810 690 -
837 667 1052 707 respondetur
1083 665 1174 707 quod
1205 666 1373 697 causalitas

296 712 450 742 materiae
472 720 541 741 non
565 715 614 741 est
635 711 779 751 recipere
803 711 960 747 absolute,
984 710 1040 742 sed
1063 711 1207 751 recipere
1234 710 1373 741 formam

297 756 337 787 de
359 756 429 786 eius
445 755 595 796 potentia
613 755 773 792 eductam,
798 761 830 786 et
852 756 995 796 recipere
1012 765 1078 796 per
1094 754 1225 786 modum
1247 760 1373 786 susten-

297 801 406 836 tantis,
431 799 522 840 quod
538 805 585 830 est
608 800 654 830 sic
677 801 820 840 recipere
844 799 983 830 formam
1007 805 1044 831 ut
1066 799 1134 831 sine
1150 800 1283 830 materia
1303 809 1372 830 esse

295 854 365 876 non
387 845 500 885 possit.
525 843 620 875 Unde
635 843 771 875 Sanctus
791 844 947 881 Thomas,
970 844 1111 885 loquens
1131 843 1171 875 de
1187 843 1372 875 causalitate

295 889 421 920 formae
436 894 468 919 et
490 889 643 919 materiae
658 889 692 918 in
707 888 737 918 V
753 889 896 929 Metaph.
918 889 1023 929 capite
1043 889 1084 919 de
1102 888 1211 919 Causa
1222 889 1248 925 *‚
1265 889 1372 929 inquit

296 933 388 975 quod
407 934 527 976 forma
552 938 600 964 est
625 941 726 963 causa
750 933 916 969 materiae,
946 933 1139 975 inquantum
1167 933 1224 964 dat
1246 933 1278 964 ei
1303 942 1372 964 esse

296 976 390 1009 act'u:
412 978 551 1009 materia
567 987 646 1008 vero
655 977 805 1018 formae,
826 977 1018 1018 inquantum
1036 982 1198 1008 sustentat
1211 977 1325 1018 ipsam.

353 1019 383 1054 3.
407 1021 652 1054 Attendendum
670 1027 780 1052 autem
795 1021 887 1062 quod
905 1021 1026 1053 ibidem
1042 1021 1169 1058 dicitur,
1189 1020 1281 1062 quod
1301 1031 1368 1052 ma-

295 1068 374 1098 teria
398 1065 598 1109 quandoque
613 1071 662 1097 est
676 1065 801 1097 formae
821 1075 918 1097 causa
941 1066 1068 1098 essendi
1082 1066 1260 1097 secundum
1283 1066 1372 1107 quod

295 1113 469 1155 estsorma
485 1111 581 1142 huius
596 1111 716 1141 habens
735 1119 803 1141 esse
818 1111 853 1141 in
871 1111 942 1147 hoc,
966 1111 1054 1152 quod
1076 1115 1125 1142 est
1146 1120 1215 1142 esse
1237 1120 1369 1142 causam

296 1157 421 1188 essendi
433 1155 610 1188 secundum
621 1154 709 1195 quid,
722 1160 755 1185 et
767 1160 950 1186 sustentare
965 1156 1068 1197 ipsam
1083 1155 1260 1186 secundum
1276 1155 1371 1196 quid:

294 1202 379 1233 sicut
393 1210 428 1232 se
450 1200 545 1231 habet
570 1208 690 1240 corpus
715 1199 894 1230 humanum
921 1199 965 1230 ad
990 1200 1134 1231 animam
1162 1200 1369 1231 rationalem.

295 1246 344 1277 Ex
373 1246 412 1276 iis
437 1245 526 1276 enim
552 1245 688 1275 habetur
715 1244 807 1284 quod
833 1245 967 1275 materia
992 1254 1059 1276 non
1087 1250 1135 1275 est
1162 1244 1310 1276 absolute
1338 1242 1371 1276 et

295 1290 482 1331 simpliciter
498 1298 594 1320 causa
617 1289 743 1319 animae
762 1288 987 1325 intellectivae,
1011 1294 1165 1329 tanquam
1185 1289 1372 1329 simpliciter

294 1335 607 1377 ipsamrsustentans,
622 1333 667 1363 ita
682 1332 774 1373 quod
796 1342 864 1364 non
885 1334 988 1374 possit
1003 1334 1150 1364 absolute
1175 1342 1244 1364 esse
1259 1334 1321 1364 nisi
1336 1334 1370 1364 in

294 1378 438 1416 materia,
454 1387 532 1409 cum
547 1382 692 1418 separata
706 1387 725 1408 a
747 1378 881 1408 materia
903 1378 1020 1409 habeat
1036 1387 1118 1409 esse:
1143 1377 1200 1409 sed
1223 1379 1307 1409 bene
1323 1383 1371 1408 est

295 1432 392 1455 causa
407 1422 534 1454 essendi
550 1422 677 1453 animae
692 1421 873 1453 secundum
890 1422 980 1462 quid,
996 1423 1192 1463 inquantum
1208 1428 1255 1453 est
1273 1431 1371 1453 causa

295 1467 387 1509 quod
404 1468 446 1498 sit
463 1467 569 1498 forma
583 1466 691 1503 huius,
707 1466 830 1497 habens
845 1476 915 1498 esse
930 1467 964 1498 in
979 1467 1044 1498 hoc
1059 1466 1239 1498 individuo.
1257 1466 1370 1505 Quan-

294 1517 366 1543 tum
388 1511 431 1543 ad
459 1512 524 1542 hoc
554 1511 643 1542 enirn
673 1511 806 1541 materia
834 1516 992 1542 sustentat
1016 1512 1172 1542 animam:
1199 1512 1275 1551 quia
1301 1521 1370 1542 non

293 1561 403 1598 potest
418 1565 488 1587 esse
511 1555 617 1586 forma
632 1555 666 1585 in
689 1560 764 1585 actu
786 1555 884 1586 huius
898 1555 1068 1592 individui,
1084 1561 1163 1596 puta
1179 1555 1290 1591 Sortis,
1314 1555 1370 1586 ha-

293 1601 374 1632 bens
397 1609 467 1631 esse
488 1600 523 1630 in
542 1600 616 1640 ipso
638 1604 795 1639 tanquam
818 1608 891 1640 pars
913 1600 994 1635 eius,
1016 1600 1079 1630 nisi
1102 1601 1143 1630 sit
1164 1600 1197 1630 in
1221 1601 1369 1637 materia;

293 1649 438 1686 separata
451 1644 540 1675 enim
555 1653 574 1674 a
589 1643 733 1680 materia,
749 1643 825 1674 licet
840 1644 957 1674 habeat
971 1653 1052 1681 esse,
1067 1653 1136 1674 non
1151 1649 1261 1675 tamen
1273 1644 1371 1675 habet

293 1694 365 1722 ene
385 1690 421 1720 in
444 1688 548 1720 Sorte.
573 1705 596 1711 -
618 1688 660 1718 Et
681 1688 728 1718 sic
750 1693 840 1728 patet
864 1687 1036 1728 quomodo
1059 1688 1308 1729 intelligendum
1331 1689 1371 1719 sit

293 1732 387 1775 quod
408 1733 515 1773 inquit
537 1732 675 1763 Sanctus
701 1732 859 1769 Thomas,
883 1733 1025 1764 animam
1047 1732 1278 1764 intellectivam
1302 1742 1370 1764 non

293 1777 479 1825 dependere
494 1786 512 1808 a
527 1777 662 1808 materia
675 1777 853 1808 secundum
870 1785 956 1808 esse:
971 1777 1160 1817 intelligitur
1176 1778 1264 1808 enim
1280 1777 1370 1817 quod

292 1830 362 1854 non
382 1821 546 1863 dependet
568 1830 587 1852 a
609 1821 743 1852 materia
765 1821 964 1862 simpliciter.
989 1821 1054 1852 Sed
1076 1822 1161 1853 bene
1183 1822 1368 1853 secundum

295 1866 375 1909 quid
397 1871 507 1908 potest
529 1864 724 1906 dependere.

349 1911 392 1943 Et
414 1912 492 1951 quia
517 1909 731 1941 individuatio
765 1910 892 1941 animae
922 1911 1162 1941 concomitatur
1189 1911 1259 1941 eius
1289 1919 1368 1947 esse,

293 1963 470 1997 possumus
492 1954 600 1985 dicere
615 1954 698 1985 hanc
723 1963 793 1984 esse
807 1959 954 1985 mentem
977 1954 1087 1985 Sancti
1102 1953 1262 1991 Thomae‚
1279 1954 1370 1995 quod

293 2000 428 2032 materia
438 2000 562 2040 signata
572 2007 642 2029 non
654 2003 702 2029 est
713 1998 848 2039 quidem
860 2007 955 2030 causa
967 1998 1232 2030 individuationis
1243 2000 1369 2030 animae

293 2044 508 2077 intellectivae
524 2043 725 2084 simpliciter;
743 2042 800 2073 sed
821 2043 905 2074 bene
921 2048 969 2074 est
984 2052 1081 2074 causa
1105 2043 1369 2074 individuationis

294 2088 476 2120 secundum
504 2087 594 2128 quid,
618 2088 815 2128 inquantum
844 2093 892 2118 est
915 2097 1012 2119 causa
1039 2089 1108 2119 eius
1132 2093 1168 2118 ut
1195 2093 1243 2119 est
1265 2088 1370 2119 forma

294 2134 393 2165 huius
414 2134 454 2164 in·
471 2134 544 2173 ipso
568 2132 717 2163 existens.

349 2177 392 2209 Et
414 2178 461 2208 sic
476 2177 574 2208 etiam
596 2176 732 2216 intelligi
755 2181 864 2216 potest
879 2185 955 2207 cum
979 2175 1096 2207 dicitur
1117 2177 1285 2207 materiam
1309 2177 1368 2207 sub

294 2222 474 2264 quantitate
497 2230 566 2252 esse
589 2220 787 2261 principium
810 2220 1085 2251 individuationis.
1110 2221 1202 2251 Licet
1225 2221 1312 2252 enim
1336 2222 1369 2252 in

294 2267 364 2299 aliis
381 2266 422 2297 sit
445 2275 542 2297 causa
564 2264 829 2296 individuationis
852 2265 1050 2305 simpliciter,
1073 2266 1107 2295 in
1131 2266 1238 2295 anima
1260 2270 1369 2296 tamen

293 2311 490 2343 intellectiva
513 2315 561 2341 est
578 2310 778 2350 principium
800 2309 983 2340 secundum
1002 2309 1092 2350 quid,
1117 2315 1148 2340 et
1170 2310 1369 2350 principium

294 2357 364 2388 sine
387 2364 456 2396 quo
478 2364 547 2386 non
570 2354 798 2385 individuatur.

350 2401 391 2431 V.
407 2399 460 2431 Ad
474 2398 656 2430 secundum
667 2399 686 2416 ὓ
704 2398 821 2429 dicitur
833 2398 951 2438 primo,
969 2398 1060 2439 quod
1071 2398 1275 2429 individuum
1295 2399 1370 2429 sub-

294 2445 430 2476 stantiae
441 2443 613 2484 dupliciter
626 2442 821 2474 considerari
833 2448 954 2483 potest:
968 2452 1037 2474 uno
1048 2442 1162 2480 modo,
1174 2443 1370 2483 inquantum

295 2494 345 2520 est
365 2488 692 2524 incommunicabile3
717 2487 781 2518 alio
810 2486 924 2524 modo,
947 2487 1144 2528 inquantum
1171 2493 1220 2518 est
1241 2487 1306 2518 hoc
1328 2489 1371 2519 si-

295 2539 430 2575 gnatum
460 2532 648 2563 distinctum
678 2532 718 2562 ab
741 2532 896 2562 omnibus
925 2532 994 2563 aliis
1023 2531 1198 2563 individuis
1225 2532 1370 2563 eiusdem

295 2578 428 2619 speciei.
451 2577 553 2615 Quod
576 2586 653 2617 ergo
676 2577 784 2617 inquit
807 2576 943 2607 Sanctus
967 2576 1123 2614 Thomas,
1148 2577 1305 2617 quoniam
1321 2577 1370 2607 in-

296 2622 488 2653 dividuatur
500 2621 681 2652 substantia
690 2631 755 2662 per
769 2621 918 2662 seipsam,
934 2621 1181 2661 intelligendum
1197 2626 1245 2652 est
1267 2631 1370 2662 quan-

296 2673 368 2698 tum
391 2666 431 2698 ad
453 2667 592 2706 primam
616 2665 841 2696 conditionem
863 2665 1037 2696 individui:
1062 2671 1110 2696 est
1132 2666 1220 2696 enim
1243 2666 1371 2696 incom-

297 2711 502 2743 municabilis
524 2720 583 2752 per
604 2710 782 2747 materiam,
807 2719 892 2751 quae
919 2715 968 2741 est
989 2710 1144 2741 ultimum
1170 2710 1369 2747 subiectnm3

296 2756 430 2787 materia
445 2760 555 2786 autem
570 2760 619 2786 est
632 2755 819 2785 substantia.
832 2754 1003 2793 Quantum
1018 2760 1127 2785 autem
1139 2754 1180 2785 ad
1195 2754 1371 2792 secundam

298 2799 532 2836 conditionem,
555 2798 775 2830 individuatur
797 2808 856 2839 per
871 2800 1094 2839 quantitatem,
1119 2808 1204 2839 quae
1219 2804 1268 2830 est
1288 2800 1371 2830 acci-

298 2845 388 2877 dens.
399 2862 423 2869 -
438 2844 522 2876 Sunt
537 2849 570 2874 et
583 2844 664 2874 aliae
679 2844 960 2884 interpretationes
975 2844 1065 2874 istius
1081 2844 1315 2884 propositionis
1331 2844 1371 2874 ab

298 2889 368 2921 aliis
390 2890 526 2930 positae,
551 2897 632 2928 quas
655 2896 717 2928 ego
740 2897 809 2918 non
832 2888 984 2928 reprobo.
1009 2887 1046 2918 ln
1067 2887 1130 2918 illis
1153 2887 1237 2918 vide.

353 2934 480 2964 Dicitur
502 2932 658 2970 secundo,
676 2932 766 2972 quod
788 2941 858 2963 non
876 2931 952 2963 ideo
976 2931 1053 2963 dicit
1071 2931 1207 2963 Sanctus
1226 2932 1371 2963 Thomas

298 2979 382 3009 hanc
406 2979 549 3008 animam
572 2976 698 3008 differre
721 2977 760 3007 ab
783 2976 838 3007 illa
861 2986 900 3007 ex
923 2977 988 3007 hoc
1010 2976 1083 3007 solo
1107 2976 1198 3017 quod
1221 2976 1262 3007 ad
1284 2976 1372 3008 aliud

299 3032 419 3063 corpus
441 3021 666 3053 habitudinem
688 3021 796 3058 habet,
820 3021 913 3061 quasi
942 3020 1099 3052 habitudo
1123 3021 1164 3052 ad
1191 3030 1310 3061 corpus
1333 3022 1373 3052 sit

299 3067 488 3108 simpliciter
503 3076 599 3097 causa
614 3065 893 3097 individuationis:
913 3065 970 3096 sed
986 3066 1063 3105 quia
1078 3071 1126 3096 est
1141 3065 1287 3097 conditio
1303 3066 1372 3097 sine

299 3121 365 3153 qua
387 3121 457 3142 non
486 3110 720 3146 individuatur3
750 3119 820 3140 non
848 3110 936 3140 enim
966 3115 1050 3140 esset
1078 3110 1158 3141 haec
1181 3111 1290 3141 anima
1311 3111 1373 3141 nisi

300 3161 384 3188 esset
406 3156 482 3187 huic
500 3156 630 3196 corpori
653 3154 863 3186 essentialiter
885 3159 1044 3194 coaptata.
1061 3154 1103 3184 Et
1117 3155 1164 3185 sic
1181 3155 1278 3185 etiam
1296 3164 1374 3195 pos·

299 3210 412 3232 sumus
437 3200 544 3231 dicere
559 3198 650 3240 quod
665 3199 798 3230 materia
820 3197 1026 3229 individualis
1042 3203 1090 3229 est
1105 3208 1201 3229 causa
1224 3199 1293 3229 sine
1308 3208 1374 3239 qua

299 3255 369 3277 non
391 3244 611 3276 individuatur
634 3244 741 3275 anima
758 3243 967 3274 intellectiva:
984 3252 1053 3273 non
1075 3248 1186 3274 autem
1208 3248 1256 3274 est
1279 3252 1375 3274 causa

300 3290 490 3330 simpliciter
512 3290 617 3329 ipsam
640 3287 933 3319 individuationem
955 3287 989 3317 in
1013 3287 1121 3317 anima
1143 3297 1289 3318 causans

359 3334 415 3365 VI.
439 3333 618 3365 Secunda*
634 3333 720 3364 ratio
745 3332 901 3363 Averrois
924 3336 1004 3362 erat.
1029 3331 1259 3372 Multiplicatur
1281 3332 1374 3362 intel-

301 3379 404 3409 lectus
426 3378 609 3409 secundum
638 3386 824 3409 numerum.
848 3377 934 3416 Ergo
959 3381 991 3406 et
1013 3376 1138 3416 species
1159 3376 1374 3416 intelligibiles

301 3422 560 3463 multiplicantur
582 3421 764 3453 secundum
780 3430 964 3452 numerum.
989 3420 1075 3461 Ergo
1091 3425 1168 3451 sunt
1183 3420 1307 3451 formae
1325 3421 1375 3450 in-

302 3466 491 3498 dividuales.
504 3467 592 3507 Ergo
603 3477 674 3498 non
689 3472 766 3498 sunt
776 3465 991 3506 intelligibiles
1003 3470 1087 3495 actu.
1101 3464 1175 3495 Hoc
1187 3470 1236 3495 est
1246 3464 1374 3495 falsum.

301 3511 389 3552 Ergo
413 3516 474 3542 etc.
490 3529 514 3535 —
530 3511 690 3542 Probatur
711 3512 816 3552 prima
832 3509 1074 3550 consequentia.
1096 3508 1183 3547 Quia
1204 3509 1375 3549 proprium

302 3556 486 3587 subiectum
508 3556 692 3596 specierum
721 3555 971 3595 intelligibilium
994 3559 1042 3584 est
1063 3553 1256 3584 intellectus.
1275 3572 1300 3576 -
1319 3553 1375 3584 Se-

303 3599 410 3631 cunda
435 3601 570 3640 quoque
592 3600 758 3640 probatur.
779 3599 866 3637 Quia
888 3598 1013 3629 formae
1036 3607 1120 3638 quae
1143 3603 1219 3628 sunt
1241 3597 1374 3628 eaedem

302 3644 484 3676 secundum
508 3645 651 3685 speciem
675 3650 708 3675 et
730 3644 874 3675 diversae
897 3642 1077 3674 secundum
1099 3651 1283 3678 numerum,
1299 3647 1375 3672 sunt

2421 298 2498 335 477

1429 355 1552 387 formae
1576 357 1797 389 individuales.
1814 378 1836 382 -
1853 360 1961 391 Tertia
1977 362 2073 391 etiam
2089 362 2253 402 probatur.
2277 363 2363 402 Quia
2382 365 2499 396 intelli-

1427 401 1537 439 gibilia
1559 407 1634 431 sunt
1658 403 1858 439 universalia,
1881 413 1950 435 non
1973 406 2185 445 particularia.

1486 454 1515 474 2.
1540 445 1776 484 Respondetur,
1802 453 1833 477 et
1857 448 1973 479 dicitur
1996 450 2112 489 primo,
2137 451 2227 490 quod
2250 452 2397 492 procedit
2416 455 2497 484 ratio

1429 497 1466 538 ex
1483 488 1563 518 falso
1580 489 1803 527 fundamento,
1827 492 1958 529 scilicet,
1983 494 2073 533 quod
2092 496 2215 534 species
2235 496 2442 537 intelligibilis
2458 498 2499 528 sit

1427 531 1461 562 id
1484 532 1573 572 quod
1596 533 1794 573 intelligitur,
1812 540 1843 565 et
1866 546 1934 566 non
1958 542 2084 568 tantum
2107 547 2174 578 quo
2191 540 2394 580 intelligitur:
2420 552 2497 573 cum

1426 581 1536 606 tamen
1560 577 1600 606 sit
1623 586 1690 617 quo
1714 578 1901 618 intelligitur
1925 580 2021 620 (sicut
2047 584 2170 622 species
2199 585 2316 615 coloris
2340 586 2373 615 in
2397 587 2496 617 oculo

1427 625 1475 650 est
1491 620 1523 650 id
1540 629 1607 660 quo
1631 620 1803 661 videmus),
1821 632 1888 653 non
1912 630 2020 655 autem
2037 627 2126 665 quod
2148 628 2344 669 intelligitur.
2362 629 2449 667 Quia
2463 630 2497 661 id

1427 664 1519 705 quod
1541 665 1739 705 intelligitur,
1763 672 1811 696 est
1840 667 1909 706 ipsa
1932 670 2012 698 ratio
2040 679 2147 701 rerum
2178 673 2381 704 existentium
2410 680 2496 705 extra

1426 709 1579 744 animam,
1603 709 1686 740 idest
1708 710 1777 750 ipsa
1804 716 1918 740 natura
1941 712 2066 743 obiecta
2094 715 2268 747 intellectui
2292 726 2375 757 quae
2399 725 2446 749 est
2462 720 2495 750 in

1426 753 1652 794 singularibus
1676 753 1764 784 Alias
1788 763 1903 784 omnes
1926 756 2077 787 scientiae
2102 764 2133 788 et
2155 765 2246 796 artes,
2271 770 2346 791 curn
2369 763 2432 793 sint
2455 763 2495 794 de

1425 798 1464 828 iis
1488 807 1572 838 quae
1601 798 1835 838 intelliguntur,
1867 805 1972 829 essent
2000 800 2039 830 de
2062 802 2230 840 speciebus
2257 813 2339 844 quae
2363 813 2437 837 sunt
2460 809 2496 838 in

1425 842 1602 878 intellectu,
1627 848 1660 873 et
1681 851 1750 873 non
1774 848 1900 873 tantum
1923 845 2104 874 naturalis*
2128 855 2166 876 ac
2188 849 2417 889 metaphysica.

1482 886 1608 917 Dicitur
1630 887 1788 923 secundo,
1805 888 1896 928 quod
1919 897 1987 918 non
2006 894 2135 928 oportet
2151 900 2218 921 esse
2241 901 2341 923 unam
2356 903 2493 926 numero

1423 932 1568 971 speciem
1591 931 1824 972 intelligibilem
1845 932 1941 962 huius
1964 933 2169 973 intelligentis
2187 940 2218 965 et
2234 935 2328 966 illius.
2346 937 2432 974 Quia
2446 948 2494 969 se-

1425 981 1578 1016 queretur
1589 985 1694 1006 unum
1706 985 1775 1007 esse
1791 976 1969 1016 intelligere
1980 986 2119 1007 numero
2132 978 2228 1009 huius
2241 985 2272 1010 et
2281 979 2367 1011 illius
2379 982 2495 1013 intelli-

1424 1021 1541 1060 gentis:
1564 1029 1640 1051 cum
1656 1021 1803 1060 operatio
1819 1025 1973 1061 sequatur
1988 1019 2127 1052 formam
2143 1032 2227 1063 quae
2244 1029 2291 1054 est
2300 1025 2495 1066 principium

1425 1065 1634 1105 operationis,
1653 1064 1696 1095 Et
1713 1064 1788 1095 ideo
1813 1063 1932 1095 falsitas
1946 1065 2042 1105 primi
2063 1069 2301 1107 consequentis,
2318 1070 2351 1099 in
2372 1070 2495 1101 ratione

1424 1109 1657 1145 subintellecta,
1681 1114 1826 1150 negatur.

1480 1153 1606 1184 Dicitur
1627 1154 1734 1190 tertio,
1758 1152 1849 1194 quod
1875 1163 1944 1184 non
1968 1154 2123 1194 sequitur,
2148 1156 2172 1185 si
2197 1157 2320 1196 species
2347 1158 2495 1198 intelligi-

1424 1197 1505 1228 biles
1528 1198 1592 1228 sint
1618 1197 1728 1238 plures
1750 1207 1889 1228 numero
1914 1204 1945 1229 et
1970 1198 2102 1229 eaedem
2133 1200 2313 1231 secundum
2341 1202 2493 1241 speciem,

1424 1241 1515 1282 quod
1528 1250 1598 1273 non
1617 1242 1681 1272 sint
1694 1242 1912 1282 intelligibiles
1928 1247 2003 1273 actu
2019 1242 2076 1273 sed
2092 1249 2217 1274 tanturn
2233 1246 2388 1284 potentia,
2413 1247 2495 1278 sicut

1424 1286 1486 1316 alia
1514 1285 1690 1322 individua.
1726 1285 1813 1324 Quia
1844 1295 1913 1317 esse
1943 1286 2148 1318 individuum
2178 1298 2247 1319 non
2278 1296 2435 1330 repugnat
2465 1293 2496 1322 ei

1424 1330 1516 1371 quod
1538 1336 1586 1361 est
1605 1340 1674 1361 esse
1692 1331 1894 1372 intelligibile
1915 1336 2003 1362 actu:
2027 1331 2209 1363 intellectus
2228 1334 2315 1364 enim
2334 1335 2495 1374 possibilis

1424 1380 1456 1406 et
1478 1384 1586 1415 agens,
1610 1375 1636 1405 si
1652 1381 1816 1415 ponantur
1839 1381 1994 1416 separata,
2019 1381 2114 1406 erunt
2136 1376 2312 1414 individua,
2333 1383 2365 1408 et
2387 1384 2495 1410 tamen

1421 1425 1498 1450 sunt
1520 1419 1743 1460 intelligibilia.
1771 1419 1835 1451 Sed
1861 1420 2066 1451 materialitas
2091 1426 2139 1451 est
2162 1420 2195 1452 id
2219 1422 2310 1462 quod
2337 1429 2495 1463 repugnat

1422 1463 1683 1504 intelligibilitati.
1708 1464 1840 1504 Species
1865 1469 1976 1495 autem
2002 1465 2220 1505 intelligibiles
2246 1472 2322 1497 sunt
2347 1467 2495 1498 immate-

1422 1508 1530 1539 riales:
1558 1509 1635 1549 quia
1649 1517 1719 1539 non
1734 1508 1978 1539 individuantur
1990 1518 2048 1549 per
2063 1510 2240 1546 materiam,
2257 1511 2313 1541 sed
2329 1520 2387 1551 per
2402 1512 2495 1543 intel-

1422 1552 1544 1583 lectum
1559 1553 1762 1593 possibilem,
1780 1554 1837 1594 qui
1861 1559 1908 1584 est
1923 1554 2152 1584 immaterialis.
2170 1554 2263 1585 Unde
2287 1555 2401 1586 ultima
2416 1565 2494 1587 con-

1423 1598 1592 1637 sequentia
1614 1603 1760 1637 negatur.

1478 1641 1605 1672 Dicitur
1628 1646 1754 1682 quarto,
1779 1641 1870 1682 quod
1893 1642 1974 1673 nihil
1996 1641 2102 1679 refert,
2126 1642 2167 1673 ad
2182 1643 2246 1673 hoc
2262 1643 2352 1684 quod
2370 1645 2494 1684 species

1422 1691 1570 1725 receptae
1594 1687 1627 1716 in
1649 1686 1816 1717 intellectu
1840 1687 1903 1717 sint
1925 1686 2141 1727 intelligibiles
2164 1693 2247 1724 actu,
2269 1693 2378 1718 utrum
2402 1689 2495 1719 intel-

1422 1729 1525 1760 lectus
1552 1730 1716 1770 possibilis
1747 1731 1788 1761 sit
1817 1740 1902 1761 unus
1933 1732 1966 1761 in
2000 1732 2152 1762 omnibus
2182 1737 2239 1762 aut
2264 1732 2383 1772 plures.
2408 1732 2494 1771 Quia

1422 1774 1541 1805 eodem
1562 1773 1666 1805 modo
1689 1774 1932 1806 individuantur
1954 1785 2012 1816 per
2033 1776 2235 1807 intellectum
2258 1777 2324 1807 sive
2347 1777 2388 1807 sit
2409 1786 2494 1808 unus

1421 1819 1489 1850 sive
1511 1819 1621 1858 plures
1643 1819 1717 1854 sint,
1739 1819 1816 1850 licet
1838 1829 1907 1850 non
1923 1819 2041 1850 eodem
2064 1820 2166 1851 modo
2189 1820 2445 1861 multiplicentur
2459 1822 2493 1852 in

1422 1862 1537 1893 eadem
1559 1863 1682 1903 specie:
1707 1863 1791 1894 sicut
1813 1869 1847 1893 et
1868 1864 1901 1894 in
1925 1865 2021 1894 rebus
2044 1865 2247 1895 sensibilibus
2270 1865 2313 1895 ita
2329 1865 2494 1896 individua

1422 1916 1508 1947 quae
1530 1912 1606 1937 sunt
1627 1907 1725 1937 unica
1747 1908 1781 1937 in
1804 1917 1870 1937 una
1893 1909 2010 1948 specie,
2035 1913 2072 1938 ut
2098 1909 2150 1939 hic
2174 1909 2224 1939 sol
2248 1914 2281 1939 et
2302 1909 2382 1940 haec
2405 1910 2491 1946 luna,

1422 1960 1491 1981 non
1513 1956 1590 1982 sunt
1611 1956 1685 1982 actu
1703 1951 1924 1991 intelligibilia,
1948 1953 2031 1982 sicut
2054 1961 2138 1992 quae
2160 1958 2236 1983 sunt
2258 1953 2360 1983 multa
2378 1954 2412 1984 in
2428 1963 2492 1984 una

1422 1995 1540 2036 specie,
1564 2000 1602 2025 ut
1624 1995 1702 2035 equi
1715 1995 1767 2026 vel
1790 1995 1950 2026 homines.
1974 1996 2016 2026 Et
2038 1997 2084 2027 sic
2102 2001 2190 2036 patet
2214 1997 2304 2037 quod
2326 1997 2386 2028 ist'a
2409 1998 2490 2028 ratio

1421 2040 1465 2070 ita
1487 2038 1654 2070 concludit
1677 2045 1788 2070 contra
1811 2046 1990 2079 ponentem
2013 2050 2116 2071 unum
2131 2041 2331 2072 intellectum
2354 2047 2490 2078 tantum,

1423 2084 1506 2114 sicut
1529 2089 1640 2114 contra
1662 2089 1841 2124 ponentem
1864 2084 1972 2124 plures
1995 2084 2186 2116 intellectus.

1479 2128 1604 2158 Dicitur
1620 2129 1746 2168 quinto,
1764 2127 1855 2168 quod
1869 2138 1931 2160 nec
1947 2129 2042 2159 etiam
2061 2129 2287 2170 multiplicatio
2310 2130 2492 2160 intellectus

1422 2172 1583 2212 possibilis
1599 2178 1648 2203 est
1663 2182 1760 2203 causa
1775 2173 2019 2213 multiplicitatis
2034 2174 2226 2214 specierum,
2242 2179 2279 2204 ut
2294 2175 2397 2214 prima
2413 2183 2492 2205 con-

1423 2217 1592 2256 sequentia
1614 2215 1740 2247 videtur
1762 2226 1958 2257 supponere.
1978 2217 2064 2255 Quia
2083 2219 2179 2248 etiam
2202 2217 2290 2258 apud
2313 2218 2492 2249 Commen-

1423 2266 1571 2297 tatorem,
1587 2267 1766 2301 ponentem
1789 2261 1897 2302 plures
1915 2261 2106 2292 substantias
2121 2262 2347 2302 intelligibiles,
2363 2263 2397 2293 in
2413 2272 2492 2303 qua-

1424 2314 1497 2335 rum
1527 2304 1641 2335 ordine
1672 2305 1854 2336 intellectus
1883 2311 1930 2336 est
1960 2306 2103 2342 ultimus,
2131 2306 2257 2346 aliquae
2287 2307 2493 2346 superiorum

1423 2350 1674 2380 substantiarum
1704 2349 1818 2380 eadem
1846 2355 2050 2390 cognoscunt
2075 2359 2159 2390 quae
2185 2350 2368 2381 intellectus
2390 2352 2494 2391 possi-

1425 2394 1510 2424 bilis:
1536 2403 1612 2424 cum
1642 2395 1677 2424 in
1703 2394 1885 2424 motoribus
1912 2395 2051 2431 orbium,
2078 2394 2259 2425 secundum
2285 2395 2404 2435 ipsum,
2431 2396 2494 2426 sint

1424 2438 1548 2469 formae
1572 2447 1688 2469 eorum
1715 2447 1799 2479 quae
1823 2444 1994 2469 causantur
2024 2448 2082 2479 per
2107 2440 2195 2470 orbis
2217 2445 2356 2470 motum.
2384 2440 2425 2470 Et
2448 2440 2493 2470 sic

1424 2483 1548 2514 formae
1582 2483 1799 2523 intelligibiles
1833 2483 2089 2523 multiplicantur
2120 2483 2160 2514 ad
2189 2484 2493 2524 multiplicationem

1423 2527 1659 2563 intellectuum,
1683 2536 1751 2557 non
1775 2533 1884 2558 autem
1914 2527 1954 2558 ad
1983 2528 2288 2568 multiplicationem
2311 2528 2493 2559 intellectus

1424 2578 1595 2619 possibilis.

1479 2622 1549 2653 vn.
1580 2621 1645 2654 Sed
1675 2627 1787 2653 contra
1813 2623 1895 2653 hanc
1922 2623 2169 2663 responsionem
2196 2629 2306 2663 posset
2337 2623 2492 2663 multipli-

1425 2668 1503 2698 citer
1518 2668 1638 2697 instari.
1654 2667 1764 2698 Primo
1779 2672 1892 2697 contra
1906 2667 2048 2707 primum
2065 2666 2197 2703 dictum,
2218 2667 2387 2707 probando
2403 2666 2494 2707 quod

1424 2712 1548 2752 species
1571 2712 1612 2742 sit
1626 2711 1660 2742 id
1676 2711 1767 2752 quod
1789 2711 1985 2751 intelligitur,
2009 2721 2077 2741 non
2102 2717 2210 2742 autem
2226 2721 2275 2742 res
2299 2716 2385 2742 extra
2399 2711 2492 2742 intel-

1424 2757 1556 2792 lectum,
1580 2761 1617 2786 ut
1633 2755 1798 2787 dicebatur
1819 2755 1952 2786 ibidem.
1976 2755 2135 2786 Scientiae
2158 2756 2245 2786 enim
2268 2762 2343 2787 sunt
2358 2755 2398 2786 de
2420 2756 2493 2786 uni-

1424 2800 1609 2831 versalibus.
1623 2800 1658 2831 Si
1673 2810 1750 2841 ergo
1762 2809 1812 2830 res
1824 2809 1908 2841 quae
1923 2800 2110 2840 intelligitur
2122 2805 2169 2830 est
2178 2809 2228 2830 res
2244 2806 2330 2831 extra
2342 2801 2492 2836 animam,

1405 2845 1572 2885 sequitur
1594 2844 1686 2885 quod
1707 2845 1899 2876 universalia
1922 2845 1986 2875 sint
2009 2850 2096 2875 extra
2125 2845 2275 2875 animam.
2300 2844 2341 2875 Et
2366 2845 2411 2875 sic
2435 2845 2494 2874 erit

1425 2890 1540 2930 opinio
1563 2889 1708 2920 Platonis
1730 2898 1815 2920 vera.

1480 2933 1710 2974 Respondetur
1733 2932 1824 2974 quod
1846 2933 2037 2964 universalia
2059 2938 2134 2964 sunt
2157 2932 2290 2974 quidem
2317 2938 2403 2963 extra
2426 2933 2493 2962 ani-

1425 2987 1529 3008 mam:
1553 2987 1623 3009 non
1645 2983 1755 3009 tamen
1771 2987 1829 3018 per
1851 2980 1885 3008 se
1901 2978 2113 3014 subsistentia,
2130 2983 2166 3008 ut
2189 2977 2279 3008 Plato
2303 2977 2421 3017 posuit,
2437 2975 2494 3007 sed

1425 3023 1460 3053 in
1475 3023 1700 3063 singularibus.
1712 3023 1754 3053 Et
1768 3022 1949 3053 intellectus
1961 3022 2014 3052 illa
2028 3022 2176 3062 intelligit
2194 3022 2385 3062 inquantum
2400 3021 2494 3051 intel-

1426 3067 1496 3107 ligit
1517 3072 1665 3098 naturam
1687 3068 1813 3107 generis
1830 3072 1862 3097 et
1881 3067 2010 3107 speciei,
2026 3076 2095 3097 non
2113 3066 2320 3106 intelligendo
2337 3065 2494 3106 principia

1426 3110 1668 3142 individuantia.
1692 3111 1793 3149 Quod
1809 3112 1966 3151 contingit
1989 3112 2065 3151 quia
2080 3111 2203 3151 species
2225 3110 2430 3150 intelligibilis
2447 3114 2494 3140 est

1426 3156 1644 3186 immaterialis
1672 3155 1786 3186 effecta
1808 3165 1865 3196 per
1889 3155 2089 3186 intellectum
2104 3160 2262 3195 agentem,
2280 3159 2400 3194 'utpote
2423 3154 2494 3184 abs-⁴

1426 3205 1526 3230 tracta
1549 3210 1566 3230 a
1589 3200 1722 3231 materia
1739 3206 1771 3230 et
1789 3199 2029 3230 conditionibus
2051 3200 2213 3235 materiae,
2232 3199 2350 3239 quibus
2372 3197 2494 3238 aliquid

1427 3245 1459 3275 in
1463 3243 1647 3275 dividuatur
1657 3245 1685 3275 ἦ

1483 3288 1518 3319 Si
1541 3294 1650 3319 autem
1679 3294 1792 3320 contra
1814 3289 1878 3318 hoc
1907 3288 2052 3324 instetur,
2077 3288 2152 3327 quia
2185 3287 2225 3317 ad
2247 3296 2355 3317 veram
2382 3287 2494 3327 cogni-

1427 3333 1554 3363 tionem
1568 3333 1741 3373 requiritur
1757 3338 1793 3363 ut
1805 3333 1948 3372 cognitio
1961 3332 2007 3362 rei
2018 3331 2226 3371 respondeat:
2244 3340 2331 3371 ergo,
2344 3331 2371 3361 si
2381 3336 2495 3361 natura

1429 3382 1516 3407 extra
1530 3377 1731 3408 intellectum
1747 3382 1795 3407 est
1808 3376 1985 3416 singularis,
2002 3381 2131 3416 oportet
2142 3380 2179 3406 ut
2194 3381 2280 3406 exn-a
2294 3375 2495 3406 intellectum

1429 3427 1646 3462 cognoscatur
1667 3421 1849 3461 singularis:
1871 3438 1894 3443 -
1909 3420 2026 3450 dicitur
2049 3419 2139 3460 quod
2157 3420 2270 3459 utique
2294 3425 2424 3459 oportet
2438 3429 2495 3450 co-

1428 3466 1608 3506 gnitionem
1631 3467 1678 3496 rei
1700 3464 1910 3506 respondere:
1934 3469 2125 3494 nontamen
2140 3469 2270 3504 oportet
2292 3469 2329 3494 ut
2346 3463 2433 3494 idem
2456 3465 2497 3495 sit

1428 3510 1547 3541 modus
1563 3510 1758 3550 cognitionis
1774 3514 1806 3539 et
1820 3510 1865 3539 rei
1877 3510 1904 3539 ⁴⁸.
1921 3508 2007 3546 Quia
2023 3517 2061 3538 ea
2076 3517 2160 3548 quae
2175 3513 2250 3538 sunt
2272 3508 2447 3538 coniuncta
2461 3509 2496 3539 in

1428 3564 1473 3590 re,
1488 3554 1651 3585 interdum
1675 3554 1801 3584 divisim
1817 3558 2072 3592 cognoscuntur:
2092 3558 2129 3583 ut
2143 3558 2232 3592 patet
2246 3551 2287 3582 de
2302 3552 2450 3583 albedine
2465 3558 2497 3583 et

1429 3597 1600 3629 dulcedine
1623 3597 1756 3638 quando
1779 3606 1845 3628 una
1860 3606 1909 3627 res
1933 3602 1981 3627 est
2003 3597 2099 3627 simul
2123 3597 2194 3627 alba
2217 3602 2249 3627 et
2271 3596 2384 3633 dulcis,
2409 3602 2442 3628 et
2456 3597 2496 3628 de

1428 3643 1513 3673 linea
1535 3652 1572 3673 ac
1595 3643 1727 3673 materia
1757 3642 1908 3677 sensibili,
1939 3650 2081 3681 quorum
2110 3650 2215 3671 unum
2245 3641 2368 3682 absque
2396 3642 2495 3672 altero

2522 853 2530 861 ·
2539 852 2576 874 Cf.
2584 855 2639 874 text.
2648 856 2670 874 et
2678 858 2734 878 van:

2521 882 2543 899 et
2553 878 2619 904 infra,
2629 885 2651 900 n.
2660 884 2701 904 vu,
2711 886 2732 905 4.

2521 3249 2530 3258 ·
2546 3247 2581 3270 Cf.
2595 3253 2660 3270 num.
2670 3253 2720 3269 vni.

2524 3515 2533 3523 ·
2541 3512 2578 3535 Cf.
2587 3518 2651 3535 num.
2658 3518 2705 3536 viu,
2714 3517 2734 3532 2.
