2768 4134
62 3024 71 3033 ·
86 3022 121 3044 Cf.
140 3022 274 3044 Comment.

63 3055 82 3070 c.
94 3055 174 3075 xxviii,
189 3049 239 3070 init.

66 3378 75 3387 ·
90 3376 125 3398 cf.
142 3382 164 3398 n.
175 3382 198 3399 ιι.

67 3423 75 3431 ·
90 3421 126 3442 Cf.
142 3427 165 3443 n.
176 3427 209 3442 ιιι.

308 280 357 318 92

826 417 1357 474 CAPITULUM

890 262 1078 299 SUMMA
1108 260 1331 297 CONTRA
1359 259 1637 308 GENTILES,
1668 262 1779 299 CAP.
1802 263 1922 300 XXX.

1413 417 1992 477 TRIGESIMUM

1300 526 1330 556 A
1347 526 1399 556 6v
1426 525 1510 556 b18.

690 608 861 661 QUAE
895 606 1141 648 NOMINA
1174 607 1259 648 DE
1292 607 1420 648 DEO
1455 606 1712 649 POSSINT
1745 608 2121 652 PRAEDICARI

344 774 345 777 ,
380 772 446 786 „
491 754 536 779 x
564 741 623 778 his
653 739 768 777 etiarn
796 737 1032 776 considerari
1060 745 1186 787 potest
1205 737 1299 788 quid
1329 738 1377 776 de

326 804 340 829 s.-
374 777 499 847 [³³23
531 795 616 832 Deo
646 792 719 830 dici
748 793 810 829 vel
838 803 919 829 non
954 790 1030 828 dici
1063 790 1202 841 possit,
1232 791 1377 841 quidve

319 844 345 896 ζ
378 842 498 896 ‘³'T'23f‘24
531 848 579 885 de
608 859 655 884 eo
684 853 835 883 tantum
864 844 1025 891 dicatur,
1055 844 1151 894 quid
1184 844 1300 882 etiam
1328 845 1377 882 de

532 913 579 938 eo
609 899 725 937 simul
753 906 789 935 et
818 897 899 936 aliis
928 897 1056 935 rebus.

357 955 460 1003 Quia
479 954 584 992 enim
604 965 765 991 ornnem
793 951 1071 1001 perfectionem
1099 958 1298 989 creaturae
1323 958 1379 988 est

301 1009 342 1047 in
357 1010 442 1046 Deo
457 1006 630 1045 invenire
650 1006 718 1043 sed
736 1018 807 1056 per
825 1004 945 1043 aliurn
961 1004 1129 1042 modum
1148 1004 1378 1042 eminentio-

302 1074 396 1108 rem,
424 1072 697 1111 quaecumque
718 1059 880 1096 nomina
899 1059 1074 1096 absolute
1098 1058 1378 1109 perfectionem

301 1116 448 1165 absque
477 1114 627 1152 defectu
662 1112 876 1161 designant,
905 1112 954 1149 de
983 1112 1069 1150 Deo
1105 1111 1379 1162 praedicantur

301 1177 337 1206 et
356 1169 404 1206 de
424 1167 506 1205 aliis
526 1167 660 1204 rebus:
690 1166 788 1204 sicut
815 1173 872 1204 est
895 1168 1052 1212 bonitas,
1071 1167 1266 1216 sapientia,
1282 1178 1375 1213 esse,

300 1230 337 1259 et
365 1221 437 1259 alia
465 1220 706 1258 huiusmodi.
728 1242 754 1247 —
781 1219 1076 1269 Quodcumque
1104 1232 1200 1257 vero
1228 1231 1377 1257 nornen

300 1274 527 1313 huiusmodi
554 1273 809 1324 perfectiones
835 1273 1015 1324 exprimit
1034 1285 1126 1311 cum
1145 1273 1268 1311 modo
1287 1285 1377 1324 pro-

299 1329 384 1380 prio
414 1327 608 1375 creaturis,
638 1328 687 1365 de
723 1327 809 1365 Deo
837 1326 914 1365 dici
942 1339 1024 1364 non
1051 1334 1178 1377 potest
1206 1326 1279 1365 nisi
1307 1339 1378 1377 per

299 1381 591 1420 similitudinem
627 1388 663 1418 et
695 1382 985 1431 metaphoram,
1015 1393 1086 1431 per
1120 1393 1241 1430 quarn
1275 1393 1377 1430 quae

300 1444 389 1474 sunt
417 1435 534 1473 unius
563 1434 617 1472 rei
645 1434 751 1472 alteri
771 1436 895 1472 solent
913 1433 1099 1484 adaptari,
1121 1434 1219 1472 sicut
1237 1433 1376 1484 aliquis

299 1491 422 1527 homo
451 1488 591 1526 dicitur
626 1489 720 1538 lapis
748 1496 908 1538 propter
939 1487 1123 1526 duritiam
1150 1487 1374 1526 intellectus.

300 1542 540 1581 Huiusmodi
568 1549 700 1579 autem
729 1550 818 1579 sunt
845 1541 980 1579 omnia
1012 1541 1176 1579 nomina
1195 1541 1376 1592 imposita

300 1597 349 1635 ad
378 1596 663 1645 designandum
692 1595 862 1645 speciem
886 1594 942 1632 rei
965 1603 1125 1643 creatae,
1147 1595 1245 1633 sicut
1263 1596 1376 1634 homo

300 1658 337 1688 et
365 1650 477 1700 lapis.-
508 1661 599 1687 nam
636 1648 791 1686 cuilibet
825 1648 966 1699 speciei
999 1648 1163 1686 debetur
1194 1649 1376 1699 proprius

301 1704 445 1741 modus
473 1701 718 1753 perfectionis
738 1710 774 1739 et
794 1714 888 1740 esse.
921 1701 1103 1739 Similiter
1121 1702 1237 1740 etiam
1258 1715 1376 1752 quae-

301 1769 473 1807 cumque
510 1756 672 1794 nomina
708 1755 960 1806 proprietates
1002 1768 1134 1793 rerum
1175 1755 1375 1805 designant

301 1823 402 1861 quae
423 1823 469 1848 ex
488 1809 655 1860 propriis
682 1809 879 1859 principiis
907 1808 1127 1859 specierum
1154 1818 1375 1857 causantur,

301 1865 350 1902 de
388 1865 473 1902 Deo
509 1863 584 1902 dici
621 1875 702 1901 non
738 1870 902 1913 possunt
936 1862 1008 1899 nisi
1044 1862 1320 1913 metaphorice.
1351 1885 1376 1891 -

302 1919 415 1966 Quae
452 1929 547 1954 vero
590 1916 818 1954 huiusmodi
859 1915 1112 1966 perfectiones
1154 1916 1376 1967 exprimunt

300 1984 402 2009 cum.
431 1969 780 2021 supereminentiae
822 1970 944 2007 modo
982 1981 1062 2019 quo
1105 1970 1191 2007 Deo
1233 1982 1375 2008 conve-

300 2025 423 2071 niunt,
443 2024 492 2061 de
521 2025 605 2061 solo
634 2024 720 2061 Deo
749 2023 947 2060 dicuntur:
978 2022 1075 2060 sicut
1102 2036 1292 2060 summum
1311 2025 1376 2062 bo-

301 2091 404 2124 num,
433 2079 599 2128 primum
628 2089 704 2123 ens,
735 2084 772 2114 et
799 2076 873 2114 alia
901 2075 1141 2114 huiusmodi.

354 2131 452 2169 Dico
495 2139 627 2169 autem
669 2130 799 2181 aliqua
840 2129 1129 2180 praedictorum
1166 2130 1376 2168 nominum

300 2184 577 2235 perfectionem
597 2184 744 2234 absque
765 2183 916 2222 defectu
940 2183 1162 2234 importare,
1184 2192 1376 2234 quantum

301 2239 350 2277 ad
379 2238 472 2276 illud
501 2238 551 2276 ad
579 2237 689 2287 quod
717 2237 1017 2286 significandum
1045 2249 1194 2275 nomen
1217 2237 1287 2275 fuit
1306 2237 1377 2276 im-

300 2292 490 2343 positum:
521 2299 713 2341 quantum
733 2290 838 2329 enim
859 2291 908 2328 ad
928 2291 1095 2328 modum
1123 2290 1376 2340 significandi,

301 2358 420 2383 omne
450 2357 596 2382 nomen
625 2357 718 2382 cum
742 2344 893 2382 defectu
913 2352 980 2381 est.
1010 2345 1116 2381 Nam
1136 2344 1297 2382 nomine
1317 2357 1377 2382 res

301 2398 556 2450 exprimimus
576 2410 624 2436 eo
643 2398 765 2436 modo
789 2410 870 2448 quo
899 2397 1092 2435 intellectu
1120 2398 1375 2448 concipimus.

300 2453 516 2490 Intellectus
535 2460 666 2490 autem
687 2459 828 2498 noster,
850 2463 897 2489 ex
917 2450 1095 2489 sensibus
1118 2451 1377 2500 cognoscendi

355 2576 371 2602 9
392 2568 424 2593 de
443 2568 500 2593 aliis
520 2567 566 2597 εἰς
586 2568 652 2593 aliis.
740 2574 773 2592 ιο
792 2567 841 2592 alia
860 2574 903 2593 om
923 2575 949 2593 α.

301 2603 487 2637 perfectionem
502 2603 622 2636 designat
635 2602 785 2636 (designant
797 2601 854 2636 Pe).

302 2640 399 2673 phorae
413 2647 464 2664 non
478 2642 611 2664 mutatum
624 2642 672 2668 ese,
682 2646 746 2665 casu
756 2638 890 2673 prosecto-

301 2677 324 2700 Α
342 2676 427 2707 solus,
447 2682 489 2700 om
509 2675 560 2704 CF,
579 2682 643 2700 vero
661 2675 751 2700 ceteri.

355 2710 372 2736 6
391 2716 478 2736 autem
497 2711 520 2736 Α
538 2711 623 2741 solim
642 2717 714 2736 vero.

947 2609 978 2628 12
999 2602 1095 2645 potest]
1113 2608 1228 2645 possunt
1245 2604 1288 2629 Pc.

846 2674 876 2700 32
898 2674 1070 2717 concipimus}
1091 2675 1209 2708 capimus
1229 2675 1283 2701 ΝΖ

808 2717 841 2742 ¹4
859 2710 984 2736 eminenti
1001 2714 1063 2743 post
1081 2711 1162 2735 modo
1181 2711 1264 2736 aZPc.

1034 2567 1229 2601 Quodcumque
1247 2575 1311 2593 vero
1330 2567 1437 2602 nomen]
1454 2567 1645 2602 Quaecumque
1662 2576 1726 2594 vero
1746 2569 1852 2594 nomina
1871 2568 1914 2594 Pe.

1382 2603 1414 2630 ²3
1434 2609 1460 2630 et
1478 2609 1548 2630 meta
1549 2603 1668 2639 phorum]
1689 2604 1858 2637 metaphorae
1882 2605 1936 2637 pA;
1959 2609 1986 2629 et
2007 2604 2136 2630 scribitur
2153 2603 2228 2630 intra
2251 2603 2337 2630 lineas
2361 2603 2409 2630 sed
2429 2609 2512 2631 mota-

965 2645 993 2664 21
1011 2639 1143 2672 principiis
1157 2638 1315 2674 specierum]
1329 2647 1418 2665 rerum
1431 2639 1563 2674 principiis
1576 2639 1629 2665 ΝΖ.

1375 2674 1408 2701 33
1428 2675 1551 2701 sensibus
1570 2676 1593 2700 Α
1612 2676 1698 2706 solun
1718 2675 1895 2701 sensibilibus.

1357 2718 1389 2744 27
1409 2710 1506 2746 potest]
1526 2716 1638 2744 possunt
1657 2711 1700 2737 Pe.

1434 738 1587 775 initium
1616 750 1788 785 sumenS‚
1818 738 1929 776 illurn
1957 740 2122 778 modum
2159 753 2241 778 non
2277 740 2511 778 transcendit

1434 791 1502 841 qui
1538 791 1578 829 in
1616 792 1733 830 rebus
1771 791 2016 830 sensibilibus
2053 792 2261 843 invenitur,
2290 793 2331 832 in
2368 793 2511 844 quibus

1434 845 1539 883 aliud
1553 853 1610 882 est
1628 845 1753 883 forma
1773 853 1810 884 et
1829 845 1979 883 habens
1991 845 2172 895 formam,
2186 855 2346 898 propter
2363 847 2511 885 formae

1434 906 1471 936 et
1499 898 1682 936 materiae
1710 898 2050 949 compositionem.
2086 899 2232 938 Forma
2258 912 2354 938 vero
2382 900 2423 938 in
2451 900 2511 937 his

1400 965 1410 986 ς
1434 952 1551 990 rebus
1579 952 1776 990 invenitur
1803 952 1965 1002 quidem
1991 951 2168 1002 simplex,
2188 953 2257 990 sed
2275 952 2509 1004 imperfecta,

1434 1013 1569 1055 utpote
1605 1018 1688 1043 non
1726 1006 1955 1044 subsistens:
1987 1006 2136 1044 habens
2173 1013 2306 1044 autem
2342 1007 2511 1045 formam

1433 1058 1630 1097 invenitur
1663 1059 1826 1110 quidem
1861 1059 2085 1107 subsistens,
2115 1059 2184 1097 sed
2218 1071 2301 1097 non
2335 1058 2510 1110 simplex,

1433 1112 1558 1150 immo
1578 1113 1869 1151 concretionem
1887 1113 2048 1151 habens.
2076 1113 2190 1152 Unde
2209 1112 2423 1151 intellectus
2441 1125 2511 1152 no-

1433 1174 1521 1214 ster,
1550 1166 1744 1217 quidquid
1772 1166 1961 1216 significat
1994 1174 2038 1204 ut
2072 1166 2295 1214 subsistens,
2325 1166 2512 1216 significat

1393 1236 1419 1251 10
1433 1219 1473 1257 in
1492 1220 1759 1258 concretione:
1789 1221 1900 1271 quod
1924 1233 2020 1258 vero
2048 1228 2092 1258 ut
2119 1220 2294 1271 simplex,
2323 1219 2512 1270 significat

1433 1285 1514 1311 non
1543 1281 1586 1312 ut
1615 1275 1716 1324 quod
1741 1280 1803 1322 est,
1833 1274 1901 1312 sed
1930 1282 1974 1312 ut
1999 1286 2072 1325 quo
2091 1280 2154 1311 est.
2184 1274 2234 1312 Et
2255 1273 2310 1312 sic
2335 1274 2375 1311 in
2401 1273 2511 1312 omni

1432 1327 1594 1366 nomine
1622 1340 1646 1366 a
1674 1328 1788 1366 nobis
1815 1328 1931 1375 dicto,
1961 1335 2154 1378 quantum
2182 1327 2232 1366 ad
2267 1327 2435 1367 modurn
2463 1326 2511 1365 si-

1432 1380 1655 1430 gnificandi,
1685 1381 1925 1432 imperfectio
1953 1381 2161 1429 invenitur,
2188 1393 2290 1432 quae
2316 1381 2403 1419 Deo
2429 1393 2511 1419 non

1433 1435 1630 1485 competit,
1660 1434 1843 1485 quamvis
1862 1448 1924 1473 res
1942 1434 2154 1485 significata
2173 1435 2305 1485 aliquo
2324 1433 2512 1472 eminenti

1393 1506 1416 1527 ις
1433 1489 1556 1527 modo
1584 1489 1671 1526 Deo
1699 1488 1922 1527 conveniat:
1951 1497 1995 1527 ut
2022 1496 2127 1540 patet
2154 1488 2195 1526 in
2222 1488 2385 1526 nomine
2405 1489 2511 1526 boni-

1432 1544 1516 1580 tatis
1534 1549 1572 1580 et
1590 1544 1697 1587 boni,·
1719 1555 1814 1580 nam
1837 1545 1983 1581 bonitas
2007 1541 2196 1592 significat
2214 1550 2258 1580 ut
2276 1554 2358 1580 non
2386 1540 2510 1580 subsi-

1432 1603 1547 1643 stens,
1577 1597 1718 1634 bonum
1746 1603 1879 1634 autem
1906 1604 1950 1634 ut
1977 1603 2217 1634 concretum.
2246 1596 2296 1634 Et
2316 1602 2507 1646 quantum

1432 1650 1482 1687 ad
1514 1650 1592 1687 hoc
1619 1651 1774 1687 nullum
1806 1662 1955 1688 nomen
1983 1650 2069 1687 Deo
2098 1648 2377 1688 convenienter
2403 1656 2510 1699 apta·

1432 1710 1505 1750 tur,
1536 1702 1605 1740 sed
1638 1704 1768 1741 solum
1802 1711 1996 1754 quantum
2029 1703 2080 1741 ad
2107 1702 2147 1741 id
2175 1702 2226 1741 ad
2253 1703 2363 1752 quod
2395 1700 2509 1751 signi-

1392 1774 1418 1789 20
1431 1756 1631 1794 ficandum
1666 1769 1814 1794 nornen
1851 1756 2077 1807 imponitur.
2108 1757 2278 1795 Possunt
2312 1755 2436 1805 igitur,
2466 1762 2510 1794 ut

1431 1809 1644 1860 Dionysius
1681 1810 1795 1848 docet
1812 1810 1844 1858 ³⁸,
1874 1809 2102 1848 huiusmodi
2140 1809 2303 1848 nomina
2338 1817 2375 1847 et
2407 1808 2509 1848 affir-
2536 1809 2545 1819 '

1432 1863 1530 1901 mari
1549 1863 1599 1901 de
1618 1863 1704 1901 Deo
1725 1871 1762 1901 et
1780 1863 1926 1913 negari:
1951 1862 2136 1901 affirmari
2156 1862 2330 1914 quidem,
2351 1870 2510 1923 propter

1431 1916 1602 1955 nominis
1634 1916 1844 1963 rationem;
1873 1916 2004 1966 negari
2036 1928 2143 1964 vero,
2177 1923 2337 1967 propter
2367 1915 2399 1954 si

1431 1969 1546 2008 candi
1573 1970 1753 2008 modum.

1485 2023 1632 2061 Modus
1668 2031 1802 2061 autem
1839 2023 2193 2074 supereminentiae
2227 2035 2309 2073 quo
2346 2022 2386 2060 in
2422 2022 2510 2061 Deo

1431 2076 1555 2115 dictae
1593 2076 1848 2127 perfectiones
1861 2115 1870 2122 ,
1885 2076 2154 2124 inveniuntur,
2183 2088 2254 2127 per
2290 2075 2454 2115 nomina
2487 2089 2511 2116 a

1432 2130 1546 2168 nobis
1574 2130 1755 2181 imposita
1783 2129 1989 2180 significari
2014 2142 2096 2168 non
2122 2137 2250 2181 potest
2267 2129 2342 2168 nisi
2359 2130 2423 2168 vel
2440 2140 2513 2181 per

1432 2183 1691 2234 negationem,
1714 2183 1812 2222 sicut
1839 2196 1933 2222 cum
1960 2183 2127 2222 dicimus
2155 2184 2288 2222 Deum
2314 2189 2511 2222 aeternum

1432 2239 1495 2275 vel
1523 2239 1728 2287 infinitum;
1755 2238 1818 2276 vel
1846 2237 1963 2276 etiam
1985 2249 2056 2288 per
2074 2236 2330 2276 relationem'
2320 2235 2443 2288 ipsius
2459 2236 2511 2276 ad

1394 2308 1419 2327 ιο
1433 2291 1518 2339 alia,
1548 2298 1591 2329 ut
1618 2303 1712 2329 cum
1746 2290 1886 2329 dicitur
1914 2293 2044 2342 prima
2072 2303 2200 2338 causa,
2229 2291 2293 2329 vel
2319 2302 2511 2329 summum

1433 2347 1585 2383 bonum.
1606 2345 1701 2382 Non
1725 2344 1831 2383 enim
1850 2345 1900 2383 de
1918 2344 2006 2383 Deo
2025 2356 2165 2395 capere
2182 2356 2396 2395 possumus
2414 2342 2511 2394 quid

1391 2038 1415 2059 25

1434 2406 1501 2445 est,
1527 2398 1594 2436 sed
1614 2398 1710 2449 quid
1729 2410 1811 2436 non
1835 2406 1902 2446 est,
1926 2405 1963 2436 et
1990 2398 2155 2448 qualiter
2181 2397 2255 2436 alia
2277 2409 2319 2436 se
2343 2396 2512 2436 habeant

1434 2452 1483 2490 ad
1512 2451 1655 2502 ipsum,
1685 2459 1728 2489 ut
1756 2463 1802 2490 ex
1831 2463 1950 2503 supra
1968 2451 1989 2474 ¹⁸⁸
2016 2451 2126 2490 dictis
2152 2458 2268 2502 patet.

2007 2574 2036 2594 ιι
2060 2567 2233 2602 perfectiones
2251 2567 2372 2601 exprimit
2390 2567 2512 2599 Αεοῑιιο·

1703 2647 1737 2672 ²4
1751 2638 1998 2674 supereminentiae]
2014 2639 2257 2673 supereminentior-i
2270 2639 2314 2666 Pe.
2394 2638 2428 2664 30
2441 2640 2512 2666 enim

1795 2710 1826 2737 32
1846 2709 1968 2745 qualiter]
1988 2715 2117 2745 quantum
2135 2719 2161 2738 α.

1066 2800 1404 2834 commentaria
1436 2802 1745 2835 Ferret-ionem

379 2899 499 2920 uomit
522 2890 555 2920 in
579 2889 650 2921 Deo
679 2899 812 2920 omnem
844 2899 913 2920 esse
941 2889 1173 2930 perfectionem
1206 2891 1380 2931 probatum

303 2899 436 2984 Qest,
472 2939 567 2965 restat
599 2943 687 2965 nunc
719 2933 990 2965 considerandum
1025 2934 1064 2965 de
1099 2935 1233 2966 vocibus
1262 2936 1381 2977 quibus

301 2989 409 3011 rerum
442 2978 658 3020 perfectiones
692 2978 922 3019 significantur,
955 2979 1125 3020 quomodo
1158 2980 1228 3011 Deo
1260 2990 1380 3011 conve-

302 3024 393 3055 niant
403 3025 431 3054 ³.
448 3023 544 3055 Circa
559 3023 623 3054 hoc
640 3028 749 3054 autem
765 3023 831 3054 duo
850 3023 924 3054 facit
936 3022 1072 3054 Sanctus
1083 3024 1243 3055 Thomas:
1261 3026 1379 3066 primo,

303 3069 367 3109 agit
390 3067 431 3099 de
455 3068 590 3099 vocibus
621 3068 851 3109 incomplexis;
880 3068 1036 3105 secundo,
1061 3068 1102 3100 de
1125 3070 1260 3100 vocibus
1289 3079 1379 3101 com-

303 3113 414 3154 plexis,
432 3122 502 3154 cap.
519 3122 622 3143 xxxvt.
639 3131 661 3136 -
683 3112 778 3144 Circa
793 3113 937 3154 primum
953 3112 1019 3144 duo
1037 3113 1125 3144 facit:
1142 3114 1259 3155 primo,
1277 3114 1380 3146 deter-

303 3158 404 3189 minat
428 3157 468 3189 de
491 3158 569 3198 ipsis
592 3157 727 3188 vocibus
758 3163 790 3188 et
819 3158 1009 3188 nominibus
1037 3158 1198 3195 absolute;
1222 3159 1378 3196 secundo,

304 3203 533 3243 comparative,
551 3211 620 3242 cap.
634 3212 728 3233 xxxtt.
745 3221 769 3225 -
785 3201 880 3233 Circa
904 3203 1046 3242 primum
1063 3202 1130 3233 duo
1146 3202 1235 3234 facit:
1260 3205 1378 3244 primo,

304 3248 368 3287 agit
378 3246 417 3278 de
430 3247 506 3288 ipsis
519 3247 654 3278 vocibus
667 3253 826 3288 quantum
840 3246 879 3278 ad
892 3246 1166 3288 praedicationem
1178 3247 1218 3279 de
1230 3248 1317 3285 Deo,
1331 3258 1379 3280 se-

305 3291 424 3328 cundo,
447 3292 480 3322 in
504 3301 573 3332 cap.
591 3292 751 3332 sequenti,
769 3297 928 3332 quantum
952 3291 992 3322 ad
1015 3301 1130 3323 eorum
1154 3293 1379 3333 pluralitatem.

360 3335 454 3367 Circa
477 3337 620 3377 primum
643 3336 702 3367 tria
725 3335 813 3367 facit:
838 3336 957 3377 primo,
982 3336 1123 3367 ostendit
1139 3346 1222 3377 quae
1245 3339 1381 3369 nomina

306 3380 376 3410 Deo
394 3381 604 3418 conveniant;
619 3380 775 3417 secundo,
793 3380 953 3422 quaedam
973 3380 1057 3412 dicta
1073 3381 1212 3412 declarat
1225 3383 1255 3418 “;
1274 3383 1379 3419 tertio,

305 3423 440 3455 modum
464 3425 655 3456 nominandi
675 3425 782 3456 Deum
807 3431 966 3467 quantum
991 3425 1030 3456 ad
1054 3425 1161 3466 aliqua
1185 3426 1282 3457 docet
1292 3428 1318 3457 *.

362 3469 383 3499 1.
409 3469 577 3507 Quantum
593 3470 633 3500 ad
649 3471 802 3511 primum,
820 3471 976 3511 proponit
993 3470 1083 3511 quod
1107 3470 1379 3502 considerandum

307 3518 353 3543 est
377 3513 455 3553 quid
479 3513 518 3545 de
543 3515 614 3545 Deo
639 3514 702 3546 dici
726 3515 776 3546 vel
799 3525 868 3546 non
898 3515 960 3546 dici
985 3516 1102 3555 possin
1127 3515 1247 3556 quidve
1275 3515 1314 3546 de
1339 3526 1379 3547 eo

306 3562 430 3587 tantum
455 3557 591 3595 dicatur;
612 3559 690 3599 quid
715 3560 811 3590 etiam
835 3559 875 3591 de
900 3569 940 3591 eo
965 3559 1061 3590 simul
1078 3565 1109 3590 et
1125 3559 1193 3590 aliis
1218 3560 1322 3591 rebus.
1340 3561 1381 3591 Et

307 3601 532 3641 respondendo
550 3603 607 3633 tria
623 3602 709 3639 dicit,
723 3603 904 3635 secundum
920 3605 979 3635 tria
995 3605 1171 3645 proposita.
1190 3604 1379 3645 lncipiendo

307 3645 394 3675 enim
418 3646 456 3675 ab
481 3646 605 3683 ultimo,
630 3653 784 3688 tanquam
809 3659 826 3679 a
850 3649 1080 3685 communiori,
1106 3649 1182 3680 dicit
1206 3649 1297 3689 quod
1320 3659 1379 3680 no-

1434 2892 1522 2923 mina
1550 2892 1758 2933 importantia
1787 2890 1934 2922 absolute
1964 2889 2199 2932 perfectionem
2230 2890 2350 2932 absque
2381 2889 2511 2922 defectu

1434 2935 1474 2967 de
1499 2936 1571 2967 Deo
1595 2941 1627 2967 et
1650 2936 1719 2967 aliis
1743 2935 1838 2967 rebus
1861 2934 2096 2977 praedicantur,
2121 2940 2158 2966 ut
2179 2935 2317 2972 bonitas,
2338 2935 2509 2977 sapientia,

1434 2991 1512 3017 esse,
1537 2987 1568 3012 et
1591 2979 1791 3012 huiusmodi.

1490 3025 1543 3057 Ad
1565 3026 1709 3067 primum
1725 3031 1835 3056 autem
1851 3024 1928 3056 dicit
1944 3024 2035 3066 quod
2058 3024 2193 3056 nomina
2209 3025 2415 3066 importantia
2438 3033 2510 3067 per-

1434 3069 1610 3102 fectionem
1634 3080 1710 3102 cum
1734 3069 1836 3101 modo
1861 3069 1994 3111 proprio
2022 3069 2174 3101 creaturis
2197 3078 2267 3101 non
2295 3068 2448 3101 dicuntur
2469 3068 2510 3100 de

1435 3115 1507 3146 Deo
1537 3115 1599 3146 nisi
1629 3114 1884 3146 similitudinarie
1909 3119 1941 3145 et
1962 3114 2194 3155 metaphorice,
2225 3123 2294 3155 quo
2322 3112 2436 3150 modo,
2460 3121 2510 3144 se-

1434 3158 1580 3191 cundum
1604 3159 1695 3200 quod
1717 3160 1751 3190 in
1775 3161 1843 3190 uno
1871 3159 2033 3190 invenitur
2055 3158 2178 3200 aliquid
2204 3157 2308 3189 simile
2330 3157 2509 3199 proprieta-

1433 3204 1519 3235 tibus
1532 3205 1671 3240 alterius,
1685 3213 1789 3235 unum
1801 3203 1919 3235 dicitur
1930 3203 2077 3240 alterum,
2089 3204 2172 3234 sicut
2183 3202 2285 3234 homo
2297 3201 2414 3233 dicitur
2426 3202 2510 3244 lapis

1434 3254 1567 3290 propter
1582 3249 1732 3280 duritiem
1756 3248 1947 3279 intellectus.
1970 3248 2062 3279 Talia
2081 3253 2156 3278 sunt
2174 3247 2309 3278 nomina
2327 3247 2509 3287 specierum

1434 3299 1598 3325 creaturae
1615 3299 1646 3325 et
1662 3294 1897 3334 proprietatum
1910 3293 1989 3329 eius,
2006 3298 2043 3324 ut
2057 3292 2165 3327 homo,
2178 3291 2272 3332 lapis,
2287 3291 2418 3328 risibile,
2435 3297 2508 3328 etc..

1434 3344 1466 3369 et
1482 3348 1565 3390 quae
1582 3339 1794 3390 proprietates
1809 3346 1917 3369 rerum
1933 3336 2102 3378 designant
2113 3344 2198 3377 quae
2213 3345 2252 3366 ex
2268 3336 2406 3376 propriis
2422 3336 2510 3377 prin-

1433 3383 1525 3424 cipiis
1549 3383 1732 3424 specierum
1756 3387 1938 3414 causantur.

1490 3427 1541 3458 Ad
1565 3427 1746 3458 secundum
1770 3436 1847 3458 vero
1871 3424 2046 3466 respondet
2069 3423 2161 3466 quod
2183 3424 2318 3455 nomina
2341 3434 2425 3465 quae
2448 3425 2508 3456 im-

1434 3477 1564 3512 portant
1594 3471 1828 3513 perfectionem
1862 3479 1939 3502 cum
1972 3468 2074 3500 modo
2105 3469 2410 3510 supereminentiori
2440 3479 2508 3510 quo

1435 3516 1506 3547 Deo
1523 3517 1733 3553 conveniunt,
1750 3515 1812 3546 soli
1826 3514 1898 3546 Deo
1914 3514 2141 3550 attribuuntur,
2154 3519 2191 3545 ut
2205 3523 2366 3545 summum
2377 3514 2507 3550 bonum,

1429 3562 1573 3601 primum
1598 3571 1664 3596 ens,
1690 3566 1722 3592 et
1744 3559 1868 3591 similia.

1491 3615 1520 3636 2.
1538 3603 1782 3637 Advertendum
1806 3602 1906 3644 quod,
1928 3612 2004 3634 cum
2019 3612 2142 3634 nomen
2163 3612 2232 3634 non
2256 3603 2444 3635 attribuatur
2462 3604 2508 3635 rei

1434 3650 1494 3680 nisi
1524 3651 1647 3681 ratione
1679 3649 1729 3680 sui
1759 3646 1937 3689 significati,
1963 3647 2003 3679 ad
2026 3647 2090 3678 hoc
2114 3653 2149 3678 ut
2172 3646 2212 3678 de
2236 3657 2269 3679 re
2298 3647 2405 3688 aliqua
2434 3657 2508 3679 vere
