2768 4134
50 1541 59 1550 ·
68 1539 122 1567 pag.
131 1544 184 1569 474.
195 1544 262 1564 ³⁴473

51 1565 81 1588 cf.
97 1569 230 1587 varlanlem.

53 2120 61 2128 ·
75 2118 111 2139 Cf.
127 2124 150 2139 u.
165 2123 206 2142 vn.
221 2118 262 2139 Re-

51 2144 179 2173 spondetur
191 2144 261 2172 quod.

49 2966 57 2975 '
69 2965 105 2987 cf.
116 2965 124 2987 l
137 2965 169 2992 Ρ.,
178 2972 231 2988 ινιι,
241 2972 260 2987 2.

55 3498 63 3507 ·
72 3496 108 3518 Cf.
117 3502 180 3519 num.
189 3503 228 3523 vn,
238 3498 265 3519 Si

54 3525 139 3545 autem.

296 316 372 363 478

297 390 450 431 cognosci
482 392 599 428 potest.
630 386 671 416 Et
701 386 756 420 sic,
786 385 861 414 licet
891 388 1004 413 natura
1033 383 1159 421 generis
1189 387 1221 412 et
1244 381 1364 421 speciei

295 442 463 473 nunquam
479 432 518 461 sit
533 431 593 461 nisi
609 430 643 460 in
659 428 842 463 individuis,
866 433 975 457 tamen
998 426 1180 456 intellectus
1202 426 1256 456 illa
1271 425 1365 456 intel—

295 479 363 518 ligit
377 486 445 507 non
461 473 670 514 intelligendo
687 472 845 513 principia
859 470 1102 502 individuantia.
1119 469 1214 500 Unde
1230 475 1365 509 negatur

294 522 347 552 illa
370 519 612 559 consequentia.

351 575 380 595 2.
405 562 567 601 Secundo,
595 566 705 602 posset
734 561 842 590 instari
873 563 984 590 contra
1013 557 1194 589 secundum
1224 558 1362 594 dictum,

293 608 461 649 probando
479 606 569 647 quod
585 610 715 646 oportet
739 614 807 635 esse
823 613 923 634 unam
945 612 1083 633 numero
1107 602 1251 642 speciem
1267 603 1364 633 huius

294 659 325 683 et
341 652 424 683 illius
440 651 645 690 intelligentis
661 654 809 689 respectu
834 648 978 678 eiusdem
1001 647 1165 677 intellecti.
1183 646 1270 684 Quia
1285 652 1363 677 tunc

293 706 359 727 non
378 702 459 726 esset
474 703 579 725 unum
594 694 810 724 intellectum:
829 702 905 723 curn
921 692 1044 732 species
1059 692 1099 722 sit
1114 691 1223 731 ipsum
1238 691 1363 722 intelle-

291 746 383 776 ctum
405 741 439 770 in
462 744 547 770 actu.

347 783 575 825 Respondetur
598 781 747 822 negando
764 780 1042 821 consequentiam.
1059 779 1111 810 Ad
1127 780 1191 810 hoc
1215 780 1303 810 enim
1326 785 1363 810 ut

292 830 333 859 sit
355 838 460 859 unum
483 827 683 859 intellectum
707 836 725 856 a
747 826 857 856 multis
878 835 917 856 ex
941 830 1029 864 parte
1044 824 1089 854 rei
1106 833 1190 864 quae
1213 825 1363 855 terminat

293 874 526 914 cognitionem,
556 881 624 903 non
648 876 778 911 oportet
806 879 874 900 esse
897 878 997 899 unam
1021 868 1177 908 speciem:
1203 878 1279 900 cum
1302 869 1363 899 sci-

291 917 367 948 licet
389 918 459 958 ipsa
482 926 550 948 non
574 916 613 946 sit
635 916 743 956 ipsum
767 914 856 955 quod
879 913 1076 953 intelligitur,
1101 912 1158 943 sed
1181 913 1251 943 eius
1274 914 1361 944 sirni-

291 961 407 993 litudo.
431 961 496 993 Sed
519 965 648 1001 oportet
671 958 762 999 quod
785 959 824 988 sit
846 958 943 988 unius
964 962 998 988 et
1017 956 1163 988 eiusdem
1184 957 1362 988 similitudo

291 1007 326 1037 in
348 1006 420 1038 illis.
444 1006 518 1036 Hoc
549 1009 657 1035 autem
688 1009 735 1034 est
762 1001 916 1043 possibile
941 1002 967 1032 si
993 1002 1118 1041 species
1146 1001 1362 1042 intelligibiles

292 1051 356 1081 sint
378 1059 516 1081 numero
539 1049 697 1079 diversae:
722 1047 801 1078 nihil
826 1047 914 1077 enim
931 1046 1082 1086 prohibet
1102 1046 1199 1076 unius
1223 1052 1255 1077 et
1277 1047 1362 1078 eius-

293 1094 367 1125 dem
390 1095 436 1130 rei
458 1093 528 1124 fieri
550 1093 658 1133 plures
681 1090 906 1122 similitudines
930 1089 1123 1121 differentes.

349 1138 378 1168 3.
402 1138 515 1168 Posset
537 1137 653 1167 ultimo
678 1135 793 1175 aliquis
813 1144 966 1175 quaerere
990 1140 1100 1166 utrum
1123 1135 1247 1175 species
1268 1136 1363 1166 intel-

290 1182 425 1222 ligibiles
441 1182 484 1212 ita
499 1181 563 1211 sint
578 1181 720 1220 praecise
733 1189 801 1220 quo
818 1178 942 1221 aliquid
952 1179 1150 1220 intelligitur,
1164 1179 1256 1220 quod
1274 1181 1363 1221 ipsae

290 1226 382 1257 nullo
405 1225 507 1256 modo
530 1225 757 1265 intelligantur.

345 1269 534 1311 Respondet
553 1269 689 1300 Sanctus
707 1269 853 1300 Thomas
876 1267 968 1309 quod
990 1269 1104 1308 utique
1127 1267 1362 1309 intelliguntur,

291 1314 347 1350 sed
362 1324 420 1355 per
434 1314 654 1350 reflexionem,
673 1314 756 1344 sicut
773 1318 805 1344 et
818 1313 927 1353 ipsum
942 1313 1134 1353 intelligere:
1155 1318 1187 1344 et
1203 1319 1362 1354 quantum

291 1358 331 1390 ad
353 1359 575 1399 cognitionem
589 1359 659 1389 eius
672 1357 716 1391 ‚in
731 1357 896 1398 singulari,
920 1362 952 1388 et
974 1363 1134 1398 quantum
1157 1357 1198 1388 ad
1221 1359 1290 1389 eius
1306 1368 1362 1390 co-

291 1404 470 1443 gnitionem
493 1404 527 1434 in
553 1402 741 1439 universali;
765 1401 858 1438 idest,
882 1407 1042 1442 quantum
1072 1402 1113 1433 ad
1139 1403 1362 1443 cognitionem

291 1457 334 1483 an
350 1453 407 1484 est,
424 1447 502 1479 dum
525 1447 695 1488 cognoscit
718 1456 751 1477 se
774 1447 893 1478 habere
916 1448 1073 1487 speciem;
1091 1452 1124 1478 et
1138 1453 1298 1488 quantum
1321 1448 1362 1479 ad

291 1493 515 1533 cognitionem
534 1492 613 1533 quid
635 1497 690 1527 est,
716 1490 947 1532 cognoscendo
970 1497 1119 1523 naturam
1141 1492 1252 1532 ipsius.

346 1546 377 1576 4.
402 1536 497 1571 Circa
519 1536 600 1567 illud
615 1535 739 1567 dictum
756 1536 791 1566 in
814 1536 975 1576 principio
994 1536 1216 1576 responsionis
1227 1538 1254 1573 ἦ
1272 1537 1363 1577 quod

291 1586 415 1613 tantum
432 1581 595 1612 naturalis
618 1586 650 1611 et
666 1581 906 1622 metaplgrsicus
928 1581 1116 1611 considerat
1137 1581 1177 1612 de
1198 1582 1363 1622 speciebus

291 1626 556 1667 intelligibilibus,
574 1625 845 1656 considerandum
862 1625 962 1669 quod,
979 1625 1054 1656 licet
1074 1631 1212 1666 uterque
1230 1626 1362 1657 illorum

292 1670 332 1701 de
354 1671 431 1711 ipsis
454 1670 624 1710 speciebus
647 1669 839 1706 consideret,
862 1670 927 1700 hoc
949 1675 1060 1700 tamen
1082 1679 1150 1701 non
1173 1675 1221 1700 est
1244 1670 1362 1702 eodem

290 1714 402 1746 modo.
427 1714 512 1745 Nam
541 1714 693 1745 naturalis
717 1713 756 1745 de
785 1713 864 1754 ipsis
894 1714 1076 1745 considerat
1107 1715 1303 1754 inquantum
1328 1716 1362 1746 in

291 1759 566 1799 phantasmatibus
582 1758 767 1794 fundantur,
783 1763 816 1789 et
831 1768 850 1789 a
865 1758 960 1789 rebus
970 1758 1168 1789 naturalibus
1180 1766 1362 1796 causantur,

290 1809 325 1834 'et
347 1813 387 1834 eo
411 1803 512 1834 modo
536 1812 604 1843 quo
624 1802 806 1834 considerat
827 1802 869 1833 de
884 1802 1064 1834 intellectu:
1089 1803 1285 1843 inquantum
1302 1805 1364 1835 sci-

293 1848 368 1879 licet
393 1852 469 1879 sunt
499 1847 621 1887 aliquid
650 1847 776 1878 animae
806 1846 1033 1884 intellectivae,
1065 1857 1149 1887 quae
1180 1854 1228 1879 est
1259 1848 1364 1879 forma

292 1892 454 1928 naturalis,
469 1897 585 1932 utpote
609 1893 757 1932 propriae
773 1890 898 1923 formae
922 1892 1103 1922 intellectus
1119 1893 1279 1932 possibilis
1298 1894 1364 1923 exi-

291 1942 420 1970 stenteS.
444 1936 684 1976 Metaphysicus
700 1941 810 1967 autem
825 1935 865 1966 de
880 1936 958 1975 ipsis
974 1935 1155 1966 considerat
1171 1942 1203 1967 et
1225 1937 1364 1977 inquan-

290 1986 361 2011 tum
377 1979 536 2020 quaedam
554 1981 638 2010 entia
661 1985 746 2016 sunt,
764 1985 796 2010 et
817 1980 1013 2020 inquantum
1028 1985 1104 2011 sunt
1122 1981 1362 2012 immateriales:

291 2025 373 2056 sicut
389 2029 420 2055 et
435 2023 475 2055 de
491 2023 657 2055 intellectu
677 2024 822 2064 possibili
845 2024 1040 2064 inquantum
1063 2025 1281 2056 immaterialia
1305 2031 1362 2062 est,

292 2068 483 2102 considerat.

344 2113 426 2144 Vlll.
453 2112 547 2143 Circa
561 2113 807 2153 responsionem
823 2112 864 2144 ad
878 2113 1016 2153 primam
1037 2113 1221 2145 instantiam
1234 2115 1260 2151 ⁴²,
1285 2124 1362 2146 cum

289 2158 405 2189 dicitur
419 2157 511 2198 quod
527 2157 612 2188 ratio
628 2167 732 2198 quare
746 2157 928 2188 intellectus
945 2159 1117 2199 cognoscit
1134 2164 1288 2190 naturam
1303 2169 1361 2200 ge-

289 2203 376 2234 neris
393 2207 424 2233 et
438 2202 555 2243 speciei
570 2202 767 2233 denudatam
782 2211 803 2232 a
816 2202 989 2243 principiis
1007 2202 1294 2239 individuantibus,
1315 2210 1363 2235 est

288 2247 431 2278 conditio
460 2247 578 2288 speciei
607 2246 821 2288 intelligibilis
849 2247 882 2277 in
913 2247 981 2288 ipso
1013 2252 1168 2288 receptae,
1201 2257 1286 2289 quae
1315 2254 1362 2280 est

289 2291 512 2322 immaterialis
527 2291 642 2333 effecta
651 2301 715 2332 per
733 2291 930 2322 intellectum
950 2297 1111 2334 agentem,
1128 2291 1360 2324 advertendum

289 2336 380 2377 quod
402 2337 571 2367 abstractio
599 2336 717 2376 speciei
742 2346 760 2366 a
782 2337 915 2367 materia
937 2343 970 2368 et
996 2336 1238 2368 conditionibus
1259 2343 1360 2369 mate-

287 2381 352 2412 riae
377 2380 558 2412 secundum
580 2390 678 2411 suum
701 2390 781 2416 esse,
812 2380 866 2411 dat
888 2381 1008 2422 speciei
1031 2387 1068 2412 ut
1097 2387 1245 2413 naturam
1267 2383 1361 2414 cuius

289 2430 336 2456 est
359 2425 535 2456 similitudo
558 2425 818 2462 immaterialiter,
842 2425 905 2456 hoc
929 2432 976 2457 est
999 2427 1120 2467 absque
1143 2427 1361 2458 materialibus

288 2469 539 2507 conditionibus,
569 2475 795 2511 repraesentet.
820 2470 862 2501 Et
885 2471 961 2511 quia
991 2471 1175 2503 intellectus
1204 2471 1306 2503 fertur
1327 2473 1360 2503 in

289 2515 454 2546 obiectum
478 2519 514 2546 ut
537 2515 597 2546 sibi
619 2524 677 2556 per
699 2514 945 2546 similitudinem
969 2516 1038 2546 eius
1060 2517 1094 2547 in
1111 2525 1145 2547 se
1169 2517 1360 2548 existentem

287 2565 551 2601 repraesentatur,
576 2559 658 2590 sicut
682 2565 714 2590 et
736 2559 843 2590 omnis
866 2560 928 2591 alia
954 2561 1101 2601 potentia
1124 2562 1359 2602 cognoscitiva;

287 2605 361 2636 ideo
379 2614 436 2645 per
451 2605 553 2646 ipsam
578 2605 721 2645 speciem
737 2610 884 2635 naturam
901 2605 1023 2646 absque
1047 2606 1266 2638 materialibus
1282 2616 1360 2638 con-

288 2649 463 2680 ditionibus
487 2649 710 2691 apprehendit.
735 2649 798 2681 Sed
821 2649 1016 2682 attendenda
1038 2656 1115 2682 sunt
1133 2651 1361 2683 verbadSancti

287 2694 445 2725 Thomae.
462 2693 538 2726 Non
561 2695 649 2726 enim
669 2695 775 2735 inquit
795 2694 996 2727 intellectum
1019 2696 1197 2736 intelligere
1211 2701 1360 2728 naturam

287 2739 408 2779 absque
431 2738 673 2771 conditionibus
696 2739 915 2771 materialibus
937 2741 1014 2782 quia
1037 2740 1158 2781 species
1181 2746 1229 2772 est
1247 2741 1361 2772 imma-

287 2783 421 2820 terialis,
445 2784 537 2824 quasi
554 2784 804 2815 immaterialitas
826 2785 946 2825 speciei
961 2786 1001 2817 sit
1016 2786 1098 2817 ratio
1113 2793 1213 2826 quare
1235 2795 1361 2826 reprae-

287 2833 390 2859 sentet
400 2834 547 2860 naturam
559 2829 682 2870 absque
692 2829 911 2860 materialibus
922 2830 1179 2862 conditionibus:
1196 2830 1262 2862 hoc
1273 2831 1361 2862 enim

287 2882 355 2904 non
378 2878 426 2904 est
449 2882 562 2904 verum
580 2874 614 2904 in
630 2872 775 2904 doctrina
799 2873 878 2911 eius,
903 2883 980 2906 cum
1003 2881 1105 2915 ponat
1127 2875 1252 2915 species
1275 2884 1360 2916 quae

287 2923 362 2948 sunt
376 2918 410 2948 in
426 2923 535 2949 mente
559 2918 711 2959 angelica,
727 2924 964 2959 repraesentare
979 2928 1048 2950 non
1070 2924 1197 2951 tantum
1212 2925 1360 2952 naturam

288 2962 421 3002 speciei,
454 2961 511 2994 sed
541 2963 637 2994 etiam
667 2962 873 2995 conditiones
901 2963 1115 2995 individuales
1131 2965 1158 3000 ⁵,
1186 2970 1219 2995 et
1251 2970 1359 2996 tamen

289 3012 413 3037 constat
435 3006 526 3047 quod
549 3013 623 3038 sunt
646 3007 882 3039 immateriales.
906 3007 971 3039 Sed
993 3009 1099 3049 inquit
1117 3008 1198 3040 illud
1221 3009 1359 3046 evenire,

288 3051 364 3091 quia
376 3057 424 3083 est
434 3051 549 3093 effecta
561 3052 787 3084 immaterialis
792 3062 858 3093 per
868 3053 1066 3084 intellectum
1077 3058 1236 3095 agentem,
1251 3059 1360 3095 utpote

289 3096 450 3127 abstracta
478 3101 539 3128 etc.
564 3096 641 3128 Non
663 3097 751 3128 enim
775 3098 851 3138 quia
880 3103 928 3128 est
955 3098 1173 3129 immaterialis
1197 3099 1358 3131 absolute:

289 3140 344 3172 sed
368 3141 444 3181 quia
458 3148 516 3181 per
535 3141 735 3173 intellectum
751 3147 901 3183 agentem
916 3142 1107 3174 abstrahitur
1119 3153 1138 3174 a
1155 3143 1361 3183 phantasma-

288 3185 382 3222 tibus,
400 3190 432 3216 et
447 3194 504 3226 per
527 3186 635 3226 ipsum
658 3187 703 3217 sic
722 3196 794 3218 eam
818 3187 1056 3218 abstrahentem
1074 3186 1111 3218 fit
1131 3188 1359 3226 immaterialis,

288 3227 363 3260 ideo
387 3230 432 3260 sic
448 3235 677 3270 repraesentat;
701 3231 786 3262 sicut
801 3232 889 3262 enim
913 3241 971 3272 per
985 3231 1187 3263 intellectum
1211 3238 1359 3273 agentem

290 3273 487 3310 abstrahitur,
504 3274 546 3304 ita
562 3281 786 3315 repraesentat.
804 3276 878 3306 Hoc
902 3282 1010 3307 autem
1027 3286 1094 3307 non
1119 3277 1272 3308 convenit
1287 3287 1360 3318 spe-

290 3318 399 3348 ciebus
415 3327 499 3358 quae
522 3320 646 3350 suntin
662 3325 771 3351 mente
795 3321 949 3361 angelica,
964 3320 1023 3352 sed
1045 3326 1171 3352 tantum
1190 3322 1360 3362 speciebus

290 3362 470 3394 intellectus
493 3364 604 3394 nostri.

349 3415 377 3437 2.
394 3406 430 3438 ln
446 3405 559 3438 eadem
575 3409 796 3448 responsione,
814 3418 890 3440 cum
906 3409 1024 3440 dicitur
1039 3408 1140 3450 quod,
1155 3411 1302 3450 quamvis
1317 3411 1361 3442 ad

292 3451 456 3482 veritatem
472 3452 671 3493 cognitionis
686 3462 814 3484 necesse
824 3453 867 3484 sit
883 3458 919 3484 ut
933 3454 1078 3496 cognitio
1095 3454 1144 3484 rei
1156 3455 1358 3495 respondeat,

293 3503 357 3525 non
370 3500 475 3526 tamen
489 3501 616 3536 oportet
629 3497 716 3537 quod
728 3497 811 3528 idem
826 3498 870 3529 sit
884 3498 999 3530 modus
1014 3498 1214 3540 cognitionis
1229 3504 1260 3530 et
1271 3501 1320 3530 rei
1331 3501 1358 3537 ⁵,

293 3539 562 3571 considerandum
576 3541 668 3581 quod
684 3541 819 3573 Sanctus
832 3542 977 3574 Thomas
990 3542 1043 3574 dat
1054 3542 1232 3584 intelligere
1248 3543 1359 3575 distin·

294 3582 432 3614 ctionem
458 3593 557 3624 quam
580 3586 674 3625 ponit
696 3586 812 3623 Prima,
829 3596 861 3627 q.
877 3597 990 3624 Lxxxv,
1007 3597 1035 3619 a.
1056 3595 1084 3624 ι,
1101 3586 1142 3618 ad
1164 3595 1192 3624 1,
1215 3593 1247 3618 et
1269 3588 1358 3619 alibi:

294 3626 412 3657 scilicet
435 3628 523 3667 quod
547 3628 665 3660 modus
688 3631 907 3670 cognoscendi
931 3630 1101 3672 dupliciter
1115 3637 1223 3672 potest
1245 3633 1358 3673 accipi,

295 3669 413 3700 scilicet
429 3681 467 3702 ex
482 3678 570 3711 parte
586 3674 631 3704 rei
647 3675 805 3714 cognitae,
826 3681 857 3706 et
873 3685 911 3706 ex
926 3681 1016 3716 parte
1033 3677 1269 3717 cognoscentis.
1287 3677 1359 3708 Mo-

769 308 956 345 SUMMA
986 305 1209 343 CONTRA
1237 303 1513 348 GENTILES,
1541 302 1637 339 LIB.
1658 303 1699 347 11,
1729 301 1841 338 CAP.
1862 302 2017 338 LXXV.

1391 406 1393 412 ,
1419 380 1499 411 dum
1523 380 1719 419 cognitionis
1735 388 1774 409 ex
1797 384 1888 419 parte
1902 379 1950 409 rei
1972 379 2132 419 cognitae,
2156 386 2287 420 oportet
2309 382 2495 422 proportio-

1418 425 1488 455 nari
1510 423 1613 455 modo
1636 424 1737 463 ipsius
1761 424 1807 454 rei
1823 423 1983 463 cognitae,
2007 428 2045 454 ut
2062 424 2185 455 scilicet
2207 432 2424 465 cognoscatur
2445 436 2495 458 res

1419 478 1488 499 esse
1512 468 1595 499 sicut
1615 474 1676 498 est:
1701 473 1734 498 et
1761 468 1787 498 si
1809 467 1900 498 aliter
1924 468 2134 507 cognoscitur
2157 477 2256 508 quam
2282 469 2332 506 sit,
2355 479 2425 502 non
2448 477 2495 502 est

1419 522 1493 543 vera
1525 512 1670 552 cognitio
1694 512 1750 542 rei.
1781 511 1921 542 Modum
1951 517 2061 543 autem
2085 521 2120 543 se
2146 518 2313 544 tenentem
2344 523 2384 544 ex
2405 520 2496 555 parte

1390 567 1392 582 ι
1419 557 1656 597 cognoscentis
1670 565 1739 586 non
1751 561 1882 596 oportet
1892 557 2135 596 proportionari
2149 556 2252 588 modo
2268 558 2315 589 rei
2329 559 2493 599 cognitae:

1419 602 1496 641 quia
1518 601 1701 631 intellectus
1724 600 1976 632 immaterialiter
1999 602 2168 641 cognoscit
2183 611 2268 642 quae
2291 602 2411 634 habent
2426 612 2495 634 esse

1418 645 1597 682 materiale;
1622 651 1654 675 et
1670 654 1753 685 quae
1777 645 1953 676 coniuncta
1975 651 2052 676 sunt
2065 646 2248 678 secundum
2272 655 2351 683 esse,
2368 646 2494 678 divisim

1419 695 1450 720 et
1475 690 1646 730 separatim
1669 690 1829 729 intelligit.
1853 690 2000 720 Primum
2023 690 2215 730 significavit
2239 700 2316 722 cum
2339 690 2418 723 dixit
2441 701 2495 723 ne-

1417 744 1504 766 cesse
1527 743 1595 765 esse
1610 733 1654 764 ad
1669 734 1837 764 veritatem
1860 734 2061 775 cognitionis
2079 740 2116 766 ut
2130 735 2278 777 cognitio
2297 735 2347 765 rei
2362 745 2496 776 respon·

1417 779 1510 809 deat:
1525 778 1707 810 secundum
1724 788 1802 808 vero
1815 787 1890 808 cum
1907 778 1995 815 dixit,
2012 788 2078 810 non
2095 785 2202 811 tamen
2219 785 2349 820 oportet
2364 785 2400 811 ut
2411 780 2495 811 idem

1416 823 1459 854 sit
1482 823 1597 854 modus
1620 823 1821 864 cognitionis
1843 827 1875 853 et
1897 823 1955 854 rei.
2136 840 2138 842 ·

1473 867 1503 898 3.
1528 867 1592 899 Sed
1616 868 1758 899 occurrit
1781 867 1929 899 dubium.
1954 866 2051 905 Quia,
2068 868 2095 898 si
2110 868 2229 899 modus
2248 869 2444 909 cognitionis
2460 879 2495 901 se

1417 918 1531 942 tenens
1554 921 1593 942 ex
1616 918 1707 952 parte
1730 912 1776 945 tei
1805 911 1902 943 debet
1931 912 2174 952 proportionari
2196 912 2298 944 modo
2325 914 2372 944 rei
2400 914 2495 945 intel-

1416 957 1529 993 lectae,
1553 957 1580 987 si
1602 966 1652 987 res
1675 956 1837 988 intellecta
1861 957 1901 987 sit
1923 956 2107 989 secundum
2125 966 2195 988 esse
2217 957 2393 989 coniuncta
2416 968 2495 989 con·

1388 1016 1391 1042 Ι
1418 1001 1596 1032 ditionibus
1618 1000 1880 1037 individualibus,
1905 1010 2038 1032 necesse
2061 1002 2122 1032 erit
2135 1006 2173 1032 ut
2194 1007 2412 1042 cognoscatur
2433 1003 2496 1034 illis

1418 1045 1662 1077 conditionibus
1685 1046 1871 1082 coniuncta,
1895 1054 1965 1077 non
1987 1051 2097 1077 autem
2112 1046 2235 1086 absque
2252 1046 2495 1081 conditionibus

1416 1089 1680 1122 individualibus.
1697 1090 1739 1121 Et
1754 1091 1780 1121 si
1800 1090 1988 1130 intelligitur
2011 1091 2135 1130 absque
2157 1090 2219 1122 illis
2239 1090 2495 1128 conditionibus,

1417 1135 1564 1175 sequitur
1579 1134 1672 1175 quod
1686 1135 1756 1166 sine
1771 1134 1833 1165 illis
1849 1135 1889 1165 sit
1903 1135 1938 1165 in
1957 1144 2001 1165 re.
2018 1135 2060 1166 Et
2075 1135 2121 1165 sic
2136 1144 2206 1166 non
2216 1134 2343 1166 videtur
2358 1135 2496 1168 Sanctus

1418 1179 1565 1210 Thomas
1581 1178 1763 1211 satisfacere
1779 1179 1951 1210 instantiae
1974 1179 2143 1211 adductae.
2159 1179 2278 1213 Adhuc
2294 1181 2384 1212 enim
2398 1180 2495 1212 relin-

1418 1224 1528 1264 quitur
1551 1229 1607 1255 aut
1624 1229 1659 1254 ut
1673 1233 1724 1255 res
1739 1223 1902 1255 intellecta
1924 1233 1994 1255 non
2009 1225 2049 1255 sit
2071 1233 2122 1255 res
2138 1229 2225 1255 extra
2248 1225 2401 1262 animam,
2418 1234 2495 1257 cum

1418 1269 1620 1300 intellectum
1650 1269 1690 1300 sit
1720 1268 1916 1301 universale:
1945 1274 2001 1299 aut
2031 1273 2069 1299 ut
2097 1269 2291 1300 universalia
2316 1270 2382 1300 sint
2408 1275 2495 1303 extra

1417 1313 1600 1354 singularia.
2438 1332 2441 1335 ν

1476 1357 1706 1398 Respondetur
1721 1356 1813 1398 quod
1827 1356 1947 1389 modus
1962 1358 2159 1399 cognitionis
2174 1367 2208 1389 se
2219 1363 2334 1390 tenens
2350 1368 2389 1389 ex
2404 1364 2495 1399 parte

1417 1403 1655 1443 cognoscentis,
1680 1407 1716 1433 ut
1739 1402 1793 1433 hic
1815 1401 1964 1438 sumitur,
1989 1407 2037 1433 est
2058 1401 2178 1434 modus
2200 1402 2424 1443 cognoscendi
2442 1412 2495 1438 ,se-

1417 1446 1563 1479 cundum
1587 1445 1678 1487 quod
1697 1447 1910 1487 cognoscenti
1925 1454 1984 1487 per
2006 1447 2150 1487 speciem
2167 1452 2435 1488 repraesentatur.
2453 1447 2496 1480 Et

1416 1493 1481 1524 hoc
1497 1498 1544 1523 est
1559 1500 1759 1532 cognoscere
1774 1491 1914 1532 simplici
1925 1491 2197 1532 apprehensione.
2210 1491 2345 1533 Et-quia
2355 1491 2389 1523 id
2404 1492 2496 1533 quod

1417 1542 1465 1567 est
1487 1537 1578 1568 alteri
1601 1537 1816 1567 coniunctum
1838 1535 2022 1567 secundum
2040 1545 2085 1573 se,
2101 1537 2262 1578 contingit
2283 1537 2407 1577 absque
2427 1536 2494 1569 alio

1417 1582 1471 1612 cui
1486 1582 1695 1622 coniungitur
1709 1581 1951 1621 repraesentari,
1968 1581 2052 1611 sicut
2066 1581 2192 1622 species
2206 1581 2331 1615 vcoloris
2345 1581 2380 1613 in
2394 1581 2495 1614 oculo

1417 1626 1556 1657 existens
1578 1630 1795 1666 repraesentat
1817 1625 1963 1657 colorem
1986 1625 2079 1666 pomi
2104 1635 2174 1657 non
2197 1631 2307 1658 autem
2324 1626 2400 1657 -eius
2423 1625 2495 1660 dul·

1417 1669 1576 1707 cedinem,
1600 1675 1632 1701 et
1654 1670 1780 1710 species
1801 1670 1984 1701 intellectus
2009 1675 2227 1710 repraesentat
2251 1675 2400 1702 nanuum
2422 1680 2495 1703 non

1417 1713 1688 1754 repraesentando
1704 1714 1863 1755 principia
1885 1713 2118 1746 individuantia
2132 1715 2255 1755 quibus
2269 1715 2494 1756 coniungitur-3

1417 1758 1492 1790 ideo
1523 1759 1682 1799 contingit
1711 1764 1747 1790 ut
1774 1768 1979 1800 cognoscens
2004 1767 2109 1790 unum
2135 1759 2259 1799 absque
2286 1759 2351 1791 alio
2379 1766 2494 1801 appre-

1417 1803 1546 1835 hendat.
1567 1803 1609 1834 Et
1631 1804 1678 1834 sic
1693 1803 1776 1834 alius
1798 1809 1847 1837 est
1865 1802 1984 1834 modus
2007 1804 2217 1844 cognitionis,
2230 1809 2264 1836 et
2278 1804 2360 1836 alius
2376 1804 2495 1839 modus

1416 1849 1462 1879 rei
1485 1848 1636 1888 cognitae
1654 1847 1802 1879 absolute
1823 1852 1983 1888 sumptae,
2000 1853 2037 1879 ut
2052 1853 2101 1879 est
2123 1853 2212 1879 extra
2226 1849 2380 1880 animam.
2395 1867 2419 1873 -
2434 1846 2496 1881 Per

1416 1892 1554 1923 modurn
1570 1897 1680 1923 autem
1696 1893 1893 1932 cognitionis
1909 1901 1948 1922 ex
1964 1898 2054 1932 parte
2071 1893 2118 1924 rei
2132 1893 2294 1932 cognitae,
2305 1893 2496 1935 intelligitur

1416 1936 1536 1967 modus
1551 1936 1774 1977 cognoscendi
1788 1936 1972 1968 secundum
1995 1936 2087 1976 quod
2103 1937 2357 1978 apprehenditur
2370 1938 2495 1980 aliquid

1416 1990 1486 2012 esse
1509 1982 1542 2012 in
1566 1990 1612 2012 re.
1635 1981 1677 2012 Et
1700 1981 1765 2012 hoc
1788 1987 1837 2012 est
1863 1989 2063 2021 cognoscere
2092 1990 2152 2022 per
2173 1981 2353 2014 secundam
2379 1991 2495 2024 opu-a·

1415 2026 1540 2057 tionem
1562 2025 1758 2062 intellectus,
1775 2032 1860 2066 quae
1875 2026 2067 2057 terminatur
2082 2025 2124 2058 ad
2138 2035 2208 2058 esse
2223 2027 2280 2063 rei.
2297 2025 2378 2059 dum
2399 2027 2495 2061 unuh

1415 2070 1519 2101 lectus
1541 2069 1620 2101 dicit
1642 2069 1767 2111 aliquid
1785 2079 1855 2102 esse
1871 2070 1923 2102 vel
1937 2079 2006 2101 non
2021 2079 2105 2102 esse.
2119 2070 2163 2102 Et
2176 2076 2256 2103 tunc
2276 2077 2495 2112 opor-termo*

1416 2114 1495 2146 dum
1515 2114 1712 2155 cognitionis
1731 2115 1976 2156 proportionari
1990 2114 2094 2146 modo
2105 2115 2152 2146 rei
2172 2116 2336 2156 cognitae:
2355 2122 2392 2149 ut
2408 2116 2495 2151 dicat

1415 2169 1485 2190 esse
1509 2159 1601 2199 quod
1617 2165 1675 2196 est,
1700 2165 1732 2190 et
1754 2169 1823 2190 non
1847 2168 1917 2191 esse
1940 2159 2031 2201 quod
2054 2169 2125 2191 non
2146 2165 2204 2192 est.
2229 2160 2272 2191 Et
2293 2162 2340 2192 sic
2363 2166 2495 2203 oportet

1415 2210 1452 2236 ut
1475 2204 1561 2236 dicat
1583 2205 1727 2246 speciem
1750 2213 1820 2236 esse
1843 2205 1878 2236 in
1903 2204 2091 2242 individuis,
2114 2205 2142 2236 si
2164 2204 2262 2237 debet
2287 2214 2358 2238 esse
2379 2212 2492 2239 verus:

1415 2250 1442 2281 si
1466 2249 1554 2280 enim
1577 2249 1699 2281 diceret
1721 2249 1826 2290 ipsam
1850 2258 1919 2280 non
1943 2259 2012 2281 esse
2036 2250 2070 2281 in
2093 2249 2280 2287 individuis,
2305 2250 2423 2284 falmin
2445 2250 2494 2285 di·

1416 2299 1502 2326 ceret
1525 2300 1557 2326 et
1580 2293 1658 2326 false
1686 2299 1909 2335 cognosceret.
2444 2312 2445 2317 =

1470 2338 1566 2371 Unde
1590 2338 1630 2370 ad
1662 2344 1902 2380 argumentum,
1925 2344 2062 2379 negatur
2088 2339 2334 2380 consequentia,
2363 2340 2391 2371 si
2413 2349 2493 2373 enn-

1414 2393 1555 2424 sequens
1581 2383 1778 2424 intelligatur
1801 2382 1841 2415 de
1870 2384 2059 2425 cognitione
2088 2392 2174 2425 quae
2200 2388 2250 2415 est
2275 2383 2413 2425 simplex
2435 2392 2492 2427 ap·

1414 2428 1604 2469 prehensio:
1629 2429 1707 2469 quia
1728 2429 1882 2460 transitur
1896 2438 1914 2459 a
1929 2427 2032 2460 modo
2055 2437 2090 2459 se
2112 2433 2245 2460 tenente
2268 2437 2307 2460 ex
2329 2434 2424 2470 parte
2443 2430 2489 2461 rei

1415 2474 1575 2514 cognitae,
1592 2472 1632 2504 ad
1648 2472 1787 2504 modurn
1810 2483 1845 2505 se
1867 2478 2035 2505 tenentem
2050 2477 2090 2504 'ex
2110 2477 2205 2514 parte
2218 2474 2457 2514 cognoscentia
2467 2488 2492 2501 v-

1414 2517 1449 2550 Si
1471 2523 1582 2549 autem
1604 2518 1801 2559 intelligatur
1829 2518 1869 2550 de
1897 2518 2086 2559 cognitione
2110 2526 2195 2559 quae
2223 2523 2272 2549 est
2293 2518 2492 2560 composino

1415 2568 1447 2594 et
1470 2561 1597 2600 divisio,
1620 2562 1813 2594 conceditur
1834 2563 1939 2604 prima
1968 2563 2219 2603 consequentia:
2246 2568 2380 2604 oportet
2396 2562 2492 2597 ·nin

1413 2613 1451 2638 ut
1474 2607 1657 2639 intellectus
1684 2607 1841 2648 intelligat
1863 2613 2012 2639 naturam
2043 2617 2113 2639 esse
2140 2608 2351 2640 coniunctam
2374 2607 2492 2644 eondi-

1414 2653 1560 2684 tionibus
1581 2652 1844 2689 individualibus,
1868 2653 1952 2684 sicut
1981 2658 2030 2684 est
2052 2653 2087 2684 in
2109 2662 2159 2689 re;
2182 2658 2216 2684 et
2237 2652 2266 2684 si
2296 2653 2387 2684 aliter
2404 2651 2492 2685 iudi*

1415 2702 1512 2734 caret,
1528 2702 1612 2728 esset
1627 2696 1736 2729 falsus.
1752 2715 1776 2720 -
1791 2697 1856 2728 Sed
1870 2702 2007 2738 negatur
2021 2697 2136 2728 ultima
2154 2698 2398 2738 consequentia.
2414 2697 2492 2730 Non

1415 2743 1503 2773 enim
1518 2741 1658 2773 dicimus
1673 2741 1765 2783 quod
1780 2741 1973 2773 universalia
1987 2741 2208 2783 intelligantur
2222 2742 2379 2774 abstracta
2392 2748 2414 2773 a
2425 2741 2491 2775 sin·

1415 2786 1580 2827 gularibus
1603 2795 1661 2828 per
1675 2786 1854 2818 secundam
1877 2787 2104 2827 operationem
2126 2786 2320 2823 intellectus,
2337 2785 2493 2828 quoda-t

1415 2831 1594 2873 intelligere
1615 2832 1686 2872 ipsa
1708 2841 1778 2862 non
1801 2841 1870 2862 esse
1893 2831 1927 2863 in
1950 2831 2180 2872 singularibus:
2203 2831 2262 2863 sed
2283 2836 2411 2863 tantum
2433 2840 2493 2872 per

1415 2877 1554 2918 primam
1581 2877 1808 2917 operationem
1833 2875 2027 2913 intellectus,
2054 2875 2147 2917 quod
2173 2882 2222 2907 est
2236 2875 2492 2917 <apprehendere

1415 2926 1565 2952 naturam
1586 2930 1656 2952 non
1680 2920 1891 2952 consideratis
1904 2919 2157 2952 individualibus
2179 2919 2492 2953 conditionibus-Et

1415 2966 1460 2996 sic
1483 2965 1677 2997 universalia
1705 2966 1775 3006 ipsa
1805 2970 1882 2996 sunt
1911 2974 1995 3006 quae
2021 2965 2259 3006 intelliguntur,
2281 2975 2351 2997 non
2380 2969 2491 2997 autem

1415 3010 1540 3052 species
1562 3019 1647 3051 quae
1670 3015 1747 3041 sunt
1768 3010 1803 3041 in
1825 3010 2004 3041 intellectu.
2092 3027 2095 3029 -
2254 3025 2258 3027 ·
2470 3027 2473 3033 s

1460 3055 1513 3086 lx.
1541 3055 1652 3086 Tertia
1669 3054 1755 3086 ratio
1771 3054 1928 3086 Averrois
1942 3059 2023 3086 erat.
2042 3053 2194 3096 Magister
2205 3054 2375 3086 scientim
2388 3062 2490 3096 quan

1414 3100 1520 3136 habet,
1552 3099 1691 3131 eandem
1718 3108 1858 3130 numero
1888 3098 2082 3130 transfimdit
2103 3099 2138 3131 in
2168 3098 2376 3140 discipulum.
2395 3091 2488 3140 Erga

1414 3145 1584 3185 utriusque
1608 3149 1656 3175 est
1678 3153 1766 3175 unus
1788 3143 1982 3175 intellectus.
2005 3143 2093 3184 Ergo
2117 3149 2179 3175 etc.
2201 3161 2226 3168 -
2248 3143 2407 3175 Probatur
2423 3150 2488 3175 nn-

1414 3188 1576 3220 tecedens.
1592 3189 1680 3228 Quia
1698 3189 1723 3219 si
1747 3187 1985 3220 transfunderet
2000 3188 2138 3220 eandem
2156 3193 2284 3220 tantum
2306 3185 2488 3219 secundum

1413 3234 1567 3275 speciem,
1583 3239 1662 3265 tunc
1685 3237 1831 3264 causaret
1853 3233 2021 3264 scientiam
2043 3233 2077 3264 in
2092 3232 2255 3274 discipulo
2272 3232 2362 3263 sicut
2378 3237 2489 3263 camat

1414 3278 1555 3310 formam
1577 3287 1670 3310 suam
1693 3279 1726 3309 in
1743 3277 1853 3318 aliquo
1877 3276 2062 3318 generando
2081 3278 2142 3309 sibi
2156 3276 2271 3308 sinile.
2295 3275 2396 3314 Quod
2415 3285 2488 3317 per-

1414 3324 1495 3354 tinet
1517 3322 1559 3354 ad
1582 3322 1709 3363 agentia
1731 3321 1917 3353 materialia.

1469 3367 1509 3398 X.
1533 3366 1586 3398 Ad
1607 3368 1693 3398 hanc
1707 3367 1868 3398 rationem
1891 3366 1946 3398 dat
1968 3366 2105 3398 Sanctus
2123 3363 2270 3395 Thomas
2292 3364 2439 3405 pulcram
2456 3370 2488 3396 et

1414 3411 1546 3452 longam
1569 3411 1828 3453 responsionem.
1850 3410 1915 3442 Sed
1935 3409 2132 3446 summatim,
2148 3413 2308 3450 quantum
2331 3408 2371 3440 ad
2393 3418 2487 3450 argu·

1413 3462 1563 3487 mentum
1585 3455 1713 3492 sufficit,
1729 3455 1846 3487 dicitur
1859 3455 1979 3496 primo,
1995 3453 2086 3494 quod
2101 3452 2295 3488 antecedens
2311 3458 2360 3484 est
2373 3462 2487 3485 verum

1415 3500 1454 3531 de
1478 3501 1611 3532 scientia
1633 3506 1794 3541 quantum
1817 3499 1857 3531 ad
1879 3498 1914 3531 id
1935 3497 2026 3538 quod
2047 3497 2156 3534 scitur,
2173 3498 2219 3528 sic
2239 3498 2326 3529 enim
2350 3503 2399 3529 est
2421 3504 2487 3530 una

1414 3554 1552 3576 numero
1574 3545 1610 3576 in
1625 3545 1778 3586 magistro
1795 3550 1828 3575 et
1841 3544 1876 3574 in
1892 3541 2052 3583 discipulo
2064 3542 2096 3572 ἐ
2114 3551 2183 3573 non
2202 3547 2311 3574 autem
2327 3546 2487 3583 quantum

1414 3588 1454 3620 ad
1478 3590 1603 3631 species
1624 3587 1843 3629 intelligibiles
1865 3587 1983 3627 quibus
2005 3586 2115 3623 scitur,
2131 3595 2239 3627 neque
2263 3592 2423 3628 quantum
2447 3586 2487 3618 ad

1414 3634 1522 3674 ipsum
1537 3633 1684 3665 habitum
1699 3632 1866 3667 scientim
1882 3631 1916 3661 in
1932 3639 2001 3671 quo
2017 3629 2165 3662 videlicet
2187 3641 2284 3663 sensu
2307 3631 2360 3662 hic
2383 3631 2488 3673 accipi

1415 3677 1519 3709 debet.
1538 3695 1561 3702 —-
1577 3677 1629 3709 Ad
1651 3677 1721 3708 eius
1736 3675 1975 3716 probationem,
1991 3681 2126 3715 negatur
2141 3676 2385 3717 consequentia.
2398 3675 2488 3714 Quia
