2768 4134
29 2478 39 2487 ¹
50 2476 85 2499 Cf.
92 2481 145 2499 text.
153 2481 175 2499 et
183 2483 243 2500 varr.

35 3278 43 3286 '
60 3277 90 3298 III
101 3277 179 3305 Phys„
189 3279 246 3305 vrffi.

282 300 357 325 202

279 368 366 400 Deus
379 369 425 395 est
441 372 546 398 causa,
563 362 589 392 si
604 360 730 391 infinita
745 360 808 389 sint
825 358 923 388 entia.
940 366 1017 388 cum
1033 357 1073 388 sit
1089 366 1186 388 causa
1201 357 1351 388 omnium

278 419 391 441 eorum
407 417 490 448 quae
506 411 590 436 sunt.
608 405 693 445 Ergo
710 410 758 434 est
772 402 975 433 infinitorum
991 402 1246 442 cognoscitivus:
1264 403 1351 452 quia,

277 451 505 502 cognoscendo
522 460 555 480 se
571 459 640 480 esse
661 457 792 479 causam
815 456 933 483 rerum,
950 445 1011 477 alia
1027 456 1045 476 a
1068 456 1101 477 se
1126 446 1305 487 cognoscit.

330 498 448 528 Probat
462 497 522 526 ista
537 495 618 525 ratio
636 493 727 535 quod
742 493 783 523 sit
798 491 1040 532 cognoscitivus
1055 490 1270 527 infinitorum,
1283 500 1352 521 non

275 543 430 577 absolute,
454 539 511 571 sed
534 539 594 570 sub
618 538 818 573 conditione,
841 537 869 566 si
892 535 1014 567 scilicet
1037 541 1113 567 sunt
1135 535 1271 567 infinita.

330 587 367 617 II.
392 585 551 616 Secundo.
569 585 678 615 Virtus
702 583 811 613 divina
825 581 866 612 ad
881 580 1009 612 infinita
1031 589 1066 611 se
1090 580 1249 612 extendit:
1274 589 1351 611 cum

274 632 313 661 sit
335 630 470 662 infinita.
495 630 581 670 Ergo
606 634 666 659 etc.
687 645 711 649 —
730 627 889 658 Probatur
912 626 1157 666 consequentia.
1172 626 1260 677 Quia
1282 634 1351 656 non

274 676 482 716 cognoscitur
496 673 639 715 perfecte
652 673 753 703 virtus
763 672 825 702 nisi
842 676 1082 722 cognoscantur
1094 671 1206 702 omnia
1221 671 1255 701 in
1268 679 1353 711 quae

273 726 394 761 potest:
418 729 495 750 cum
511 717 692 750 secundum
711 726 750 748 ea
768 716 930 758 quantitas
953 714 1078 746 virtutis
1101 713 1351 767 quodammodo

274 764 465 796 attendatur.
490 764 580 794 Deus
599 768 709 793 autem
725 771 818 792 suam
834 761 986 792 virtutem
1003 758 1146 801 perfecte
1170 759 1351 800 cognoscit.

328 809 469 840 Adverte
493 807 583 849 quod
605 807 681 838 ideo
705 806 784 837 dicit
805 805 942 837 Sanctus
966 803 1113 835 Thomas
1137 805 1352 845 quantitatem

273 855 396 886 virtutis
412 852 652 895 quodammodo
668 851 789 882 attendi
805 850 987 882 secundum
1002 849 1141 886 obiecta,
1157 858 1226 880 non
1241 855 1352 880 autem

274 899 364 940 quod
387 898 567 930 secundum
591 907 629 928 ea
651 897 841 937 simpliciter
865 894 1058 930 attendatur,
1075 895 1152 945 quia
1175 900 1212 925 ut
1234 893 1352 926 dicitur

273 946 388 981 Prima,
406 954 526 985 q.1r1.u,
544 953 571 973 a.
594 950 620 978 1,
638 941 679 973 ad
701 950 727 978 1,
747 941 915 982 quantitas
939 939 1069 970 virtutis
1086 939 1198 980 primo
1222 939 1351 979 quidem

273 990 452 1021 attenditur
467 989 499 1019 in
518 988 638 1023 radice,
656 987 689 1017 in
706 987 777 1027 ipsa
792 986 916 1017 scilicet
924 984 1132 1026 perfectione
1145 984 1286 1026 formae
1301 984 1353 1014 vel

274 1040 430 1065 naturae:
454 1038 484 1063 et
499 1033 546 1063 sic
561 1032 682 1063 dicitur
697 1030 892 1073 magnitudo
909 1028 1091 1071 spiritualis
1107 1038 1172 1070 quo
1190 1028 1286 1059 modo
1303 1028 1352 1059 di—

273 1079 359 1110 citur
374 1087 514 1120 magnus
538 1077 641 1112 calor,
661 1081 801 1117 propter
822 1084 917 1106 suam
934 1073 1184 1116 perfectionem.
1210 1073 1249 1104 In
1275 1073 1351 1114 effe-

272 1125 372 1155 ctibus
395 1129 504 1154 autem
519 1123 658 1164 formae
675 1120 858 1152 attenditur
870 1119 1077 1154 secundario,
1095 1118 1217 1149 scilicet
1235 1127 1352 1149 secun-

273 1169 352 1200 dum
368 1168 647 1209 comparationem
664 1166 788 1197 virtutis
807 1164 848 1196 ad
866 1165 1004 1196 obiecta.
1021 1164 1063 1195 Et
1079 1164 1165 1204 quia,
1178 1169 1215 1194 ut
1233 1163 1352 1195 dicitur

274 1214 400 1250 ISent,
421 1213 452 1244 d.
469 1223 543 1250 xvu,
561 1223 592 1254 q.
609 1223 642 1249 11,
659 1222 686 1242 a.
710 1220 736 1248 ι,
754 1212 818 1242 isto
842 1209 944 1241 modo
969 1208 1086 1240 dicitur
1109 1209 1210 1240 virtus
1232 1209 1351 1239 habere

273 1260 486 1299 quantitatem
510 1268 548 1288 ex
573 1257 686 1288 ordine
709 1255 751 1287 ad
774 1255 1002 1291 extrinsecum,
1018 1263 1088 1285 non
1103 1254 1181 1294 quia
1195 1254 1230 1284 in
1253 1263 1287 1285 se
1303 1252 1351 1285 di-

273 1305 432 1335 visionem
454 1303 597 1354 aliquam
620 1302 750 1338 habeat;
773 1299 849 1331 ideo
873 1309 942 1331 non
965 1298 1141 1330 attenditur
1163 1298 1352 1339 simpliciter

272 1350 432 1390 quantitas
447 1348 572 1379 virtutis
589 1346 771 1378 secundum
787 1345 924 1382 obiecta,
940 1343 998 1375 sed
1016 1348 1144 1375 tantum
1169 1343 1350 1375 secundum

273 1394 365 1437 quid;
390 1394 578 1434 simpliciter
601 1398 711 1423 autem
733 1389 909 1422 attenditur
929 1389 1111 1421 secundum
1134 1388 1258 1421 formae
1277 1397 1351 1430 per-

272 1439 459 1471 sectionem.

327 1485 379 1515 111.
408 1483 529 1516 Tertio.
554 1483 590 1514 In
617 1483 713 1514 rebus
743 1481 943 1512 naturalibus
969 1485 1017 1510 est
1034 1478 1210 1511 -infinitum
1232 1481 1266 1511 in
1290 1488 1351 1520 po-

270 1530 380 1566 tentia,
410 1535 446 1560 ut
476 1528 594 1560 dicitur
622 1527 663 1559 111
687 1526 914 1568 Plirsicorum.
943 1525 1030 1566 Ergo
1061 1524 1150 1556 Deus
1181 1525 1352 1566 cognoscit

270 1573 405 1606 infinita.
426 1592 443 1597 -
459 1573 551 1604 Patet
566 1571 812 1613 consequentia.
836 1571 923 1610 Quia
942 1570 1004 1601 Dei
1019 1570 1166 1610 cognitio
1183 1570 1223 1602 ad
1240 1570 1351 1601 omnia

271 1629 304 1650 se
328 1618 471 1651 extendit
495 1627 578 1659 quae
603 1617 885 1659 qualitercumque
909 1621 994 1652 sunt,
1011 1616 1078 1646 sive
1102 1619 1176 1646 actu
1201 1615 1267 1647 sive
1289 1623 1350 1656 po-

271 1665 381 1695 tentia.
395 1682 420 1687 -
435 1661 658 1695 Confirmatur
678 1671 736 1702 per
752 1660 940 1703 exemplum
956 1659 999 1691 de
1020 1659 1153 1696 unitate,
1177 1661 1202 1692 si
1227 1669 1352 1701 cogno·

271 1713 412 1740 sceretur
431 1707 589 1750 quicquid
605 1712 654 1738 est
667 1707 702 1737 in
718 1707 788 1748 ipsa
806 1707 840 1737 in
864 1706 1024 1747 potentia:
1050 1706 1127 1747 quia
1142 1711 1190 1736 est
1206 1706 1353 1747 potentia

272 1754 379 1786 omnis
401 1762 568 1785 numerus.

327 1798 469 1831 Adverte
488 1797 580 1839 quod
602 1797 677 1828 ideo
693 1797 800 1828 unitas
820 1802 869 1828 est
883 1797 1030 1838 potentia
1053 1797 1161 1827 omnis
1183 1805 1351 1833 numerus,

272 1845 349 1886 quia
372 1849 420 1874 est
442 1844 475 1874 in
499 1843 645 1884 potentia
675 1841 716 1872 ad
744 1840 886 1872 infinitas
913 1840 1095 1872 additiones
1124 1850 1350 1878 numerorum,

272 1899 310 1920 ex
334 1888 453 1930 quibus
476 1886 621 1919 infinitae
651 1895 866 1918 numerorum
890 1887 1014 1928 species
1043 1885 1210 1917 resultant.
1242 1885 1353 1917 Potest

271 1933 359 1964 enim
382 1933 498 1963 unitati
521 1932 595 1963 addi
624 1932 740 1968 unitas,
765 1937 798 1962 et
826 1932 873 1962 sic
902 1930 1035 1962 resultat
1063 1931 1218 1967 binarius;
1242 1936 1352 1972 potest

270 1978 344 2009 addi
367 1977 520 2013 binarius,
538 1983 571 2008 et
585 1976 631 2007 sic
650 1976 783 2007 resultat
797 1976 970 2011 ternarius;
994 1980 1026 2006 et
1049 1975 1094 2006 sic
1117 1976 1151 2006 in
1175 1974 1351 2006 infinitum.

271 2023 312 2053 Et
334 2022 410 2054 ideo
434 2023 551 2058 unitas,
576 2031 661 2062 quae
684 2020 936 2053 fundamentum
960 2021 1094 2061 ponitur
1117 2021 1268 2052 omnium
1291 2029 1353 2052 nu-

270 2077 447 2104 merorum,
463 2066 645 2098 secundum
668 2075 785 2098 eorum
804 2065 990 2097 ordinatum
1005 2074 1207 2106 processum,
1223 2072 1272 2097 est
1291 2075 1352 2107 po-

269 2113 369 2144 tentia
392 2113 499 2144 omnis
521 2121 688 2143 numerus.
716 2112 853 2152 Propter
883 2111 958 2147 hoc,
982 2111 1009 2142 si
1037 2111 1110 2151 quis
1139 2116 1354 2152 cognosceret

270 2156 427 2198 quicquid
449 2157 483 2188 in
503 2157 572 2198 ipsa
594 2156 814 2198 potentialiter
829 2156 1026 2193 continetur,
1043 2161 1257 2198 cognosceret
1279 2155 1353 2188 infi-

270 2203 351 2234 nitas
374 2202 499 2244 species
514 2211 738 2233 numerorum.
755 2200 883 2232 Eodem
903 2199 1016 2237 modo,
1033 2200 1166 2232 siDeus
1182 2201 1354 2242 cognoscit

271 2247 428 2288 quicquid
452 2252 500 2278 est
522 2247 556 2277 in
580 2247 726 2288 potentia
746 2247 890 2282 unitatis,
909 2246 1080 2286 cognoscit
1102 2245 1237 2276 infinita.
1263 2245 1305 2277 Et
1327 2246 1352 2277 si

271 2292 441 2333 cognoscit
462 2291 621 2332 quicquid
649 2297 697 2322 est
721 2291 756 2322 in
785 2291 932 2332 potentia
962 2291 1110 2322 continui
1134 2291 1354 2331 potentialiter

271 2336 468 2368 continentis
490 2335 633 2368 infinitas
661 2341 768 2377 partes
794 2342 826 2367 et
849 2334 990 2367 infinitas
1014 2335 1201 2373 divisiones,
1228 2335 1353 2367 infinita

272 2381 451 2423 cognoscit.

327 2426 381 2456 IV.
401 2425 540 2463 Quarto.
564 2426 595 2456 A
613 2425 686 2457 Deo
702 2424 828 2456 infinita
843 2424 1019 2466 exemplari
1041 2430 1179 2466 possunt
1201 2425 1353 2457 habentia

271 2470 441 2503 infinitas’
464 2469 698 2511 perfectiones:
725 2470 801 2511 quia
824 2479 886 2501 nec
909 2479 1014 2500 unum
1039 2479 1165 2506 eorum,
1183 2479 1244 2501 nec
1260 2470 1353 2512 plura

272 2515 453 2557 exemplata
476 2515 712 2556 perfectionem
735 2515 836 2556 ipsius
858 2514 1039 2555 adaequare
1054 2519 1203 2555 possunt,
1220 2524 1296 2546 cum
1313 2516 1354 2547 sit

271 2560 416 2592 infinitae
431 2559 651 2601 perfectionis.
677 2559 763 2600 Ergo
780 2565 841 2590 etc.
858 2578 880 2583 —
895 2559 987 2590 Patet
1001 2560 1248 2600 consequentia.
1265 2559 1352 2599 Quia

272 2615 330 2647 per
339 2606 511 2637 essentiam
522 2615 615 2636 suam
627 2610 783 2646 tanquam
795 2604 905 2636 medio
916 2605 1091 2645 exemplari
1100 2604 1162 2636 alia
1171 2606 1352 2646 cognoscit.

327 2651 427 2681 Recte
445 2649 694 2691 intelligendum
709 2656 757 2681 est
772 2660 791 2680 a
807 2650 879 2681 Deo
900 2649 1030 2691 infinita
1044 2650 1227 2691 exemplari
1236 2658 1354 2691 posse:

271 2695 317 2726 sic
330 2694 479 2726 videlicet
495 2694 596 2736 quod,
613 2703 823 2736 quacumque
838 2694 1040 2736 perfectione
1060 2693 1230 2735 producta,
1245 2701 1354 2736 potest

272 2739 332 2771 alia
348 2739 501 2780 produci;
527 2744 559 2771 et
573 2739 627 2771 illa
643 2739 812 2781 producta,
830 2739 905 2776 alia;
927 2746 958 2771 et
975 2740 1019 2770 sic
1036 2739 1069 2770 in
1086 2738 1266 2777 infinitum;
1283 2749 1352 2771 non

272 2790 381 2816 autem
398 2785 474 2825 quia
489 2785 615 2825 possint
631 2785 727 2816 simul
749 2794 817 2815 esse
841 2790 915 2816 actu
939 2783 1084 2815 infinitae
1101 2783 1318 2825 perfectiones
1335 2795 1352 2816 a

273 2830 344 2860 Deo
361 2829 548 2870 productae.
571 2830 706 2870 Propter
728 2830 792 2860 hoc
809 2828 930 2860 addidit
947 2828 1037 2870 quod
1059 2838 1186 2870 semper
1206 2836 1354 2861 remanet

273 2885 377 2906 novus
392 2874 507 2906 modus
519 2884 583 2916 quo
602 2874 728 2915 aliquid
743 2874 962 2915 exemplatum
975 2874 1079 2915 ipsum
1099 2874 1223 2905 imitari
1234 2880 1351 2916 potest.

328 2919 367 2950 V.
394 2919 529 2956 Quinto.
558 2919 740 2960 Intelligere
769 2919 831 2950 Dei
860 2925 909 2950 est
935 2918 1111 2956 infinitum,
1141 2920 1225 2950 sicut
1254 2930 1351 2951 suum

272 2974 352 2996 esse.
370 2964 456 3005 Ergo
469 2970 530 2995 etc.
543 2982 566 2987 -
578 2964 735 2995 Probatur
751 2965 996 3005 consequentia.
1013 2964 1110 3002 Quia,
1123 2965 1206 2996 sicut
1222 2963 1351 2997 finitum

272 3008 312 3040 ad
329 3007 469 3046 finitum,
482 3009 526 3040 ita
540 3008 706 3040 infinitum
721 3007 761 3039 ad
777 3007 952 3040 infinitum.
970 3008 1150 3050 Intelligere
1166 3015 1276 3041 autem
1292 3020 1352 3042 no-

273 3059 375 3085 strum
390 3053 520 3085 finitum
536 3052 626 3085 finita
642 3063 758 3094 capere
774 3059 892 3094 potest.
909 3053 996 3094 Ergo
1012 3054 1190 3094 intelligere
1203 3054 1264 3086 Dei
1279 3054 1352 3087 infi-

273 3099 378 3129 nitum
402 3097 539 3129 infinita.

328 3142 393 3174 Sed
414 3142 542 3174 videtur
565 3143 624 3174 ista
647 3143 849 3184 comparatio
872 3152 941 3174 non
961 3143 1075 3174 valere.
1101 3143 1188 3182 Quia
1210 3153 1278 3175 non
1303 3154 1352 3175 re-

274 3194 396 3228 pugnat
419 3187 512 3219 fiuito
530 3193 566 3218 ut
584 3193 693 3219 totum
708 3187 899 3228 accipiatur:
923 3194 1082 3229 repugnat
1098 3195 1208 3221 autem
1223 3188 1351 3221 infinito

274 3238 380 3264 totum
403 3233 486 3274 capi,
503 3242 580 3264 cum
602 3231 768 3264 infinitum
788 3232 829 3264 sit
847 3232 940 3264 cuius
955 3234 1168 3274 quantitatem
1192 3234 1353 3275 accipien-

275 3277 358 3307 tibus
380 3287 506 3318 semper
529 3283 677 3309 remanet
699 3277 826 3319 alt‘quid
848 3277 1072 3318 accipiendum
1088 3279 1115 3308 ⁹.

328 3322 555 3362 Respondetur
571 3322 661 3363 quod
677 3328 835 3364 repugnat
851 3321 978 3353 infinito
999 3322 1179 3354 secundum
1196 3333 1229 3354 se
1245 3329 1351 3354 totum

277 3367 347 3406 capi
371 3367 410 3396 ab
435 3367 601 3398 intellectu
628 3367 653 3398 si
684 3367 864 3398 successive
889 3367 1075 3407 accipiatur.
1102 3367 1143 3398 Et
1167 3368 1212 3398 sic
1236 3368 1352 3399 intelli-

274 3412 360 3449 gitur
384 3411 474 3451 quod
499 3418 642 3442 remanet
666 3421 793 3452 semper
818 3411 940 3452 aliquid
970 3411 1212 3453 accipiendum:
1239 3422 1354 3453 proce-

278 3455 356 3485 dens
372 3457 459 3486 enim
482 3457 661 3487 successive
681 3458 714 3487 in
738 3457 927 3498 cognitione
951 3456 1078 3492 infiniti,
1095 3466 1265 3498 nunquam
1282 3466 1354 3497 per-

279 3501 365 3530 venit
388 3500 427 3530 ad
451 3501 671 3540 cognitionem
695 3503 805 3538 totius,
830 3501 886 3532 sed
909 3510 1038 3542 semper
1060 3507 1206 3532 remanet
1232 3501 1355 3542 aliquid

280 3544 514 3584 accipiendum.
535 3545 611 3576 Non
628 3551 736 3577 autem
752 3551 912 3587 repugnat
928 3545 1058 3577 infinito
1074 3551 1183 3577 totum
1205 3555 1355 3586 compre—

281 3587 388 3624 hendi,
412 3598 469 3628 per
490 3590 690 3621 intellectum
714 3590 890 3627 infinitum,
913 3590 1024 3622 simul:
1053 3591 1098 3621 ita
1119 3590 1242 3621 scilicet
1265 3590 1356 3631 quod

281 3631 361 3661 nihil
383 3633 482 3672 ipsius
506 3641 668 3665 remaneat
691 3634 949 3675 intelligendum,
973 3641 1030 3666 aut
1051 3635 1092 3666 sit
1115 3641 1203 3666 extra
1230 3635 1356 3666 intelle-

282 3680 372 3706 ctum
395 3676 568 3708 infinitum.

857 281 1046 318 SUMMA
1075 280 1299 317 CONTRA
1328 279 1606 326 GENTILES,
1637 280 1749 318 CAP.
1765 282 1906 319 LXIX.

1462 359 1516 389 VI.
1533 358 1646 390 Sexto.
1658 360 1748 390 Deus
1766 360 1910 400 perfecte
1926 361 2096 402 cognoscit
2114 361 2268 400 seipsum.
2292 361 2380 401 Ergo
2391 367 2453 393 etc.
2465 379 2488 384 -

1406 403 1565 434 Probatur
1587 405 1833 446 consequentia.
1844 405 1940 444 Quia
1963 405 2156 447 intelligens.
2170 405 2352 446 maximum
2366 406 2488 438 intelli·

1405 447 1505 489 gibile
1526 457 1591 478 non
1614 448 1722 479 minus
1745 451 1916 491 cognoscit
1939 451 2079 485 minora,
2097 448 2155 480 sed
2169 448 2286 491 magis,
2312 455 2348 481 ut
2371 450 2489 493 dicitur

1407 492 1449 522 111
1465 492 1505 523 de
1523 493 1653 524 Anima.
1678 493 1807 524 Infinita
1830 500 1940 526 autem
1964 495 2060 531 entia,
2086 484 2403 539 quomodocumque
2424 496 2488 527 sint

1406 535 1542 573 infinita,
1555 543 1667 568 essent
1684 538 1820 569 minoris
1836 537 2004 570 infinitatis
2020 548 2120 580 quam
2136 538 2240 575 Deus;
2258 544 2291 569 et
2305 532 2488 570 secundum

1407 582 1543 622 aliquid
1552 587 1659 612 essent
1674 581 1779 618 finita,
1796 582 1874 623 quia
1887 584 2044 614 haberent
2062 592 2132 614 esse
2147 588 2328 624 receptum.
2346 584 2449 624 Ergo,
2459 585 2488 614 si

1407 627 1496 657 Deus
1518 626 1666 667 intelligit
1683 636 1730 663 se,
1748 632 1860 667 potest
1874 629 1974 662 etiam
1995 629 2108 660 omnia
2129 627 2256 660 infinita
2278 637 2488 669 cognoscere.

1461 671 1603 702 Adverte
1616 670 1708 712 quod
1722 681 1828 703 unum
1842 671 2008 707 infinitum
2018 673 2209 714 simpliciter
2218 674 2325 715 maius
2336 683 2408 705 esse
2418 683 2489 705 non

1406 721 1514 756 potest
1537 715 1601 746 alio
1625 715 1754 748 infinito
1778 715 1983 758 simpliciter:
2007 716 2065 749 sed
2083 718 2167 749 bene
2182 709 2348 749 infinitum
2358 717 2488 759 simpli-

1407 761 1485 791 citer
1497 765 1546 791 est
1557 761 1662 792 maius
1674 758 1803 791 infinito
1816 758 1998 792 secundum
2014 761 2110 802 quid;
2127 762 2220 799 sicut,
2233 762 2260 793 si
2271 767 2356 794 esset
2368 772 2488 804 corpus

1406 805 1588 836 secundum
1603 814 1739 836 omnem
1754 804 1995 836 dimensionem
2009 805 2189 842 infinitum,
2196 812 2293 838 esset·
2297 807 2403 839 maius
2415 816 2488 838 cor-

1406 860 1486 891 pore
1505 850 1652 881 infinito
1659 850 1842 881 secundum
1864 850 2106 901 longitudinem
2129 855 2268 883 antimi
2288 852 2386 889 ideo,
2410 861 2488 884 cum

1407 896 1496 927 Deus
1518 897 1559 926 sit
1580 895 1771 936 simplicitet
1792 894 1948 931 infinitus,
1973 896 2086 927 omnia
2108 901 2360 934 ιιιιιειιιιαιοεω,
2384 906 2489 939 quan-

1405 946 1622 981 tumcumque
1638 946 1803 981 ponantur
1818 939 1956 984 infinita,
1975 940 2039 972 siut
2054 939 2181 972 infinita
2195 941 2378 985 secmdum
2397 942 2488 984 quid,

1406 991 1539 1026 propter
1566 986 1796 1017 limitationem
1823 994 1940 1016 eorum
1967 983 2008 1016 ad
2039 990 2166 1017 certum
2195 994 2300 1038 genus
2330 992 2387 1020 aut
2415 997 2488 1027 spc-

1406 1030 1500 1068 ciem‚
1516 1030 1624 1072 inquit
1640 1029 1778 1061 Sanctus
1794 1029 1941 1061 Thomas
1957 1029 2049 1071 quod
2065 1034 2140 1060 sunt
2159 1028 2298 1061 minoris
2318 1027 2489 1091 infinitatis

1405 1084 1503 1116 quam
1526 1075 1626 1106 Deus.

1461 1119 1530 1150 VII.
1555 1119 1708 1160 Septimo.
1731 1119 1918 1150 Intellectus
1941 1118 2071 1150 divinus
2093 1088 2293 1150 secundum
2301 1119 2488 1158 efficaciam,

1405 1165 1472 1197 sive
1495 1164 1744 1205 perfectionem,
1760 1170 1809 1197 est
1822 1164 1980 1197 infinitus.
2004 1164 2092 1205 Ergo
2115 1173 2175 1204 per
2196 1173 2314 1202 unum,
2331 1165 2424 1206 quod
2436 1170 2492 1198 <est

1405 1210 1543 1241 essentia
1566 1219 1635 1246 sua
1658 1215 1766 1250 potest
1787 1209 1916 1241 infinita
1945 1218 2156 1252 cognoscere.
2181 1226 2204 1232 -
2226 1209 2387 1246 Probatur
2409 1220 2490 1251 con-

1404 1256 1585 1296 sequentia.
1609 1254 1696 1295 Quia
1715 1260 1840 1296 quanto
1863 1253 2047 1293 intellectus
2066 1260 2119 1294 est
2142 1253 2304 1288 efficacior
2327 1261 2360 1287 et
2380 1244 2490 1298 limpi-

1405 1298 1478 1330 dior
1499 1300 1533 1331 in
1554 1299 1802 1352 cognoscendo,
1826 1304 1917 1330 tanto
1947 1308 1985 1330 ex
2012 1307 2082 1330 uno
2105 1302 2214 1340 potest
2244 1299 2339 1341 plura
2366 1309 2490 1343 cogno-

1406 1353 1512 1376 scere:
1537 1345 1621 1377 sicut
1650 1345 1758 1376 omnis
1789 1345 1899 1381 virtus,
1929 1350 2052 1385 quanto
2084 1349 2134 1375 est
2161 1342 2288 1381 fortior,
2319 1349 2410 1404 tanto
2443 1348 2492 1406 est

1407 1391 1509 1430 magis
1533 1391 1634 1421 unita

1462 1435 1545 1466 VIII.
1567 1435 1701 1467 Octavo.
1728 1435 1825 1466 Nulla
1848 1433 2006 1476 perfectio
2029 1434 2239 1475 intelligibilis
2260 1434 2372 1466 divino
2395 1403 2517 1467 intell*>
2543 1443 2557 1448 '¹
2583 1442 2589 1450 ‘
2616 1441 2619 1446 ·
2667 1441 2671 1443 ’

1405 1481 1504 1513 lectui
1528 1481 1632 1513 deest:
1655 1490 1735 1513 cum
1758 1480 1799 1512 sit
1821 1479 2012 1521 simpliciter
2040 1479 2214 1530 perfectus,
2234 1480 2336 1519 sicut
2330 1481 2489 1532 essentia.

1406 1525 1471 1558 Sed
1490 1524 1524 1557 id
1543 1526 1583 1558 ad
1600 1525 1694 1568 quod
1715 1525 1898 1557 intellectus
1912 1529 2024 1557 noster
2044 1530 2092 1557 est
2114 1525 2149 1556 in
2172 1525 2331 1565 potentia,
2354 1531 2402 1558 est
2421 1535 2496 1578 ⁶²⁸⁴?

1406 1570 1564 1612 perfectio
1594 1569 1814 1613 intelligibilis.
1839 1570 1896 1601 Est
1923 1576 2032 1601 autem
2057 1569 2090 1600 in
2114 1569 2262 1611 potentia
2285 1569 2326 1601 ad
2348 1563 2494 1618 infinitas

1405 1617 1530 1669 species
1549 1614 1780 1658 intelligibiles:
1802 1624 1879 1646 cum
1895 1619 1930 1646 et
1945 1621 2160 1647 numerorum
2177 1619 2210 1677 et
2223 1613 2408 1664 figurarum
2417 1615 2494 1671 spe

1406 1662 1472 1693 cies
1493 1661 1559 1692 sint
1582 1659 1738 1692 infinitae.
1763 1659 1851 1701 Ergo
1874 1664 1936 1692 etc.
1998 1678 2001 1679 ν
2477 1658 2496 1681 «ἶ

1464 1705 1701 1748 Confinmtur.
1737 1705 1824 1744 Quia
1858 1705 2006 1746 alioquin
2040 1704 2239 1736 intellectus
2250 1711 2372 1737 noster
2404 1711 2494 1738 esunt

1406 1751 1551 1792 plurium
1566 1750 1810 1792 cognoscitivus
1830 1759 1932 1791 quam
1953 1749 2137 1782 intellectus
2159 1749 2303 1787 divinus:
2320 1751 2378 1783 vel
2394 1752 2493 1787 intei-

1405 1796 1509 1828 lectus
1532 1795 1662 1828 divinus
1691 1805 1760 1828 nou
1790 1800 2006 1847 cognosceret
2031 1795 2144 1829 omnia
2165 1801 2242 1833 actu
2267 1805 2431 1838 quorum
2438 1802 2491 1849 est

1406 1841 1648 1882 cognoscitivus
1671 1841 1705 1873 in
1728 1840 1886 1882 potentia.
1907 1858 1931 1863 -
1949 1839 2109 1873 Probatur
2131 1842 2400 1882 consequentia.

1405 1885 1588 1917 intellectus
1611 1891 1722 1918 noster
1745 1889 1854 1927 potest
1875 1885 1911 1917 in
1934 1883 2099 1916 infinitum
2122 1885 2248 1926 species
2275 1886 2417 1918 numero

1405 1930 1631 1972 multiplicare
1658 1930 1755 1971 Ergo,
1771 1930 1798 1960 si
1816 1929 1887 1960 illas
1902 1927 2044 1960 infinitas
2063 1927 2188 1970 species
2210 1938 2280 1961 non
2303 1931 2425 1972 potest
2420 1925 2496 1963 εθ-

1403 1985 1562 2016 gnoscere
1586 1976 1685 2012 Deus,
1701 1975 1796 2016 plura
1813 1982 2015 2015 cognoscere
2036 1974 2158 2015 poterit
2172 1974 2360 2007 melleet-is
2378 1978 2497 2014 m

1405 2029 1505 2061 quam
1520 2020 1705 2053 intellectus
1720 2019 1860 2052 divinus.
1883 2019 1918 2052 Si
1942 2025 2058 2052 autea
2078 2028 2281 2060 cognoscere
2299 2021 2490 2062 pots-tlsed

1404 2075 1474 2097 non
1497 2071 1572 2097 actu
1596 2066 1778 2117 cognoscit,
1795 2074 1872 2107 ergo
1889 2074 1957 2097 non
1975 2065 2148 2106 cognoscit
2161 2066 2274 2104 omnia
2291 2067 2498 2121 simulqffl

1405 2120 1479 2142 rum
1502 2116 1551 2143 est
1575 2110 1829 2152 cognoscitivus.

1462 2154 1602 2187 Adverte
1619 2156 1726 2198 priino
1741 2154 1845 2197 quod,
1862 2154 1939 2197 quia
1957 2153 2082 2197 species
2102 2153 2312 2208 intelligibilis
2327 2156 2396 2188 ad

1406 2199 1590 2232 intellectus
1613 2206 1726 2232 noster
1741 2200 1837 2232 estin
1853 2198 2011 2241 potentia,
2028 2204 2076 2231 est
2098 2195 2352 2244 intelligibilisp

1406 2245 1604 2281 intellectus;
1623 2245 1700 2277 ideo
1717 2251 1849 2287 oportet
1862 2250 1901 2276 ut
1915 2252 2032 2276 ornnes
2047 2245 2173 2286 species
2187 2245 2375 2278 ὶιιιοιιοειιισ
2385 2246 2494 2283 ιιυῦιῆ

1406 2289 1446 2321 ad
1469 2297 1551 2331 quas
1573 2296 1622 2322 est
1644 2291 1678 2323 in
1700 2291 1858 2332 potentia,
1880 2290 1945 2323 sint
1965 2290 2000 2321 in
2022 2289 2191 2322 intellectu
2213 2290 2340 2328 divmog
2371 2296 2492 2324 secu*

1406 2334 1486 2367 dum
1509 2341 1619 2367 tamen
1642 2335 1782 2368 modum
1804 2334 1988 2367 intellectus
2011 2334 2124 2372 divini,
2145 2345 2216 2368 non
2237 2341 2350 2369 autem
2370 2346 2490 2389 seneffi-

1406 2379 1486 2411 dum
1501 2379 1640 2413 modum
1655 2381 1839 2413 intellectus
1859 2379 1973 2413 nostri.
1994 2378 2037 2411 Et
2057 2380 2135 2421 quia
2157 2380 2341 2414 secundum
2363 2381 2490 2429 species

1405 2423 1546 2456 infinitas
1573 2425 1614 2456 ad
1642 2435 1723 2467 quas
1746 2424 1930 2457 intellectus
1954 2429 2068 2456 noster
2095 2429 2143 2456 est
2168 2424 2204 2457 in
2228 2425 2387 2467 potentia,
2413 2418 2489 2458 na'ta

1405 2474 1481 2500 sunt
1503 2469 1640 2511 intelligi
1666 2469 1803 2507 infinita,
1831 2469 1907 2501 ideo
1931 2474 2040 2510 potest
2069 2468 2158 2501 Deus
2180 2479 2240 2512 per
2262 2470 2332 2502 illas
2354 2471 2388 2502 in
2407 2461 2489 2537 ιβό

1407 2514 1579 2545 existentes
1601 2514 1781 2556 intelligere
1804 2513 1941 2546 infinita

1462 2558 1603 2591 Adverte
1618 2559 1776 2597 secundo,
1793 2559 1885 2600 quod
1900 2559 2084 2592 intellectus
2101 2564 2215 2591 noster
2229 2558 2348 2592 dicimi-
2369 2561 2497 2593 sewu

1405 2605 1553 2644 potentia
1575 2603 1616 2636 ad
1638 2604 1781 2636 infinitas
1803 2605 1929 2646 species
1951 2604 2178 2645 intelligibiles,
2194 2614 2264 2637 non
2287 2605 2365 2646 quia
2385 2606 2495 2658 m*

1405 2649 1502 2680 simul
1518 2647 1687 2681 informari
1701 2649 1836 2682 infinitis
1851 2650 2029 2702 speciebus
2037 2649 2304 2726 intelligibilibus,
2318 2650 2387 2685 hoc
2399 2651 2497 2698 ῥίῳ.

1405 2700 1565 2735 repugnat
1587 2693 1727 2731 infinito,
1752 2701 1787 2726 ut
1811 2694 1933 2726 scilicet
1956 2694 1997 2726 sit
2020 2694 2053 2725 in
2085 2699 2173 2726 actu:
2199 2694 2257 2727 sed
2279 2694 2393 2736 quia,
2474 2713 2489 2719 -

1405 2747 1549 2779 cumque
1565 2740 1690 2780 species
1706 2739 1833 2775 habeat.
1851 2738 1958 2771 adhuc
1975 2738 2052 2770 alias
2067 2743 2178 2781 potest
2191 2739 2336 2781 recipere
2359 2737 2392 2771 ιη’
2391 2704 2496 2772 9ιῇιὲ-

1405 2784 1521 2820 nitum‚
1539 2784 1564 2814 si
1581 2783 1675 2815 duret
1693 2785 1727 2815 in
1750 2783 1916 2816 infinitum
1939 2789 1973 2815 et
1995 2789 2174 2826 cognoscat
2188 2793 2248 2826 per
2262 2781 2492 2826 acceptione&

1404 2829 1620 2869 specierum.
1628 2828 1760 2860 Eodem
1783 2829 1885 2860 modo
1914 2829 2162 2870 intelligendum
2186 2835 2234 2861 est
2260 2829 2352 2871 quod
2381 2835 2490 2871 potest

1404 2874 1439 2904 in
1455 2872 1620 2905 infinitum
1635 2875 1763 2915 species
1777 2883 1991 2909 numerorum
2011 2874 2242 2916 multiplicare.
2260 2874 2360 2907 Unde
2371 2880 2490 2916 poton-

1405 2918 1520 2949 tialitas
1535 2918 1720 2951 intellectus
1736 2924 1786 2951 est
1806 2918 1933 2952 infinita
1948 2919 2061 2961 aliquo
2076 2918 2204 2951 modo
2195 2928 2229 2951 ιιι
2245 2920 2409 2962 potentia.
2415 2929 2494 2952 non

1405 2963 1640 3005 potentialitate
1664 2963 1832 2996 reducibili
1860 2960 2001 2996 totaliter
2024 2965 2058 2996 in
2081 2970 2191 2997 actum
2214 2963 2410 3005 perfectum
2430 2964 2492 2996 deff

1405 3007 1575 3040 reducibili
1590 3009 1624 3040 in
1642 3015 1751 3040 actum
1767 3009 1964 3051 permixtum
1981 3009 2157 3050 potentiae,
2174 3014 2212 3041 ut
2227 3007 2344 3041 dicitur
2359 3005 2399 3041 de
2401 3003 2492 3061 ιιιᾷῑ,

1406 3053 1505 3084 nitate
1529 3063 1743 3086 numerorum
1767 3059 1800 3086 et
1822 3053 1989 3086 divisionis
2013 3053 2172 3089 continui.

1463 3097 1517 3129 1x.
1543 3098 1654 3129 Nono.
1678 3098 1817 3130 Divinus
1842 3098 2026 3130 intellectus
2049 3099 2219 3139 cognoscit
2246 3099 2357 3130 omnia
2376 3097 2494 3131 sinui(

1407 3142 1493 3184 Ergo
1510 3148 1572 3174 etc.
1587 3161 1611 3166 -
1626 3143 1786 3175 Probatur
1801 3143 2046 3185 consequentia.
2070 3142 2160 3182 Quia
2172 3142 2339 3177 infinitum
2352 3147 2432 3175 non
2431 3142 2488 3179 re-

1405 3192 1531 3230 pugnat
1556 3187 1738 3230 cognitioni
1764 3188 1827 3220 nisi
1846 3189 2050 3240 inquantum
2076 3191 2239 3240 repugnat
2257 3185 2487 3239 numerationi.

1407 3242 1473 3274 qua
1490 3233 1672 3265 successive
1699 3233 1924 3274 cognoscitur.
1948 3233 1996 3265 sic
2015 3233 2105 3265 enim
2125 3233 2196 3265 eius
2223 3230 2368 3273 cognitio
2395 3240 2488 3266 eume

1405 3277 1488 3319 pleri
1510 3287 1580 3309 non
1602 3284 1721 3318 potest,
1737 3287 1799 3309 nec
1822 3278 1892 3309 eius
1914 3277 2109 3309 numeratio.
2132 3275 2198 3308 Sed
2213 3276 2296 3308 bene
2317 3281 2425 3318 potest
2447 3276 2490 3308 ab

1407 3322 1518 3363 aliquo
1543 3322 1709 3353 intellectu
1733 3322 1875 3354 totaliter
1897 3322 2064 3363 cognosci.

1463 3367 1502 3397 X.
1527 3366 1674 3398 Decimo.
1698 3367 1866 3398 pluralitas
1890 3366 2014 3398 nullam
2041 3365 2254 3397 differentiam
2282 3365 2315 3396 in
2345 3365 2406 3396 Dei
2430 3374 2488 3396 co·

1406 3412 1553 3455 gnitione
1576 3411 1662 3444 facit.
1684 3412 1771 3453 Ergo
1787 3421 1848 3443 nec
1863 3410 2014 3442 infinitas.
2039 3410 2126 3451 Ergo
2149 3409 2230 3440 nihil
2253 3409 2358 3440 differt
2378 3409 2419 3441 ad
2438 3410 2487 3440 in-

1406 3450 1574 3487 tellectum
1585 3454 1734 3488 divinum
1746 3455 1915 3487 finitorum
1927 3455 1979 3486 vel
1994 3454 2198 3486 infinitorum
2215 3455 2371 3495 cognitio.
2388 3454 2486 3495 Ergo,

1408 3510 1484 3532 cum
1509 3500 1599 3532 finita
1622 3506 1808 3542 cognoscat,
1833 3499 1913 3531 nihil
1936 3499 2088 3540 prohibet
2111 3504 2146 3530 ut
2169 3499 2266 3530 etiam
2290 3498 2415 3530 infinita
2430 3508 2487 3530 co-

1408 3551 1584 3586 gnoscat-
1562 3544 1803 3577 -Antsoedsns
1813 3549 1913 3585 patet.
1925 3543 2013 3582 Quia
2023 3543 2118 3584 plura
2129 3543 2227 3575 simul
2243 3548 2492 3584 cognoscuntur

1409 3600 1426 3621 a
1450 3590 1533 3621 Deo.
1550 3608 1572 3612 —-
1596 3590 1840 3631 Consequentia
1863 3598 1941 3620 vero
1965 3589 2130 3630 probatur.
2158 3587 2256 3627 Quin,
2279 3597 2358 3620 cum
2378 3589 2493 3621 omni»

1409 3635 1570 3675 quantitas
1592 3635 1627 3666 ιιι
1645 3633 1791 3676 quadan
1810 3633 2081 3674 multiplicatione
2105 3633 2248 3674 partium.
2268 3633 2432 3670 consistat,
2442 3642 2487 3664 ex

1382 3691 1384 3714 ι
1410 3689 1477 3720 quo
1494 3688 1650 3711 numerus
1673 3678 1770 3710 habet
1793 3683 1830 3709 ut
1852 3678 1892 3709 sit
1915 3678 2019 3718 prima
2035 3678 2264 3719 quantitatum.
2280 3678 2307 3709 si
2322 3677 2488 3718 pluralitas
