2768 4134
0 2824 10 2910 rou-³*-
0 2782 2 2790 -

31 411 41 422 ”
56 410 114 438 Cap.
124 415 190 431 xxxi.

32 1981 43 1992 ·
57 1979 95 2003 ct.
111 1979 248 2003 comem.

33 2013 54 2031 e.
64 2012 117 2035 un,
129 2006 182 2030 init.

33 2070 46 2082 ·
57 2069 166 2093 Nmn.

877 278 1065 316 SUMMA
1095 279 1317 317 CONTRA
1346 280 1622 328 GENTILES,
1654 281 1765 318 CAP.
1786 283 1882 319 LIV.

273 357 580 408 compositionis,
610 358 678 395 sed
716 369 787 407 per
818 357 985 395 modum
1017 358 1272 408 perfectionis,
1307 368 1349 397 ut

273 423 392 462 supra
405 411 426 433 *
445 419 647 449 ostensum
676 419 742 448 est.
772 411 917 447 Forma
945 420 1076 449 autem
1100 412 1240 460 omnis,
1269 420 1349 450 tarn

273 465 432 515 propria
460 477 582 515 quam
600 463 836 512 communis,
859 466 1076 503 secundum
1091 466 1129 503 id
1156 467 1264 515 quod
1284 466 1349 504 ali-

274 517 370 568 quid
402 518 524 568 ponit,
553 526 610 555 est
642 517 824 567 perfectio
853 519 1066 567 quaedam:
1099 531 1179 557 non
1217 527 1350 558 autem

274 571 618 622 imperfectionem¹
629 571 790 618 includit
813 571 885 608 nisi
914 573 1133 610 secundum
1155 574 1267 622 quod,
1283 573 1349 610 de-

274 625 353 663 ficit
390 638 413 662 a
450 637 545 663 vero
583 637 679 662 esse.
717 626 933 663 Intellectus
969 626 1083 675 igitur
1118 626 1274 664 divinus
1310 626 1350 664 id

274 678 382 728 quod
421 686 478 715 est
513 677 720 728 proprium
757 678 969 729 unicuique
1008 679 1048 717 in
1084 679 1248 717 essentia
1280 692 1350 718 sua

274 732 610 782 comprehendere
638 740 776 782 potest,
806 732 1051 782 intelligendo
1084 732 1124 770 in
1157 745 1238 783 quo
1267 733 1350 771 eius

274 784 481 823 essentiam
506 785 686 833 imitetur,
708 794 745 823 et
772 785 812 823 in
832 799 913 836 quo
937 786 986 824 ab
1010 786 1094 824 eius
1117 786 1350 836 perfectione

273 838 404 877 deficit
422 839 758 889 unumquodque:
788 848 934 891 utpote,
954 839 1202 888 intelligendo
1222 852 1350 878 essen-

273 892 368 930 tiam
397 905 510 930 suam
537 902 580 931 ut
608 892 835 931 imitabilem
873 905 944 943 per
975 893 1143 930 modum
1176 893 1276 930 vitae
1315 902 1351 930 et

274 958 356 984 non
384 946 624 996 cognitionis,
650 946 788 996 accipit
813 946 1015 996 propriam
1042 946 1210 983 formam
1243 948 1350 996 plan-

274 1009 351 1047 tae3
382 1000 412 1038 si
440 1012 536 1038 vero
569 1009 613 1038 ut
650 999 877 1038 imitabilem
914 1011 984 1049 per
1020 1000 1188 1037 modum
1221 1000 1350 1048 cogni-

274 1053 388 1091 tionis
417 1062 454 1091 et
481 1066 563 1091 non
591 1053 816 1099 intellectus,
841 1052 1042 1103 propriam
1075 1052 1243 1100 sormam
1271 1053 1351 1090 ani-

274 1107 402 1154 malis;
424 1116 461 1145 et
480 1107 534 1145 sic
548 1107 597 1145 de
616 1106 710 1145 aliis.
732 1105 796 1144 Sic
815 1105 928 1155 igitur
946 1114 1050 1155 patet
1064 1106 1173 1155 quod
1188 1105 1351 1144 essentia

274 1161 420 1207 divina,
454 1161 691 1211 inquantum
724 1167 780 1197 est
813 1159 988 1197 absolute
1020 1160 1198 1209 perfecta,
1226 1168 1351 1210 potest

274 1214 397 1265 accipi
416 1223 459 1252 ut
477 1213 636 1264 propria
656 1213 752 1251 ratio
767 1213 1022 1261 singulorum.
1043 1213 1156 1251 Unde
1175 1225 1246 1263 per
1264 1226 1352 1251 eam

275 1269 384 1306 Deus
411 1267 613 1317 propriam
641 1266 903 1316 cognitionem
923 1267 972 1304 de
994 1266 1179 1304 omnibus
1208 1267 1352 1304 habere

273 1327 412 1372 potest.

2406 284 2476 321 155

1459 360 1564 407 Quia
1591 373 1686 397 vero
1721 361 1877 411 propria
1905 361 2002 399 ratio
2037 362 2154 400 unius
2186 362 2430 412 distinguitur
2456 376 2480 400 a

1404 413 1561 463 propria
1581 413 1728 451 ratione
1748 414 1920 460 alterius;
1951 415 2141 453 distinctio
2169 424 2301 453 autem
2319 424 2376 454 est
2394 418 2478 467 plu—

1405 466 1560 504 ralitatis
1587 466 1847 516 principium:>
1872 476 2023 517 oportet
2051 469 2091 505 in
2120 468 2311 507 intellectu
2344 469 2478 507 divino

1406 519 1691 558 distinctionem
1719 521 1919 570 quandam
1944 529 1980 558 et
2001 521 2258 572 pluralitatem
2282 522 2478 561 rationum

1373 572 1685 611 §intellectarum
1727 573 1985 621 considerare,
2029 576 2247 613 secundum
2289 576 2397 625 quod
2439 576 2478 614 id

1405 627 1514 676 quod
1543 634 1599 664 est
1635 627 1675 664 in
1711 627 1903 664 intellectu
1939 627 2074 665 divino
2109 637 2166 665 est
2197 629 2354 678 propria
2380 629 2477 667 ratio

1405 680 1664 718 diversorum.
1686 681 1811 727 Unde,
1837 692 1929 717 curn
1954 682 2030 718 hoc
2054 681 2100 718 sit
2127 682 2345 719 secundum
2369 683 2478 732 quod

1404 733 1513 771 Deus
1532 733 1702 783 intelligit
1719 733 1925 785 proprium
1949 742 2169 784 respectum
2197 734 2478 773 assimilationis

1406 799 1526 836 quam
1552 787 1670 825 habet
1692 799 1954 837 unaquaeque
1979 795 2154 825 creatura
2181 788 2230 825 ad
2259 787 2400 838 ipsum,
2421 800 2477 825 re-

1405 840 1593 890 linquitur
1611 841 1719 890 quod
1740 840 1907 878 rationes
1926 853 2058 878 rerum
2077 840 2117 878 in
2136 840 2329 879 intellectu
2345 841 2478 879 divino

1406 906 1487 931 non
1502 894 1576 931 sint
1595 895 1726 944 plures
1745 895 1807 931 vel
1827 893 2025 931 distinctae
2045 894 2117 931 nisi
2138 894 2357 932 secundum
2371 895 2478 943 quod

1406 947 1514 984 Deus
1549 947 1747 997 cognoscit
1782 959 1842 985 res
1879 947 2056 997 pluribus
2091 955 2128 985 et
2156 947 2317 984 diversis
2352 947 2479 985 modis

1407 1012 1489 1037 esse
1518 1000 1782 1038 assimilabiles
1811 1000 1894 1038 sibi.
1925 1001 1974 1038 Et
1997 1001 2216 1038 secundum
2244 1002 2320 1038 hoc
2348 1002 2479 1049 Augu-

1407 1053 1528 1091 stinus
1557 1053 1680 1091 dicit*
1704 1054 1811 1104 quod
1836 1054 1944 1092 Deus
1968 1054 2041 1093 alia
2069 1054 2216 1092 ratione
2244 1053 2331 1092 facit
2354 1054 2479 1091 homi-

1368 1124 1389 1143 ις
1407 1119 1500 1145 nem
1528 1115 1564 1144 et
1592 1107 1665 1144 alia
1688 1119 1853 1157 equum;
1879 1116 1916 1145 et
1938 1109 2101 1146 rationes
2130 1120 2257 1144 rerum
2285 1106 2480 1157 pluraliter

1407 1159 1447 1197 in
1475 1168 1605 1198 mente
1634 1160 1766 1198 divina
1794 1173 1876 1198 esse
1897 1160 1998 1198 dicit.
2029 1162 2071 1198 In
2094 1173 2175 1210 quo
2200 1160 2316 1198 etiam
2335 1160 2479 1210 aliqua-

1407 1213 1490 1251 liter
1517 1215 1687 1251 salvatur
1715 1214 1884 1251 Platonis
1912 1214 2045 1264 opinio
2074 1213 2254 1264 ponentis
2282 1214 2393 1261 ideas,
2423 1226 2479 1251 se-

1408 1267 1584 1304 cundum
1613 1280 1710 1318 quas
1738 1268 1997 1305 formarentur
2020 1267 2153 1306 omnia
2172 1279 2272 1317 quae
2296 1267 2335 1304 in
2364 1267 2479 1304 rebus

1409 1320 1670 1358 materialibus
1698 1321 1864 1358 existunt
1877 1321 1908 1358 *.

328 1446 348 1470 4
365 1443 407 1463 est
424 1438 549 1471 perfectio
567 1437 698 1470 quaedam
718 1438 740 1462 A
758 1438 844 1468 solun
863 1437 988 1470 perfectio
1007 1437 1137 1470 quaedam
1156 1442 1206 1462 est.
1224 1437 1265 1469 pA
1283 1437 1398 1461 habebat
1416 1436 1561 1461 secundum
1580 1437 1605 1461 id
1624 1437 1694 1469 quod
1718 1442 1759 1462 est
1785 1436 1894 1468 positive
1921 1436 2044 1468 perfectio
2070 1437 2211 1468 quaedam3
2238 1436 2347 1468 positive
2365 1421 2481 1467 deletum

275 1481 373 1509 margo
392 1474 472 1499 habet
490 1473 588 1506 aliquid
607 1473 682 1506 ponit
700 1473 872 1498 inserendum
891 1475 955 1498 anie
973 1471 998 1503 ἓ,
1034 1472 1089 1498 uod
1107 1472 1301 1504 transcriptor-i
1320 1472 1404 1497 vIsum
1418 1472 1507 1506 suerit
1526 1472 1610 1497 deleri
1628 1479 1687 1497 cum
1707 1473 1826 1504 positive.

1916 1470 1932 1496 8
1951 1472 2163 1504 intelligendo...
2191 1472 2401 1504 unumquodque
2427 1471 2481 1505 (pA

275 1510 390 1536 habebat
406 1510 494 1535 solum
514 1509 684 1542 intelligendo
703 1509 728 1533 in
748 1516 803 1542 quo
821 1516 836 1533 a
854 1516 902 1534 sua
920 1508 1079 1541 perfectione
1098 1507 1184 1533 deficit
1202 1508 1413 1540 unumquodque
1419 1515 1427 1538 ;
1441 1515 1495 1540 pro
1515 1508 1601 1532 deleto
1621 1515 1635 1532 a
1654 1515 1701 1532 sua
1721 1514 1816 1540 margo
1835 1507 1913 1532 habet
1932 1507 1987 1532 eius
2006 1506 2147 1532 essentiam
2165 1506 2278 1531 imitetur
2297 1513 2323 1532 et
2338 1507 2364 1531 in
2382 1514 2435 1540 quo
2447 1507 2480 1532 ab

275 1545 345 1581 eius)
363 1546 386 1571 A
405 1546 491 1576 solus;
510 1545 678 1577 intelligendo
697 1545 722 1569 in
741 1552 796 1577 quo
815 1545 871 1570 eius
890 1544 1004 1570 essentia
1023 1544 1176 1575 (essentiam
1187 1543 1229 1576 Ὅ)
1247 1543 1363 1568 imitetur
1380 1549 1405 1568 et
1423 1543 1593 1575 intelligendo
1612 1544 1637 1567 in
1657 1551 1710 1575 quo
1729 1551 1743 1567 a
1762 1550 1808 1567 sua
1827 1542 1985 1575 perfectione
2004 1541 2090 1567 deficit
2107 1543 2315 1575 unumquodque
2326 1542 2481 1568 otDsGZch

275 1584 303 1608 et
320 1581 420 1607 omisso
438 1581 619 1606 tuo-nomento
637 1580 739 1606 eius...

331 1624 361 1644 u
383 1618 435 1643 sint
452 1617 572 1648 GWYZ;
592 1622 662 1641 sunt.

275 1659 386 1687 traantur>
399 1653 462 1678 nPc.

754 1616 826 1649 quod
845 1623 888 1641 om
908 1616 930 1640 A
949 1623 1023 1643 casu.

759 1580 786 1605 in
804 1587 859 1613 quo
878 1579 1039 1610 EGNWYZ,
1059 1580 1101 1605 ve!
1118 1579 1147 1604 hs·
1164 1580 1259 1612 legunt
1276 1586 1336 1604 cum
1356 1580 1405 1611 pA.

1122 1623 1156 1647 ¹4
1173 1615 1233 1640 facit
1257 1616 1279 1639 Α
1298 1615 1384 1646 solus;
1403 1614 1471 1639 fecit.

1570 1613 1601 1639 16
1621 1614 1767 1646 aliqualiter
1780 1617 1845 1646 post
1864 1614 1977 1638 salvatur
1996 1613 2079 1638 αΕΡε.
2178 1612 2211 1638 18
2229 1595 2410 1647 formarentur]
2429 1614 2481 1639 for·

1043 1761 1382 1796 Commentarius
1410 1760 1724 1793 Rex-raniensis

279 1895 424 1962 posti-o
449 1895 526 1916 vero
550 1884 654 1916 modo
677 1893 746 1925 quo
771 1884 860 1915 Deus
882 1883 985 1916 multa
1008 1883 1168 1923 intelligit,
1191 1883 1268 1923 quia
1287 1891 1355 1912 ma-

1409 1887 1473 1912 tate
1497 1880 1604 1912 addita
1627 1881 1677 1911 vel
1704 1881 1875 1916 subtracta,
1900 1880 2038 1911 variatur
2068 1880 2191 1920 species
2222 1880 2359 1916 numeri,
2382 1880 2426 1911 ita
2448 1881 2481 1911 in

331 1940 431 1972 gnam
442 1930 562 1962 modus
572 1930 643 1970 ipse
658 1928 882 1960 difficultatem
898 1929 1006 1964 habet,
1018 1927 1094 1958 ideo
1110 1927 1145 1958 in
1165 1927 1231 1957 hoc
1250 1927 1355 1967 capite
1409 1925 1665 1961 definitionibus,
1682 1924 1789 1956 addita
1804 1925 1854 1955 vel
1878 1925 2038 1955 subtracta
2054 1924 2240 1961 differentia,
2257 1925 2394 1956 variatur
2410 1934 2481 1965 spe-

275 1976 386 2017 ipsum
415 1975 552 2007 Sanctus
582 1974 729 2005 Thomas
762 1972 924 2004 declarare
954 1972 1093 2004 intendit
1107 1973 1134 2002 '-

276 2026 387 2052 autem
419 2019 487 2051 duo
520 2019 610 2050 facit:
644 2019 762 2059 primo,
793 2023 904 2048 movet
936 2016 1173 2053 difficultatem;
1197 2016 1354 2051 secundo,

276 2064 453 2106 respondet
468 2066 495 2094 *ἦ

333 2110 357 2141 1.
374 2110 544 2149 Quantum
569 2107 610 2139 ad
632 2109 786 2148 primum,
804 2106 975 2138 difficultas
991 2112 1049 2143 est,
1066 2105 1237 2147 quomodo
1254 2105 1354 2142 Deus,

276 2154 488 2195 intelligendo
516 2154 690 2184 essentiam
723 2161 815 2183 suam
847 2158 884 2183 ut
916 2153 1066 2183 omnium
1098 2150 1354 2186 similitudinem,

276 2200 388 2231 omnia
410 2198 577 2239 intelligat.
594 2197 730 2228 Videtur
746 2198 834 2228 enim
850 2197 987 2228 alterum
1007 2197 1145 2227 istorum
1168 2195 1275 2236 sequi:
1300 2200 1355 2225 aut

275 2245 398 2276 scilicet
422 2243 512 2285 quod
535 2252 605 2274 non
627 2243 744 2273 habeat
759 2241 799 2273 de
815 2242 911 2272 rebus
934 2241 1100 2282 propriam
1121 2240 1354 2281 cognitionem,

276 2289 368 2330 quod
383 2289 532 2329 superius
547 2293 595 2319 est
611 2287 833 2328 improbatum
849 2288 882 2323 *3
907 2293 962 2317 aut
978 2285 1068 2327 quod
1084 2286 1154 2326 ipse
1169 2285 1209 2315 sit
1224 2285 1355 2325 propria

274 2334 358 2365 ratio
381 2333 601 2374 singulorum;
625 2331 717 2373 quod
732 2341 801 2362 non
816 2331 954 2362 videtur.
978 2331 1013 2362 Si
1029 2331 1118 2362 enim
1134 2329 1224 2360 Deus
1244 2329 1355 2360 omnia

274 2387 334 2420 per
357 2378 530 2410 essentiam
553 2387 645 2408 suam
669 2377 840 2417 cognoscit
862 2382 1019 2416 tanquam
1035 2385 1094 2416 per
1109 2373 1354 2405 similitudinem

275 2432 490 2455 communem
506 2423 668 2458 omnium,
684 2422 831 2462 sequitur
846 2421 938 2462 quod
959 2421 1000 2452 de
1022 2421 1118 2452 rebus
1142 2428 1354 2450 communem

275 2474 403 2500 tantum
433 2468 657 2508 cognitionem
687 2467 814 2503 habeat,
839 2472 871 2497 et
893 2475 963 2497 non
992 2465 1172 2506 propriam:
1198 2464 1275 2505 quia
1305 2473 1354 2494 se-

275 2513 423 2544 cundum
438 2512 578 2543 modum
593 2521 662 2552 quo
678 2510 858 2542 similitudo
882 2511 1005 2551 cogniti
1021 2516 1069 2541 est
1083 2510 1118 2540 in
1134 2514 1354 2549 cognoscente

275 2558 423 2599 sequitur
438 2557 637 2598 cognitionis
652 2557 812 2597 operatio,
825 2565 901 2587 cum
913 2554 1092 2586 similitudo
1108 2554 1180 2585 talis
1195 2554 1235 2584 sit
1251 2553 1355 2584 forma

276 2612 342 2643 qua
357 2602 462 2643 agitur
477 2607 510 2632 et
524 2601 717 2642 producitur
740 2601 902 2642 operatio;
928 2606 960 2631 et
976 2601 1032 2637 sic,
1050 2600 1075 2630 si
1092 2599 1200 2630 divina
1217 2599 1355 2628 essentia

276 2653 324 2678 est
350 2647 537 2678 communis
567 2645 746 2676 similitudo
778 2651 1022 2686 repraesentans
1051 2643 1132 2675 illud
1154 2644 1188 2674 in
1212 2652 1281 2683 quo
1304 2652 1354 2672 res

276 2692 488 2728 conveniunt,
506 2691 566 2721 erit
580 2691 776 2727 communis,
792 2700 862 2721 non
877 2690 1009 2730 propria
1021 2689 1177 2729 cognitio.
1195 2687 1228 2718 Si
1244 2693 1354 2717 autem

277 2737 414 2768 essentia
429 2735 539 2766 divina
553 2736 594 2766 sit
608 2735 741 2775 propria
763 2734 942 2766 similitudo
966 2734 1179 2774 singulorum,
1196 2731 1287 2772 quod
1305 2741 1354 2761 re-

277 2782 415 2823 quiritur
437 2781 462 2811 si
487 2780 602 2811 debeat
625 2789 684 2820 per
706 2779 811 2819 ipsam
833 2779 961 2819 singula
983 2779 1073 2810 Deus
1096 2777 1226 2818 propria
1242 2777 1354 2816 cogni-

275 2827 367 2858 tione
390 2834 600 2866 cognoscere,
624 2824 689 2855 hoc
712 2833 782 2854 non
805 2823 932 2854 videtur
946 2833 1043 2863 posse
1060 2831 1139 2853 esse.
1164 2821 1259 2859 Quia,
1277 2829 1353 2851 cum

277 2871 475 2902 diversarum
506 2879 613 2900 rerum
646 2868 811 2899 distinctio
834 2868 875 2898 sit
896 2868 1022 2898 ratione
1052 2866 1257 2907 propriarum
1287 2864 1354 2895 for-

276 2925 415 2952 marum,
440 2914 531 2956 quod
554 2914 649 2945 alicui
673 2912 855 2943 seeundum
884 2913 1049 2952 propriam
1080 2911 1219 2941 formam
1249 2910 1352 2940 simile

277 2960 383 2997 fuerit,
407 2969 540 2991 necesse
564 2964 612 2990 est
634 2963 671 2988 ut
693 2957 783 2988 alteri
806 2957 847 2987 sit
869 2956 1037 2987 dissimile:
1066 2956 1142 2986 licet
1171 2954 1352 2985 seeundum

277 3004 368 3046 quod
391 3005 499 3045 aliqua
522 3005 556 3034 in
579 3013 648 3034 uno
672 3002 842 3033 communi
864 3001 1067 3042 participant,
1087 3009 1187 3031 unam
1203 3008 1352 3030 commu—

276 3059 355 3081 nem
378 3048 624 3080 similitudinem
647 3047 765 3083 habere
788 3046 924 3087 possint.
949 3045 982 3076 Si
999 3054 1075 3085 ergo
1092 3044 1199 3075 divina
1216 3043 1353 3074 essentia

277 3094 374 3126 fuerit
389 3094 520 3135 propria
535 3091 714 3124 similitudo
730 3091 838 3127 unius,
850 3096 1006 3131 nmquam
1023 3088 1173 3120 videlicet
1188 3089 1354 3129 propriam

278 3141 348 3171 eius
371 3138 511 3170 formam
541 3142 793 3178 repraesentans,
817 3135 947 3166 alterius
977 3133 1155 3165 similitudo
1186 3142 1255 3163 esse
1284 3142 1354 3164 non

302 3185 408 3215 oterit.

277 3194 299 3225 p
334 3229 372 3260 11.
397 3228 567 3267 Quantum
592 3226 633 3257 ad
655 3225 836 3256 secundum
853 3225 880 3260 ³,
903 3224 1022 3264 primo,
1046 3222 1187 3265 ostendit
1210 3222 1352 3252 divinam

279 3274 451 3305 essentiam
474 3273 578 3313 accipi
601 3281 698 3312 posse
731 3271 770 3301 ab
800 3269 967 3300 intellectu
994 3267 1105 3299 divino
1128 3273 1165 3298 ut
1187 3267 1352 3307 propriam

278 3319 440 3350 rationem
455 3324 488 3348 et
503 3316 749 3348 similitudinem
765 3314 983 3354 singulorum;
1008 3311 1165 3348 secunde,
1182 3310 1352 3352 quomodo

277 3364 357 3394 istae
379 3363 530 3404 propriae
553 3362 694 3392 rationes
717 3359 838 3391 multae
862 3367 938 3389 cum
961 3358 1084 3388 unitate
1108 3365 1177 3387 esse
1204 3361 1352 3396 possunt,

279 3408 419 3439 declarat
430 3408 457 3438 *-

334 3453 444 3483 Primo
469 3461 547 3492 ergo
570 3452 703 3492 ponitur
718 3449 758 3480 ad
774 3448 956 3489 quaesitum
971 3445 1140 3487 responsio
1156 3445 1246 3481 haec,
1263 3443 1354 3484 quod

279 3497 391 3528 divina
414 3497 561 3531 essentia,
591 3496 782 3536 inquantum
814 3498 862 3524 est
887 3492 1033 3523 absolute
1061 3490 1219 3531 perfecta,
1246 3494 1355 3529 potest

279 3542 384 3582 accipi
408 3547 443 3572 ut
461 3541 602 3582 propria
627 3541 713 3570 ratio
737 3539 956 3580 singulorum.

335 3586 388 3617 Ad
409 3587 502 3617 cuius
524 3584 819 3616 manifestationem
843 3583 902 3613 tria
926 3580 1183 3622 praemittuntur.
1207 3578 1352 3608 Primum

281 3636 328 3661 est
351 3631 442 3672 quod
466 3630 660 3671 quidditates
682 3638 791 3660 rerum
815 3634 846 3658 et
869 3625 1073 3658 definitiones
1098 3629 1173 3654 sunt
1195 3623 1278 3653 sicut
1292 3632 1354 3653 nu-

280 3676 371 3711 meri,
396 3681 432 3706 ut
456 3675 572 3706 dicitur
587 3674 659 3705 VIII
677 3673 835 3714 Metaph..·
855 3672 931 3712 quia
950 3671 1031 3701 sicut
1055 3670 1087 3699 in
1110 3668 1264 3703 numeris,
1280 3667 1353 3698 uni-

1166 1971 1262 2002 Circa
1290 1971 1354 2002 hoc
1409 1971 1483 2001 cies.
1509 1970 1693 2001 Substantia
1717 1970 1805 2001 enim
1829 1969 1985 2000 sensibilis
2010 1969 2210 2000 considerata
2233 1970 2353 2010 absque
2380 1969 2480 2000 ratio-

1409 2015 1488 2050 nali,
1513 2014 1618 2045 differt
1641 2015 1749 2055 specie
1773 2024 1791 2044 a
1814 2014 1990 2045 substantia
2014 2013 2156 2044 sensibili
2180 2013 2288 2044 addito
2312 2014 2478 2049 rationali,

1379 2049 1383 2106 ἰ
1408 2060 1521 2090 saltem
1545 2059 1704 2099 negative,
1722 2059 1798 2098 quia
1822 2068 1890 2089 non
1915 2063 1962 2089 est
1986 2057 2098 2089 eadem
2118 2058 2256 2098 species:
2281 2064 2313 2088 et
2335 2058 2480 2089 similiter

1407 2105 1441 2134 in
1466 2105 1710 2144 comparatione
1733 2102 1773 2134 ad
1797 2103 2002 2134 irrationale.
2313 2131 2315 2133 .

1464 2148 1648 2179 Secundum
1679 2154 1726 2179 est
1756 2148 1847 2188 quod
1877 2148 1960 2179 circa
1991 2157 2028 2178 ea
2059 2157 2142 2187 quae
2170 2147 2271 2178 multa
2300 2148 2478 2183 continent,

1409 2194 1498 2224 aliter
1521 2203 1555 2224 se
1579 2194 1698 2224 habent
1721 2198 1834 2223 natura
1858 2198 1889 2223 et
1911 2192 2103 2223 intellectus.
2127 2192 2161 2223 Si
2185 2192 2272 2222 enim
2295 2192 2401 2232 aliqua
2431 2201 2479 2222 re-

1409 2239 1576 2279 quirantur
1598 2238 1775 2268 coniuncta
1798 2237 1838 2267 ad
1862 2247 1930 2268 esse
1953 2237 2099 2273 alicuius,
2123 2242 2237 2267 natura
2266 2246 2335 2268 non
2362 2237 2480 2277 patitur

1408 2288 1444 2313 ut
1467 2283 1530 2313 sint
1557 2287 1717 2322 separata:
1749 2291 1816 2312 non
1848 2282 1935 2312 enim
1965 2286 2110 2312 remanet
2141 2286 2255 2311 natura
2287 2281 2431 2311 animalis
2454 2281 2480 2311 si

1408 2328 1515 2358 anima
1539 2328 1579 2358 sit
1602 2337 1620 2357 a
1643 2336 1780 2366 corpore
1797 2332 1950 2366 separata.
1976 2325 2040 2357 Sed
2055 2326 2236 2356 intellectus
2254 2335 2291 2356 ea
2307 2335 2390 2366 quae
2406 2331 2482 2356 sunt

1408 2373 1583 2403 coniuncta
1606 2371 1769 2402 interdurn
1793 2370 1976 2411 disiungere
1999 2376 2117 2411 potest,
2141 2369 2349 2411 intelligendo
2377 2380 2479 2401 unum

1407 2418 1476 2448 sine
1500 2417 1612 2452 altero,
1636 2415 1767 2457 quando
1792 2425 1895 2446 unum
1920 2425 2034 2446 eorum
2057 2416 2091 2446 in
2115 2415 2243 2446 alterius
2265 2415 2389 2445 ratione
2411 2424 2479 2445 non

1409 2461 1494 2493 cadit
1517 2462 1608 2502 (tunc
1633 2461 1720 2492 enim
1736 2470 1804 2491 non
1828 2466 1935 2501 potest
1958 2460 2093 2500 intelligi
2112 2469 2161 2490 res
2184 2460 2306 2500 absque
2330 2469 2369 2491 eo
2390 2459 2480 2499 quod

1407 2507 1442 2538 in
1457 2507 1527 2537 eius
1543 2505 1702 2537 clauditur
1718 2505 1866 2545 ratione).
1892 2505 2080 2535 Declaratur
2094 2514 2153 2545 per
2168 2504 2354 2544 exemplum
2370 2505 2403 2534 in
2419 2514 2479 2535 nu-

1408 2561 1500 2582 mero
1524 2551 1663 2582 ternario
1688 2555 1719 2580 et
1742 2550 1775 2580 in
1799 2550 1929 2580 animali
1952 2549 2110 2580 rationali.

1463 2595 1511 2626 Ex
1533 2595 1601 2626 istis
1625 2594 1796 2625 deducitur
1812 2593 1912 2634 quod,
1930 2594 1987 2624 ubi
2001 2594 2035 2624 in
2052 2603 2120 2624 uno
2135 2594 2238 2623 multa
2261 2593 2479 2628 continentur,

1407 2640 1528 2671 scilicet
1550 2638 1834 2679 perfectionaliter,
1849 2638 1930 2669 illud
1946 2643 2054 2678 potest
2077 2638 2224 2677 accipere
2246 2637 2427 2667 intellectus
2443 2642 2479 2667 ut

1407 2684 1572 2725 propriam
1588 2684 1746 2714 rationem
1762 2683 1990 2723 plurimorum,
2001 2680 2275 2722 apprehendendo
2288 2681 2395 2720 aliqua
2406 2680 2478 2711 illo-

1406 2738 1480 2760 rum
1503 2729 1625 2768 absque
1649 2728 1727 2758 aliis.
1759 2727 1807 2758 Ex
1830 2728 1937 2768 primo
1962 2727 2049 2757 enim
2079 2731 2192 2756 notato
2218 2726 2354 2756 habetur
2376 2724 2477 2765 quod,

1406 2774 1567 2805 subtracta
1598 2771 1786 2808 differentia,
1810 2772 1947 2802 variatur
1977 2771 2114 2811 species:
2145 2776 2176 2801 et
2207 2770 2293 2806 ideo,
2318 2770 2344 2801 si
2373 2779 2476 2800 unum

1407 2818 1583 2858 accipiatur
1598 2817 1667 2847 sine
1690 2817 1765 2853 alio,
1782 2817 1928 2857 sequitur
1944 2815 2035 2856 quod
2058 2816 2256 2856 accipientur
2279 2814 2412 2845 diversa.
2436 2814 2478 2844 Et

1406 2864 1452 2893 sic
1476 2862 1566 2903 quod
1589 2862 1746 2902 accipitur
1762 2867 1798 2891 ut
1821 2860 1984 2901 exemplar
2003 2860 2146 2900 plurium
2161 2859 2476 2900 repraesentativum,

1406 2908 1529 2938 scilicet
1543 2907 1801 2946 uniuscuiusque
1817 2915 1875 2946 per
1890 2915 1924 2936 se
1941 2906 2062 2945 absque
2081 2905 2155 2940 alio,
2173 2904 2328 2943 accipitur
2351 2908 2388 2933 ut
2401 2912 2477 2943 pro-

1406 2953 1475 2993 pria
1486 2952 1567 2983 ratio
1583 2951 1840 2991 uniuscuiusque
1853 2950 1992 2981 illorum.
2010 2949 2196 2980 Declaratur
2211 2949 2275 2978 hoc
2290 2949 2324 2978 in
2339 2956 2476 2978 numero

1407 2996 1550 3033 denario,
1568 2997 1625 3036 qui
1643 2995 1747 3036 accipi
1769 3001 1877 3035 potest
1901 3000 1936 3026 ut
1959 2995 2040 3026 ratio
2056 2994 2186 3034 propria
2209 3001 2419 3024 numerorum
2442 2992 2476 3022 in

1406 3042 1479 3082 ipso
1495 3041 1707 3072 inclusorum.
1733 3040 1921 3070 Declaratur
1937 3040 2034 3070 etiam
2049 3039 2082 3069 in
2099 3037 2227 3069 animali
2246 3036 2402 3072 rationali,
2420 3036 2476 3075 qui

1407 3087 1510 3126 accipi
1533 3091 1643 3126 posset
1662 3091 1699 3116 ut
1721 3085 1852 3125 propria
1874 3084 1954 3114 ratio
1976 3084 2125 3114 omnium
2145 3082 2332 3112 animalium
2352 3080 2476 3110 irratio-

1406 3131 1540 3167 nalium,
1562 3131 1624 3161 nisi
1649 3130 1770 3170 aliquas
1794 3128 1987 3160 differentias
2006 3127 2159 3158 adderent
2177 3126 2339 3166 positivas.
2361 3124 2476 3155 Decla-

1406 3181 1493 3206 ratur
1509 3181 1540 3206 et
1556 3175 1746 3206 auctoritate
1762 3173 1939 3204 Clementis
1955 3172 2154 3212 Philosophi,
2168 3170 2254 3210 apud
2269 3170 2475 3210 Dionysium,

1407 3231 1427 3250 v
1443 3230 1513 3260 cap.
1530 3220 1570 3250 de
1592 3219 1665 3250 Diu.
1691 3219 1798 3254 Nom„
1815 3218 1990 3258 inquientis
2011 3216 2100 3257 quod
2122 3215 2284 3246 nobiliora
2303 3214 2335 3244 in
2352 3213 2477 3244 entibus

1406 3270 1483 3296 sunt
1506 3265 1612 3295 minus
1636 3264 1790 3294 nobilium
1816 3262 2026 3303 exemplaria.

1467 3309 1610 3340 Tertium
1635 3315 1682 3339 est
1706 3308 1798 3348 quod
1820 3307 1927 3338 divina
1951 3306 2086 3336 essentia
2109 3304 2253 3335 continet
2275 3303 2310 3334 in
2333 3311 2367 3332 se
2379 3302 2476 3333 nobi-

1406 3354 1510 3384 litates
1534 3354 1684 3384 omnium
1709 3353 1833 3383 entium
1857 3361 1914 3391 per
1936 3350 2073 3382 modum
2097 3347 2314 3389 perfectionis,
2330 3356 2398 3377 non
2418 3355 2477 3386 per

1407 3398 1543 3429 modum
1568 3397 1825 3438 compositionis.
1850 3396 1891 3426 Et
1915 3405 1971 3435 per
1994 3402 2197 3433 consequens
2221 3392 2365 3422 continet
2388 3391 2422 3422 in
2442 3399 2476 3421 se

1407 3443 1620 3484 quidditatem
1643 3443 1801 3482 cuiusque
1832 3441 1877 3471 rei
1900 3440 2093 3479 inquantum
2120 3436 2241 3477 aliquid
2264 3436 2375 3476 ponit:
2400 3435 2476 3475 quia

1406 3498 1445 3518 ex
1469 3497 1506 3518 ea
1529 3493 1618 3528 parte
1642 3485 1875 3526 perfectionem
1899 3483 1989 3520 dicit;
2013 3481 2293 3522 imperfectionem
2315 3489 2404 3516 vero,
2427 3480 2476 3510 in-

1407 3538 1567 3573 quantum
1590 3530 1699 3562 deficit
1721 3540 1739 3561 a
1762 3540 1839 3561 vero
1864 3538 1942 3564 esse,
1967 3527 2057 3567 quod
2080 3532 2127 3557 est
2150 3535 2219 3557 esse
2243 3525 2400 3555 divinum.

1462 3577 1514 3607 111.
1539 3577 1608 3607 Istis
1632 3575 1817 3615 suppositis,
1841 3573 1995 3613 probatur
2018 3571 2159 3602 divinam
2183 3570 2354 3601 essentiam
2374 3569 2476 3609 accipi

1407 3631 1502 3662 posse
1521 3627 1558 3651 ut
1569 3621 1734 3661 propriam
1749 3619 1906 3649 rationem
1923 3616 2134 3656 singulorum.
2152 3614 2234 3646 Illud
2249 3615 2283 3644 in
2296 3623 2363 3654 quo
2375 3613 2477 3644 multa

1406 3665 1678 3707 perfectionaliter
1712 3663 1928 3698 continentur,
1961 3661 2063 3701 accipi
2097 3665 2205 3700 potest
2238 3664 2275 3690 ut
2308 3658 2476 3699 proprium

2508 1051 2516 1059 ·
2529 1050 2575 1072 Lib.
2590 1051 2718 1079 Octoginta

2507 1077 2577 1126 retr·
2597 1077 2655 1105 QQ-‚
2671 1078 2717 1105 0¹·-

2508 1312 2518 1342 '-
2527 1310 2564 1332 Cf.
2575 1316 2625 1339 cap.
2632 1317 2664 1337 ιι,
2672 1311 2719 1332 Nec

2507 1340 2599 1359 nerum.
