2768 4134
67 2128 77 2137 ‘
92 2126 128 2149 Cf.
144 2126 194 2150 init.
212 2126 271 2149 Com

69 2157 139 2176 ment.

311 309 389 357 45⁴8

311 395 342 421 et
364 387 507 429 partibus
523 383 704 415 secundum
719 388 823 413 totam
839 390 931 412 suam
951 381 1134 411 essentiam.
1151 379 1215 411 Sed
1238 381 1300 420 ipsi
1315 389 1386 411 non

311 432 464 465 convenit
487 429 549 460 alia
574 428 724 463 totalitas,
757 436 842 466 quae
872 431 919 456 est
949 424 1131 456 secundum
1160 425 1384 465 quantitatem.

309 478 396 517 Ergo
420 474 567 505 absolute
590 471 767 503 dicendum
783 476 831 501 est
847 469 938 511 quod
954 475 1002 500 est
1018 474 1088 501 tota
1111 470 1144 500 in
1170 474 1249 505 toto,
1267 474 1298 500 et
1316 474 1386 500 tota

310 522 343 552 in
367 519 509 561 qualibet
525 522 633 558 parte.

365 563 416 594 111.
435 563 529 594 Circa
545 561 737 592 totalitatem
754 560 909 591 essentiae
926 559 1064 595 animae,
1081 559 1222 589 occurrit
1238 558 1385 589 dubium.

309 610 353 641 Ut
365 609 451 639 enim
467 607 520 637 hic
533 605 659 642 dicitur,
673 610 776 636 totum
789 604 912 635 dicitur
923 613 985 645 per
1001 604 1193 635 relationem
1206 603 1250 634 ad
1260 609 1385 644 partes.

308 654 395 693 Ergo
412 656 543 692 oportet
566 655 601 681 ut
624 655 733 680 totum
753 648 935 680 secundum
955 649 1127 689 essentiam
1149 648 1266 679 habeat
1282 654 1387 689 partes

311 697 477 730 essentiae.
495 695 559 727 Sed
582 695 690 726 anima
713 704 782 725 non
805 694 902 724 habet
925 699 1031 734 partes
1055 693 1228 724 essentiae:
1254 702 1331 724 cum
1347 693 1388 723 sit

309 741 445 783 simplex
462 740 610 771 essentia.
634 740 721 780 Ergo
738 748 808 770 non
824 739 921 769 habet
944 738 1138 768 totalitatem
1160 738 1328 774 essentiae,
1352 743 1389 769 ut

308 787 412 828 possit
435 785 499 816 dici
523 794 593 816 esse
617 789 686 815 tota
708 784 743 815 in
766 789 837 814 toto
862 788 893 813 et
915 783 949 813 in
973 782 1107 822 singulis
1130 782 1286 822 partibus.

364 830 416 861 Ad
427 830 492 861 hoc
509 829 690 870 dupliciter,
706 827 888 859 secundum
904 827 1086 858 doctrinam
1102 826 1211 858 Sancti
1225 826 1387 864 Thomae,

307 874 498 916 responderi
520 879 638 916 potest.
663 874 783 910 Primo,
809 871 899 913 quod
930 871 1077 911 duplices
1104 877 1180 902 sunt
1205 878 1315 912 partes
1339 881 1388 902 es-

308 921 444 951 sentiae:
457 919 618 960 quaedam
634 923 710 949 sunt
721 923 827 958 partes
840 916 950 952 reales,
967 916 1093 946 realiter
1108 917 1281 947 essentiam
1298 925 1389 947 com-

309 970 480 1007 ponentes,
504 965 588 995 sicut
610 963 743 994 materia
760 967 791 992 et
808 961 912 992 forma
927 966 1002 991 sunt
1017 965 1124 1000 partes
1148 962 1306 992 essentiae
1320 971 1389 991 ma-

309 1010 444 1046 terialis;
469 1007 628 1049 quaedam
653 1017 730 1037 vero
747 1011 822 1036 sunt
837 1010 943 1046 partes
966 1005 1100 1035 rationis
1123 1010 1155 1036 et
1178 1005 1388 1042 definitionis,

309 1055 394 1086 sicut
416 1063 518 1094 genus
535 1058 566 1083 et
582 1051 771 1083 differentia.
788 1050 907 1080 Anima
923 1059 1000 1090 ergo
1016 1048 1113 1080 habet
1134 1055 1240 1090 partes
1256 1050 1389 1081 rationis

310 1104 342 1130 et
365 1097 572 1133 definitionis,
589 1105 656 1127 non
677 1101 786 1126 autem
810 1099 916 1135 partes
932 1094 1041 1125 reales.
1067 1094 1109 1124 Et
1131 1095 1195 1125 hoc
1217 1094 1319 1126 modo
1336 1095 1389 1126 hic

309 1143 497 1182 intelligitur
514 1141 604 1182 quod
620 1141 728 1171 anima
740 1140 836 1170 habet
854 1139 1047 1169 totalitatem
1064 1139 1231 1175 essentiae,
1249 1140 1389 1180 inquan-

308 1194 379 1219 tum
402 1187 499 1217 habet
522 1190 627 1226 partes
651 1194 728 1215 suae
747 1183 956 1220 definitionis,
977 1193 1018 1214 eo
1042 1183 1145 1214 modo
1170 1193 1238 1224 quo
1262 1185 1389 1215 animae

309 1232 462 1263 convenit
474 1230 631 1261 definitio.
641 1248 661 1252 -
670 1229 772 1268 Quod
784 1234 893 1259 autem
906 1229 952 1259 sic
963 1228 1171 1268 intelligatur,
1184 1234 1287 1269 patet:
1301 1229 1388 1269 quia,

308 1277 348 1308 de
371 1274 519 1307 albedine
543 1275 693 1315 loquens,
717 1272 890 1315 quomodo
907 1278 956 1304 est
971 1278 1040 1304 tota
1056 1274 1090 1304 in
1113 1279 1185 1304 toto
1211 1279 1243 1305 et
1266 1279 1335 1305 tota
1353 1274 1388 1304 in

309 1321 452 1363 qualibet
467 1325 567 1361 parte,
589 1319 696 1360 inquit
720 1318 811 1360 quod
835 1323 883 1349 est
903 1318 1081 1349 secundum
1102 1323 1202 1349 totam
1225 1319 1388 1349 rationem

308 1365 466 1397 albedinis
489 1365 522 1395 in
546 1369 618 1395 toto
643 1368 674 1394 et
697 1364 731 1394 in
754 1363 915 1404 partibus3
933 1363 989 1393 ubi
1005 1368 1094 1404 patet
1109 1362 1200 1404 quod
1224 1372 1282 1404 per
1304 1368 1388 1394 tota-

308 1410 431 1442 litatem
456 1410 611 1451 essentiae
635 1408 785 1449 intelligit
807 1407 1000 1438 totalitatem
1023 1408 1168 1439 rationis.

365 1454 517 1487 Secundo
542 1453 732 1494 responderi
759 1458 869 1494 potest
892 1452 993 1493 quod,
1025 1453 1101 1483 licet
1130 1458 1240 1484 totum
1263 1452 1388 1484 dicatur

308 1509 366 1540 per
389 1500 581 1531 relationem
604 1498 645 1529 ad
674 1503 780 1539 partes
808 1497 991 1528 secundum
1015 1497 1106 1538 quod
1134 1503 1242 1528 totum
1269 1497 1388 1528 dicitur

309 1546 531 1585 compositum
554 1553 593 1574 ex
617 1543 771 1584 partibus,
795 1548 832 1573 ut
854 1548 964 1573 tamen
980 1547 1088 1573 totum
1111 1542 1200 1574 idem
1224 1548 1272 1574 est
1295 1541 1387 1583 quod

302 1590 498 1632 per-fectum,
523 1598 591 1620 non
608 1587 686 1619 dicit
701 1587 893 1618 relationem
909 1586 950 1618 ad
966 1592 1082 1627 partes,
1099 1587 1155 1618 sed
1171 1587 1320 1618 absolute
1339 1586 1387 1618 di-

309 1635 401 1665 citur.
433 1634 474 1665 Et
504 1634 550 1664 sic
581 1631 698 1664 dicitur
725 1633 834 1663 anima
861 1632 980 1662 habere
1009 1632 1202 1663 totalitatem
1230 1632 1388 1663 essentiae

308 1679 505 1720 inquantum
529 1687 621 1709 suam
644 1676 882 1718 perfectionem
910 1677 1114 1708 essentialem
1137 1677 1244 1708 habet.
1273 1677 1315 1707 Et
1338 1686 1387 1707 se-

310 1723 456 1756 cundum
478 1723 568 1754 illam
592 1727 640 1753 est
666 1723 702 1753 in
725 1722 870 1762 qualibet
899 1726 989 1762 parte
1020 1722 1167 1762 corporis
1191 1727 1223 1753 et
1245 1722 1279 1752 in
1302 1726 1385 1752 toto.

309 1769 404 1799 Hanc
420 1768 669 1808 responsionem
686 1767 801 1798 elicere
814 1776 990 1807 possumus
1002 1776 1041 1797 ex
1056 1767 1162 1798 verbis
1175 1766 1284 1797 Sancti
1296 1765 1387 1796 Tho-

309 1823 383 1844 mae
406 1813 439 1843 in
463 1812 528 1851 Qu.
553 1812 594 1843 de
616 1811 746 1848 Anima,
770 1817 828 1842 art.
850 1820 900 1848 10,
923 1812 981 1842 ubi
997 1812 1040 1842 ait
1056 1811 1148 1852 quod
1171 1811 1318 1842 totalitas
1339 1820 1387 1842 es—

309 1858 433 1890 sentiae
456 1856 608 1888 convenit
631 1856 728 1887 etiam
752 1856 900 1887 essentiis
921 1856 1129 1897 simplicibus,
1155 1856 1285 1887 ratione
1307 1864 1388 1886 suae

303 1902 542 1944 perfectionis:
563 1911 602 1932 eo
626 1900 722 1942 quod,
746 1901 832 1932 sicut
856 1901 1036 1941 composita
1065 1900 1186 1931 habent
1200 1900 1387 1942 perfectam

308 1947 446 1988 speciem
477 1956 519 1977 ex
549 1946 781 1976 coniunctione
804 1945 1049 1985 principiorum
1079 1945 1312 1981 essentialium,
1339 1944 1387 1975 ita

308 1991 509 2023 substantiae
531 1996 563 2021 et
575 1990 716 2032 formae
737 1989 899 2030 simplices
913 1990 1032 2020 habent
1041 1990 1225 2032 per-sectam
1248 1989 1387 2030 speciem

302 2047 367 2078 per
381 2036 524 2074 seipsas:
538 2054 561 2058 -
575 2035 712 2076 speciem
728 2034 882 2075 intellige,
903 2034 986 2065 idest
1001 2035 1166 2066 entitatem
1185 2039 1217 2066 et
1232 2039 1386 2065 naturam

303 2081 487 2123 propriam.

365 2126 418 2157 IV.
436 2125 606 2164 Quantum
621 2123 662 2154 ad
678 2123 860 2155 secundum
872 2124 900 2160 ¹⁵,
915 2128 1127 2154 removentur
1138 2129 1280 2164 quatuor
1296 2123 1386 2154 obie-

309 2171 434 2202 ctiones
457 2179 542 2210 quae
565 2174 679 2200 contra
704 2169 788 2199 hanc
819 2167 1125 2199 determinationem
1149 2174 1284 2209 possent
1306 2168 1386 2199 fieri.

365 2215 477 2246 Prima
494 2214 630 2245 obiectio
647 2223 716 2244 esse
725 2218 848 2254 posset.
866 2213 985 2244 Anima
1006 2218 1054 2244 est
1069 2213 1281 2244 indivisibilis.
1300 2213 1387 2254 Ergo

309 2270 379 2295 non
401 2265 511 2301 potest
533 2268 602 2290 esse
624 2258 685 2289 nisi
710 2258 744 2289 in
766 2258 964 2289 indivisibili.
982 2258 1068 2298 Ergo
1092 2267 1160 2289 non
1186 2263 1234 2289 est
1256 2258 1290 2288 in
1314 2263 1386 2289 toto

311 2314 449 2345 corpore
473 2309 504 2335 et
527 2304 561 2334 in
585 2303 728 2344 qualibet
751 2303 821 2333 eius
844 2308 944 2343 parte.

365 2347 595 2389 Respondetur
618 2347 709 2388 quod
736 2347 971 2388 consequentia
998 2352 1081 2378 esset
1110 2356 1185 2378 vera
1208 2346 1247 2377 de
1271 2347 1387 2378 indivi-

311 2394 395 2425 sibili
414 2393 457 2424 ad
480 2392 611 2424 modum
630 2392 747 2433 puncti
769 2392 915 2423 habentis
937 2392 1035 2422 situm
1060 2392 1093 2423 in
1117 2391 1295 2423 continuo:
1318 2401 1386 2423 non

311 2444 421 2470 autem
438 2437 478 2468 de
501 2437 687 2468 indivisibili
697 2446 760 2478 per
775 2437 1026 2468 abstractionem
1043 2446 1063 2467 a
1087 2441 1155 2467 toto
1170 2446 1294 2478 genere
1309 2446 1386 2467 con—

312 2483 406 2519 tinui,
426 2492 493 2523 quo
517 2481 619 2513 modo
643 2482 766 2513 scilicet
784 2482 892 2512 anima
907 2487 956 2512 est
975 2480 1188 2518 indivisibilis,
1211 2486 1248 2512 ut
1271 2481 1388 2512 dicitur

311 2527 553 2570 Spiritualibus,
578 2532 635 2557 art.
651 2535 683 2566 4,
708 2526 748 2557 ad
769 2526 818 2557 16.

359 2581 388 2603 2.
413 2572 563 2603 Secunda
587 2571 722 2602 obiectio
751 2580 821 2602 esse
845 2575 962 2612 potest.
986 2570 1088 2609 Quod
1114 2576 1222 2602 totum
1249 2571 1388 2602 coniun-

311 2618 396 2658 gitur
418 2617 486 2653 uni,
510 2625 579 2648 non
602 2621 711 2658 potest
733 2621 841 2647 totum
857 2616 947 2647 alteri
971 2616 1128 2656 coniungi
1150 2616 1191 2646 ab
1213 2615 1271 2646 illo
1294 2625 1388 2657 sepa-

311 2667 391 2693 rato.
415 2662 507 2692 Patet
531 2661 618 2692 enim
642 2659 734 2702 quod
756 2670 877 2701 corpus
901 2659 992 2701 quod
1015 2660 1128 2691 manui
1147 2660 1330 2692 secundum
1353 2670 1388 2692 se

311 2712 419 2738 totum
443 2706 662 2746 coniungitur,
686 2715 755 2736 non
779 2706 990 2746 coniungitur
1012 2704 1098 2746 pedi.
1122 2704 1221 2746 Ergo,
1238 2706 1264 2736 si
1280 2706 1388 2737 anima

312 2757 359 2783 est
382 2756 450 2782 tota
472 2751 507 2782 in
530 2760 641 2787 manu,
666 2759 734 2781 non
758 2751 878 2791 poterit
901 2759 971 2781 esse
994 2750 1027 2780 in
1051 2749 1145 2791 pede.

366 2795 596 2837 Respondetur
612 2795 704 2836 quod
726 2796 831 2826 maior
847 2801 894 2826 est
909 2804 984 2825 vera
1007 2794 1048 2826 de
1064 2795 1299 2826 coniunctione
1315 2804 1387 2826 cor-

311 2849 446 2882 porum:
463 2850 531 2871 non
548 2845 657 2871 autem
674 2839 714 2871 de
731 2838 967 2871 coniunctione
984 2849 1049 2880 qua
1065 2840 1299 2880 incorporeum
1315 2849 1387 2871 cor-

311 2895 414 2926 poreo
440 2885 659 2925 coniungitur.

358 2930 387 2961 3.
415 2930 526 2961 Tertia
551 2929 686 2961 obiectio
710 2938 778 2960 esse
794 2933 912 2970 potest.
930 2929 1049 2960 Forma
1065 2934 1121 2960 -est
1141 2930 1387 2970 proportionata

312 2975 474 3006 materiae.
499 2973 563 3006 Sed
586 2975 694 3005 anima
717 2979 766 3005 est
788 2973 894 3005 forma
920 2973 1068 3015 simplex.
1100 2974 1188 3015 Ergo
1212 2973 1388 3015 respondet

791 300 980 340 SUMMA
1009 302 1232 339 CONTRA
1260 299 1536 347 GENTILES,
1564 301 1660 338 LIB.
1680 300 1723 347 Π,
1742 301 1865 338 CAP.
1884 301 2036 339 LXXII.

1439 381 1481 411 ei.
1492 380 1625 411 materia
1641 379 1788 420 simplex,
1805 386 1838 410 et
1852 389 1922 411 non
1935 381 2070 412 materia
2084 381 2266 422 multiplex.
2288 382 2353 414 Sed
2375 382 2519 414 diversae

1438 429 1545 465 partes
1569 424 1716 464 corporis
1746 433 1781 455 se
1808 425 1929 455 habent
1955 425 2040 456 sicut
2066 426 2200 456 materia
2225 427 2406 467 multiplex.
2431 428 2518 468 Ergo

1440 470 1547 500 anima
1570 478 1639 499 non
1663 474 1712 499 est
1735 467 1841 499 forma
1864 469 2037 500 cuiuslibet
2059 471 2158 511 partis
2182 470 2338 511 corporis.

1495 512 1724 554 Respondetur
1748 513 1839 554 quod
1867 514 1984 551 anima,
2007 514 2084 545 licet
2106 515 2147 545 sit
2173 515 2311 556 simplex
2337 515 2519 547 secundum

1440 558 1623 594 essentiam,
1648 563 1695 588 est
1721 563 1832 589 tamen
1854 559 2025 599 multiplex
2048 560 2083 590 in
2107 559 2226 590 virtute
2253 565 2285 590 et
2306 560 2463 600 potentia,
2488 566 2520 593 et

1441 608 1489 634 est
1500 603 1699 643 principium
1714 603 1892 634 multarum
1908 604 2156 644 operationum:
2174 605 2251 644 quia
2266 610 2391 645 quanto
2411 604 2520 645 aliqua

1440 647 1546 678 forma
1569 653 1618 679 est
1639 647 1783 680 nobilior
1798 653 1830 678 et
1845 647 2031 688 perfectior,
2046 654 2138 679 tanto
2158 654 2206 680 est
2228 649 2361 680 maioris
2383 649 2518 680 virtutis.

1440 692 1559 723 Anima
1571 697 1682 723 autem
1694 697 1742 723 est
1756 692 1958 723 nobilissima
1969 693 2052 724 inter
2063 693 2184 724 formas
2195 693 2373 725 inferiores.
2387 694 2429 725 Et
2443 693 2519 725 ideo

1440 737 1564 777 indiget
1591 736 1724 767 diversis
1754 737 1883 777 organis
1906 737 1947 768 ad
1970 747 2043 768 suas
2067 739 2274 779 operationes
2297 737 2519 779 complendas.

1497 782 1574 812 Duo
1598 786 1673 812 sunt
1692 781 1756 812 hoc
1779 781 1855 812 loco
1873 780 2078 813 advertenda.
2094 783 2241 814 Primum
2265 788 2322 820 est,
2340 783 2432 824 quod
2451 792 2520 814 ma-

1442 827 1520 857 teria
1532 831 1580 857 est
1595 835 1664 857 non
1676 831 1805 857 tantum
1817 832 1952 867 propter
1968 836 2037 857 esse
2053 826 2188 864 formae,
2205 826 2262 858 sed
2273 828 2371 859 etiam
2386 833 2521 869 propter

1442 872 1511 902 eius
1535 872 1753 911 operationes.
1778 871 1820 901 Et
1842 870 1918 902 ideo
1943 877 2074 912 oportet
2103 873 2208 912 ipsam
2231 881 2301 903 esse
2333 873 2520 913 proportio-

1442 922 1551 957 natam
1574 925 1644 946 non
1668 916 1776 948 solum
1801 925 1871 946 esse
1894 915 2030 953 formae,
2055 915 2112 947 sed
2135 916 2232 947 etiam
2256 917 2518 957 operationibus:

1442 966 1479 992 ut
1501 960 1624 991 scilicet
1647 961 1687 991 sit
1717 960 1788 991 talis
1817 959 1909 1001 quod
1936 961 2091 1003 omnibus
2121 960 2247 992 formae
2274 962 2520 1002 operationibus

1441 1015 1500 1046 per
1522 1006 1628 1046 ipsam
1650 1005 1819 1036 materiam
1836 1004 2023 1036 exercendis
2039 1005 2079 1036 sit
2103 1011 2188 1046 apta.
2213 1004 2348 1043 Idcirco,
2373 1006 2520 1047 quamvis

1442 1050 1549 1081 anima
1572 1050 1710 1090 simplex
1733 1049 1916 1081 secundum
1940 1051 2113 1082 essentiam
2135 1051 2186 1087 sit,
2203 1050 2280 1091 quia
2303 1055 2414 1081 tamen
2433 1051 2520 1091 prin-

1443 1095 1567 1135 cipium
1590 1094 1768 1125 multarum
1791 1095 2020 1135 operationum
2045 1100 2103 1131 est,
2134 1100 2266 1135 oportet
2297 1100 2330 1126 et
2352 1095 2520 1127 materiam

1442 1140 1512 1170 eius
1535 1139 1810 1180 multiplicitatem
1833 1149 2033 1180 organorum
2055 1140 2184 1171 habere.
2202 1139 2244 1171 Et
2266 1140 2301 1170 in
2324 1139 2389 1171 hoc
2412 1140 2521 1171 consi-

1442 1185 1495 1215 stit
1517 1184 1689 1224 responsio
1713 1183 1796 1214 data.

1498 1227 1688 1260 Secundum
1707 1235 1755 1259 est
1778 1228 1880 1270 quod,
1897 1229 1973 1260 licet
1987 1229 2210 1260 universaliter
2226 1238 2349 1260 verum.
2364 1229 2406 1260 sit
2428 1228 2521 1270 quod

1442 1279 1566 1314 quanto
1590 1273 1699 1314 aliqua
1722 1272 1828 1304 forma
1851 1279 1900 1304 est
1925 1273 2067 1305 nobilior
2092 1279 2124 1305 et
2147 1273 2332 1314 perfectior,
2357 1278 2448 1305 tanto
2473 1279 2521 1304 est

1441 1318 1573 1349 maioris
1596 1317 1732 1354 virtutis,
1758 1318 1835 1358 quia
1857 1319 1958 1349 virtus
1988 1318 2135 1359 sequitur
2159 1319 2332 1350 essentiam
2355 1319 2419 1355 rei;
2451 1327 2521 1349 non

1442 1368 1490 1394 est
1516 1368 1626 1393 tamen
1650 1362 1873 1394 universaliter
1903 1372 2018 1394 verum
2045 1363 2148 1404 quod,
2179 1369 2304 1404 quanto
2335 1362 2441 1394 forma
2471 1368 2520 1394 est

1440 1407 1584 1438 nobilior
1607 1413 1639 1438 et
1661 1406 1846 1449 perfectior,
1870 1413 1962 1439 tanto
1990 1408 2031 1439 sit
2059 1408 2274 1448 multiplicior
2301 1408 2336 1439 in
2365 1408 2520 1448 potentiis

1442 1458 1474 1484 et
1496 1452 1678 1484 diversitate
1698 1453 1938 1493 operationum.
1955 1452 2052 1492 Quia,
2068 1454 2096 1483 si
2110 1462 2274 1494 ponamus
2289 1462 2428 1493 corpora
2447 1461 2521 1491 cae<

1441 1498 1532 1528 lestia
1544 1506 1614 1528 esse
1629 1498 1781 1534 animata,
1797 1498 1925 1529 animae
1935 1498 2084 1539 ipsorum
2099 1503 2176 1529 sunt
2185 1496 2397 1538 perfectiores
2411 1497 2522 1540 anima

1440 1542 1638 1580 intellectiva
1660 1542 1817 1573 humana:
1843 1547 1876 1573 et
1898 1548 2009 1574 tamen
2032 1552 2101 1574 non
2124 1541 2246 1574 habent
2268 1542 2331 1573 nisi
2356 1542 2522 1583 potentias

1440 1587 1662 1623 intellectivas‚
1687 1595 1765 1618 cum
1792 1587 1900 1618 anima
1923 1588 2067 1619 humana
2096 1587 2213 1619 habeat
2243 1592 2276 1618 et
2298 1587 2466 1618 sensitivas
2489 1591 2523 1618 et

1440 1632 1645 1672 vegetativas.
1663 1630 1727 1663 Sed
1744 1637 1791 1662 est
1806 1641 1921 1663 verum
1937 1633 1971 1663 in
1987 1631 2101 1663 formis
2116 1640 2226 1663 rerum
2242 1631 2519 1672 corruptibilium:

1440 1676 1589 1707 videmus
1612 1677 1700 1707 enim
1725 1675 1818 1717 quod
1840 1677 1992 1708 sensitiva
2019 1677 2117 1708 habet
2131 1676 2303 1717 'potentias
2325 1676 2520 1717 vegetativas

1441 1727 1474 1752 et
1496 1721 1673 1758 sensitivas,
1698 1722 1877 1762 vegetativa
1901 1726 1978 1753 vero
1994 1722 2092 1752 habet
2114 1727 2243 1753 tantum
2256 1721 2469 1762 vegetativam
2488 1726 2522 1753 et

1441 1766 1560 1797 iterum
1583 1766 1691 1797 anima
1713 1766 1868 1803 hominis,
1898 1772 2025 1808 praeter
2054 1766 2222 1798 sensitivas
2251 1770 2284 1797 et
2312 1766 2518 1806 vegetativam,

1441 1811 1539 1850 habet
1561 1810 1658 1847 etiam
1681 1810 1904 1842 intellectivas‚
1929 1810 2008 1843 Ideo
2032 1820 2102 1842 non
2125 1809 2205 1842 dixit
2226 1810 2417 1852 simpliciter
2439 1809 2520 1843 San-

1441 1860 1512 1886 ctus
1536 1854 1683 1886 Thomas
1707 1854 1799 1896 quod
1826 1855 1934 1886 anima
1956 1856 1997 1887 sit
2028 1855 2172 1887 nobilior
2194 1855 2279 1887 inter
2305 1854 2438 1893 formas,
2462 1854 2521 1887 sed

1441 1899 1533 1940 quod
1556 1904 1604 1930 est
1627 1898 1828 1931 nobilissima
1852 1900 1939 1931 inter
1951 1900 2090 1942 formas
2106 1899 2295 1942 inferiores.
2320 1899 2363 1931 Et
2385 1899 2426 1931 de
2447 1899 2521 1942 Spi-

1441 1942 1625 1979 ritualibus,
1650 1950 1707 1975 art.
1724 1952 1756 1983 4,
1781 1944 1838 1975 ubi
1861 1944 1977 1976 eadem
2004 1945 2142 1976 habetur
2169 1945 2339 1981 sententia,
2362 1943 2401 1976 fit
2427 1953 2520 1977 com—

1439 1989 1566 2030 paratio
1589 1989 1673 2019 inter
1696 1987 1819 2020 formas
1840 1998 1950 2021 rerum
1973 1989 2236 2030 corruptibilium
2259 1988 2438 2028 dumtaxat,
2460 1989 2520 2022 ubi

1440 2033 1558 2065 dicitur
1580 2032 1672 2074 quod
1695 2033 1729 2064 in
1754 2033 1824 2065 istis
1850 2034 1946 2066 rebus
1969 2033 2235 2075 corruptibilibus
2239 2034 2381 2076 formae
2403 2033 2521 2076 imper-

1430 2077 1602 2121 fectiores,
1627 2087 1712 2120 quae
1726 2083 1804 2110 sunt
1818 2077 1987 2110 debilioris
2002 2078 2142 2116 virtutis,
2164 2078 2284 2111 habent
2299 2087 2429 2121 paucas
2444 2087 2520 2121 ope-

1441 2123 1608 2154 rationes:
1629 2123 1741 2154 anima
1765 2132 1854 2159 uero,
1871 2132 1945 2155 cum
1967 2123 2011 2155 sit
2025 2123 2164 2155 maioris
2179 2128 2212 2154 et
2225 2123 2357 2155 altioris
2378 2123 2520 2160 timetis,

1434 2173 1546 2210 potest
1567 2177 1636 2199 esse
1652 2168 1854 2209 principium
1877 2168 2083 2200 diuersarum
2107 2168 2347 2210 operationum.

1496 2222 1528 2252 4.
1551 2212 1681 2250 Quarta
1697 2213 1834 2245 obiectio
1849 2223 1918 2245 esse
1926 2218 2048 2255 posset,
2062 2214 2140 2254 quia
2150 2213 2351 2250 Aristoteles,
2366 2213 2402 2244 in
2420 2213 2520 2245 Libro

1440 2258 1481 2289 de
1506 2257 1617 2289 Causa
1640 2258 1754 2289 Motus
1780 2258 1991 2295 Animalium,
2020 2259 2130 2300 inquit
2154 2258 2297 2290 animam
2327 2266 2398 2289 esse
2425 2257 2522 2290 dum·

1440 2307 1527 2334 taxat
1557 2302 1590 2334 in
1620 2302 1763 2344 quodam
1783 2303 1950 2345 principio
1977 2303 2129 2345 corporis
2143 2304 2171 2335 ⁹.
2198 2302 2287 2344 Ergo
2314 2307 2461 2335 nonest
2485 2303 2522 2339 in

1442 2347 1586 2389 qualibet
1609 2353 1711 2388 parte.

1495 2392 1726 2433 Respondetur
1742 2392 1844 2433 quod,
1861 2402 1939 2424 cum
1957 2393 2064 2424 anima
2084 2392 2225 2424 diversas
2240 2392 2448 2434 operationes
2462 2401 2521 2434 per

1441 2436 1582 2468 diversas
1605 2438 1769 2478 potentias
1786 2443 1942 2474 exerceat,
1959 2447 2044 2478 quae
2067 2442 2144 2469 sunt
2166 2437 2365 2468 diversarum
2380 2436 2521 2478 partium

1441 2482 1589 2522 corporis
1611 2487 1713 2518 actus,
1737 2481 1921 2513 secundum
1937 2491 2038 2513 unam
2056 2482 2239 2523 potentiam
2261 2481 2380 2515 dicitur
2401 2481 2521 2518 mein

1442 2536 1508 2557 una
1530 2531 1621 2567 parte
1643 2532 1783 2563 tantum,
1806 2536 1875 2558 non
1900 2532 2012 2558 autem
2034 2527 2070 2558 in
2093 2526 2180 2558 aliis:
2204 2526 2282 2558 licet
2309 2527 2345 2558 in
2366 2525 2522 2562 omnibus·

1441 2572 1482 2602 sit
1504 2571 1687 2603 secundum
1709 2580 1804 2602 suam
1827 2571 2009 2602 essentiam.
2034 2571 2077 2603 Et
2099 2576 2235 2612 propter
2261 2572 2325 2603 hoc
2348 2570 2428 2603 dixit
2448 2571 2523 2603 Ari-

1441 2616 1583 2652 stoteles,
1607 2617 1642 2647 in
1664 2616 1741 2647 loco
1765 2615 1914 2657 allegato,
1939 2615 2031 2657 quod
2053 2617 2163 2647 anima
2177 2621 2226 2648 est
2247 2616 2283 2647 in
2306 2625 2372 2647 una
2393 2621 2524 2648 tantum

1442 2666 1531 2701 parte
1555 2661 1717 2702 corporis:
1735 2661 1813 2702 quia
1835 2661 1880 2692 ibi
1903 2660 2100 2702 loquebatur
2115 2660 2157 2692 de
2178 2661 2296 2692 virtute
2317 2661 2452 2698 motiva.
2470 2669 2522 2692 ιο-

1442 2705 1590 2736 cundum
1605 2714 1705 2746 quam
1720 2706 1828 2736 anima
1843 2710 1892 2736 est
1906 2710 2035 2737 tantum
2049 2706 2084 2736 in
2099 2704 2210 2743 corde,
2225 2715 2284 2746 per
2299 2704 2392 2746 quod
2413 2709 2522 2737 totum

1442 2759 1563 2791 corpus
1585 2756 1708 2782 movet.
1732 2750 1810 2781 Non
1833 2756 1942 2781 autem
1965 2750 2070 2782 voluit
2093 2749 2186 2791 quod
2208 2749 2391 2781 secundum
2414 2759 2523 2782 esun-

1442 2795 1520 2826 tiam
1543 2801 1628 2826 esset
1650 2796 1684 2826 in
1708 2804 1774 2826 una
1796 2800 1924 2826 tantum
1947 2801 2047 2836 parte.

1498 2839 1594 2871 Hanc
1616 2841 1785 2871 materiam
1800 2840 1899 2871 habes
1923 2849 1942 2870 a
1965 2839 2085 2871 Sancto
2109 2839 2242 2871 Thoma
2263 2839 2452 2880 plenissime
2466 2848 2524 2871 ex-

1442 2885 1606 2926 planatam
1630 2885 1664 2916 in
1679 2885 1788 2916 Prima
1809 2885 1904 2916 Parte
1915 2885 1943 2922 ⁹,
1954 2885 1997 2916 'in
2013 2884 2270 2923 Quaestionibus
2284 2883 2326 2915 de
2343 2883 2466 2916 Anima
2475 2884 2521 2921 ⁴⁸,

1442 2935 1476 2961 et
1496 2929 1537 2961 de
1560 2929 1793 2971 spiritualibus
1818 2929 1990 2961 Creaturis
2005 2930 2032 2968 ⁹,
2057 2938 2096 2960 ac
2123 2929 2220 2960 etiam
2243 2929 2277 2960 in
2301 2924 2315 2960 1
2338 2927 2525 2965 Sententia-

1442 2984 1516 3005 rum
1532 2975 1560 3005 “.
1586 2973 1663 3006 Ideo
1686 2984 1756 3006 non
1780 2979 1828 3006 est
1850 2975 1884 3006 in
1908 2983 1947 3006 ea
1969 2973 2109 3015 amplius
2131 2972 2388 3005 immorandum.

1150 3311 1687 3356 Λὶψ-

2548 2306 2621 2330 moe.
2631 2307 2671 2330 dt.
2680 2306 2705 2330 ln
2714 2309 2764 2330 tex·

2547 2337 2582 2362 m,
2593 2333 2634 2357 flu.

2549 2883 2559 2892 ·
2600 2887 2623 2904 u.
2633 2886 2713 2909 mvi,
2722 2878 2746 2904 Β»

2549 2910 2570 2919 ··
2607 2911 2637 2931 rt.
2647 2913 2683 2931 ιο.

2549 2937 2559 2947 ·
2574 2935 2626 2958 Λη-
2635 2941 2660 2962 4.
2765 2960 2768 2965 Δ

2550 2963 2560 2973 ·
2570 2961 2630 2984 Diu.
2641 2966 2693 2988 viu,
2707 2966 2730 2989 q.
2740 2965 2768 2988 ν,
