2768 4134
73 2048 83 2057 ‘
98 2046 133 2069 Cf.
149 2052 213 2069 num.
223 2052 256 2068 nr.

75 2447 82 2457 ⁸
125 2453 203 2475 p.v,5:
214 2446 284 2468 s.'1'h.

77 3118 87 3127 ·
95 3117 150 3144 Cap.
159 3123 211 3144 xm,
219 3117 288 3139 Com·

77 3147 147 3165 ment.
162 3150 226 3166 num.
236 3151 269 3166 xi.

333 309 408 346 556

328 393 522 430 perpetuum
545 394 613 415 non
635 387 743 424 potest
759 392 827 413 non
843 391 912 412 esse
927 390 984 421 per
1001 380 1255 420 corruptionem,
1271 379 1314 409 ita
1329 387 1398 408 non

327 437 435 473 potest
455 431 597 470 incipere
621 437 678 468 per
699 427 952 468 generationem.
981 425 1067 463 Quia
1094 433 1159 464 qua
1181 424 1305 454 ratione
1329 432 1396 453 non

328 482 375 507 est
397 476 430 506 in
453 475 525 515 ipso
548 473 694 514 potentia
719 481 803 512 quae
826 470 925 501 alium
957 475 1065 500 actum
1094 468 1253 509 respiciat,
1283 466 1396 498 eadem

326 521 449 550 ratione
472 528 540 549 non
567 515 730 558 praecedit
758 516 866 556 ipsum
895 515 1003 555 aliqua
1032 514 1179 554 potenn‘a
1207 522 1302 553 quae,
1331 512 1397 542 exi-

325 570 411 595 stens
434 564 493 593 sub
510 563 570 593 alia
593 561 707 597 forma,
725 561 826 601 possit
840 560 931 590 istius
946 558 1087 589 formam
1102 558 1255 599 recipere,
1277 567 1315 587 ex
1332 566 1397 597 qua

324 608 470 650 potentia
492 607 556 637 hoc
573 606 697 636 dicatur
713 614 781 636 esse
798 605 934 635 facturn:
961 604 1037 644 quia
1056 603 1126 634 talis
1149 602 1295 644 potentia
1320 610 1395 632 cum

324 653 429 684 forma
445 661 544 692 quarn
567 651 672 686 habet,
696 650 912 690 privationem
929 648 1058 679 alterius
1081 648 1206 678 formae
1230 651 1396 686 compate-

324 702 419 733 retur,
440 701 471 726 et
493 705 552 736 per
574 703 779 734 consequens
796 699 879 725 esset
902 693 1098 734 principium
1122 691 1349 732 corruptionis.

379 740 453 777 Sed,
469 740 546 770 licet
561 739 602 770 ad
617 739 705 770 hunc
721 748 854 770 sensum
870 739 985 769 habeat
1000 738 1167 768 veritatem
1179 738 1213 767 in
1226 736 1393 771 omnibus;

324 790 355 816 et
377 795 435 826 per
457 785 522 816 hoc
543 793 613 815 non
636 784 768 815 tollatur
785 784 865 824 quin
881 787 1039 824 perpetua
1058 782 1175 812 habere
1191 781 1318 822 possint
1333 780 1394 810 ini-

323 831 404 860 tium
427 839 503 860 suae
520 828 709 865 durationis,
725 834 881 869 tanquam
897 829 986 868 prius
1002 826 1168 857 existentia
1191 826 1226 856 in
1247 824 1395 866 potentia

323 874 495 910 Creatoris,
519 878 633 914 postea
647 883 725 904 vero
741 883 800 914 per
815 873 1011 904 creationem
1037 872 1069 901 in
1086 875 1195 901 actum
1219 869 1392 911 producta:

323 919 439 959 accipit
461 924 571 949 tamen
595 927 666 949 eam
690 918 825 949 Sanctus
850 917 995 947 Thomas
1018 916 1051 945 in
1068 915 1219 955 ampliori
1235 924 1341 951 sensu,
1358 914 1393 945 in

323 973 362 994 eo
379 964 502 995 scilicet
517 972 584 1003 quo
601 973 619 993 a
634 962 837 1003 philosophis
854 960 1058 1001 quibusdam,
1076 965 1189 990 contra
1205 969 1289 1000 quos
1305 959 1392 999 prin-

322 1008 466 1049 cipaliter
489 1008 600 1048 arguit,
618 1012 665 1037 est
688 1011 835 1046 accepta;
860 1005 983 1036 scilicet
999 1004 1090 1045 quod
1106 1005 1138 1035 in
1155 1005 1222 1034 istis
1235 1003 1393 1045 possibile

321 1058 369 1084 est
392 1053 474 1083 idem
497 1051 585 1092 quod
608 1051 834 1085 necessat-ium,
860 1060 928 1090 quo
953 1049 1054 1080 modo
1078 1049 1185 1089 inquit
1211 1048 1391 1079 Commen-

320 1103 414 1134 tator,
434 1097 475 1127 III
498 1097 606 1136 Phys„
632 1100 808 1126 comment.
828 1095 879 1132 32,
897 1094 998 1135 quod,
1018 1103 1091 1124 cum
1105 1094 1219 1136 suerit
1235 1093 1392 1134 possibile

321 1141 445 1182 aliquid
467 1150 534 1171 esse
556 1140 596 1170 de
619 1144 739 1170 natura
764 1149 874 1170 rerum
898 1144 1118 1174 aeternarum,
1145 1138 1228 1169 illud
1250 1139 1313 1169 erit
1336 1147 1391 1168 ne-

319 1186 505 1221 cessarium,
531 1194 596 1215 non
621 1185 823 1226 contingens.
849 1184 945 1215 Tunc
968 1184 1056 1215 enim
1080 1183 1236 1224 sequitur,
1259 1184 1287 1214 si
1314 1183 1390 1213 sub-

319 1231 451 1261 stantiae
474 1229 707 1260 intellectuales
731 1235 818 1260 extra
842 1238 980 1270 corpora
996 1229 1205 1259 subsistentes
1229 1237 1298 1259 esse
1313 1237 1390 1269 pos-

318 1280 401 1312 sunt,
419 1274 509 1315 quod
524 1273 565 1304 de
581 1273 666 1304 facto
682 1274 746 1304 sint
761 1275 794 1305 in
811 1279 901 1305 actu:
919 1274 995 1314 quia
1005 1273 1163 1314 possibile
1180 1283 1248 1304 non
1272 1272 1389 1304 dicitur

318 1319 357 1350 de
380 1318 568 1350 huiusmodi
591 1319 890 1360 incorruptibilibus
913 1328 972 1359 per
994 1317 1131 1349 modum
1159 1319 1387 1359 contingentis,

317 1365 409 1405 quasi
432 1364 563 1400 scilicet,
588 1363 666 1394 dum
690 1369 828 1405 possunt
852 1373 931 1400 esse,
956 1369 1093 1404 possunt
1109 1363 1205 1394 etiam
1222 1372 1291 1394 non
1308 1372 1387 1394 esse.

372 1409 406 1440 Si
430 1414 538 1440 autem
562 1407 686 1439 dicatur
709 1408 799 1450 quod
816 1418 854 1439 ex
878 1409 938 1439 hac
954 1409 1179 1449 propositione
1194 1418 1263 1439 non
1279 1407 1387 1439 solum

317 1453 531 1485 concludetur
547 1453 638 1494 quod
661 1453 734 1490 sint,
752 1453 808 1484 sed
825 1454 921 1484 etiam
937 1453 1028 1494 quod
1044 1452 1165 1484 fuerint
1187 1453 1227 1484 ab
1244 1458 1387 1490 aeterno,

316 1500 392 1539 quia
408 1499 447 1529 ab
464 1503 595 1529 aeterno
612 1497 744 1529 fuerunt
755 1498 926 1539 possibiles
939 1508 1022 1529 esse:
1036 1516 1059 1520 —
1069 1498 1285 1539 respondetur
1297 1497 1388 1538 quod

314 1544 429 1584 utique
451 1544 516 1574 hoc
540 1543 694 1574 concludi
717 1544 852 1584 poterit:
878 1548 919 1580 et,
947 1544 974 1574 si
1003 1542 1226 1580 concludatur,
1257 1543 1389 1574 habebit

315 1588 451 1620 Sanctus
474 1588 620 1618 Thomas
635 1589 738 1628 magis
762 1588 969 1629 propositum
986 1597 1081 1618 suum
1099 1594 1212 1619 contra
1227 1587 1301 1618 illos
1317 1588 1388 1628 phi-

314 1634 471 1674 losophos
494 1633 654 1663 naturales
677 1633 745 1673 qui,
769 1642 837 1664 non
853 1633 1088 1674 distinguentes
1103 1633 1186 1663 inter
1208 1641 1340 1663 sensum
1357 1637 1389 1663 et

314 1678 525 1714 intellectum,
550 1677 700 1708 dicebant
715 1687 849 1708 omnem
869 1678 1078 1708 substantiam
1099 1687 1168 1708 esse
1185 1686 1386 1718 corpoream.

314 1722 428 1754 Noluit
442 1727 550 1753 tamen
564 1721 760 1753 concludere
771 1723 834 1753 nisi
846 1721 937 1762 quod
949 1722 989 1753 ad
1001 1723 1207 1763 propositum
1223 1722 1388 1752 attinebat.

370 1767 418 1797 Ex
442 1767 480 1797 iis
503 1772 591 1807 patet
614 1767 733 1798 solutio
757 1767 889 1798 rationis
908 1767 942 1797 in
964 1767 1164 1808 oppositum.
1181 1767 1274 1797 Licet
1289 1767 1387 1802 enim,

315 1811 495 1842 secundum
519 1811 628 1848 fidem,
644 1817 802 1852 perpetua
817 1812 906 1852 prius
923 1811 1042 1842 fuerint
1057 1811 1222 1852 possibilia
1238 1821 1337 1852 quam
1353 1812 1388 1842 in

315 1861 405 1886 actu:
428 1865 498 1887 non
520 1861 629 1887 tamen
646 1862 694 1887 est
717 1866 830 1887 verum
846 1855 1027 1886 secundum
1043 1856 1259 1896 philosophos
1275 1861 1388 1886 contra

315 1910 398 1941 quos
422 1896 664 1941 argumentatur
690 1900 826 1931 Sanctus
857 1901 1013 1931 Thomas.
1045 1900 1140 1931 Unde
1168 1901 1238 1940 ipse
1269 1901 1387 1941 accipit

313 1945 400 1975 illam
424 1945 684 1986 propositionem
708 1946 741 1975 in
765 1954 862 1975 sensu
878 1938 946 1985 q⁴uo
963 1945 1154 1976 conceditur
1177 1946 1216 1975 ab
1233 1945 1292 1975 eis:
1317 1955 1386 1975 non

314 1995 423 2020 autem
446 1990 480 2020 in
503 1999 600 2019 sensu
625 1989 772 2020 absolute
796 1994 828 2020 et
851 1989 1040 2030 simpliciter
1062 1998 1150 2020 vero.

369 2034 421 2064 IX.
439 2034 538 2064 Sexto
550 2035 578 2064 *.
603 2033 768 2065 Invenitur
790 2034 967 2064 substantia
990 2034 1173 2074 composita
1189 2043 1228 2064 ex
1247 2042 1385 2074 corpore

313 2084 344 2109 et
367 2079 542 2109 substantia
557 2078 776 2110 intellectuali.
794 2079 835 2109 Et
858 2079 1020 2110 invenitur
1036 2088 1155 2119 corpus
1171 2079 1293 2119 absque
1309 2079 1386 2109 sub-

312 2123 426 2154 stantia
442 2123 660 2154 intellectuali.
674 2123 761 2164 Ergo
774 2123 879 2154 multo
895 2123 997 2164 magis
1013 2124 1224 2154 inveniuntur
1238 2123 1386 2154 substan-

312 2168 375 2199 tiae
398 2167 631 2199 intellectuales
655 2169 847 2209 corporibus
863 2177 931 2199 non
948 2169 1068 2199 unitae.
1085 2187 1107 2191 -
1123 2168 1282 2199 Probatur
1305 2177 1385 2199 con-

313 2213 489 2254 sequentia.
514 2213 600 2252 Quia
624 2213 650 2243 si
674 2223 712 2243 ex
729 2213 890 2254 aliquibus
910 2213 1040 2244 duobus
1063 2214 1228 2244 invenitur
1251 2213 1385 2254 aliquod

313 2258 550 2298 compositum;
576 2262 608 2288 et
631 2258 767 2288 alterum
783 2267 898 2289 eorum
916 2258 1007 2298 quod
1023 2264 1071 2291 est
1086 2259 1205 2295 minus,
1221 2258 1386 2290 invenitur

312 2312 370 2343 per
392 2312 443 2339 se;
468 2308 500 2333 et
523 2301 614 2342 quod
638 2308 685 2333 est
707 2303 811 2333 maius
834 2302 1026 2344 perfectum,
1055 2309 1086 2334 et
1115 2304 1225 2334 minus
1254 2303 1383 2344 reliquo

312 2347 469 2388 indigens,
493 2347 655 2377 invenitur
677 2357 734 2388 per
757 2357 801 2378 se.

370 2391 464 2423 Circa
475 2391 559 2422 hanc
570 2391 717 2423 ultimam
729 2393 1000 2433 propositionem,
1014 2392 1143 2423 adverte
1152 2391 1244 2432 quod
1255 2398 1385 2433 sumpta

314 2441 362 2467 est
377 2446 415 2467 ex
430 2436 502 2467 VIII
522 2436 748 2477 Plgysicorum,
766 2442 841 2467 text.
857 2436 897 2477 37
907 2438 934 2473 *,
951 2442 983 2468 et
999 2437 1095 2468 habet
1107 2438 1272 2468 veritatem
1290 2437 1330 2468 de
1346 2438 1384 2468 iis

314 2491 397 2522 quae
421 2482 665 2522 coniunguntur
687 2482 824 2512 omnino
848 2490 906 2522 per
929 2481 1088 2513 accidens.
1112 2482 1196 2512 Nam
1223 2482 1276 2513 illa
1300 2491 1384 2523 quae

313 2536 370 2567 per
393 2535 426 2557 se
443 2526 547 2566 logica
564 2526 733 2566 perseitate
750 2531 825 2557 sunt
844 2527 1030 2564 coniuncta,
1047 2527 1271 2567 inseparabilia
1292 2533 1383 2558 sunt:

313 2572 355 2601 ita
379 2570 469 2611 quod
486 2580 590 2602 unum
605 2571 675 2602 sine
691 2571 802 2608 altero,
820 2571 932 2602 saltem
949 2571 1145 2608 naturaliter,
1162 2572 1299 2603 inveniri
1315 2582 1383 2604 non

312 2620 434 2656 potest;
451 2621 507 2646 aut
518 2616 630 2646 saltem
647 2615 727 2647 illud
740 2615 830 2656 quod
845 2617 885 2646 ab
898 2617 999 2648 altero
1015 2617 1198 2648 necessario
1210 2617 1383 2658 dependet,

311 2660 387 2691 licet
409 2661 545 2691 alterurn
570 2661 608 2691 ab
631 2661 704 2702 ipso
735 2670 803 2692 non
834 2660 1016 2702 dependeat
1044 2662 1237 2693 necessario.
1268 2662 1319 2699 Et,
1348 2668 1385 2693 ut

311 2705 417 2746 inquit
440 2705 576 2736 Sanctus
592 2705 738 2736 Thomas
752 2705 884 2742 ibidem,
901 2715 1005 2737 unum
1025 2715 1140 2737 eorum
1156 2716 1242 2747 quae
1258 2715 1316 2747 per
1331 2716 1384 2738 ac-

312 2749 421 2780 cidens
445 2750 582 2781 omnino
606 2751 860 2791 coniunguntur,
884 2752 1021 2782 inveniri
1049 2752 1118 2783 sine
1149 2751 1214 2782 alio
1246 2753 1273 2782 si
1297 2752 1384 2783 aliud

312 2795 472 2825 invenitur
495 2795 564 2825 sine
589 2803 640 2831 eo,
657 2800 704 2826 est
721 2796 909 2836 probabile:
931 2796 1024 2832 sicut,
1041 2796 1118 2838 quia
1134 2796 1272 2827 dulcedo
1289 2802 1321 2828 et
1335 2797 1384 2828 al-

312 2839 390 2870 bedo
422 2839 670 2881 coniunguntur
695 2840 728 2870 in
761 2850 910 2881 zuccaro,
934 2846 966 2871 et
987 2841 1095 2871 album
1128 2841 1294 2872 invenitur
1315 2843 1386 2873 sine

313 2884 409 2919 dulci,
435 2889 471 2914 ut
493 2884 526 2914 in
552 2884 634 2919 nive,
659 2884 809 2915 similiter
833 2885 928 2916 dulce
955 2886 1120 2916 invenitur
1141 2886 1213 2917 sine
1239 2886 1324 2922 albo,
1350 2892 1386 2917 ut

314 2929 345 2959 in
363 2929 476 2959 cassia.
495 2928 559 2960 Sed
577 2937 673 2969 posse
690 2929 826 2960 alterum
841 2930 973 2961 illorum
990 2931 1058 2961 sine
1075 2931 1138 2961 alio
1157 2931 1293 2962 inveniri
1310 2941 1385 2972 pos-

313 2973 460 3004 sibilitate
484 2973 600 3015 logica,
618 2983 701 3014 quae
718 2973 795 3004 dicit
810 2975 1143 3015 non-repugnantiam
1159 2977 1385 3014 terminorum,

315 3023 361 3048 est
384 3019 617 3049 necessarium:
646 3019 723 3059 quia
751 3027 835 3059 quae
865 3029 922 3060 per
950 3019 1100 3050 accidens
1130 3021 1384 3062 coniunguntur,

315 3069 450 3103 possunt
472 3073 540 3094 non
557 3064 723 3104 coniungi.
742 3082 761 3085 —
779 3064 828 3094 De
843 3064 903 3094 hac
921 3065 1018 3095 etiam
1035 3066 1261 3105 propositione
1279 3067 1386 3097 visum

315 3109 362 3138 est
383 3108 417 3138 in
440 3108 547 3148 primo
571 3107 654 3138 libro
666 3109 693 3138 ⁹.

369 3151 432 3183 Sed
457 3151 689 3183 advertendum
714 3151 805 3192 quod
828 3152 861 3183 id
884 3153 975 3193 quod
990 3163 1048 3194 per
1071 3163 1105 3184 se
1129 3155 1282 3185 convenit
1304 3154 1387 3186 infe-

315 3197 399 3233 riori,
413 3197 571 3238 contingit
582 3206 640 3237 per
652 3197 800 3228 accidens
813 3198 971 3238 superiori
982 3199 1171 3229 convenire:
1185 3200 1267 3230 sicut
1279 3199 1387 3240 aliqua

316 3241 492 3272 accidentia
507 3241 675 3278 individui,
693 3243 732 3272 ab
756 3242 828 3282 ipso
852 3242 1086 3284 inseparabilia,
1103 3253 1161 3284 per
1183 3253 1218 3274 se
1241 3243 1281 3274 ad
1304 3244 1388 3275 indi-

316 3285 451 3316 viduum
474 3291 712 3326 comparantur,
729 3292 884 3327 tanquam
905 3288 974 3318 eius
994 3288 1151 3329 principia
1168 3289 1387 3320 substantialia

317 3331 559 3370 consequentia,
585 3340 678 3372 quae,
703 3331 742 3362 ad
766 3332 909 3372 speciem
933 3338 1129 3373 comparata,
1153 3341 1211 3373 per
1237 3334 1387 3364 accidens

317 3383 350 3404 se
365 3374 492 3414 habent,
509 3380 623 3416 utpote
640 3385 723 3416 quae
740 3377 898 3417 principia
913 3377 1033 3417 speciei
1045 3386 1113 3408 non
1130 3384 1386 3418 consequuntur,

317 3419 399 3449 sicut
422 3418 504 3450 forte
527 3419 661 3460 nigredo
685 3430 718 3451 se
742 3420 839 3451 habet
861 3420 901 3452 ad
925 3431 1077 3452 corvum:
1103 3427 1134 3452 et
1157 3421 1231 3452 ideo
1255 3432 1321 3453 non
1338 3433 1387 3454 re-

318 3469 438 3503 pugnat
461 3465 579 3504 speciei
602 3465 738 3495 inveniri
762 3466 831 3496 sine
855 3466 911 3496 illo
927 3465 1104 3503 accidente,
1121 3466 1197 3497 licet
1220 3467 1387 3498 individuo

319 3508 663 3547 repugnet.'Similiter
686 3518 774 3550 ergo,
798 3510 832 3540 in
856 3511 1037 3551 proposito,
1062 3520 1130 3542 esse
1154 3510 1293 3542 formam
1317 3521 1388 3543 eor-

320 3552 486 3592 poris'per
509 3562 543 3583 se
567 3555 720 3584 convenit
743 3554 818 3584 huic
850 3555 1046 3586 substantiae
1070 3555 1280 3587 intellectuali
1304 3565 1387 3597 quae

322 3599 368 3624 est
392 3596 495 3627 anima
517 3597 726 3628 intellectiva:
752 3598 808 3629 sed
832 3598 871 3629 ad
895 3599 1106 3630 substantiam
1135 3600 1388 3632 intellectualem

322 3638 467 3670 absolute
499 3645 530 3671 et
561 3642 593 3672 in
625 3644 792 3674 communi
817 3643 1062 3680 consideratam,
1093 3652 1152 3685 per
1182 3644 1331 3676 accidens
1354 3655 1388 3677 se

321 3682 431 3718 habet·,
451 3686 518 3714 non
542 3686 628 3716 enim
642 3688 699 3716 'est
723 3686 910 3718 de'ratione
933 3689 1129 3720 substantiae
1153 3689 1387 3727 intellectualis,

829 301 1016 339 SUMMA
1045 299 1268 337 CONTRA
1296 297 1571 342 GENTILES,
1601 297 1696 333 LIB.
1721 297 1762 342 11,
1793 297 1905 333 CAP.
1926 296 2024 334 XCI.

1452 386 1559 416 neque
1583 375 1623 406 ad
1647 376 1717 406 eius
1740 376 1899 406 rationem
1923 377 2145 417 consequitur,
2167 377 2258 418 quod
2273 379 2314 410 sit
2336 379 2441 411 forma
2456 390 2529 412 cor-

1451 421 1549 461 poris,
1574 429 1651 451 cum
1673 420 1851 460 intelligere
1874 429 1934 461 per
1956 430 2156 461 corporeum
2171 431 2331 463 organum
2345 433 2415 455 non
2440 435 2527 457 exer-

1452 471 1571 496 ceatur.
1597 465 1674 495 ldeo
1698 474 1796 505 posse
1826 465 1965 496 inveniri
1995 466 2138 507 aliquam
2167 467 2380 499 substantiam
2403 470 2529 501 intelle-

1451 510 1592 540 ctualem
1615 519 1698 550 quae
1722 518 1791 540 non
1814 510 1855 540 sit
1878 509 1983 540 forma
1999 511 2146 552 corporis
2161 511 2219 543 sed
2233 512 2274 542 sit
2293 513 2363 543 sine
2379 523 2527 554 corpore,

1451 560 1498 585 est
1520 555 1750 585 necessarium.
1769 554 1875 594 Ipsam
1889 563 1968 585 vero
1992 555 2131 587 inveniri
2147 556 2188 587 de
2211 556 2298 587 facto
2314 557 2438 599 absque
2456 568 2528 590 cor·
2555 559 2557 561 ’

1450 609 1539 640 pore,
1564 608 1603 630 ex
1627 608 1695 639 quo
1718 599 1883 630 invenitur
1906 609 2026 640 corpus
2050 601 2120 632 sine
2143 601 2224 642 ipsa,
2240 602 2410 642 probabile
2433 609 2481 635 est
2497 610 2529 635 et

1449 649 1582 675 naturae
1606 644 1652 674 rei
1675 649 1944 677 consentaneum.

1504 689 1544 719 X.
1576 688 1730 729 Septimo.
1758 688 1836 719 Non
1865 689 2045 729 intelligere
2073 690 2138 720 nisi
2163 700 2222 731 per
2252 692 2479 732 acceptionem
2509 703 2527 724 a

1448 733 1663 769 sensibilibus,
1677 739 1708 763 et
1723 733 1785 764 nisi
1801 743 1839 764 ea
1855 743 1939 774 quae
1951 743 2020 764 non
2032 739 2109 765 sunt
2122 743 2182 775 per
2195 745 2230 766 se
2245 736 2459 777 intelligibilia
2470 737 2527 768 sed

1448 778 1531 808 fiunt
1553 777 1766 819 intelligibilia
1782 787 1842 818 per
1865 778 2078 818 intellectum,
2102 785 2151 810 est
2173 781 2383 821 imperfectus
2406 781 2527 813 modus

1447 822 1658 863 intelligendi.
1683 823 1770 863 Ergo
1795 828 1928 863 oportet
1951 832 2021 854 esse
2045 823 2146 854 alium
2161 825 2301 856 modum
2323 826 2527 868 intelligendi

1447 867 1640 908 perfectum,
1665 877 1734 908 quo
1757 867 1984 908 intelliguntur
2006 877 2045 898 ea
2068 878 2153 909 quae
2177 870 2360 902 secundum
2388 881 2423 902 se
2450 878 2526 903 sunt

1446 913 1666 954 intelligibilia.
1691 912 1779 953 Ergo
1803 917 1877 943 ante
1901 913 2025 943 animas
2048 913 2217 951 humanas,
2233 924 2319 956 quae
2341 916 2528 957 intelligunt

1446 957 1638 998 accipiendo
1663 967 1680 988 a
1697 957 1987 998 phantasmatibus,
2004 963 2136 998 oportet
2150 967 2222 990 esse
2241 960 2318 990 alias
2332 960 2527 992 substantias

1446 1002 1681 1034 intellectuales
1696 1002 1914 1043 intelligentes
1933 1012 1971 1033 ea
1987 1011 2072 1043 quae
2091 1008 2168 1034 sunt
2182 1004 2365 1036 secundum
2380 1014 2416 1036 se
2429 1006 2525 1037 intel-

1444 1047 1588 1088 ligibilia,
1604 1057 1674 1078 non
1689 1047 1887 1088 accipientes
1903 1057 1922 1078 a
1944 1048 2159 1085 sensibilibus,
2176 1054 2208 1079 et
2223 1058 2282 1090 per
2304 1049 2369 1080 hoc
2385 1051 2524 1081 omnino

1444 1102 1463 1123 a
1494 1093 1688 1133 corporibus
1717 1092 1901 1123 secundum
1932 1097 2082 1123 naturam
2112 1099 2285 1134 separatas.
2314 1112 2339 1117 —
2364 1094 2525 1126 Probatur

1443 1137 1548 1178 prima
1564 1137 1811 1178 consequentia.
1828 1137 1916 1175 Quia
1929 1143 2004 1168 ante
2021 1147 2123 1169 omne
2143 1138 2376 1179 imperfectum
2391 1145 2524 1181 oportet

1443 1191 1513 1213 esse
1529 1181 1654 1223 aliquid
1669 1181 1902 1223 perfectumin
1917 1191 2038 1223 genere
2053 1182 2121 1213 illo.
2134 1200 2158 1206 —
2169 1183 2320 1215 Secunda
2333 1185 2431 1215 etiam
2446 1194 2524 1226 pro-

1442 1227 1546 1259 batur.
1573 1227 1661 1266 Quia
1687 1226 1900 1258 substantiam
1923 1227 1970 1258 rei
1993 1232 2126 1268 oportet
2147 1237 2217 1259 esse
2239 1229 2523 1270 proportionatam

1442 1282 1519 1303 suae
1543 1272 1739 1313 operationi.
1770 1271 1952 1313 Intelligere
1983 1277 2105 1310 autem,
2129 1281 2207 1304 cum
2238 1283 2307 1305 non
2336 1280 2524 1306 exerceatur

1441 1327 1500 1358 per
1523 1326 1694 1358 organum,
1718 1326 1788 1348 non
1811 1316 1935 1357 indiget
1957 1325 2097 1357 corpore
2120 1318 2183 1348 nisi
2205 1318 2404 1359 inquantum
2426 1319 2522 1351 intel-

1441 1362 1575 1404 ligibilia
1596 1367 1772 1393 sumuntur
1795 1371 1813 1392 a
1836 1361 2052 1393 sensibilibus.

1496 1406 1743 1438 Advertendum
1765 1406 1859 1448 quod
1873 1416 1932 1448 per
1955 1415 1994 1437 ea
2016 1416 2102 1448 quae
2118 1407 2171 1437 hic
2188 1406 2350 1444 dicuntur,
2374 1417 2445 1440 non
2469 1409 2521 1440 in-

1440 1452 1544 1483 tendit
1573 1452 1710 1483 Sanctus
1738 1451 1885 1482 Thomas
1915 1451 2087 1483 excludere
2120 1452 2260 1483 omnino
2290 1462 2309 1483 a
2331 1453 2523 1493 cognitione

1440 1498 1568 1528 animae
1591 1496 1808 1528 intellectivae
1839 1505 1898 1537 per
1921 1505 1955 1527 se
1978 1496 2203 1537 intelligibilia,
2227 1502 2260 1527 et
2282 1507 2301 1527 a
2330 1497 2521 1538 cognitione

1440 1542 1726 1582 intelligentiarum
1742 1550 1781 1572 ea
1796 1550 1882 1582 quae
1901 1550 1961 1582 per
1983 1551 2018 1572 se
2033 1551 2103 1572 non
2126 1547 2203 1573 sunt
2217 1542 2446 1583 intelligibilia:
2463 1543 2522 1575 sed

1439 1586 1579 1618 intendit
1601 1586 1693 1627 quod
1715 1587 1824 1617 anima
1847 1585 2046 1617 intellectiva
2067 1596 2142 1617 non
2160 1586 2312 1628 intelligit
2325 1586 2471 1629 perfecte
2483 1594 2523 1619 et

1441 1631 1653 1672 quidditative
1683 1631 1746 1661 nisi
1774 1640 1826 1661 res
1854 1631 2046 1668 materiales,
2073 1641 2124 1662 res
2151 1636 2262 1662 autem
2292 1632 2523 1664 immateriales

1442 1677 1500 1707 etsi
1515 1676 1627 1717 aliquo
1644 1675 1746 1706 modo
1763 1680 1951 1716 cognoscat,
1964 1685 2018 1706 eas
2029 1681 2139 1707 tamen
2154 1686 2225 1707 non
2238 1677 2302 1707 nisi
2317 1675 2519 1718 imperfecte,

1442 1726 1473 1752 et
1496 1721 1559 1752 nisi
1583 1731 1621 1752 ex
1645 1720 1859 1757 sensibilibus,
1889 1721 2076 1761 cognoscin
2105 1721 2337 1763 intelligentiae
2359 1731 2439 1753 vero
2463 1731 2519 1754 oo-

1439 1771 1605 1807 gnoscunt
1629 1765 1763 1806 quidem
1785 1774 1836 1796 res
1860 1765 2042 1796 materiales
2065 1765 2211 1806 perfecte
2235 1771 2267 1797 et
2294 1766 2518 1807 quidditative,

1440 1810 1497 1842 sed
1520 1820 1588 1841 non
1612 1819 1672 1851 per
1693 1810 1922 1850 acceptionem
1944 1819 1963 1840 a
1983 1810 2199 1841 sensibilibus.
2215 1810 2259 1841 Et
2273 1811 2440 1843 obiectum
2455 1811 2518 1844 iuis

1438 1856 1726 1896 proportionatum
1741 1860 1790 1885 est
1803 1855 1906 1895 magis
1917 1863 1968 1885 res
1983 1855 2202 1886 immaterialis
2214 1864 2315 1896 quam
2329 1856 2518 1888 materialis:

1440 1909 1458 1930 e
1481 1900 1645 1930 contrario
1669 1904 1780 1929 autem
1809 1908 1860 1930 res
1883 1899 2066 1930 materiales
2089 1904 2166 1930 sunt
2187 1900 2356 1932 obiectum
2378 1910 2520 1943 propor-

1438 1945 1601 1975 tionatum
1625 1948 1658 1974 et
1680 1943 1892 1974 connaturale
1906 1944 2034 1974 animae
2057 1944 2285 1975 intellectivae.

1494 1987 1742 2019 Attendendum
1762 1988 1870 2024 etiam,
1887 1997 1965 2018 cum
1980 1987 2099 2019 dicitur
2113 1997 2184 2019 esse
2197 1988 2429 2030 imperfectum
2443 1998 2519 2022 mo-

1439 2033 1518 2064 dum
1541 2033 1748 2074 intelligendi·
1769 2032 1931 2063 sumendo
1957 2033 2174 2074 intelligibilia
2195 2043 2214 2064 a
2240 2034 2458 2072 sensibilibus,
2484 2041 2519 2067 et

1437 2087 1507 2110 non
1530 2077 1709 2118 intelligere
1732 2077 1796 2108 nisi
1819 2087 1857 2108 ea
1881 2086 1965 2118 quae
1981 2086 2050 2108 non
2073 2083 2151 2109 sunt
2165 2078 2350 2110 seeundum
2364 2089 2400 2111 se
2421 2080 2521 2112 intel-

1437 2122 1586 2164 ligibilia;
1613 2121 1704 2163 quod
1719 2122 1784 2153 hoc
1799 2131 1868 2153 non
1885 2127 1934 2153 est
1948 2122 1994 2154 sic
2010 2123 2259 2164 intelligendum
2274 2125 2368 2166 quasi
2382 2133 2435 2156 res
2445 2133 2518 2156 m·

1437 2168 1564 2199 teriales
1588 2177 1657 2198 non
1681 2167 1825 2208 perfecte
1849 2167 2079 2208 intelligantur,
2094 2168 2161 2199 hoc
2176 2169 2267 2200 enim
2281 2174 2367 2200 esset
2379 2168 2516 2209 falsum:

1437 2213 1495 2244 sed
1518 2213 1595 2253 quia
1618 2211 1808 2253 intelligere,
1833 2213 1981 2244 absolute
2006 2212 2258 2258 consideratum,
2286 2219 2335 2245 est
2363 2214 2519 2256 imperis*-

1438 2263 1529 2294 ctum
1551 2257 1578 2288 si
1601 2266 1671 2288 non
1694 2266 1729 2288 se
1745 2256 1898 2288 extendat
1912 2257 1975 2288 nisi
1991 2256 2031 2288 ad
2046 2257 2235 2296 materialia,
2251 2264 2284 2290 et
2301 2268 2373 2290 non
2395 2260 2436 2291 sit
2453 2260 2518 2291 nisi

1437 2312 1497 2344 per
1519 2303 1747 2343 acceptionem
1770 2311 1789 2332 a
1812 2302 2032 2340 sensibilibus;
2056 2312 2126 2334 non
2148 2303 2239 2334 enim
2260 2303 2359 2335 habet
2381 2313 2518 2337 omnem

1438 2347 1674 2389 perfectionem
1697 2356 1783 2388 quae
1806 2352 1881 2378 nata
1904 2352 1953 2378 est
1975 2347 2190 2379 intellectioni
2216 2348 2400 2380 secundum
2422 2358 2517 2381 sunm

1438 2398 1587 2424 naturam
1611 2393 1798 2423 convenire.
1823 2391 1887 2423 Sed
1910 2392 2089 2434 intelligere
2112 2392 2206 2434 quod
2221 2392 2262 2424 ad
2283 2402 2344 2435 per
2361 2403 2397 2425 se
2419 2399 2452 2426 et
2468 2393 2517 2426 ad

1438 2447 1506 2469 non
1530 2446 1589 2478 per
1610 2446 1645 2468 se
1669 2437 1884 2478 intelligibilia
1905 2437 2100 2475 extenditur,
2127 2443 2160 2469 et
2187 2437 2230 2469 ad
2255 2447 2371 2470 sensus
2394 2437 2517 2481 depen-

1438 2483 1582 2515 dentiam
1606 2491 1675 2513 non
1699 2482 1806 2518 habet,
1829 2487 1878 2513 est
1901 2481 2084 2523 perfectum
2099 2482 2280 2524 intelligere
2294 2483 2518 2516 universaliter

1438 2534 1470 2559 et
1492 2527 1652 2558 absolute.

1492 2572 1548 2603 xl.
1575 2571 1718 2603 Octavo:
1743 2577 1776 2602 et
1799 2577 1847 2602 est
1870 2572 1952 2602 ratio
1980 2572 2174 2608 Aristotelis,
2201 2572 2259 2603 XII
2283 2572 2470 2615 Metaplgrs.
2487 2573 2517 2610 θ,

1437 2622 1514 2648 text.
1530 2617 1585 2656 43.
1611 2617 1695 2648 Sunt
1717 2616 1828 2657 plures
1849 2622 1995 2648 motores
2019 2625 2198 2658 corporum
2227 2617 2429 2658 caelestium,
2456 2618 2519 2659 qui

1438 2672 1506 2693 non
1522 2667 1698 2693 moventur
1713 2670 1822 2702 neque
1838 2670 1897 2702 per
1911 2671 1946 2692 se
1962 2671 2071 2703 neque
2087 2671 2147 2703 per
2160 2661 2322 2694 accidens.
2339 2662 2426 2704 Ergo
2441 2669 2520 2695 sinu

1438 2707 1533 2739 multi
1556 2713 1703 2738 motores
1726 2707 1784 2747 qui
1806 2715 1916 2747 neque
1939 2712 2016 2738 sunt
2039 2716 2188 2748 corpora,
2211 2716 2322 2748 neque
2345 2713 2423 2739 sunt
2445 2717 2518 2740 eor*-

1438 2752 1572 2793 poribus
1595 2752 1689 2783 uniti.
1713 2751 1801 2792 Ergo
1825 2757 1887 2782 etc.

1493 2797 1586 2828 Patet
1608 2797 1723 2828 ultima
1747 2797 1992 2837 consequentia.
2013 2796 2101 2835 Quia
2123 2801 2235 2828 motus
2264 2796 2420 2828 caelestes
2436 2802 2519 2830 sum

1439 2842 1478 2872 ab
1502 2841 1615 2883 aliquo
1643 2841 1822 2878 intellectu,
1847 2847 1884 2872 ut
1906 2850 2004 2882 supra
2030 2842 2206 2882 probatum
2235 2847 2294 2873 est.
2317 2857 2342 2866 -·
2367 2841 2518 2874 Secunde

1439 2895 1575 2928 quoque
1600 2886 1792 2918 ostenditur.
1817 2885 1905 2924 Quia
1928 2895 2050 2927 corpus
2073 2895 2142 2918 non
2160 2891 2275 2918 movet
2294 2886 2356 2918 nisi
2375 2891 2517 2919 motum.

1440 2931 1551 2962 Motor
1567 2937 1677 2962 autem
1694 2932 1908 2972 incorporeus
1923 2932 2035 2962 unitus
2047 2931 2190 2972 corpori,
2202 2936 2354 2963 movetur
2363 2940 2423 2973 per
2433 2931 2518 2965 actis

1439 2977 1520 3007 dens
1535 2976 1577 3008 ad
1593 2982 1722 3008 motum
1745 2976 1907 3017 corporis:
1927 2982 1964 3007 ut
1978 2981 2068 3017 patet
2083 2975 2124 3008 de
2140 2977 2257 3008 anima.
2274 2993 2297 3000 -·
2311 2975 2517 3008 Antecedens

1439 3027 1549 3052 autem
1572 3022 1740 3062 probatur.
1757 3020 1845 3059 Quia
1862 3026 1939 3052 sunt
1957 3021 2053 3052 multi
2073 3026 2184 3052 motus
2198 3021 2353 3052 caelestes
2367 3021 2518 3054 continui

1440 3072 1471 3097 et
1494 3066 1656 3107 regulares
1673 3071 1714 3103 et,
1731 3071 1892 3107 quantum
1913 3066 1947 3096 in
1966 3066 2046 3107 ipsis
2069 3071 2126 3102 est,
2148 3065 2382 3097 indeficientes.
2406 3065 2518 3099 Plura

1439 3117 1550 3142 autem
1573 3111 1652 3142 tales
1675 3115 1786 3141 motus
1810 3115 1942 3152 oportet
1963 3119 2033 3142 esse
2048 3120 2067 3141 a
2082 3110 2230 3152 pluribus
2252 3111 2439 3143 motoribus
2456 3111 2518 3152 qui

1439 3165 1549 3197 neque
1572 3165 1630 3197 per
1645 3165 1679 3186 se
1694 3164 1804 3196 neque
1827 3164 1887 3196 per
1908 3155 2060 3186 accidens
2082 3161 2292 3187 moveantur:
2314 3156 2374 3197 qui
2395 3154 2518 3188 seilicet

1440 3207 1595 3232 moveant
1618 3210 1676 3241 per
1698 3200 1837 3231 modurn
1859 3199 1943 3236 finis,
1960 3206 1998 3231 ut
2021 3199 2146 3232 dicetur
2168 3201 2202 3231 in
2226 3201 2333 3242 capite
2354 3198 2515 3241 sequenti.

1497 3246 1565 3276 XII.
1598 3244 1693 3276 Circa
1717 3245 1801 3276 hanc
1827 3245 1989 3276 rationem
2016 3244 2154 3276 dubium
2179 3244 2330 3276 occurrit.
2356 3243 2452 3281 Nnm,
2479 3249 2517 3276 ut

1441 3295 1610 3321 ostensum
1633 3297 1682 3321 est
1701 3290 1736 3321 in
1756 3290 1877 3326 Primo,
1894 3299 1966 3331 cap.
1982 3290 2076 3327 xm’,
2098 3289 2139 3321 de
2161 3294 2273 3321 mente
2296 3288 2406 3320 Sancti
2424 3288 2515 3320 Tho-
2542 3298 2552 3308 ·

1441 3344 1513 3366 mae
1530 3335 1646 3372 Prima,
1663 3344 1695 3376 q.
1708 3345 1749 3372 u,
1762 3345 1790 3366 a.
1803 3335 1833 3371 3,
1847 3334 1887 3365 ad
1904 3334 1939 3371 3;
1957 3340 1989 3365 et
2004 3333 2033 3365 11
2048 3333 2150 3371 Sena,
2158 3333 2265 3370 d.vm,
2279 3342 2306 3364 a.
2319 3341 2352 3372 4,
2363 3333 2404 3365 ad
2420 3343 2516 3374 quet·

1441 3385 1511 3410 tum
1535 3381 1729 3420 quaesitum,
1745 3379 1772 3411 si
1792 3379 1988 3411 substantiae
2011 3383 2182 3410 moventes
2205 3386 2345 3418 corpora
2368 3379 2517 3410 caelestia

1441 3425 1610 3456 unirentur
1633 3425 1711 3466 ipsis
1733 3425 1817 3455 sicut
1839 3429 1985 3455 motores
2007 3422 2194 3459 mobilibus,
2214 3431 2282 3453 non
2306 3429 2518 3455 moverentur

1439 3477 1499 3509 per
1519 3469 1678 3506 accidens,
1696 3470 1773 3510 quia
1798 3477 1938 3510 corpora
1959 3467 2110 3499 caelestia
2124 3476 2194 3498 non
2210 3467 2368 3499 recedunt
2383 3467 2424 3500 de
2439 3467 2516 3500 loco

1441 3513 1482 3544 ad
1497 3514 1619 3545 locum.
1633 3513 1697 3545 Sed
1713 3514 1772 3544 ista
1788 3513 1869 3544 ratio
1885 3513 1983 3544 etiam
1999 3511 2163 3543 invenitur
2178 3512 2205 3542 si
2220 3513 2375 3544 uniantur
2388 3513 2466 3554 ipsis
2481 3518 2518 3544 ut

1442 3558 1582 3589 formae:
1600 3559 1676 3599 quia
1699 3567 1761 3589 nec
1784 3558 1887 3598 magis
1902 3555 2054 3588 recedent
2069 3555 2110 3587 de
2132 3556 2209 3588 loco
2226 3556 2266 3588 ad
2289 3557 2412 3589 locum.
2429 3557 2517 3598 Ergo

1441 3612 1509 3633 non
1533 3608 1642 3644 potest
1665 3602 1818 3634 concludi
1842 3600 1933 3643 quod
1962 3610 2031 3632 non
2061 3602 2126 3632 sint
2155 3601 2344 3634 huiusmodi
2372 3607 2518 3634 metm-es

1441 3647 1525 3678 uniti
1549 3647 1752 3688 corporibus,
1777 3647 1854 3688 quia
1876 3655 1946 3677 non
1969 3651 2164 3677 moveantur
2191 3655 2249 3687 per
2275 3646 2436 3678 accidens.
2460 3646 2518 3678 Di-

1442 3697 1569 3723 ceretur
1585 3693 1672 3723 enim
1689 3690 1790 3733 quod,
1807 3690 1882 3722 dato
1900 3689 1991 3731 quod
2007 3696 2114 3722 essent
2130 3691 2324 3732 corporibus
2340 3691 2432 3727 uniti,
2448 3699 2518 3723 non
