2768 4134
39 2779 51 2790 ⁸
65 2778 92 2801 111
108 2778 154 2801 hoc
170 2783 249 2806 parag.

44 3277 55 3288 ⁸
76 3276 103 3299 In
126 3276 187 3303 fiue;
208 3276 262 3298 Did.

45 3303 95 3353 Ra..
109 3304 187 3332 unico,
211 3310 263 3331 cap.

797 278 985 315 SUMMA
1005 278 1236 316 CONTRA
1265 278 1539 325 GENTILES,
1568 281 1662 318 LIB.
1685 282 1725 326 ΙΙ,
1756 281 1866 318 CAP.
1887 283 1967 319 LV.

280 368 342 390 nec
364 358 484 388 habent
503 357 711 392 contrarium,
729 366 790 387 nec
806 366 844 387 ex
861 357 1028 387 contrariis
1044 362 1119 388 sunt
1139 357 1354 397 compositae:

281 403 374 435 cuius
398 403 527 442 signum
544 406 591 431 est
607 402 683 441 quia
707 410 790 441 quae
810 402 991 432 secundum
1006 407 1155 433 naturam
1178 407 1253 432 sunt
1276 411 1355 431 con-

279 448 383 484 traria,
410 447 445 478 in
467 446 635 477 intellectu
659 445 809 477 desinunt
833 456 901 477 esse
925 447 1100 484 contraria;
1125 447 1227 477 immo
1252 455 1356 476 unum

279 502 338 534 per
362 491 450 523 aliud
471 490 669 530 intelligitur.
695 491 802 522 Omne
827 497 935 522 autern
960 491 1050 532 quod
1073 501 1131 532 per
1153 501 1187 522 se
1211 500 1355 522 corrum-

280 538 378 579 pitur,
393 546 527 568 necesse
543 541 591 566 est
607 541 662 566 aut
677 536 794 566 habere
816 537 1024 573 contrarium,
1048 542 1104 568 aut
1127 546 1165 567 ex
1189 537 1356 567 contrariis

280 582 453 623 componi:
478 590 555 612 cum
578 590 662 620 quae
685 587 801 612 mutuo
822 591 854 612 se
870 581 1045 622 expellunt,
1068 591 1202 612 necesse
1224 581 1264 611 sit
1287 590 1355 612 esse

280 627 450 658 contraria.
465 644 489 648 —
505 625 606 664 Quod
622 636 690 656 non
706 636 764 667 per
787 626 946 663 accidens,
963 632 1060 666 patet.
1080 626 1167 665 Quia
1190 632 1265 657 sunt
1280 626 1356 656 sub-

279 673 437 703 sistentes.
454 670 548 709 Quae
571 676 680 701 autem
697 677 949 712 corrumpuntur
964 681 1022 712 per
1036 671 1196 708 accidens,
1213 676 1288 702 sunt
1303 680 1356 702 ac-

281 717 421 749 cidentia
444 721 476 746 et
498 715 622 746 formae
646 725 714 747 non
738 717 956 747 subsistentes.

337 761 406 792 XII.
423 760 518 791 Circa
533 762 662 800 signum
679 771 746 802 quo
763 763 918 802 probatur
940 761 1132 792 substantias
1155 761 1355 791 intellectua-

280 807 328 838 les
342 816 412 837 non
434 806 552 837 habere
576 807 822 838 contrarium‘et
836 817 905 838 non
929 817 997 838 esse
1014 817 1053 838 ex
1074 806 1243 837 contrariis
1264 815 1355 836 com-

280 852 412 892 positas,
430 852 507 891 quia
523 850 672 881 videlicet
694 861 778 892 quae
799 853 975 884 ‘secundum
992 858 1145 883 naturam
1162 860 1256 881 suam
1279 855 1356 881 sunt

281 896 462 932 contraria,
488 896 521 926 in
546 896 709 927 intellectu
733 896 884 928 desinunt
906 907 974 929 esse
997 897 1178 932 contraria,
1207 895 1355 926 conside-

279 941 418 972 randum
442 941 532 982 quod
560 941 706 981 loquitur
734 941 871 973 Sanctus
894 943 1040 973 Thomas
1067 941 1107 972 de
1137 940 1251 971 formis
1275 949 1354 971 con-

278 987 392 1023 trariis,
409 985 594 1017 cuiusmodi
609 992 657 1017 est
672 986 782 1017 album
799 992 830 1017 et
845 987 987 1027 nigrum:
1013 991 1140 1017 constat
1159 986 1247 1016 enim
1264 985 1354 1026 quod

280 1032 404 1072 species
427 1032 557 1068 horum,
581 1030 762 1062 secundum
778 1041 859 1072 quas
875 1032 1027 1063 dicuntur
1041 1032 1075 1062 in
1090 1030 1258 1061 intellectu
1274 1040 1352 1067 esse,

279 1077 377 1107 simul
400 1077 524 1107 suntin
547 1076 724 1112 intellectu,
749 1081 780 1107 et
799 1085 857 1116 per
873 1086 1078 1118 consequens
1094 1076 1353 1106 contrarietatem

279 1131 348 1152 non
371 1122 506 1158 habent;
531 1126 562 1152 et
585 1121 683 1151 etiam
707 1120 747 1151 de
769 1121 847 1161 ipsis
871 1122 1037 1153 contrariis
1053 1127 1100 1152 est
1123 1130 1188 1150 una
1210 1121 1352 1151 scientia.

278 1166 357 1197 Non
373 1167 483 1197 autem
497 1166 644 1206 loquitur
659 1165 700 1196 de
714 1166 792 1206 ipsis
808 1167 1052 1206 operationibus
1068 1165 1259 1196 intellectus.
1273 1164 1353 1206 Opi-

279 1211 396 1242 niones
420 1211 507 1242 enim
530 1210 714 1241 intellectus
737 1210 777 1241 de
794 1211 1050 1243 contradictoriis
1066 1215 1142 1241 sunt
1164 1211 1352 1247 contrariae,

280 1261 312 1287 et
334 1257 369 1287 in
391 1256 559 1287 intellectu
582 1255 679 1286 simul
702 1265 771 1286 esse
794 1265 862 1286 non
884 1262 1031 1297 possunt.
1049 1256 1096 1286 Ex
1117 1264 1183 1295 quo
1208 1255 1354 1295 sequitur

278 1301 364 1342 ipsas
397 1310 466 1332 esse
499 1300 674 1337 contrarias
699 1310 769 1331 non
799 1305 927 1332 tantum
957 1301 1127 1337 obiecfive,
1155 1306 1192 1331 ut
1220 1299 1353 1340 quidam

278 1345 536 1387 volum-quia
555 1346 600 1376 sic
617 1345 713 1375 etiam
729 1345 853 1385 species
869 1346 933 1377 albi
949 1352 982 1377 et
1003 1346 1086 1385 nigri
1102 1345 1261 1376 obiective
1278 1350 1354 1376 sunt

279 1390 467 1428 contrariae,
491 1399 572 1431 quas
594 1395 704 1420 tamen
721 1389 798 1420 dicit
813 1389 950 1422 Sanctus
966 1390 1112 1421 Thomas
1130 1390 1164 1420 in
1187 1389 1353 1420 intellectu

278 1445 348 1466 non
371 1445 442 1466 esse
464 1435 640 1466 contrarias
654 1452 677 1457 —
692 1434 749 1465 sed
765 1435 862 1465 etiam
879 1444 918 1466 ex
941 1441 1030 1476 parte
1046 1434 1195 1466 subiecti:
1221 1443 1296 1465 curn
1313 1435 1352 1465 ab

278 1479 455 1516 intellectu,
472 1481 505 1510 in
523 1489 590 1520 quo
615 1479 792 1509 subiective
814 1480 1025 1520 recipiuntur,
1046 1485 1162 1510 mutuo
1187 1488 1220 1508 se
1245 1479 1353 1519 expel-

278 1523 356 1561 lant,
380 1523 471 1564 quod
493 1524 534 1555 ad
556 1524 717 1554 rationem
740 1524 974 1555 contrarietatis
989 1523 1136 1555 sufficere
1152 1523 1259 1563 inquit
1274 1523 1352 1554 San-

278 1574 351 1600 ctus
374 1568 520 1599 Thomas
545 1568 572 1598 11
591 1567 694 1602 Caeli,
718 1567 860 1598 lectione
882 1576 932 1597 10.

333 1622 363 1644 2.
388 1612 453 1644 Sed
475 1618 554 1643 tunc
578 1612 719 1642 occurrit
735 1610 889 1642 dubium:
908 1609 1079 1651 quomodo
1097 1611 1273 1641 contrarias
1289 1610 1354 1641 for-

277 1666 347 1688 mas
357 1657 503 1688 amittere
515 1656 775 1687 contrarietatem
787 1657 820 1687 in
833 1655 1011 1691 intellectu,
1023 1655 1153 1694 signum
1166 1664 1234 1685 esse
1247 1660 1355 1695 potest

278 1702 532 1733 intellectualem
547 1706 696 1732 naturam
711 1710 821 1741 neque
837 1700 1036 1731 contrarium
1051 1699 1169 1729 habere
1191 1708 1300 1739 neque
1317 1709 1355 1730 ex

278 1747 446 1779 contrariis
469 1755 539 1778 esse
567 1743 803 1785 compositam?
833 1745 928 1781 Nam,
959 1744 1042 1774 licet*
1059 1743 1167 1784 aliqua
1195 1745 1355 1774 contraria

278 1793 427 1823 amittant
449 1790 710 1822 contrarietatem
733 1791 766 1821 in
789 1789 967 1826 intellectu,
991 1794 1067 1819 sunt
1090 1795 1211 1819 tamen·
1224 1790 1259 1819 in
1282 1789 1354 1830 ipso

278 1838 459 1868 contrariae
481 1836 666 1877 opiniones.

287 1898 291 1902 ⁷
337 1882 368 1914 3.
390 1882 444 1913 Ad
465 1882 563 1912 huius
586 1879 793 1915 evidentiam,
817 1877 1090 1909 considerandum
1113 1883 1161 1908 est
1179 1877 1271 1918 quod
1286 1887 1355 1908 esse

278 1927 502 1968 susceptivum
525 1924 763 1956 contrariorum
789 1923 972 1954 secundum
998 1923 1158 1953 rationem
1181 1923 1355 1954 contrarie-

279 1972 352 2003 tatis
375 1981 445 2003 non
472 1975 520 2002 est
549 1969 714 2000 sufficiens
736 1969 867 2008 signum
896 1967 1036 1998 habendi
1064 1968 1272 2004 contrarium,
1301 1973 1357 1998 aut

279 2016 529 2058 compositionis
545 2014 682 2046 subiecti
698 2022 737 2044 ex
753 2013 931 2049 contrariis,
950 2013 1012 2042 nisi
1029 2011 1172 2042 fortassis
1187 2012 1221 2042 in
1243 2018 1358 2043 natura

279 2061 482 2093 subsistenti:
514 2060 591 2101 quia
620 2058 755 2090 materia
783 2057 1017 2098 generabilium
1042 2062 1073 2087 et
1096 2057 1357 2097 corruptibilium

280 2112 330 2138 eet
342 2105 506 2147 receptiva
521 2104 755 2135 contrariarum
778 2103 966 2139 formarum,
983 2108 1015 2132 et
1029 2107 1139 2132 tamen
1154 2110 1263 2142 neque
1278 2111 1358 2132 con-

280 2152 414 2183 trarium
436 2151 533 2182 habet
547 2158 656 2189 neque
673 2154 721 2179 est
736 2157 776 2179 ex
790 2148 958 2179 contrariis
981 2147 1173 2187 composita,
1190 2152 1222 2177 et
1236 2146 1357 2177 idcirco

281 2202 330 2227 est
343 2194 615 2236 incorruptibilis;
634 2194 711 2224 licet
726 2193 767 2223 sit
781 2193 980 2233 principium
996 2191 1214 2232 corruptionis
1229 2192 1262 2222 in
1278 2191 1358 2222 aliis.

281 2240 347 2272 Sed
368 2241 452 2272 bene
474 2249 545 2271 non
568 2248 638 2270 esse
659 2238 843 2269 subiectum
867 2237 1104 2268 contrariorum
1127 2242 1176 2267 est
1196 2235 1359 2267 sufficiens

281 2286 411 2327 signum
433 2294 503 2316 non
526 2283 667 2315 habendi
691 2283 899 2318 contrarium,
916 2287 972 2312 aut
990 2291 1060 2312 non
1083 2280 1210 2312 essendi
1225 2290 1264 2311 ex
1280 2290 1359 2312 con-

281 2331 383 2362 trariis
411 2330 653 2370 compositum:
686 2328 764 2368 quia
790 2336 889 2358 omne
919 2327 1042 2356 habens
1072 2326 1280 2362 contrarium,
1304 2331 1361 2356 aut

281 2376 505 2417 compositum
536 2384 575 2404 ex
605 2372 784 2408 contrariis,
808 2377 856 2402 est
879 2371 919 2402 de
942 2371 1132 2402 necessitate
1158 2371 1360 2411 receptivum

282 2421 531 2455 contrariorum,
555 2427 632 2448 cum
655 2426 760 2447 unum
789 2416 988 2446 contrarium
1016 2421 1130 2446 natum
1153 2416 1194 2446 sit
1215 2416 1250 2446 in
1273 2415 1361 2446 aliud

282 2475 388 2506 agere.
412 2464 500 2500 Ideo,
516 2463 631 2493 volens
647 2460 819 2492 ostendere
835 2461 972 2492 Sanctus
988 2460 1134 2491 Thomas
1149 2461 1361 2491 substantiam

282 2509 536 2541 intellectualem
551 2516 660 2547 neque
673 2507 872 2537 contrarium
887 2506 1007 2536 habere
1021 2515 1130 2546 neque
1146 2515 1215 2536 esse
1232 2515 1271 2536 ex
1283 2515 1362 2536 con-

282 2555 385 2586 trariis
408 2553 637 2593 compositam,
660 2561 721 2592 pro
752 2551 962 2582 convenienti
991 2551 1086 2590 signo
1116 2549 1248 2581 adduxit
1271 2550 1362 2590 quod

283 2604 424 2631 nonest
446 2598 686 2628 contrariorum
714 2596 898 2636 susceptiva
927 2601 964 2626 ut
993 2596 1153 2626 contraria
1176 2601 1261 2631 sunt,
1286 2604 1363 2625 cum

284 2654 322 2675 ea
345 2652 430 2684 quae
453 2642 635 2673 secundum
656 2646 806 2672 naturam
829 2650 922 2671 suam
944 2646 1020 2671 sunt
1043 2640 1212 2676 contraria,
1237 2646 1363 2670 contra-

284 2690 432 2720 rietatem
454 2688 490 2718 in
513 2687 680 2718 intellectu
703 2695 772 2716 non
795 2685 944 2716 habeant.

342 2732 406 2764 Sed
429 2731 664 2763 advertendum
692 2729 784 2771 quod
812 2730 959 2770 loquitur
987 2729 1124 2760 Sanctus
1148 2729 1303 2764 Thomas,
1327 2733 1364 2758 ut

285 2779 375 2820 prius
390 2779 407 2795 ⁴*
431 2777 607 2813 dicebatur,
624 2776 664 2806 de
681 2775 905 2806 contrarietate
927 2775 1072 2814 ipsarum
1094 2783 1203 2804 rerum
1224 2774 1365 2803 existen-

285 2825 369 2855 tium
385 2828 472 2854 extra
487 2822 700 2853 intellectum.
724 2820 811 2858 Quia
835 2829 874 2850 ex
896 2820 956 2849 ista
980 2819 1204 2848 contrarietate
1227 2817 1365 2848 sumitur

286 2870 416 2909 signum
439 2866 658 2908 corruptionis
688 2874 796 2895 rerum
821 2869 853 2894 et
880 2863 1148 2903 incorruptionis:
1174 2871 1250 2893 nam
1274 2861 1365 2903 quod

286 2922 355 2945 non
370 2913 506 2953 suscipit
528 2921 578 2942 res
602 2910 778 2942 contrarias
800 2918 858 2950 per
880 2908 1020 2939 modum
1038 2907 1280 2943 contrarietatis,
1296 2916 1366 2937 non

286 2959 384 2990 habet
407 2957 606 2988 contrarium
629 2964 738 2995 neque
762 2959 810 2984 est
833 2963 872 2984 ex
895 2953 1062 2984 contrariis
1086 2953 1317 2992 compositum,
1334 2958 1367 2982 et

287 3009 336 3035 est
357 3002 614 3043 incorruptibile,
639 3006 716 3031 cum
746 3000 786 3030 sit
815 2998 1030 3034 inalterabile;
1056 2996 1147 3037 quod
1176 3002 1286 3027 autem
1315 3006 1365 3027 res

288 3048 463 3080 contrarias
486 3055 544 3087 per
566 3045 704 3077 modum
728 3044 966 3075 contrariorum
985 3043 1129 3082 suscipit,
1153 3047 1209 3072 aut
1232 3047 1280 3072 est
1294 3051 1366 3071 cor-

288 3092 450 3134 ruptibile,
467 3097 504 3123 ut
524 3092 762 3131 compositum;
787 3094 842 3119 aut
858 3088 1056 3128 principium
1079 3092 1126 3117 est
1149 3086 1367 3126 corruptionis

288 3139 323 3169 in
339 3137 536 3178 composito,
553 3142 590 3167 ut
604 3136 738 3166 materia
761 3133 995 3174 generabilium
1011 3138 1044 3162 et
1059 3131 1328 3171 corruptibilium.
1344 3149 1367 3154 —

288 3183 366 3214 Non
391 3187 499 3212 autem
526 3182 673 3222 loquitur
697 3179 737 3211 de
761 3178 985 3209 contrarietate
1013 3176 1234 3206 affirmationis
1257 3181 1289 3206 et
1310 3185 1368 3206 ne-

289 3228 439 3269 gationis,
463 3236 547 3268 quae
570 3225 741 3257 contraria
763 3228 849 3258 sunt,
872 3229 908 3254 ut
931 3223 1048 3253 dicitur
1066 3221 1099 3251 in
1116 3220 1156 3251 II
1168 3221 1367 3251 Periherme-

292 3273 364 3304 nias
379 3273 411 3302 *z
438 3281 476 3302 ex
499 3273 559 3302 ista
581 3272 669 3301 enim
694 3270 917 3300 contrarietate
947 3276 1016 3298 non
1047 3266 1185 3296 sumitur
1210 3265 1368 3296 iudicium

292 3317 511 3358 corruptionis
535 3322 591 3347 aut
613 3314 867 3355 incorruptionis
883 3313 939 3343 rei.
964 3310 1069 3347 Unde,
1085 3316 1122 3340 ut
1137 3310 1254 3341 dicitur
1270 3310 1368 3346 1³11²2‚

292 3372 324 3403 q.
345 3371 428 3398 1.x1v‚
452 3371 481 3392 a.
499 3361 529 3398 3,
554 3361 595 3391 ad
619 3361 648 3397 3,
673 3361 748 3390 licet
772 3369 824 3389 res
847 3357 1045 3392 contrariae,
1070 3355 1153 3386 idest
1175 3364 1259 3395 quae
1283 3361 1370 3385 extra

292 3407 495 3438 intellectum
521 3406 700 3436 contrariae
731 3410 815 3440 sunt,
841 3413 906 3433 non
937 3402 1077 3432 habeant
1105 3400 1370 3430 contrarietatem

294 3452 327 3483 in
345 3452 467 3487 anima,
485 3451 518 3481 in
535 3451 699 3481 intellectu
717 3454 823 3480 tamen
841 3454 888 3479 est
902 3446 1119 3478 contrarietas
1138 3445 1371 3486 affirmationis

294 3502 326 3528 et
348 3496 544 3538 negationis.
573 3495 730 3532 Quamvis
753 3494 838 3525 enim
862 3502 931 3524 esse
946 3498 977 3522 et
993 3501 1057 3521 non
1078 3500 1145 3520 esse
1159 3490 1226 3520 sint
1240 3495 1372 3520 contra-

294 3542 435 3573 dictoria
453 3545 558 3581 prout
581 3541 613 3570 in
639 3540 734 3570 rebus
755 3538 1015 3572 considerantur,
1033 3541 1139 3566 tamen
1156 3540 1191 3565 ut
1206 3534 1249 3565 ad
1264 3539 1372 3564 actum

295 3587 426 3617 animae
449 3586 652 3627 referuntur,
677 3583 859 3615 secundum
887 3581 976 3622 quod
1005 3581 1111 3611 anima
1142 3580 1294 3619 opinatur
1317 3579 1373 3609 ali-

295 3630 375 3672 quid
391 3640 470 3667 esse,
488 3636 520 3660 et
544 3630 696 3670 opinatur
719 3628 807 3660 idem
830 3637 898 3658 non
923 3636 1000 3662 esse,
1025 3631 1103 3666 puta
1126 3634 1198 3655 cum
1219 3624 1374 3664 opinatur

295 3676 415 3706 bonum
439 3684 507 3706 esse
530 3675 660 3710 bonum,
678 3679 710 3704 et
732 3674 851 3704 bonum
877 3682 941 3702 non
967 3680 1034 3702 esse
1057 3670 1185 3704 bonum,
1202 3674 1279 3699 sunt
1297 3678 1373 3699 con-

2407 286 2481 333 399

1411 358 1526 387 traria.
1544 357 1679 398 Propter
1695 359 1768 395 hoc,
1786 361 2016 391 convenienter
2032 361 2163 393 adduxit
2185 362 2321 394 Sanctus
2338 364 2482 395 Thomas

1410 410 1469 441 pro
1494 402 1586 442 signo
1604 403 1694 443 quod
1717 405 1893 434 substantia
1915 405 2138 437 intellectualis
2155 417 2222 438 non
2239 409 2279 438 sit
2294 417 2332 439 ex
2356 414 2482 439 contra-

1410 446 1463 475 riis
1480 448 1671 486 composita‚
1689 448 1765 488 quia
1782 458 1819 478 ea
1835 458 1918 488 quae
1934 450 2114 481 secundum
2126 458 2272 483 naturam
2286 463 2387 490 suam,
2400 453 2482 484 idest

1410 490 1591 521 secundum
1615 501 1683 522 esse
1707 493 1798 532 quod
1821 494 1939 524 habent
1964 501 2050 525 extra
2075 496 2283 533 intellectum,
2304 503 2378 528 sunt
2402 507 2482 529 con-

1409 535 1512 571 traria,
1534 535 1613 565 dum
1637 537 1670 566 in
1694 537 1859 567 intellectu
1882 539 2089 578 recipiuntur,
2110 543 2367 572 contrarietatem
2390 543 2481 573 amit-

1409 584 1492 616 tunt,
1516 580 1591 611 licet
1614 581 1647 610 in
1678 581 1844 612 intellectu
1873 584 2050 614 contrariae
2074 586 2246 624 opiniones
2270 587 2479 627 recipiantur:

1410 624 1486 664 quia
1509 624 1659 655 videlicet
1675 635 1713 656 ex
1729 627 1796 656 istis
1820 627 1957 657 sumitur
1980 629 2136 659 iudicium
2161 631 2432 671 corruptibilitatis
2450 638 2482 662 et

1408 669 1736 710 incorruptibilitatis;
1760 680 1829 700 non
1845 677 1953 702 autem
1970 682 2007 702 ex
2023 675 2245 705 contrarietate
2261 675 2480 707 affirmationis

1410 719 1442 744 et
1463 715 1654 754 negationis,
1671 715 1852 746 secundum
1871 725 1970 756 quam
1993 727 2060 747 non
2085 724 2133 748 est
2147 725 2221 749 nata
2237 719 2306 750 fieri
2321 726 2480 751 transmu-

1408 759 1487 789 tatio
1511 759 1545 789 in
1567 760 1638 800 ipsa
1660 761 1836 791 substantia
1858 767 1991 791 naturae
2014 762 2246 794 intellectualis.

1464 803 1547 834 XIII.
1564 804 1705 845 Septimo
1718 806 1745 836 *.
1762 805 1946 836 Substantia
1961 806 2185 837 intellectualis
2203 818 2271 838 non
2288 815 2335 839 est
2350 819 2478 850 corpus.
2507 813 2516 822 ‘

1409 847 1495 888 Ergo
1519 858 1588 879 non
1611 855 1772 881 movetur.
1796 850 1883 890 Ergo
1906 860 1975 881 non
1999 852 2217 892 corrumpitur
2239 862 2297 892 per
2315 863 2358 884 se.
2375 873 2396 876 —
2412 854 2479 884 Nec

1409 893 1506 923 etiam
1530 895 1749 935 corrumpitur
1764 904 1823 935 per
1845 895 2005 926 accidens.
2030 895 2115 934 Quia
2139 907 2206 927 non
2231 903 2277 927 est
2300 897 2403 928 forma
2427 904 2481 928 aut

1408 938 1508 968 virtus
1532 948 1550 968 a
1573 949 1711 980 corpore
1735 939 1932 980 dependens.
1957 940 2043 981 Ergo
2068 946 2128 971 etc.

1463 983 1621 1014 Probatur
1644 985 1747 1025 prima
1770 986 2013 1026 consequentia.
2044 985 2131 1023 Quia
2161 995 2259 1016 omne
2290 987 2380 1027 quod
2411 996 2481 1017 mo-

1408 1033 1510 1064 vetur,
1535 1034 1582 1059 est
1605 1038 1734 1070 corpus.
1751 1048 1774 1052 —
1789 1029 1938 1060 Secunda
1961 1039 2096 1070 quoque
2119 1031 2284 1071 probatur.
2309 1031 2395 1070 Quia
2411 1041 2482 1062 cor-

1408 1073 1517 1113 ruptio
1542 1079 1589 1104 est
1611 1075 1749 1105 mutatio
1774 1084 1858 1115 quae
1889 1080 1937 1105 est
1967 1076 2122 1106 terminus
2150 1081 2276 1106 motus:
2302 1082 2334 1107 et
2361 1076 2482 1107 idcirco

1408 1123 1539 1157 oportet
1562 1124 1598 1149 ut
1622 1129 1720 1150 omne
1745 1119 1836 1159 quod
1859 1120 2078 1159 corrumpitur
2101 1126 2280 1151 moveatur.

1468 1162 1602 1194 Octavo.
1627 1164 1702 1195 Non
1725 1165 1845 1204 patitur
1862 1165 2013 1204 passione
2030 1174 2113 1205 quae
2133 1165 2230 1195 ducat
2245 1164 2286 1196 ad
2301 1167 2482 1206 corruptio-

1407 1216 1494 1237 nem.
1519 1207 1605 1248 Ergo
1630 1214 1690 1239 etc.
1717 1227 1740 1231 —
1762 1209 1852 1240 Patet
1876 1210 2119 1250 consequentia.
2148 1209 2234 1248 Quia
2265 1211 2482 1251 corrumpitur

1407 1252 1530 1292 aliquid
1553 1262 1611 1293 per
1634 1254 1697 1284 hoc
1721 1253 1812 1294 quod
1835 1253 1957 1294 aliquid
1979 1255 2108 1294 patitur.
2131 1272 2154 1277 -
2177 1254 2381 1286 Antecedens
2404 1265 2480 1286 vero

1406 1298 1572 1337 probatur.
1597 1298 1684 1337 Quia
1707 1308 1805 1329 omne
1822 1298 1913 1339 quod
1935 1299 2089 1339 recipitur
2109 1300 2142 1329 in
2166 1300 2342 1330 substantia
2364 1300 2482 1331 intelli-

1407 1347 1512 1382 gente,
1537 1343 1690 1383 recipitur
1713 1344 1747 1373 in
1775 1353 1812 1374 ea
1839 1344 2092 1383 intelligibiliter.
2118 1344 2218 1382 Quod
2248 1349 2356 1375 autem
2380 1346 2424 1375 sic
2448 1346 2480 1376 in

1408 1396 1446 1417 ea
1475 1388 1637 1428 recipitur,
1662 1394 1710 1419 est
1739 1387 1911 1428 perficiens
1942 1398 2023 1425 eam,
2048 1398 2114 1419 non
2146 1398 2375 1429 corrumpens:
2405 1399 2481 1420 cum

1407 1431 1606 1472 intelligibile
1629 1433 1670 1463 sit
1693 1432 1849 1473 perfectio
1872 1433 2090 1473 intelligentis.
2115 1433 2201 1473 Ergo
2225 1439 2285 1464 etc.

1462 1476 1560 1507 Nono
1577 1478 1604 1507 *.
1622 1477 1698 1508 Non
1715 1478 1934 1518 corrumpitur
1950 1479 2081 1518 propria
2098 1479 2316 1518 corruptione,
2334 1488 2417 1519 quae
2435 1484 2482 1509 est

1407 1527 1541 1561 propter
1564 1522 1787 1552 excellentiam
1811 1523 1861 1552 sui
1885 1523 2020 1553 obiecti:
2046 1523 2122 1563 quia
2146 1524 2203 1563 qui
2218 1523 2366 1563 intelligit
2381 1524 2482 1563 magis

1407 1565 1630 1605 intelligibilia,
1647 1567 1749 1607 magis
1766 1568 1863 1597 etiam
1878 1567 2026 1607 intelligit
2042 1568 2149 1598 minus
2173 1567 2393 1608 intelligibilia.
2413 1568 2482 1598 Nec

1408 1615 1542 1649 propter
1565 1612 1810 1651 corruptionem
1840 1612 1992 1642 subiecti:
2025 1621 2101 1642 cum
2125 1621 2143 1642 a
2165 1612 2311 1642 subiecto
2336 1622 2403 1643 non
2427 1612 2482 1643 de-

1408 1653 1557 1693 pendeat.
1582 1655 1668 1694 Ergo
1693 1661 1754 1686 etc.
1771 1674 1793 1678 —
1815 1655 1906 1685 Patet
1929 1656 2172 1695 consequentia.
2197 1656 2283 1694 Quia
2306 1657 2388 1687 sicut
2411 1666 2483 1687 sen-

1408 1698 1499 1728 sibile
1523 1704 1570 1728 est
1593 1700 1761 1730 obiectum
1789 1709 1912 1735 sensuS,
1937 1701 1980 1730 ita
2012 1700 2212 1740 intelligibile
2243 1706 2290 1731 est
2318 1702 2483 1731 obiectum

1408 1742 1599 1774 intellectus.
1625 1743 1744 1775 Sensus
1768 1750 1877 1774 autem
1901 1754 1969 1775 non
1993 1746 2212 1785 corrumpitur
2240 1746 2301 1775 nisi
2331 1750 2386 1775 aut
2409 1755 2484 1785 pro-

1409 1793 1480 1827 pter
1507 1788 1730 1820 excellentiam
1760 1790 1811 1819 sui
1841 1790 1970 1826 obiecti,
1995 1795 2050 1819 aut
2079 1795 2211 1830 propter
2242 1791 2485 1830 corruptionem

1410 1832 1557 1863 subiecti.

1465 1876 1549 1908 XIV.
1567 1877 1661 1908 Circa
1683 1888 1720 1909 ea
1736 1888 1819 1919 quae
1836 1879 1888 1909 hic
1910 1878 1949 1909 de
1972 1888 2068 1910 sensu
2087 1879 2248 1914 dicuntur,
2270 1880 2410 1909 occurrit
2425 1879 2484 1910 du-

1410 1921 1511 1952 bium.
1524 1921 1610 1960 Quia
1623 1923 1749 1954 videtur
1762 1924 1844 1954 velle
1861 1923 1997 1954 Sanctus
2013 1923 2157 1954 Thomas
2173 1933 2304 1954 sensum
2320 1925 2485 1964 corrumpi

1410 1975 1469 2006 per
1483 1975 1517 1997 se
1533 1967 1572 1997 ab
1586 1968 1774 1998 excellentia
1790 1969 1840 1998 sui
1857 1969 1986 2004 obiecti,
1999 1977 2056 2008 per
2072 1968 2221 1999 accidens
2234 1974 2342 1999 autem
2359 1978 2396 1998 ex
2413 1978 2484 1999 cor-

1410 2012 1562 2051 ruptione
1586 2013 1715 2053 organi:
1741 2013 1833 2053 quasi
1856 2022 1968 2043 sensus
1985 2013 2156 2053 dupliciter
2172 2018 2407 2053 corrumpatur,
2423 2014 2484 2044 sci-

1410 2055 1485 2086 licet
1500 2056 1675 2096 aliquando
1691 2066 1749 2097 per
1764 2067 1798 2088 se
1814 2058 1935 2098 absque
1949 2058 2061 2098 organi
2077 2058 2296 2098 corruptione,
2309 2057 2484 2097 aliquando

1411 2106 1520 2131 autem
1544 2107 1676 2142 propter
1698 2103 1811 2143 organi
1834 2103 2089 2143 corruptionem.
2114 2103 2188 2133 Hoc
2212 2108 2320 2133 autem
2344 2112 2412 2132 non
2437 2103 2484 2133 vi-

1412 2144 1504 2176 detur
1528 2155 1596 2177 esse
1620 2156 1743 2177 verum.
1768 2147 1843 2177 Non
1859 2148 1947 2178 enim
1963 2147 2023 2178 alia
2039 2148 2163 2178 ratione
2178 2147 2303 2178 videtur
2326 2147 2485 2178 excellens

1411 2191 1560 2221 sensibile
1577 2201 1708 2222 sensum
1724 2201 1931 2232 corrumpere
1946 2193 2007 2222 nisi
2024 2193 2100 2232 quia
2112 2193 2224 2232 organi
2239 2192 2486 2232 proportionem

1412 2235 1517 2266 solvit.
1542 2235 1584 2266 Et
1606 2237 1651 2266 sic
1674 2246 1742 2267 non
1759 2238 1979 2277 corrumpitur
1997 2246 2119 2273 sensus,
2142 2237 2238 2267 etiam
2258 2237 2296 2266 ab
2318 2236 2485 2266 excellenti

1413 2280 1565 2317 sensibili,
1587 2281 1648 2311 nisi
1671 2287 1804 2322 propter
1827 2283 2072 2322 corruptionem
2096 2282 2218 2322 organi.
2244 2294 2246 2296 ·

1471 2335 1500 2356 2.
1524 2325 1576 2356 Ad
1599 2326 1663 2356 hoc
1691 2326 1862 2367 dupliciter
1893 2333 2000 2367 potest
2027 2326 2225 2366 responderi.
2254 2325 2372 2361 Primo,
2397 2325 2487 2365 quod

1413 2379 1472 2410 per
1501 2370 1677 2401 subiectum
1706 2381 1775 2402 non
1805 2371 1955 2411 intelligit
1984 2371 2119 2402 Sanctus
2149 2371 2294 2401 Thomas
2330 2379 2487 2410 organum

1414 2424 1536 2451 sensus,
1554 2414 1609 2446 sed
1625 2416 1733 2456 ipsum
1749 2416 1877 2446 animal.
1898 2417 1939 2447 Et
1954 2417 2000 2447 sic
2016 2425 2084 2446 non
2101 2415 2305 2456 distinguitur
2321 2416 2486 2455 corruptio

1414 2469 1527 2490 sensus
1550 2466 1683 2500 propter
1707 2461 1929 2492 excellentiam
1945 2461 2103 2491 sensibilis
2123 2470 2141 2491 a
2164 2460 2372 2500 corruptione
2388 2459 2487 2500 ipsius

1415 2510 1548 2545 propter
1579 2506 1823 2546 corruptionem
1854 2507 1980 2546 organi:
2013 2505 2069 2536 sed
2099 2515 2116 2535 a
2147 2505 2357 2545 corruptione
2388 2504 2488 2544 ipsius

1415 2555 1549 2590 propter
1571 2550 1815 2590 corruptionem
1839 2551 1996 2580 animalis.
2021 2550 2077 2580 Illa
2093 2550 2179 2580 enim
2196 2558 2279 2590 quae
2295 2554 2342 2578 est
2356 2554 2489 2589 propter

1417 2594 1639 2625 excellentiam
1669 2595 1836 2630 sensibilis,
1864 2594 1981 2625 dicitur
2004 2594 2145 2635 propria
2171 2593 2338 2633 corruptio
2366 2602 2488 2629 sensus,

1417 2640 1493 2679 quia
1516 2639 1670 2669 convenit
1692 2640 1800 2669 sensui
1823 2640 2018 2679 inquantum
2041 2648 2154 2669 sensus
2177 2643 2234 2674 est,
2251 2642 2364 2677 utpote
2381 2647 2398 2668 a
2413 2647 2489 2678 pro-

1415 2685 1487 2724 prio
1505 2683 1634 2714 obiecto
1651 2685 1863 2724 proveniens:
1884 2684 1944 2714 alia
1959 2693 2036 2714 vero
2053 2693 2121 2713 non
2138 2688 2185 2713 est
2201 2683 2260 2712 sibi
2275 2683 2415 2722 propria,
2432 2681 2490 2713 sed

1416 2729 1570 2759 convenit
1592 2728 1652 2758 sibi
1675 2733 1802 2758 tantum
1825 2729 2021 2768 inquantum
2045 2733 2093 2758 est
2115 2727 2264 2758 accidens
2288 2726 2443 2757 animalis.

1474 2772 1625 2803 Secundo
1649 2773 1838 2813 responderi
1861 2779 1969 2814 potest
1992 2773 2083 2813 quod
2106 2781 2164 2812 per
2186 2772 2360 2802 subiectum
2376 2780 2490 2802 sensus

1417 2818 1566 2858 intelligit
1588 2817 1724 2848 Sanctus
1740 2818 1886 2848 Thomas
1902 2819 1971 2848 eius
1987 2826 2161 2858 organum:
2187 2816 2320 2856 vultque
2345 2816 2435 2857 quod
2450 2815 2490 2846 ad

1419 2864 1488 2894 eius
1511 2863 1756 2903 corruptionem
1787 2862 1957 2903 dupliciter
1987 2862 2152 2902 corrumpi
2180 2867 2301 2902 potest,
2326 2862 2408 2892 sicut
2431 2860 2490 2891 du·

1418 2908 1543 2948 pliciter
1571 2907 1680 2948 ipsum
1708 2917 1867 2947 organum
1898 2907 2064 2948 corrumpi
2093 2906 2261 2946 contingit.
2292 2905 2390 2942 Nam,
2415 2914 2491 2935 cum

1419 2961 1578 2993 organum
1601 2952 1772 2992 dupliciter
1802 2952 1842 2982 ad
1872 2961 2003 2983 sensum
2034 2951 2212 2992 comparari
2236 2951 2346 2990 possit,
2370 2950 2492 2980 scilicet

1419 3004 1575 3038 tanquam
1598 2997 1667 3028 eius
1690 2998 1941 3028 instrumentum
1965 2997 2177 3027 coniunctum
2201 3004 2258 3035 per
2281 2995 2371 3035 quod
2400 3003 2491 3024 suam

1420 3042 1645 3083 operationem
1669 3047 1805 3078 exercet,
1823 3048 1854 3072 et
1868 3047 2024 3082 tanquam
2047 3041 2228 3071 subiectum
2251 3040 2358 3079 ipsum
2374 3040 2406 3069 in
2424 3047 2492 3069 esse

1420 3092 1617 3123 sustentans3
1645 3087 1840 3127 inquantum
1872 3092 1919 3116 est
1947 3087 2212 3120 instrumentum,
2237 3085 2275 3114 ab
2307 3083 2493 3114 excellentia

1421 3131 1578 3162 sensibilis
1599 3131 1686 3162 illius
1709 3141 1821 3161 sensus
1845 3131 2010 3171 corrumpi
2034 3131 2128 3160 habet
2150 3136 2304 3168 tanquam
2324 3138 2342 3158 a
2360 3128 2492 3168 proprio

1422 3177 1619 3217 corruptivo,
1637 3186 1677 3206 eo
1694 3176 1785 3216 quod
1807 3176 1877 3206 talis
1901 3175 2089 3206 excellentia
2112 3174 2267 3204 sensibilis
2291 3173 2403 3213 organi
2419 3181 2493 3212 pro-

1421 3223 1608 3262 portionem
1632 3221 1745 3257 solvat,
1770 3230 1828 3261 per
1858 3229 1956 3260 quam
1988 3225 2034 3250 est
2064 3219 2104 3249 ad
2131 3218 2354 3259 operationem
2381 3226 2493 3247 sensus

1422 3266 1589 3302 idoneum,
1614 3275 1631 3296 a
1654 3265 1747 3296 valde
1775 3266 1863 3296 enim
1893 3264 2022 3305 fulgidis
2053 3263 2141 3294 oculi
2166 3263 2333 3303 proportio
2362 3262 2495 3292 solvitur

1424 3321 1507 3352 quae
1523 3310 1564 3342 ad
1579 3316 1689 3341 actum
1712 3310 1845 3340 visionis
1869 3309 2064 3340 eliciendum
2088 3308 2276 3347 requiritur;
2301 3308 2495 3347 inquantum

1422 3366 1500 3386 vero
1518 3361 1565 3386 est
1585 3356 1766 3386 subiectum
1790 3364 1912 3390 sensus,
1937 3353 2027 3394 quod
2052 3358 2098 3383 est
2116 3362 2154 3382 ex
2174 3352 2339 3382 contrariis
2359 3360 2495 3390 compo-

1424 3402 1532 3437 situm,
1557 3410 1575 3430 a
1599 3400 1804 3440 qualitatibus
1829 3399 1948 3434 activis,
1973 3397 2078 3428 calido
2102 3397 2232 3432 scilicet,
2257 3395 2372 3436 frigido
2400 3401 2431 3426 et
2455 3395 2495 3425 si-

1425 3445 1565 3481 milibus,
1589 3445 1685 3475 habet
1708 3444 1872 3483 corrumpi
1904 3444 1986 3473 sicut
2014 3448 2045 3472 et
2073 3442 2132 3472 alia
2156 3451 2238 3482 quae
2268 3450 2305 3470 ex
2330 3440 2497 3471 contrariis

1425 3496 1500 3520 sunt
1524 3490 1715 3530 composita.
1740 3488 1892 3519 Similiter
1917 3497 1992 3527 ergo
2017 3496 2129 3516 sensus
2149 3486 2319 3526 dupliciter
2334 3490 2442 3525 potest
2457 3483 2498 3514 ad

1427 3535 1671 3574 corruptionem
1695 3534 1807 3573 organi
1837 3542 1894 3572 per
1926 3531 2074 3562 accidens
2103 3531 2284 3570 corrumpi:
2314 3530 2435 3560 scilicet
2458 3528 2499 3559 ad

1427 3579 1671 3619 corruptionem
1696 3578 1763 3608 eius
1787 3582 1822 3607 ut
1846 3586 2004 3617 organum
2028 3581 2091 3611 est;
2117 3581 2149 3605 et
2172 3575 2211 3605 ad
2233 3575 2301 3605 eius
2317 3574 2499 3614 corruptio-

1427 3633 1503 3654 nem
1519 3629 1555 3654 ut
1571 3629 1618 3653 est
1633 3623 1825 3653 subiectum.
1846 3621 1951 3651 Prima
1975 3621 2139 3660 corruptio
2164 3625 2212 3650 est
2235 3619 2364 3659 propria
2380 3618 2498 3654 sensui,

1429 3669 1505 3709 quia
1529 3668 1682 3699 convenit
1705 3668 1735 3697 ei
1758 3667 1952 3706 inquantum
1976 3674 2087 3696 sensus
2112 3669 2158 3695 est
2182 3669 2213 3694 et
2235 3664 2290 3694 tali
2310 3673 2447 3703 corpore
2464 3667 2500 3693 ut

2541 812 2577 834 Cf.
2599 818 2622 833 n.
2641 818 2682 838 ιι,

2506 839 2587 860 Sexto.

2509 1485 2517 1493 ·
2534 1484 2568 1505 Cf.
2585 1489 2607 1505 n.
2622 1489 2660 1506 xv.
