2768 4134
301 318 379 353 410

300 384 345 421 sit
373 390 477 420 extra
505 380 711 417 essentiam
739 379 833 416 eius.
865 378 1071 425 Quaelibet
1090 385 1222 414 autern
1249 378 1375 414 forma

299 433 555 473 substantialis
583 432 670 469 facit
689 443 757 468 ens
786 432 1028 480 completum
1056 430 1095 467 in
1115 442 1255 479 genere
1284 430 1374 467 sub-

299 488 477 526 stantiae:
516 485 603 523 facit
640 485 746 523 enim
784 496 852 521 ens
890 491 978 521 actu
1016 491 1053 521 et
1095 484 1173 521 hoc
1215 483 1372 533 aliquid.

299 539 496 589 Quicquid
525 538 639 587 igitur
666 546 754 587 post
788 537 958 587 primam
993 537 1162 574 formam
1197 537 1374 575 substan-

297 595 426 632 tialem
454 592 612 630 advenit
648 591 694 637 ei,
730 590 1014 629 accidentaliter
1046 590 1237 627 adveniet.
1270 590 1374 628 Cum
1398 607 1407 627 ς

253 690 260 696 .
296 647 409 696 igitur
436 645 566 683 anima
594 645 777 682 nutritiva
805 644 851 681 sit
878 645 1004 682 forma
1024 643 1293 690 substantialis,
1321 646 1373 682 vi-

53 1140 62 1149 ·
78 1138 113 1161 Cf.
130 1144 181 1166 cap.
192 1144 268 1166 praec.

295 713 383 739 vum
403 699 510 737 enim
529 698 826 736 substantialiter
839 698 888 735 de
903 697 1064 735 homine
1079 697 1324 747 praedicatur
1338 705 1375 735 et

296 754 344 791 de
373 752 547 799 animali;
569 760 754 802 sequetur
777 752 887 802 quod
906 751 1036 789 anima
1056 750 1237 788 sensitiva
1257 751 1373 788 adve-

296 807 374 845 niat
402 806 695 852 accidentaliter,
717 813 753 843 et
781 805 953 843 similiter
981 804 1221 842 intellectiva.
1252 805 1301 842 Et
1320 804 1375 842 sic

295 873 424 910 neque
444 861 589 898 animal
607 871 735 909 neque
754 860 866 897 homo
891 858 1106 907 significant
1133 870 1260 896 unum
1282 858 1372 896 sim·
1390 879 1414 893 ιο

294 914 452 964 pliciter,
472 926 600 963 neque
620 913 778 963 aliquod
792 924 914 961 genus
929 919 995 949 aut
1013 911 1183 962 speciem
1203 911 1243 949 in
1262 924 1372 962 prae-

296 968 517 1006 dicamento
545 968 780 1004 substantiae.

351 1020 540 1071 Amplius.
563 1020 603 1058 Si
632 1020 765 1065 homo,
786 1018 1005 1056 secundum
1025 1018 1195 1056 Platonis
1220 1026 1371 1056 senten-

298 1074 400 1121 tiam,
430 1086 509 1111 non
531 1082 587 1111 est
615 1072 759 1123 aliquid
780 1085 826 1110 ex
855 1072 987 1109 anima
1006 1080 1043 1109 et
1070 1084 1235 1122 corpore
1264 1084 1371 1109 com-

296 1128 478 1178 positum,
508 1127 576 1164 sed
605 1135 660 1164 est
684 1128 813 1164 anima
843 1132 946 1163 utens
974 1138 1136 1176 corpore
1149 1126 1179 1172 ²¹²,
1209 1133 1275 1164 aut
1294 1126 1410 1167 hoc15

296 1181 513 1230 intelligitur
541 1181 670 1217 solum
704 1180 752 1217 de
785 1179 917 1217 anima
949 1179 1189 1226 intellectiva,
1223 1187 1289 1216 aut
1321 1179 1370 1216 de

295 1235 416 1272 tribus
452 1233 668 1279 animabus,
703 1233 734 1270 si
767 1241 842 1270 tres
875 1241 975 1279 sunt,
1010 1232 1091 1270 sive
1129 1233 1177 1270 de
1216 1233 1370 1270 duabus

295 1301 442 1326 earum.
475 1287 515 1325 Si
543 1295 674 1325 autem
694 1287 742 1324 de
771 1287 893 1324 tribus
916 1288 979 1324 vel
1006 1286 1172 1333 duabus,
1197 1286 1372 1337 sequitur

296 1342 404 1391 quod
432 1342 555 1379 homo
585 1353 666 1378 non
695 1340 741 1377 sit
769 1353 908 1386 unum,
929 1340 996 1378 sed
1017 1340 1063 1377 sit
1091 1340 1172 1377 duo
1192 1341 1254 1377 vel
1282 1339 1368 1377 tria:

296 1404 351 1433 est
371 1395 476 1432 enim
504 1403 579 1432 tres
603 1395 768 1440 animae,
797 1395 859 1431 vel
879 1395 1015 1431 saltem
1034 1394 1147 1431 duae.
1179 1393 1219 1431 Si
1239 1401 1368 1431 autem
1386 1412 1413 1427 20

296 1450 371 1486 hoc
400 1448 629 1497 intelligatur
647 1449 695 1486 de
724 1447 856 1486 anima
884 1447 1113 1485 intellectiva
1136 1455 1300 1493 tantum,
1321 1447 1371 1485 ita

296 1502 435 1540 scilicet
477 1503 584 1551 quod
623 1501 852 1550 intelligatur
892 1501 1024 1539 anima
1065 1500 1246 1539 sensitiva
1288 1513 1370 1540 esse

295 1557 420 1593 forma
448 1556 633 1606 corporis,
663 1563 700 1593 et
728 1554 859 1593 anima
887 1554 1118 1593 intellectiva
1146 1562 1259 1593 utens
1287 1566 1371 1592 cor-

295 1622 390 1660 pore
419 1610 590 1648 animato
619 1617 656 1646 et
684 1608 902 1646 sensificato
932 1609 978 1646 sit
1005 1609 1139 1655 homo,
1160 1616 1373 1658 sequentur

296 1664 426 1701 adhuc
445 1662 773 1701 inconvenientia:
794 1662 935 1700 scilicet
954 1662 1063 1712 quod
1082 1663 1206 1700 homo
1226 1674 1308 1699 non
1326 1661 1373 1699 sit
1388 1685 1411 1704 ,ς

297 1717 451 1764 animal,
489 1717 558 1754 sed
597 1722 720 1754 utatur
756 1716 924 1762 animali,
963 1728 1057 1753 nam
1094 1727 1164 1765 per
1199 1714 1370 1753 anImam

297 1770 520 1808 sensitivam
553 1769 700 1820 aliquid
732 1778 788 1806 est
825 1769 990 1815 animal;
1030 1777 1066 1806 et
1103 1769 1212 1819 quod
1249 1770 1372 1807 homo

297 1836 378 1862 non
398 1824 543 1870 sentiat,
565 1824 632 1860 sed
653 1829 777 1860 utatur
797 1836 838 1860 re
851 1825 1036 1860 sentiente.
1054 1823 1167 1870 Quae
1187 1834 1279 1860 cum
1300 1822 1374 1860 sint

298 1877 619 1923 inconvenientia,
649 1876 888 1926 impossibile
917 1884 973 1914 est
1000 1884 1076 1913 tres
1105 1875 1254 1913 animas
1283 1875 1372 1913 sub-

297 1930 433 1968 stantia
470 1931 690 1968 differentes
728 1942 811 1967 esse
847 1929 886 1966 in
921 1929 1046 1975 nobis,
1085 1928 1371 1975 intellectivum,
1390 1951 1414 1971 30

297 1984 525 2022 sensitivum
553 1991 590 2021 et
617 1982 858 2022 nutritivum.
1247 2018 1251 2024 ,

351 2038 503 2075 Adhuc.
534 2038 593 2074 Ex
629 2036 786 2074 duobus
819 2043 885 2073 aut
919 2034 1097 2086 pluribus
1132 2047 1212 2074 non
1246 2043 1373 2085 potest

297 2090 380 2128 fieri
409 2103 536 2128 unum
565 2090 596 2128 si
625 2102 706 2128 non
726 2089 772 2127 sit
800 2088 945 2139 aliquid
966 2088 1117 2135 uniens,
1147 2088 1220 2126 nisi
1245 2101 1372 2126 unum

298 2157 437 2182 eorum
475 2157 514 2182 se
553 2143 694 2181 habeat
721 2143 770 2181 ad
804 2144 967 2180 alterum
1005 2151 1047 2180 ut
1084 2150 1192 2180 actus
1221 2142 1270 2180 ad
1303 2154 1373 2192 po-

298 2198 474 2236 tentiam:
505 2197 559 2235 sic
579 2197 684 2235 enim
704 2209 751 2234 ex
779 2197 941 2234 materia
959 2204 996 2234 et
1018 2196 1145 2234 forma
1168 2196 1211 2233 fit
1234 2207 1372 2242 unum,
1390 2219 1412 2239 ,ς

298 2253 405 2289 nullo
434 2250 591 2288 vinculo
621 2260 803 2289 extraneo
833 2262 900 2288 eos
929 2250 1140 2299 colligante.
1173 2249 1213 2288 Si
1241 2258 1373 2287 autem

298 2305 338 2342 in
366 2304 526 2342 homine
556 2304 630 2342 sint
649 2305 779 2354 plures
799 2303 963 2351 animae,
985 2316 1066 2342 non
1091 2315 1131 2341 se
1160 2303 1305 2341 habent
1324 2303 1374 2341 ad

299 2358 467 2396 invicem
486 2366 527 2396 ut
547 2358 707 2395 materia
726 2365 763 2395 et
780 2357 916 2403 forma,
931 2357 999 2395 sed
1020 2369 1159 2395 omnes
1173 2365 1375 2407 ponuntur

299 2419 341 2449 ut
369 2419 476 2450 actus
504 2411 666 2461 quidam
695 2419 732 2448 et
759 2410 947 2461 principia
975 2410 1187 2448 actionum.
1210 2411 1374 2460 Oportet

299 2465 421 2514 igitur,
451 2464 482 2502 si
510 2464 695 2502 uniantur
722 2465 771 2502 ad
798 2463 1020 2502 faciendum
1053 2463 1199 2514 aliquid
1235 2476 1373 2511 unum,
1389 2487 1416 2508 4⁰

299 2527 393 2571 puta
406 2519 611 2556 hominem
626 2519 688 2556 vel
704 2517 859 2564 animal,
875 2517 984 2568 quod
998 2517 1044 2555 sit
1059 2517 1206 2568 aliquid
1221 2517 1371 2556 uniens.

300 2573 386 2610 Hoc
414 2580 546 2610 autern
574 2584 655 2610 non
683 2579 810 2622 potest
837 2584 920 2608 esse
940 2584 1101 2622 corpus:
1132 2584 1224 2609 cum
1252 2571 1374 2621 magis

287 2634 441 2676 'corpus
469 2625 626 2664 uniatur
659 2637 731 2675 per
763 2625 955 2671 animam;
990 2637 1102 2663 cuius
1135 2625 1290 2674 signum
1319 2633 1375 2663 est

299 2679 418 2731 quod,
447 2679 667 2733 discedente
697 2675 838 2725 anima,
867 2691 1011 2729 corpus
1036 2678 1268 2716 dissolvitur.
1299 2680 1374 2717 Re-

299 2733 485 2783 linquitur
514 2732 627 2782 igitur
659 2733 768 2782 quod
806 2740 959 2783 oportet
991 2732 1138 2782 aliquid
1174 2732 1413 2774 formaliusts

299 2799 381 2825 esse
411 2786 519 2837 quod
547 2786 634 2824 facit
663 2799 709 2824 ex
743 2785 813 2824 illis
842 2786 1019 2836 pluribus
1053 2798 1191 2824 unum.
1221 2787 1271 2824 Et
1299 2787 1375 2825 hoc

300 2839 421 2889 magis
441 2839 510 2878 erit
529 2839 660 2877 anima
680 2852 800 2890 quam
821 2839 884 2877 illa
902 2841 1015 2890 plura
1033 2852 1135 2890 quae
1155 2851 1225 2890 per
1244 2839 1374 2890 ipsum

300 2893 498 2931 uniuntur.
529 2893 570 2932 Si
599 2892 712 2942 igitur
731 2894 807 2930 hoc
835 2893 974 2931 iterum
996 2901 1052 2931 est
1080 2893 1229 2931 habens
1247 2902 1375 2943 partes

299 2947 481 2994 diversas,
512 2955 548 2984 et
576 2959 656 2984 non
682 2954 737 2985 est
756 2959 883 2984 unum
903 2947 1121 2984 secundum
1142 2959 1193 2993 se,
1224 2955 1376 2997 oportet

785 301 974 338 SUMMA
1004 300 1226 337 CONTRA
1255 299 1530 344 GENTILES,
1559 299 1654 336 LIB.
1675 300 1717 345 II,
1747 299 1859 336 CAP.
1898 301 2026 338 LVIII.

1431 385 1486 414 est
1515 377 1656 414 anima.
1679 378 1844 427 Oportet
1871 378 1985 426 igitur
2002 378 2043 416 in
2062 391 2144 417 uno
2163 381 2325 419 homine
2345 384 2407 420 vel
2426 383 2503 420 ani-

1431 429 1522 467 mali
1551 442 1673 468 unam
1701 438 1851 468 tanturn
1882 431 2056 469 animam
2085 444 2179 470 esse.

1484 485 1590 521 Item.
1622 483 1662 521 Si
1691 483 1731 521 id
1758 484 1867 534 quod
1897 492 1953 522 est
1981 497 2028 522 ex
2056 493 2164 535 parte
2193 486 2346 524 animae
2375 488 2414 526 in
2434 490 2504 527 ho-

1430 536 1546 583 mine,
1567 545 1623 574 est
1643 549 1688 574 ex
1708 537 1885 587 pluribus
1907 547 2195 587 congregatum,
2217 548 2369 590 oportet
2396 543 2504 591 quod

1430 589 1527 627 sicut
1546 598 1673 628 totum
1693 598 1969 640 congregatum
1989 605 2030 630 se
2050 593 2168 630 habet
2187 593 2236 630 ad
2265 601 2392 631 totum
2419 606 2504 632 cor-

1429 656 1514 693 pus,
1536 643 1587 681 ita
1606 644 1755 692 singula
1774 644 1823 682 ad
1843 644 2011 694 singulas
2030 654 2158 696 partes
2176 646 2362 697 corporis.
2384 647 2505 695 Quod

1430 696 1546 734 etiam
1565 710 1589 734 a
1607 697 1799 747 positione
1819 698 1991 736 Platonis
2005 711 2086 736 non
2105 699 2317 738 discordat:
2333 702 2506 751 ponebat

1430 750 1535 788 enim
1564 751 1737 788 animam
1763 750 1990 789 rationalem
2019 752 2059 789 in
2078 754 2250 800 cerebro,
2278 754 2505 793 nutritivam

1429 803 1468 841 in
1497 805 1647 854 hepate,
1677 804 2022 854 concupiscibilem
2050 805 2090 842 in
2118 807 2235 845 corde
2250 807 2281 845 *.
2316 808 2405 846 Hoc
2437 821 2504 846 au-

1427 865 1508 895 tem
1536 866 1696 908 apparet
1723 870 1807 896 esse
1835 858 1987 905 falsum,
2016 859 2229 909 dupliciter.
2260 861 2393 900 Primo
2420 862 2504 912 qui-

1428 911 1520 948 dem
1548 911 1641 961 quia
1669 911 1799 961 aliqua
1825 924 1915 962 pars
1943 911 2097 950 animae
2117 921 2173 950 est
2200 926 2302 963 quae
2325 927 2406 952 non
2434 927 2504 965 po-

1427 972 1499 1002 test
1514 965 1667 1003 attribui
1682 965 1796 1003 alicui
1811 965 1909 1015 parti
1923 966 2109 1015 corporis,
2125 966 2267 1004 scilicet
2280 967 2504 1015 intellectus,

1427 1018 1476 1055 de
1505 1031 1586 1068 quo
1606 1031 1724 1068 supra
1738 1019 1758 1041 ²¹⁶
1786 1027 2064 1057 ostensum·est
2088 1020 2197 1070 quod
2217 1032 2299 1058 non
2318 1029 2375 1058 est
2397 1030 2505 1060 actus

1427 1071 1588 1109 alicuius
1616 1072 1734 1122 partis
1762 1073 1948 1122 corporis.
1970 1095 1995 1099 —
2017 1073 2212 1120 Secundo,
2233 1073 2326 1124 quia
2345 1074 2504 1113 manife-

1427 1132 1531 1162 stum
1551 1133 1608 1163 est
1627 1126 1733 1176 quod
1764 1126 1803 1163 in
1823 1127 1962 1164 eadem
1990 1135 2099 1176 parte
2119 1127 2293 1177 corporis
2317 1136 2505 1178 apparent

1427 1178 1671 1217 diversarum
1709 1179 1879 1229 partium
1916 1179 2070 1218 animae
2108 1180 2373 1231 operationes:
2408 1181 2506 1220 sicut

1426 1240 1530 1281 patet
1549 1232 1589 1269 in
1608 1232 1842 1270 animalibus
1869 1246 1971 1283 quae
1989 1233 2119 1271 decisa
2146 1234 2295 1282 vivunt,
2323 1234 2415 1285 quia
2443 1248 2505 1273 ea-

1427 1285 1518 1323 dem
1547 1297 1636 1335 pars
1665 1287 1782 1324 habet
1809 1294 1964 1325 motum
1983 1295 2021 1324 et
2049 1299 2209 1326 sensum
2230 1296 2266 1326 et
2290 1288 2505 1339 appetitum

1427 1351 1508 1388 quo
1523 1347 1723 1386 movetur-3
1752 1347 1790 1377 et
1809 1340 1982 1378 similiter
1997 1341 2136 1378 eadem
2155 1354 2245 1391 pars
2264 1343 2418 1392 plantae
2437 1342 2504 1380 de-

1427 1392 1505 1430 cisa
1524 1393 1701 1440 nutritur,
1718 1401 1881 1442 augetur
1895 1402 1932 1431 et
1945 1393 2155 1443 germinat;
2177 1407 2224 1432 ex
2243 1407 2325 1445 quo
2344 1404 2506 1446 apparet

1432 1446 1541 1496 quod
1570 1446 1746 1484 diversae
1783 1455 1912 1497 partes
1940 1447 2095 1485 animae
2124 1447 2164 1485 in
2192 1461 2272 1487 una
2300 1456 2337 1487 et
2365 1449 2505 1487 eadem

1426 1507 1534 1550 parte
1562 1500 1738 1550 corporis
1766 1501 1851 1538 sint.
1873 1501 1967 1540 Non
1986 1500 2100 1550 igitur
2118 1509 2208 1540 sunt
2230 1502 2406 1540 diversae
2425 1502 2506 1540 ani-

1427 1565 1516 1591 mae
1533 1553 1571 1591 in
1588 1554 1713 1601 nobis,
1729 1554 1890 1592 diversis
1907 1554 2082 1605 partibus
2101 1555 2276 1605 corporis
2290 1556 2504 1594 attributae.

1483 1607 1674 1657 Amplius.
1705 1608 1892 1645 Diversae
1920 1608 2022 1646 vires
2045 1621 2146 1658 quae
2175 1621 2257 1647 non
2285 1610 2507 1648 radicantur

1429 1660 1468 1698 in
1497 1673 1579 1698 uno
1607 1660 1811 1713 principio,
1841 1673 1923 1699 non
1951 1661 2170 1711 impediunt
2198 1675 2239 1701 se
2267 1662 2438 1700 invicem
2465 1662 2505 1701 in

1428 1714 1592 1762 agendo,
1621 1714 1694 1752 nisi
1722 1714 1817 1752 forte
1846 1727 1984 1752 earum
2003 1715 2173 1754 actiones
2200 1723 2327 1754 essent
2354 1723 2505 1755 contra-

1429 1767 1525 1805 riae:
1555 1768 1664 1818 quod
1692 1767 1732 1805 in
1761 1767 1962 1818 proposito
1987 1780 2069 1806 non
2089 1768 2285 1818 contingit.
2315 1769 2506 1808 Videmus

1429 1829 1561 1859 autem
1580 1821 1689 1872 quod
1709 1821 1885 1860 diversae
1909 1821 2080 1860 actiones
2103 1822 2259 1861 animae
2286 1822 2507 1873 impediunt

1429 1887 1488 1911 se:
1518 1886 1611 1912 cum
1639 1874 1746 1912 enim
1774 1887 1854 1912 una
1873 1882 1930 1912 est
1957 1875 2118 1921 intensa,
2142 1877 2260 1914 altera
2288 1875 2504 1915 remittitur.

1429 1928 1594 1977 Oportet
1622 1927 1735 1976 igitur
1753 1928 1862 1978 quod
1890 1927 1984 1966 istae
2003 1928 2186 1975 actiones,
2210 1937 2248 1966 et
2274 1928 2377 1967 vires
2404 1942 2506 1980 quae

1429 1989 1519 2018 sunt
1560 1993 1702 2029 earum>
1734 1981 1915 2031 proxima
1950 1981 2151 2032 principia,
2190 1982 2426 2021 reducantur
2465 1982 2507 2022 in

1428 2046 1556 2072 unum
1584 2034 1831 2085 principium.
1868 2035 1956 2072 Hoc
1990 2043 2123 2074 autem
2154 2035 2390 2087 principium
2425 2049 2508 2076 non

1428 2095 1554 2138 potest
1582 2100 1666 2126 esse
1685 2100 1846 2138 corpus:
1877 2096 1962 2126 tum
1982 2088 2074 2139 quia
2101 2088 2232 2139 aliqua
2255 2089 2354 2128 actio
2384 2098 2440 2128 est
2465 2090 2507 2129 in

1429 2154 1509 2192 qua
1537 2153 1618 2179 non
1646 2142 1913 2180 communicat
1934 2154 2089 2192 corpus,
2109 2142 2251 2182 scilicet
2278 2143 2505 2194 intelligere:

1428 2203 1514 2233 tum
1543 2195 1646 2246 quia,
1677 2195 1707 2233 si
1736 2195 1974 2246 principium
1993 2197 2135 2234 harum
2154 2195 2298 2235 virium
2326 2205 2363 2236 et
2390 2197 2507 2236 aetio-

1429 2261 1528 2287 num
1566 2257 1664 2287 esset
1705 2262 1849 2300 corpus
1890 2249 2125 2300 inquantum
2170 2250 2412 2298 huiusmodi,
2450 2250 2507 2289 in-

1430 2301 1655 2341 venirentur
1688 2303 1728 2341 in
1763 2302 1949 2342 omnibus
1982 2303 2225 2354 corporibus,
2260 2305 2368 2355 quod
2403 2312 2508 2355 patet

1429 2369 1513 2394 esse
1541 2357 1692 2395 falsum.
1723 2358 1771 2395 Et
1808 2357 1862 2395 sic
1894 2357 2124 2408 relinquitur
2157 2357 2266 2408 quod
2294 2357 2341 2396 sit
2366 2357 2507 2408 princi·

1429 2410 1540 2461 pium
1570 2422 1706 2448 earum
1735 2411 1861 2449 forma
1888 2411 2018 2462 aliqua
2045 2423 2136 2458 una,
2170 2423 2241 2462 per
2275 2423 2397 2462 quam
2430 2411 2508 2450 hoc

1429 2476 1573 2514 corpus
1602 2472 1658 2501 est
1685 2465 1758 2502 tale
1788 2477 1942 2515 corpus.
1973 2465 2088 2513 Quae
2117 2467 2182 2503 est’
2205 2463 2348 2504 anima.
2377 2465 2507 2504 Relin-

1430 2517 1562 2568 quitur
1589 2516 1703 2567 igitur
1730 2518 1838 2568 quod
1867 2529 2007 2556 omnes
2035 2518 2206 2556 actiones
2224 2518 2378 2557 animae
2406 2530 2507 2570 quae

1430 2579 1520 2610 sunt
1547 2571 1588 2609 in
1616 2570 1740 2618 nobis,
1770 2571 1819 2610 ab
1848 2571 1979 2610 anima
2007 2584 2087 2610 una
2114 2572 2343 2623 procedunt.
2374 2572 2423 2612 Et
2455 2571 2509 2613 sic

1430 2638 1511 2663 non
1540 2632 1630 2662 sunt
1657 2624 1698 2662 in
1726 2624 1839 2663 nobis
1866 2626 1998 2675 plures
2025 2625 2192 2664 animae.

1484 2678 1587 2716 Huic
1616 2686 1748 2716 autem
1776 2686 1967 2716 consonat
2001 2679 2110 2729 quod
2145 2678 2285 2718 dicitur
2320 2678 2360 2717 in
2387 2679 2508 2719 Libro

1430 2733 1476 2770 de
1503 2732 1771 2771 Ecclesiasticis
1807 2733 2059 2784 Dogmatibus
2072 2732 2112 2770 *z
2143 2733 2279 2784 Neque
2305 2733 2399 2772 duas
2427 2734 2508 2772 ani-

1430 2799 1512 2824 mas
1541 2798 1618 2823 esse
1645 2786 1832 2824 credimus
1860 2788 1897 2824 in
1927 2799 2003 2826 uno
2031 2787 2194 2832 homine,
2223 2788 2316 2824 sicut
2347 2788 2510 2826 Iacobus

1430 2846 1464 2878 et
1491 2840 1559 2878 alii
1594 2841 1781 2889 Syrorum
1816 2841 1993 2890 scribunt,
2030 2853 2147 2878 unam
2180 2841 2398 2888 animalem,
2434 2853 2509 2891 qua

1431 2895 1623 2932 animatur
1650 2905 1798 2944 corpus,
1829 2900 1862 2931 et
1890 2894 2063 2932 immixta
2090 2895 2135 2931 sit
2162 2895 2353 2945 sanguini,
2382 2900 2417 2932 et
2453 2894 2508 2932 al-

1430 2953 1551 2985 teram
1579 2947 1824 2997 spiritualem,
1863 2959 1960 2997 quae
1992 2949 2178 2985 rationem
2211 2949 2414 2985 ministret.-
2444 2946 2512 2986 sed

300 3001 430 3039 adhuc
458 3012 541 3039 esse
570 2999 716 3050 aliquid
749 2999 900 3038 uniens.
933 3000 1037 3038 Cum
1070 2999 1183 3049 igitur
1216 3013 1297 3038 non
1330 3001 1376 3038 sit
1393 3025 1418 3046 50
1432 3001 1588 3038 dicimus
1617 3012 1733 3038 unam
1753 3000 1986 3051 eandemque
2004 3013 2083 3038 esse
2100 3003 2270 3038 animam
2300 3002 2337 3038 in
2358 3002 2510 3039 homine

300 3053 405 3092 abire
434 3053 473 3092 in
507 3053 714 3100 infinitum,
745 3061 898 3104 oportet
930 3053 1115 3091 devenire
1149 3054 1199 3092 ad
1231 3054 1376 3114 aliquid

301 3108 408 3157 quod
437 3107 484 3146 sit
512 3107 731 3145 secundum
761 3119 801 3144 se
835 3119 974 3145 unum.
1012 3108 1060 3144 Et
1092 3107 1169 3145 hoc
1205 3120 1376 3146 maxtme

356 3214 388 3233 ιο
407 3205 552 3240 significant
570 3213 651 3231 unum
671 3205 823 3238 simpliciter
841 3207 863 3230 A
882 3205 969 3236 solus:
989 3203 1115 3237 significat
1130 3213 1211 3230 unum
1225 3205 1378 3239 simpliciter
1392 3205 1534 3236 EGNYzb,
1548 3205 1701 3238 simpliciter
1715 3203 1841 3239 significat
1859 3203 2025 3238 (significabit
2039 3204 2070 3240 Ρ)
2090 3212 2174 3231 unum
2193 3204 2338 3231 «DWXPc.

302 3243 417 3276 speciem
441 3243 464 3268 Α
489 3243 562 3268 solus
569 3250 576 3273 ;
601 3247 646 3267 aut
670 3241 771 3274 specles
791 3240 910 3271 GNYZb,
935 3247 1022 3273 neque
1042 3240 1143 3273 species
1162 3241 1307 3273 oewat’c‚
1326 3249 1386 3267 esse
1404 3249 1492 3274 neque
1509 3241 1612 3274 species
1630 3241 1662 3269 D.

302 3286 344 3303 om
365 3279 407 3304 Pc.
500 3278 531 3310 37
552 3277 613 3311 non]
634 3284 702 3310 quae
721 3285 775 3302 non
794 3276 842 3302 ΡΛ.
935 3275 968 3301 38
987 3274 1024 3310 ut]
1045 3277 1111 3301 sicut
1130 3276 1277 3303 aDWXPc.

358 3321 385 3340 ιι
410 3319 450 3339 est
467 3314 582 3347 legimus
607 3319 666 3338 cum
687 3312 791 3341 DNYZ:
822 3319 863 3337 om
889 3313 911 3337 Α
936 3318 1000 3338 casu
1026 3314 1053 3336 et
1069 3312 1117 3342 αΧ,
1140 3314 1204 3344 post
1227 3313 1287 3345 quia
1307 3313 1330 3342 b,
1349 3315 1414 3338 ante

305 3350 333 3374 31
356 3349 454 3383 earuml
474 3357 566 3375 eorum
586 3349 720 3378 aGNXPc,
739 3355 838 3380 anceps
857 3349 887 3372 A.
981 3346 1014 3372 38
1033 3354 1094 3372 esse
1112 3351 1176 3373 ante
1194 3351 1220 3373 et
1234 3351 1299 3381 post
1316 3348 1412 3374 salsum

304 3384 358 3415 ιιῦξ,
377 3387 480 3411 Auctor
498 3385 505 3410 i
525 3385 600 3418 infra
618 3385 717 3410 lineam
734 3383 870 3416 producit,
891 3387 921 3409 ut
937 3382 1056 3417 saepius)
1075 3384 1098 3408 Α
1116 3383 1202 3414 solus;
1223 3384 1288 3417 ipsa.
1372 3392 1407 3418 49

304 3422 393 3447 ceteri.

1063 3493 1400 3527 Commentario.

383 3569 435 3588 um
459 3558 497 3589 ad
521 3558 697 3599 praedictas
720 3559 870 3594 rationes,
896 3557 1015 3598 quibus
1042 3557 1216 3598 probatum
1241 3562 1289 3587 est
1311 3558 1379 3588 ani-

384 3612 470 3633 mam
502 3612 569 3633 esse
598 3602 735 3633 formam
767 3602 927 3642 corporis,
961 3607 1071 3642 posset
1101 3601 1216 3642 aliquis
1244 3611 1378 3642 respon-

308 3644 392 3682 dere,
409 3646 589 3677 secundum
605 3648 795 3687 opinionem
812 3646 964 3682 Platonis,
982 3644 1073 3686 quod
1088 3655 1156 3677 non
1173 3652 1220 3676 est
1235 3646 1269 3676 in
1285 3646 1379 3677 nobis

310 3688 422 3720 eadem
445 3691 551 3721 anima
574 3692 733 3727 nutritiva,
758 3691 907 3721 sensitiva
938 3696 970 3721 et
1000 3689 1209 3727 intellectiva;
1236 3696 1267 3721 et
1294 3690 1378 3727 ideo,

1433 3066 1528 3105 quae
1547 3060 1580 3091 et
1598 3066 1735 3104 corpus
1753 3066 1822 3092 sua
1840 3056 2012 3092 societate
2030 3055 2204 3101 vivificat,
2224 3060 2258 3092 et
2275 3055 2508 3105 semetipsam

1431 3120 1500 3146 sua
1529 3109 1677 3146 ratione
1704 3107 1886 3158 disponat.

2413 3209 2441 3228 1¹
2464 3207 2509 3229 &Ut

1762 3247 1794 3274 ¹7
1813 3240 1897 3266 tribua
1918 3243 1983 3274 post
2000 3240 2138 3266 animabus
2157 3239 2279 3267 aDWPc.
2369 3237 2402 3264 18
2419 3243 2508 3264 autem

1367 3284 1403 3309 44
1422 3276 1581 3310 discedente]
1601 3277 1743 3302 decedente
1763 3277 1806 3304 Pe.

1438 3312 1540 3337 animae
1565 3313 1608 3344 Pe,
1634 3317 1675 3337 est
1694 3319 1763 3345 quae
1784 3319 1827 3338 om
1848 3312 1903 3340 EG.

1431 3349 1455 3373 Α
1473 3355 1546 3374 casu.

1427 3383 1556 3409 ministret
1574 3383 1612 3415 Y;
1631 3383 1771 3410 ministrat.

2008 3310 2041 3337 28
2060 3309 2184 3345 actione-J
2202 3309 2367 3343 operationes
2386 3309 2509 3336 «DWPc.

1637 3355 1671 3379 4²
1691 3347 1778 3373 anima
1796 3347 1871 3381 (quid
1884 3347 1965 3381 prius
1988 3347 2076 3373 minus
2097 3346 2173 3372 clm
2193 3345 2324 3378 seriptum
2343 3349 2412 3375 erat,
2430 3346 2510 3379 quasi

1853 3383 1886 3409 5ο
1906 3383 2069 3416 eandemque
2087 3381 2163 3412 YaN3
2182 3381 2328 3414 eademque
2347 3381 2378 3412 N,
2398 3381 2509 3407 eandem

485 3420 516 3446 52
538 3420 666 3454 disponat]
687 3420 800 3453 disponit
818 3419 851 3445 Y.
871 3419 937 3445 Post
955 3419 1076 3452 disponat
1095 3419 1110 3444 b
1128 3419 1208 3444 addit
1225 3426 1285 3445 cum
1305 3420 1345 3452 pA
1365 3423 1483 3453 quatuor
1501 3419 1586 3445 lineas
1606 3419 1655 3445 Hic
1674 3419 1751 3453 igitur
1769 3426 1867 3452 ponere
1885 3422 1948 3450 etc.;
1967 3418 2028 3444 vide
2045 3417 2094 3443 :ub
2112 3417 2162 3450 pA.

1428 3494 1741 3527 Ferrea-tensis

1434 3557 1508 3588 licet
1531 3557 1682 3588 sensitiva
1705 3557 1746 3587 sit
1769 3555 1873 3587 forma
1896 3553 2051 3595 corporis,
2067 3562 2136 3584 non
2159 3558 2268 3585 tamen
2291 3553 2438 3596 sequitur
2459 3553 2508 3585 in-

1434 3602 1628 3633 tellectivam
1645 3601 1790 3642 corporis
1806 3599 1944 3631 formam
1961 3607 2043 3629 esse:
2062 3598 2202 3629 ostendit
2214 3598 2350 3630 Sanctus
2362 3597 2508 3630 Thomas

1434 3646 1519 3677 hanc
1536 3646 1734 3687 positionem
1756 3643 1904 3676 Platonis
1928 3642 2154 3684 impossibilem
2177 3652 2255 3680 esse,
2282 3643 2404 3674 scilicet
2421 3642 2509 3684 quod

1434 3691 1598 3726 sensitiva,
1617 3689 1773 3721 nutritiva
1786 3693 1818 3719 et
1829 3687 2022 3718 intellectiva
2034 3687 2100 3718 sint
2112 3688 2144 3718 in
2158 3688 2250 3719 nobis
2262 3692 2327 3719 tres
2339 3687 2470 3718 animae
2479 3688 2506 3718 *ἃ

2532 817 2541 826 ·
2547 815 2681 864 ἰΤιῐηιιιειιε,
2700 815 2747 838 loe.

2533 849 2553 864 C!
2566 858 2572 864 .

2532 1035 2541 1044 ·
2557 1033 2615 1061 cap.
2629 1039 2661 1060 u,
2671 1037 2718 1055 ινι.

2536 2745 2545 2755 ·
2561 2744 2620 2773 Cap.
2629 2750 2669 2767 xv.

2535 3672 2543 3681 ·
2561 3671 2597 3694 ct.
2615 3670 2751 3693 commane.

2535 3703 2586 3726 cap.
2600 3702 2685 3725 praee..
2699 3695 2751 3719 {nlt-
