2768 4134
56 2423 216 2461 nunqninit.
231 2417 233 2419 ’

700 282 889 319 SUMMA
918 282 1141 321 CONTRA
1169 283 1445 332 GENTILES,
1475 285 1569 322 LIB.
1591 286 1632 331 ΙΙ,
1663 285 1774 322 CAP.
1794 286 1999 323 LXXXIII.

248 361 308 392 erit
323 365 436 391 contra
460 359 529 390 eius
545 365 693 391 naturam
710 366 742 391 et
757 361 1020 392 inclinationem:
1040 363 1133 399 sicut,
1158 364 1236 404 quia
1252 372 1322 394 esse

247 406 282 436 in
304 405 380 436 loco
404 403 558 435 deorsum
582 410 630 435 est
657 405 838 437 secundum
868 407 1048 437 naturalem
1076 407 1322 438 inclinationem

246 450 361 491 gravis,
385 448 460 480 ideo
480 458 550 479 esse
573 455 661 480 extra
684 450 777 481 illurn
800 451 913 481 locum
937 457 984 482 est
1008 451 1068 482 sibi
1092 457 1205 483 contra
1227 458 1321 483 natu-

246 503 325 525 ram.
351 512 375 516 -
395 493 466 524 Nec
490 498 537 524 est
559 503 674 525 verum
703 494 794 534 quod
817 494 935 526 dicitur
958 506 976 526 a
1006 496 1211 536 quibusdam,
1236 505 1321 537 quo-

246 539 335 570 niam
347 547 416 569 esse
432 543 616 578 separatum
632 540 786 569 convenit
802 540 938 577 animae,
955 540 1136 571 secundum
1154 541 1321 582 propriam

245 589 394 615 naturam
410 581 641 619 consideratae,
656 588 783 614 tanturn
793 589 930 624 praeter
946 590 1109 621 naturam,
1125 595 1195 616 non
1211 591 1320 616 autem

247 633 360 659 contra
381 632 542 658 naturam.
566 626 651 657 Nam
675 634 800 668 praeter
823 634 971 660 naturam
994 630 1161 670 propriam
1185 630 1320 661 alicuius

246 672 363 703 dicitur
386 671 478 712 quod
500 680 609 711 neque
633 677 682 702 est
703 672 884 704 secundum
907 679 1040 705 naturae
1063 675 1320 711 inclinationem,

245 726 355 758 neque
378 717 448 747 eius
470 716 610 746 naturali
632 717 835 748 inclinationi
858 724 1029 759 repugnat:
1062 724 1188 750 constat
1211 725 1321 750 autem

245 761 336 802 quod
347 770 417 792 esse
429 765 614 801 separatum
630 771 648 791 a
664 771 803 802 corpore
816 768 864 793 est
876 769 987 794 contra
998 763 1178 794 naturalem
1194 764 1320 794 animae

244 806 500 841 inclinationem,
517 815 593 836 cum
616 805 686 846 ipsa
701 807 889 838 naturaliter
903 807 1076 838 inclinetur
1099 807 1139 838 ad
1163 818 1232 839 esse
1247 809 1321 839 uni·

244 856 322 881 tam.
346 849 424 880 Ideo
449 850 508 880 sibi
531 859 601 880 non
624 856 751 882 tantum
774 857 900 892 praeter
914 858 1063 883 naturam
1083 854 1247 890 convenit,
1263 852 1320 883 sed

245 895 344 926 etiam
367 899 480 925 contra
502 900 662 926 naturam.

300 939 384 970 VIII.
404 938 457 970 Ad
473 938 610 970 dubium
626 941 643 957 *
667 949 744 980 ergo
768 939 885 971 dicitur
900 940 991 982 quod
1006 941 1088 971 ratio
1104 941 1212 972 San'cti
1229 941 1320 972 Tho-

244 993 317 1015 mae
340 993 408 1015 non
426 989 474 1014 est
497 989 611 1015 contra
633 990 795 1025 ponentes
811 985 952 1016 animam
968 994 1135 1016 remanere
1158 991 1234 1026 post
1250 995 1321 1016 cor-

243 1039 316 1070 pus.
341 1029 428 1068 Quia
450 1038 519 1059 non
542 1035 672 1069 ponunt
695 1030 837 1060 animam
861 1030 980 1061 habere
1003 1039 1072 1061 esse
1096 1035 1279 1071 separatum
1303 1041 1321 1061 a

245 1083 383 1115 corpore
405 1073 602 1110 naturaliter,
619 1079 656 1104 ut
672 1073 749 1105 dicit
771 1075 943 1114 responsio
960 1084 1044 1115 quae
1067 1075 1189 1106 ibidem
1213 1076 1321 1116 impu-

243 1124 369 1160 gnatur,
393 1118 487 1159 quasi
508 1118 590 1149 illud
619 1118 680 1149 sibi
710 1119 892 1150 secundum
920 1119 1100 1150 naturalem
1130 1120 1199 1151 eius
1229 1120 1321 1151 incli-

242 1164 412 1195 nationem
436 1163 584 1194 absolute
610 1164 793 1194 conveniat.
818 1163 924 1195 Immo
953 1163 1066 1195 dicunt
1089 1164 1169 1196 illud
1193 1165 1321 1196 animae

243 1214 357 1241 contra
371 1213 520 1239 naturam
536 1208 722 1245 convenire,
739 1209 823 1239 sicut
837 1209 924 1249 gravi
941 1214 1054 1240 contra
1069 1215 1218 1240 naturam
1243 1219 1321 1240 con-

242 1254 332 1284 venit
355 1262 425 1284 esse
449 1257 538 1283 extra
563 1252 676 1284 locum
699 1253 863 1284 deorsum.
881 1272 903 1276 -
920 1253 1007 1284 Cum
1032 1259 1141 1285 autem
1164 1255 1322 1295 probatur

243 1297 335 1339 quod
358 1297 533 1330 conveniat
559 1296 626 1334 ,sibi
655 1297 838 1329 secundum
869 1303 1019 1329 naturam
1044 1299 1121 1339 quia
1153 1300 1320 1340 corruptio

242 1342 648 1375 hominisesrn‘aturalis:
667 1361 691 1364 —
705 1348 844 1384 negatur
866 1344 1113 1384 consequentia.
1138 1343 1224 1382 Quia
1248 1354 1320 1375 cor-

242 1388 353 1430 ruptio
375 1386 520 1418 hominis
542 1396 611 1417 non
629 1392 676 1418 est
690 1387 844 1418 naturalis
867 1393 1002 1428 propter
1016 1388 1197 1419 naturalem
1221 1398 1321 1429 appe-

242 1433 340 1464 titum
363 1432 490 1463 animae
506 1430 547 1461 ad
571 1440 640 1462 esse
663 1437 858 1472 separatum,
875 1431 932 1463 sed
946 1437 1087 1473 propter
1101 1433 1320 1464 conditionem

134 1497 144 1510 ι
175 1497 184 1506 .
209 1498 215 1508 .
243 1477 420 1510 materiae:
442 1481 480 1507 ut
501 1476 609 1516 inquit
631 1475 769 1507 Sanctus
793 1476 940 1507 Thomas
962 1476 1039 1507 loco
1059 1477 1276 1518 praeallegato
1292 1479 1320 1514 ³,

243 1527 277 1554 et
297 1521 314 1553 ῐ
328 1521 394 1558 11¹⁸,
410 1530 443 1561 q.
459 1530 573 1557 Lxxxv,
590 1530 618 1551 a.
637 1520 668 1551 6.

298 1564 545 1598 Advertendum
557 1570 668 1595 autem
684 1564 775 1606 quod
790 1565 845 1595 illa
859 1565 942 1596 ratio
957 1564 1068 1596 Sancti
1084 1565 1234 1596 Thomae
1250 1574 1320 1596 non

242 1610 352 1642 solum
367 1615 416 1641 est
431 1614 544 1640 contra
559 1614 721 1649 ponentes
737 1610 879 1640 animam
898 1609 1017 1640 habere
1041 1618 1111 1640 esse
1134 1610 1322 1640 naturaliter

242 1654 318 1687 οὐκ
340 1663 461 1695 corpus
485 1658 518 1684 et
539 1652 756 1694 postmodum
779 1653 966 1684 naturaliter
988 1653 1075 1684 uniri
1098 1655 1240 1694 corpori,
1263 1653 1320 1684 sed

242 1698 342 1732 etiam
364 1703 478 1730 contra
495 1698 698 1729 Avicennam
721 1703 754 1729 et
776 1699 846 1729 eius
869 1707 1037 1739 sequaces,
1061 1697 1206 1729 dicentes
1230 1698 1321 1739 quod

243 1748 278 1777 et
297 1743 384 1775 uniri
407 1744 548 1784 corpori,
573 1747 605 1773 et
628 1751 698 1774 esse
715 1748 904 1784 ,separatum
924 1753 942 1774 a
965 1751 1115 1784 corpore,
1139 1743 1322 1774 successive

241 1787 430 1821 fflraliter
460 1788 616 1819 convenit
643 1788 781 1819 animae.
809 1787 934 1818 Dicunt
961 1788 1049 1818 enim
1080 1787 1171 1828 quod
1195 1797 1264 1818 esse
1287 1788 1322 1818 in

242 1832 383 1877 c‘orpore
404 1833 551 1864 naturale
567 1832 627 1863 sibi
643 1838 692 1863 est
705 1833 740 1863 in
758 1833 933 1873 principio,
949 1832 984 1863 in
1000 1831 1065 1863 fine
1081 1841 1159 1863 vero
1175 1833 1320 1863 naturale

242 1877 311 1910 sitfl‘
327 1880 375 1910 est
398 1879 468 1908 esse
491 1882 691 1918 separatum:
708 1877 792 1908 sicut
807 1875 928 1918 duplex
952 1882 1002 1907 est
1022 1876 1142 1908 modus
1166 1877 1321 1907 naturalis

241 1922 373 1955 vivendi
390 1922 544 1959 hominis,
560 1921 684 1952 scilicet
698 1921 732 1952 in
748 1926 843 1952 utero
858 1922 892 1951 in
909 1921 1083 1962 principio,
1100 1920 1218 1953 deinde
1234 1927 1321 1952 extra

241 1966 384 2000 ut'erum.
415 1967 479 1997 Per
505 1968 590 1998 hanc
620 1966 708 1997 enim
738 1966 898 1997 rationem
922 1965 1032 1997 Sancti
1055 1965 1205 1996 Thomae
1232 1971 1322 2007 patet

242 2011 335 2054 qubd
356 2015 495 2052 uterque
518 2010 638 2042 modus
665 2010 794 2042 essendi
824 2010 1005 2041 successive
1029 2019 1098 2041 non
1128 2015 1238 2051 potest
1260 2011 1320 2041 ho-

242 2057 324 2089 mini
350 2057 504 2088 naturalis
535 2065 614 2087 esse.
639 2055 770 2096 Accipit
796 2056 884 2086 enim
911 2060 1069 2096 tanquam
1097 2055 1321 2088 universaliter

244 2100 358 2134 vei-tim
373 2101 465 2143 quod
482 2110 520 2131 ea
537 2109 621 2142 quae
637 2099 825 2131 naturaliter
840 2100 1003 2130 variantur
1026 2100 1109 2130 circa
1125 2099 1320 2138 subiectum,

242 2151 378 2178 manens
401 2146 525 2177 scilicet
551 2144 638 2175 idem
669 2143 851 2176 secundum
883 2144 1106 2181 substantiam,
1131 2149 1207 2175 sunt
1236 2145 1320 2176 acci-

242 2190 362 2223 dentia.
387 2189 430 2221 Et
443 2191 490 2221 sic
511 2194 666 2230 sequetur
689 2189 781 2231 quod
804 2189 911 2219 anima
927 2188 1167 2220 accidentaliter
1190 2190 1321 2230 corpori

242 2236 383 2268 uniatur.
400 2235 449 2266 Ex
465 2234 630 2276 positione
646 2240 756 2266 autem
772 2234 960 2265 Avicennae
982 2234 1120 2264 habetur
1135 2233 1227 2274 quod
1250 2243 1320 2265 esse

241 2282 373 2313 unitum
397 2279 538 2320 corpori,
564 2284 596 2310 et
619 2288 688 2310 esse
713 2280 752 2310 ab
777 2288 815 2309 ea
838 2283 1032 2320 separatum,
1057 2278 1243 2310 naturaliter
1266 2289 1320 2310 va-

242 2327 367 2358 riantur
389 2325 474 2356 circa
497 2324 650 2354 animam.

298 2370 354 2402 l'X.
377 2368 442 2401 Sed
466 2369 550 2399 circa
571 2368 656 2398 hanc
680 2366 984 2398 determinationem
1008 2367 1150 2397 occurrit
1172 2366 1320 2398 dubium.

242 2415 328 2447 Nam
351 2414 489 2446 Sanctus
513 2412 659 2443 Thomas
675 2411 824 2452 superius
838 2412 866 2447 *,
882 2411 940 2442 ubi
955 2411 1072 2452 probat
1087 2411 1178 2452 quod
1193 2413 1320 2443 animae

242 2469 312 2492 non
335 2464 412 2490 sunt
433 2458 544 2489 unitae
568 2456 760 2498 corporibus
783 2465 842 2497 per
859 2455 1060 2493 violentiam,
1080 2457 1216 2487 assumit
1237 2457 1322 2488 hanc

243 2503 517 2547 propositionem,
530 2501 622 2542 quod
634 2501 667 2532 in
683 2499 872 2532 substantiis
888 2500 1162 2532 intellectualibus
1174 2501 1257 2532 nihil
1272 2502 1321 2532 in-

244 2550 376 2582 venitur
390 2547 567 2579 violentum
581 2551 684 2587 neque
699 2550 817 2576 contra
833 2550 998 2576 naturam.
1015 2545 1103 2576 Cum
1120 2554 1198 2586 ergo
1215 2547 1322 2577 anima

243 2593 439 2626 intellecn'va
462 2592 503 2622 sit
524 2590 754 2627 immaterialis,
771 2590 919 2631 sequitur
937 2589 1029 2632 quod
1053 2599 1121 2621 esse
1146 2595 1234 2621 extra
1250 2600 1321 2621 cor-

243 2649 306 2680 pus
329 2646 399 2668 non
422 2637 462 2667 sit
485 2635 546 2666 sibi
568 2640 686 2666 contra
710 2640 874 2666 naturam.

298 2680 531 2714 Confirmatur.
554 2680 641 2719 Quia
656 2678 793 2711 Sanctus
809 2679 966 2716 Thomas,
984 2678 1024 2710 de
1040 2679 1101 2709 hac
1117 2679 1321 2720 separatione

244 2728 351 2759 Prima
373 2726 466 2757 Parte
489 2725 640 2766 loquens,
660 2734 692 2766 q.
709 2734 834 2761 mxxxix,
850 2734 878 2755 a.
901 2732 927 2761 1,
943 2723 1052 2764 inquit
1066 2724 1157 2764 quod
1181 2733 1250 2754 esse
1272 2732 1322 2754 se-

238 2777 398 2815 paratum
413 2781 434 2801 a
457 2779 597 2811 corpore
620 2774 669 2800 est
682 2769 814 2800 animae
830 2773 968 2810 praeter
983 2768 1145 2798 rationem
1167 2777 1248 2799 suae
1264 2776 1322 2799 na-

245 2817 358 2849 turae:
379 2824 449 2846 non
472 2820 582 2846 autem
603 2814 712 2855 inquit
734 2813 825 2854 quod
848 2813 888 2843 sit
911 2817 1027 2844 contra
1051 2817 1215 2843 naturam.
1243 2813 1245 2815 ’

301 2858 524 2895 Confirmatur
546 2858 703 2890 secundo.
727 2857 814 2896 Quia
829 2857 951 2888 ibidem
967 2856 1085 2888 eodem
1108 2857 1211 2888 modo
1235 2856 1320 2887 attri-

245 2906 319 2938 buit
339 2905 466 2936 animae
489 2913 558 2935 esse
582 2909 760 2944 separatam
784 2912 802 2933 a
825 2911 973 2943 corpore,
998 2906 1030 2932 et
1051 2901 1230 2942 intelligere
1253 2901 1322 2932 sine

245 2951 478 2992 phantasmate.
503 2947 567 2979 Sed
589 2946 768 2989 intelligere
784 2947 853 2977 sine
869 2947 1092 2988 phantasmate
1116 2945 1194 2976 dicit
1216 2946 1322 2976 inesse

245 2996 293 3027 illi
310 2999 447 3037 praeter
470 2998 635 3024 naturam.
659 2991 702 3022 Et
732 2990 941 3022 manifestum
970 2995 1018 3021 est
1049 2989 1139 3031 quod
1170 2990 1230 3020 sibi
1253 2998 1322 3020 non

247 3040 403 3072 convenit
425 3043 538 3069 contra
561 3043 721 3068 naturam.
744 3035 832 3077 Ergo
857 3040 917 3066 etc.

304 3094 334 3115 2.
358 3083 588 3124 Respondetur
610 3081 651 3112 ad
666 3085 894 3121 argumentum
913 3079 1091 3121 principale
1108 3077 1199 3119 quod
1213 3079 1322 3119 loqui—

246 3135 300 3160 tur
329 3129 466 3160 Sanctus
493 3128 639 3158 Thomas
666 3126 707 3156 de
734 3125 919 3156 substantiis
945 3122 1210 3155 immaterialibus
1237 3131 1322 3164 quae

247 3179 324 3206 sunt
347 3172 530 3214 completae
553 3172 588 3202 in
618 3171 740 3211 specie:
766 3179 834 3211 quo
858 3168 960 3200 modo
988 3168 1138 3199 dicebant
1163 3167 1322 3198 Platonici

247 3218 371 3250 animas
395 3226 465 3248 esse
481 3216 674 3248 substantias
689 3214 926 3245 immateriales.
950 3213 987 3243 In
1002 3213 1118 3243 talibus
1136 3212 1223 3243 enim
1241 3211 1323 3242 nihil

248 3264 300 3294 e‘st'
312 3268 425 3294 contra
439 3267 599 3293 naturam.
616 3260 734 3291 Anima
750 3264 859 3290 autem
876 3267 943 3288 non
961 3262 1009 3288 est
1025 3257 1104 3298 quid
1120 3256 1322 3297 completum

248 3308 282 3338 in
305 3308 425 3349 specie,
449 3306 506 3338 sed
531 3312 578 3338 est
600 3314 673 3346 pars
696 3304 816 3346 speciei
838 3303 1011 3333 humanae.
1034 3302 1152 3342 Neque
1176 3306 1224 3331 est
1246 3301 1323 3331 sim-

248 3352 377 3393 pliciter
401 3351 576 3392 superioris
607 3349 729 3380 ordinis
760 3357 859 3390 quam
889 3356 1027 3387 corpora
1056 3345 1221 3377 caelestia:
1247 3355 1323 3376 cum

249 3396 291 3427 sit
312 3405 385 3437 pars
408 3401 542 3427 naturae
557 3394 730 3426 materialis
746 3399 778 3424 et
797 3389 1023 3432 corruptibilis.
1047 3391 1089 3421 Et
1104 3389 1179 3421 ideo
1203 3391 1237 3420 in
1253 3390 1323 3430 ipsa

249 3446 359 3482 potest
381 3441 518 3472 inveniri
543 3438 666 3480 aliquid
689 3443 801 3469 contra
824 3442 983 3468 naturam.

327 3484 379 3516 Ad
394 3486 533 3526 primam
550 3483 833 3515 confirmationem
850 3481 966 3512 dicitur
977 3479 1068 3521 quod
1084 3479 1220 3510 Sanctus
1232 3478 1323 3509 Tho-

250 3539 319 3561 mas
337 3534 475 3571 praeter
491 3534 644 3560 naturam
668 3528 786 3568 accipit
802 3526 999 3568 quandoque
1015 3529 1052 3555 ut
1067 3523 1153 3555 idem
1169 3529 1218 3554 est
1233 3522 1324 3564 quod

251 3581 368 3606 contra
393 3579 557 3605 naturam.
582 3573 684 3612 Quod
706 3577 795 3614 patet
818 3581 856 3602 ex
879 3571 990 3601 tribus.
1015 3569 1135 3605 Primo,
1161 3569 1236 3608 quia
1259 3567 1323 3604 hic,

251 3620 286 3650 in
310 3625 423 3662 quarta
446 3614 581 3655 ratione,
605 3617 682 3649 facit
708 3618 791 3648 hanc
815 3614 1101 3655 consequentiam:
1129 3611 1232 3643 Omne
1256 3612 1323 3642 vio-

251 3666 372 3696 lentum
404 3669 452 3694 est
482 3668 598 3694 contra
632 3668 796 3693 naturam.
828 3661 863 3690 Si
887 3660 990 3701 igitur
1017 3658 1094 3689 unio
1123 3657 1253 3687 animae
1280 3656 1324 3686 ad

2373 289 2448 337 527

1374 374 1494 406 corpus
1517 370 1565 396 est
1587 365 1739 400 violenta,
1765 365 1835 405 ipsa
1858 370 1906 396 est
1922 371 2059 406 praeter
2074 372 2237 398 naturam.
2255 368 2346 400 Patet
2361 371 2449 401 enim

1375 409 1467 450 quod
1488 419 1548 450 pro
1573 409 1689 441 eodem
1707 409 1824 450 accipit
1840 415 1957 441 contra
1981 416 2145 448 naturam,
2167 412 2258 453 quod
2280 415 2391 454 posuit
2413 416 2448 446 in

1375 454 1596 490 antecedente,
1620 460 1652 485 et
1668 459 1806 494 praeter
1836 459 1998 491 naturam,
2028 456 2118 496 quod
2142 457 2252 497 posuit
2274 458 2309 488 in
2332 468 2447 491 conse-

1375 505 1506 539 quente.
1524 517 1546 520 —
1561 498 1714 530 Secundo
1730 499 1816 539 quia,
1834 508 1910 529 curn
1926 500 1988 536 hic,
2005 501 2039 530 in
2054 501 2196 532 secunda
2219 502 2344 533 ratione
2358 505 2446 544 prin-

1375 544 1480 584 cipali,
1497 543 1574 574 velit
1590 552 1658 573 esse
1674 547 1856 582 separatum
1874 545 2048 575 convenire
2065 546 2190 576 animae
2199 552 2337 586 praeter
2351 554 2446 579 natu-

1375 597 1457 624 ram,
1485 587 1629 623 inferius,
1645 587 1678 618 in
1696 592 1810 627 quarto
1828 587 1920 624 libro,
1938 597 2007 628 cap.
2025 599 2127 626 mxrx,
2152 591 2186 621 in
2202 591 2306 631 prima
2321 593 2445 624 ratione

1373 632 1521 669 naturali,
1538 632 1581 662 ait
1597 630 1688 672 quod
1703 635 1819 661 contra
1837 636 1990 662 naturam
2006 633 2136 665 animae
2159 639 2207 666 est
2220 635 2291 666 sine
2306 645 2446 677 corpore

1374 687 1452 708 esse.
1469 676 1560 708 Idem
1576 676 1712 706 habetur
1731 675 1847 711 Prima,
1865 685 1896 716 q.
1913 686 2018 713 cxvm,
2036 687 2063 708 a.
2082 678 2111 709 3.
2129 697 2151 701 —
2167 679 2290 716 Tertio,
2311 681 2387 721 quia
2410 683 2442 713 in

1374 722 1480 752 Prima
1502 721 1605 758 Parte,
1621 721 1678 751 ubi
1702 720 1857 760 allegatur
1867 721 1894 757 ξ
1920 720 2037 752 eodem
2052 722 2154 754 modo
2177 724 2247 754 vult
2270 726 2444 757 convenire

1374 767 1500 797 animae
1524 771 1703 806 separatam
1727 773 1796 795 esse
1821 774 1839 794 a
1866 774 2019 805 corpore,
2049 776 2115 806 quo
2144 767 2206 798 levi
2227 774 2363 808 praeter
2385 780 2443 801 na-

1375 817 1484 842 turam
1500 810 1653 841 convenit
1668 818 1737 840 esse
1754 814 1841 839 extra
1855 810 2026 850 proprium
2044 810 2166 842 locum.
2183 811 2320 843 Constat
2335 820 2444 846 autem

1374 855 1465 896 quod
1493 855 1538 885 sic
1562 860 1610 885 est
1637 859 1762 895 praeter
1790 858 1938 884 naturam
1968 854 2030 884 levi
2061 864 2129 886 esse
2160 861 2246 886 extra
2273 859 2443 898 proprium

1374 901 1486 931 locum
1510 899 1601 940 quod
1616 904 1663 930 est
1679 903 1791 929 contra
1814 903 1963 929 naturam
1986 899 2065 936 eius,
2082 899 2145 930 hoc
2169 906 2226 936 est,
2248 907 2359 932 contra
2375 904 2443 934 eius

1373 945 1553 976 naturalem
1576 943 1830 974 inclinationem.
1855 942 1942 983 Ergo
1966 948 2027 974 etc.

1428 989 1480 1020 Ad
1511 987 1688 1020 secundam
1714 986 1998 1018 confirmationem
2030 987 2148 1019 eodem
2178 988 2280 1020 modo
2312 989 2442 1021 dicitur:

1373 1034 1496 1064 scilicet
1519 1032 1610 1074 quod
1627 1037 1765 1073 praeter
1787 1037 1941 1062 naturam
1970 1033 2087 1073 accipit
2110 1038 2146 1063 ut
2171 1032 2259 1064 idem
2283 1039 2330 1064 est
2353 1035 2444 1074 quod

1374 1083 1491 1110 contra
1508 1083 1671 1109 naturam.
1688 1094 1711 1098 —
1727 1076 1814 1108 Cum
1829 1082 1938 1107 autem
1955 1076 2072 1108 dicitur
2088 1076 2178 1118 quod
2202 1083 2328 1109 constat
2351 1079 2444 1110 intel-

1373 1123 1471 1164 ligere
1495 1124 1617 1164 absque
1640 1122 1862 1163 phantasmate
1890 1131 1958 1152 non
1983 1122 2156 1153 convenire
2181 1123 2307 1154 animae
2331 1129 2444 1155 contra

1374 1173 1536 1199 naturam:
1552 1185 1576 1190 —
1591 1165 1806 1208 respondetur
1823 1166 1924 1207 quod,
1941 1166 2132 1207 accipiendo
2149 1172 2265 1198 contra
2290 1173 2443 1199 naturam

1373 1218 1410 1243 ut
1425 1212 1512 1244 idem
1529 1217 1576 1243 est
1592 1211 1683 1253 quod
1698 1216 1813 1242 contra
1831 1211 2015 1242 naturalem
2029 1211 2273 1242 inclinationem
2283 1213 2444 1254 propriae

1375 1262 1524 1293 naturae,
1541 1266 1608 1287 non
1625 1261 1734 1287 autem
1750 1260 1786 1285 ut
1809 1254 1896 1286 idem
1913 1261 1960 1286 est
1976 1255 2066 1296 quod
2082 1266 2271 1298 repugnans
2287 1258 2444 1289 essentiae

1374 1307 1406 1332 et
1428 1301 1610 1343 quidditati,
1636 1310 1703 1341 quo
1727 1298 1828 1330 modo
1852 1300 2036 1331 irrationale
2060 1310 2128 1331 esse
2152 1307 2265 1332 contra
2294 1307 2443 1333 naturam

1374 1347 1516 1377 hominis
1540 1351 1597 1382 est,
1613 1345 1790 1385 intelligere
1807 1345 1928 1385 absque
1944 1345 2164 1385 phantasmate
2188 1351 2235 1376 est
2258 1352 2370 1376 contra
2387 1357 2444 1378 na-

1374 1396 1479 1422 turam
1492 1391 1618 1421 animae
1630 1389 1776 1420 absolute
1789 1388 2038 1420 consideratam:
2053 1390 2138 1430 quia,
2150 1395 2188 1420 ut
2202 1391 2308 1431 inquit
2323 1390 2444 1422 ibidem

1375 1435 1511 1466 Sanctus
1534 1435 1690 1471 Thomas,
1707 1433 1822 1464 modus
1846 1433 2050 1475 intelligendi
2059 1444 2123 1475 per
2137 1435 2381 1465 conversionem
2402 1435 2446 1466 ad

1368 1480 1601 1520 phantasmata
1615 1483 1661 1509 est
1676 1478 1807 1508 animae
1820 1478 1983 1509 naturalis
1998 1479 2083 1509 sicut
2097 1484 2128 1509 et
2143 1479 2233 1509 uniri
2244 1480 2377 1520 corpori
2384 1487 2397 1516 ,·
2412 1486 2444 1511 et

1374 1534 1432 1564 per
1458 1532 1663 1564 consequens
1690 1523 1861 1563 oppositus
1888 1522 2006 1553 modus
2028 1522 2228 1563 intelligendi
2251 1524 2310 1554 erit
2332 1530 2445 1555 contra

1374 1568 1554 1600 naturalem
1569 1569 1696 1598 animae
1718 1567 1973 1603 inclinationem,
1990 1567 2078 1597 iuxta
2101 1577 2139 1598 ea
2162 1577 2245 1607 quae
2268 1569 2445 1608 superius*

1375 1612 1460 1644 dicta
1474 1618 1559 1643 sunt.
1575 1630 1598 1634 -
1614 1612 1698 1642 Dico
1714 1616 1823 1641 tamen
1838 1611 1938 1651 quod,
1955 1612 2125 1652 supposita
2145 1611 2361 1643 disiunctione
2377 1614 2445 1644 ani-

1374 1666 1446 1688 mae
1463 1667 1481 1687 a
1497 1665 1645 1697 corpore,
1663 1661 1694 1686 et
1710 1656 1881 1696 supposito
1895 1654 1986 1696 quod
1999 1656 2111 1686 anima
2125 1655 2240 1686 habeat
2256 1665 2324 1687 esse
2341 1667 2359 1687 a
2374 1667 2445 1687 cor-

1374 1711 1455 1742 pore
1471 1705 1624 1742 separata,
1637 1699 1692 1730 ille
1703 1699 1822 1730 modus
1835 1698 2034 1739 intelligendi
2047 1705 2094 1730 est
2106 1700 2166 1730 sibi
2177 1700 2346 1731 naturalis:
2363 1702 2447 1732 sicut

1374 1746 1498 1777 dictum
1522 1751 1570 1776 est
1591 1754 1688 1785 supra
1704 1745 1721 1760 “
1745 1743 1846 1784 quod,
1863 1744 2031 1784 supposita
2048 1743 2265 1775 disiunctione
2286 1745 2412 1776 animae
2429 1755 2447 1776 a

1374 1800 1523 1832 corpore,
1539 1789 1684 1821 naturale
1700 1794 1748 1819 est
1762 1789 1823 1819 sibi
1838 1798 1906 1819 non
1923 1789 2089 1829 corrumpi
2104 1789 2138 1819 in
2161 1788 2216 1819 tali
2233 1789 2445 1830 separatione,

1374 1835 1431 1867 sed
1452 1835 1590 1866 retinere
1613 1833 1785 1875 proprium
1801 1842 1870 1864 esse
1887 1834 1983 1864 etiam
1999 1843 2017 1863 a
2032 1842 2170 1873 corpore
2193 1839 2387 1874 separatam;
2403 1835 2448 1865 ita

1374 1879 1465 1922 quod
1476 1879 1596 1910 modus
1608 1878 1665 1919 qui
1682 1882 1729 1908 est
1744 1883 1856 1908 contra
1872 1883 2019 1908 naturam
2035 1878 2160 1908 animae
2180 1878 2326 1908 absolute
2342 1879 2447 1909 consi-

1374 1925 1512 1963 deratae,
1534 1929 1582 1954 est
1604 1922 1665 1953 sibi
1687 1921 1839 1952 naturalis
1855 1928 1892 1952 ut
1914 1927 1975 1952 stat
1997 1921 2056 1952 sub
2076 1931 2144 1953 esse
2161 1933 2179 1952 a
2195 1931 2332 1963 corpore
2355 1932 2446 1963 sepa-

1373 1975 1453 2000 rato.
1477 1968 1519 1999 Et
1534 1968 1580 1999 sic
1594 1965 1841 2007 intelligendum
1858 1971 1905 1997 est
1920 1966 2011 2007 quod
2026 1967 2133 2007 inquit
2147 1965 2283 1998 Sanctus
2302 1967 2447 1998 Thomas

1372 2013 1479 2044 Prima
1494 2013 1596 2049 Parte,
1615 2011 1670 2042 ubi
1686 2020 1783 2052 supra
1794 2011 1821 2047 ³,
1839 2009 1879 2041 ad
1896 2010 1926 2047 3,
1943 2010 2064 2042 scilicet
2079 2011 2299 2053 cognitionem
2315 2012 2446 2042 animae

1372 2063 1545 2100 separatae
1561 2066 1627 2098 per
1640 2056 1761 2097 species
1781 2065 1823 2086 ex
1846 2054 2017 2095 influentia
2034 2054 2136 2086 divini
2159 2056 2292 2086 luminis
2308 2056 2446 2097 partici-

1367 2102 1476 2144 patas,
1502 2111 1570 2133 esse
1594 2101 1788 2132 naturalem.

1432 2148 1462 2178 3.
1490 2146 1542 2178 Ad
1572 2146 1730 2176 rationem
1762 2149 1874 2175 contra
1900 2143 2076 2174 secundam
2107 2144 2265 2175 rationem
2295 2144 2446 2175 adversus

1375 2192 1511 2223 eandem
1535 2190 1783 2231 responsionem
1798 2190 1825 2225 ⁹,
1851 2187 1966 2219 dicitur
1990 2188 2080 2228 quod
2103 2189 2278 2219 substantia
2300 2190 2447 2220 immate-

1373 2236 1458 2267 rialis
1482 2235 1645 2276 completa
1660 2236 1693 2265 in
1717 2234 1835 2274 specie,
1853 2238 1888 2263 ut
1904 2233 2053 2263 dicebant
2069 2233 2114 2263 illi
2130 2234 2271 2263 animam
2287 2243 2355 2264 esse
2372 2234 2446 2264 sub-

1374 2282 1524 2312 stantiam
1546 2279 1802 2315 immaterialem,
1827 2287 1895 2308 non
1926 2283 1973 2308 est
2003 2277 2146 2308 subiecta
2175 2277 2303 2308 caelesti
2326 2279 2445 2308 motui:

1375 2327 1452 2367 quia
1475 2325 1612 2356 omnino
1636 2323 1762 2354 excedit
1784 2327 1891 2353 totum
1915 2321 2063 2352 ordinem
2091 2323 2255 2362 temporis.
2281 2321 2344 2353 Sed
2372 2323 2447 2353 sub-

1375 2371 1490 2401 stantia
1513 2368 1685 2410 spiritualis
1709 2377 1792 2408 quae
1817 2371 1864 2397 est
1887 2375 1959 2407 pars
1982 2367 2112 2406 speciei,
2136 2371 2172 2397 ut
2195 2375 2256 2397 nos
2279 2366 2319 2397 de
2343 2367 2449 2397 anima

1373 2415 1569 2446 intellectiva
1593 2413 1741 2448 dicimus,
1766 2417 1813 2442 est
1836 2411 1979 2442 subiecta
2005 2411 2110 2441 motui
2135 2416 2292 2451 quantum
2316 2410 2356 2442 ad
2380 2412 2449 2442 eius

1375 2470 1455 2496 esse,
1478 2469 1547 2490 non
1566 2458 1764 2499 simpliciter,
1787 2455 1844 2486 sed
1867 2461 1903 2486 ut
1929 2455 2120 2486 variabiliter
2147 2455 2355 2496 coniungitur
2379 2465 2449 2486 cor-

1375 2505 1464 2546 pori:
1493 2504 1580 2544 quia,
1603 2507 1640 2534 ut
1666 2503 1721 2539 sic,
1746 2510 1814 2532 non
1841 2506 1889 2531 est
1911 2509 2007 2541 supra
2030 2505 2136 2530 totum
2160 2500 2308 2530 ordinem
2331 2509 2449 2540 corpo-

1375 2549 1458 2586 rum,
1483 2548 1540 2579 sed
1561 2548 1701 2589 pertinet
1724 2546 1834 2587 aliquo
1858 2544 1958 2576 modo
1983 2543 2023 2575 ad
2047 2543 2194 2575 ordinem
2216 2544 2448 2585 generabilium

1376 2600 1408 2625 et
1435 2592 1711 2633 corruptibilium,
1741 2591 1936 2631 inquantum
1963 2594 2010 2619 est
2038 2598 2110 2628 pars
2132 2590 2178 2619 rei
2201 2588 2392 2629 generabilis
2417 2594 2449 2619 et

1376 2637 1604 2678 corruptibilis.
1636 2635 1713 2667 Ideo
1741 2635 1822 2665 ratio
1851 2634 1959 2665 Sancti
1991 2633 2140 2664 Thomae
2171 2633 2338 2664 concludit
2368 2642 2447 2663 con-

1374 2689 1422 2714 tra
1445 2681 1631 2713 Platonicos
1655 2686 1687 2711 et
1711 2679 1922 2720 Origenistas:
1952 2687 2020 2708 non
2049 2683 2157 2708 autem
2185 2683 2298 2708 contra
2320 2686 2447 2718 ponen-

1375 2734 1423 2759 tes
1447 2728 1588 2758 animam
1616 2734 1684 2756 esse
1715 2730 1839 2765 partem
1868 2723 2025 2759 hominis,
2057 2728 2088 2752 et
2118 2727 2192 2763 post
2216 2723 2284 2753 eius
2307 2727 2447 2752 mortem

1375 2780 1552 2803 remanere.

1431 2816 1471 2847 X.
1488 2814 1540 2846 Ad
1554 2814 1686 2845 tertium
1703 2812 1838 2844 dubium
1848 2813 1865 2829 ¹*
1881 2811 1998 2842 dicitur
2014 2810 2105 2852 quod
2119 2810 2199 2841 illud
2214 2811 2447 2841 inconveniens

1375 2870 1444 2892 non
1457 2859 1603 2901 sequitur
1617 2857 1798 2890 secundum
1814 2856 2012 2898 positionem
2027 2861 2180 2886 nostram.
2197 2855 2283 2893 Quia
2297 2855 2447 2886 voluntas

1377 2904 1486 2946 divina
1507 2905 1604 2935 habet
1631 2912 1707 2934 cum
1730 2902 1897 2933 voluntate
1924 2901 2066 2931 hominis
2096 2900 2276 2941 generantis
2299 2899 2447 2930 ordinem

1377 2949 1541 2991 quendam
1571 2947 1753 2979 secundum
1783 2946 1924 2978 divinam
1955 2944 2212 2986 dispositionem.
2240 2943 2331 2975 Sicut
2360 2941 2447 2974 enim

1377 2995 1466 3025 Deus
1483 2993 1643 3024 ordinavit
1657 2992 1783 3033 agentia
1799 2991 1950 3022 inferiora
1966 2989 2006 3021 ad
2021 2987 2290 3020 introducendam
2309 2984 2447 3018 formam

1376 3040 1410 3070 in
1433 3037 1600 3069 materiam
1624 3037 1813 3078 dispositam
1836 3045 1905 3066 non
1935 3034 2134 3076 impeditam,
2158 3034 2201 3063 ita
2231 3032 2390 3073 disposuit
2413 3042 2447 3063 se

1377 3088 1561 3114 creaturum
1584 3082 1725 3112 animam
1752 3080 1980 3111 intellectivam
2009 3078 2284 3120 quandocumque
2307 3086 2365 3117 per
2387 3077 2448 3107 ho-

1377 3129 1500 3159 minem
1522 3132 1731 3167 generantem
1754 3125 1850 3156 fuerit
1873 3124 2005 3155 materia
2029 3123 2183 3164 disposita
2207 3121 2246 3152 ad
2269 3121 2449 3161 susceptio-

1376 3182 1453 3203 nem
1475 3172 1547 3203 talis
1570 3170 1704 3202 formae.
1729 3170 1887 3200 Voluntas
1911 3174 2020 3199 autem
2036 3167 2177 3199 hominis
2200 3166 2392 3207 generantis,
2410 3175 2449 3196 ex

1376 3217 1541 3258 positione
1564 3215 1706 3252 illorum,
1729 3214 1858 3245 nullum
1881 3213 2029 3244 ordinem
2055 3212 2152 3243 habet
2183 3220 2260 3241 cum
2282 3211 2449 3241 voluntate

1377 3263 1503 3292 animae
1527 3265 1700 3302 separatae.
1717 3259 1794 3290 Ideo
1811 3258 1850 3290 ad
1866 3258 1997 3289 illorum
2011 3257 2210 3298 positionem
2226 3255 2371 3295 sequitur
2386 3254 2449 3285 tale

1377 3306 1621 3342 inconveniens,
1652 3304 1774 3335 scilicet
1803 3302 1894 3344 quod
1923 3302 2003 3333 unio
2028 3302 2154 3332 animae
2182 3306 2214 3330 et
2240 3300 2386 3340 corporis
2409 3300 2451 3329 sit

1378 3351 1529 3382 casualis:
1553 3359 1623 3380 non
1646 3355 1755 3380 autem
1771 3347 1812 3379 ad
1834 3353 1978 3378 nostram
2001 3346 2210 3387 positionem.

1434 3405 1464 3426 2.
1489 3394 1629 3426 Adverte
1653 3399 1771 3429 autem,
1796 3393 1830 3422 in
1853 3390 2121 3432 responsionibus
2145 3388 2186 3419 ad
2207 3389 2272 3419 hoc
2297 3393 2450 3428 quartum

1378 3444 1616 3480 argumentum,
1641 3437 1741 3478 quod,
1759 3441 1872 3467 contra
1896 3435 2052 3476 quasdam
2073 3433 2250 3475 arguendo,
2276 3431 2354 3463 dicit
2381 3431 2451 3462 ill'as

1377 3490 1466 3515 stare
1490 3494 1556 3514 non
1574 3490 1693 3524 posse:
1717 3482 1793 3522 quia
1823 3481 1892 3511 illas
1923 3480 2111 3520 simpliciter
2134 3479 2202 3518 ipse
2233 3477 2367 3518 putabat
2389 3477 2450 3507 im-

1377 3529 1558 3569 possibiles.
1575 3528 1697 3558 Contra
1721 3531 1829 3557 autem
1852 3525 1977 3556 tertiam
1993 3522 2153 3559 instando,
2178 3522 2266 3552 illam
2290 3531 2355 3552 non
2372 3529 2451 3551 con-

1377 3574 1557 3604 venientem
1582 3571 1685 3603 videri
1708 3572 1769 3601 ait:
1795 3570 1871 3610 quia
1893 3579 1961 3600 non
1986 3574 2033 3599 est
2056 3566 2144 3608 apud
2167 3567 2275 3607 ipsum
2299 3566 2451 3606 impossi-

1377 3618 1441 3649 bile
1465 3618 1588 3648 animas
1612 3626 1680 3647 esse
1703 3625 1721 3646 a
1744 3615 1815 3645 Deo
1841 3619 1913 3644 ante
1945 3622 2084 3654 corpora
2108 3614 2245 3647 creatas,
2265 3611 2341 3642 licet
2370 3608 2452 3640 illud

1377 3672 1436 3702 pro
1461 3660 1704 3692 inconvenienti
1728 3659 1852 3690 habeat.

2471 730 2481 739 '¹
2488 729 2584 756 Quaest.
2591 737 2684 757 mxxxix,

2470 760 2512 778 art.
2526 763 2544 778 ι.

2471 1577 2481 1586 ·
2495 1576 2566 1598 Num.
2582 1582 2622 1598 vn.

2475 1754 2483 1763 ·
2498 1752 2560 1774 lbid.

2474 2019 2483 2027 ·
2495 2018 2541 2045 Qu.
2558 2024 2653 2043 Lxxxtx,
2666 2025 2684 2039 ι.

2475 2201 2484 2210 ·
2498 2199 2569 2221 Num.
2581 2206 2603 2225 v.
2619 2205 2639 2226 2,
2653 2199 2690 2221 Si-

2474 2227 2569 2248 militer.

2474 2819 2483 2828 ·
2498 2817 2567 2839 Num.
2580 2824 2602 2843 v,
2611 2823 2635 2846 3.
