2768 4134
57 2353 153 2379 utun.
167 2361 210 2378 ιιι.

774 266 962 308 SUMMA
991 265 1214 306 CONTRA
1243 265 1518 314 GENTILES,
1547 269 1640 305 LIB.
1662 271 1703 315 ΙΙ,
1733 270 1844 307 CAP.
1865 271 2030 311 LXXIII,

302 348 385 378 inter
415 345 470 376 illa
496 345 580 375 actio
612 351 754 382 aeterna,
783 350 814 376 et
840 345 886 376 sic
912 354 981 377 non
1011 349 1123 384 posset
1152 352 1222 377 esse
1249 349 1378 374 aeterna

302 391 409 423 forma
423 390 506 430 ignis
527 390 563 419 in
579 390 798 420 combustibili
812 394 954 429 recepta,
970 388 1027 419 sed
1045 388 1242 428 temporalis.
1258 406 1282 411 —
1297 388 1378 419 Ter—

302 432 346 468 fia
361 440 419 471 est,
436 440 472 466 ut
495 434 559 464 sint
581 433 721 466 deducta
735 433 978 475 impedimenta,
993 433 1020 463 si
1042 433 1083 463 sit
1097 442 1195 473 agens
1211 432 1302 473 quod
1317 433 1378 463 im—

302 480 407 521 pediri
430 479 543 520 possit.

358 525 450 556 Licet
473 529 583 553 autem
606 528 744 563 uterque
765 532 878 554 sensus
893 531 987 553 verus
1010 522 1060 558 sit,
1083 520 1191 552 modis
1213 521 1377 562 expositis,

302 570 470 610 possitque
493 573 631 607 uterque
654 567 777 598 litterae
800 567 952 608 adaptari,
972 566 1096 607 primus
1118 571 1228 601 ,tamen
1251 565 1379 596 videtur

302 615 462 645 intentus:
488 612 565 651 quia
592 613 764 652 proposito
789 612 948 652 congruit.
974 611 1061 642 Cum
1084 611 1173 642 enim
1194 611 1377 642 intellectus

302 657 464 699 possibilis
486 665 555 686 non
578 655 675 686 fuerit
698 666 846 698 unquam
869 657 1004 692 otiosus,
1027 664 1137 695 neque
1164 656 1261 687 etiam
1283 655 1378 686 intel-

302 704 405 734 lectus
427 709 540 741 agens;
565 701 591 730 si
622 702 743 732 aeterni
773 707 946 741 ponantur,
973 709 1106 735 necesse
1137 706 1184 732 est
1211 700 1318 731 dicere
1346 705 1378 730 et

302 748 395 781 illum
418 747 457 777 ab
482 750 614 775 aeterno
639 745 738 777 fuisse
758 748 980 787 recipientem,
998 752 1030 777 et
1050 746 1154 779 alium
1180 746 1220 776 ab
1244 751 1376 776 aeterno

302 791 400 823 fuisse
422 795 584 830 agentem.
616 790 658 820 Et
685 792 730 822 sic
758 793 941 833 propositio
972 796 1139 831 assumpta
1159 789 1287 821 videtur
1308 799 1377 821 non

302 835 518 870 materialiter,
541 834 598 864 sed
621 834 799 868 formaliter
820 835 1030 877 intelligenda
1052 844 1132 866 esse.

355 881 439 912 XIII.
463 878 516 909 Ad
539 879 637 910 huius
661 886 771 912 autem
798 882 931 913 rationis
961 880 1232 920 consequentiam
1258 879 1376 919 princi-

301 926 412 966 palem
433 923 610 964 respondet
632 925 792 957 Averroes
808 926 908 967 quod,
933 935 1010 957 cum
1025 925 1150 966 species
1169 923 1377 964 intelligibilis

301 971 417 1001 habeat
440 978 501 1011 pro
528 969 675 1000 subiecto
707 976 740 1002 et
767 971 969 1003 intellectum
1000 970 1188 1011 possibilem
1215 974 1247 1000 et
1273 969 1377 1009 phan-

301 1021 414 1051 tasma,
437 1017 522 1046 sicut
545 1020 576 1046 et
599 1014 723 1055 species
746 1016 878 1047 visibilis
902 1025 970 1047 rem
987 1022 1074 1048 extra
1097 1015 1239 1046 animam
1262 1019 1294 1044 et
1316 1022 1377 1054 po-

301 1060 436 1092 tentiam
459 1060 604 1096 visivam,
627 1059 668 1089 ab
690 1060 858 1091 intellectu
878 1061 974 1092 habet
992 1061 1223 1096 aeternitatem,
1240 1068 1259 1089 a
1273 1059 1376 1099 phan-

301 1109 436 1136 tasmate
459 1114 537 1136 vero
560 1104 750 1136 novitatem.

360 1159 390 1180 2.
409 1149 474 1182 Sed
490 1155 603 1182 contra
618 1151 763 1190 arguitur
778 1148 959 1190 dupliciter.
976 1150 1096 1181 Primo.
1115 1147 1318 1189 Impossibile
1329 1151 1378 1178 est

301 1199 338 1224 ut
361 1195 446 1226 actio
470 1201 502 1226 et
516 1195 674 1236 perfectio
697 1194 820 1225 aeterni
843 1193 1049 1234 dependeant
1064 1204 1083 1225 a
1106 1192 1287 1235 temporali.
1313 1190 1377 1222 Sed

299 1239 526 1279 phantasmata
546 1239 738 1279 temporalia
763 1244 849 1275 sunt,
874 1244 906 1269 et
933 1238 1079 1279 quotidie
1101 1237 1143 1270 de
1169 1246 1259 1269 novo
1282 1235 1375 1267 fiunt.

301 1283 389 1324 Ergo
418 1284 619 1326 impossibile
651 1289 699 1314 est
722 1288 759 1314 ut
785 1283 910 1324 species
932 1283 1160 1324 intelligibiles,
1184 1281 1304 1323 quibus
1327 1281 1377 1311 in-

301 1328 635 1404 atilectnspessibilis
657 1327 694 1358 fit
716 1333 791 1359 actu
814 1333 847 1358 et
869 1334 1032 1368 operatur,
1057 1338 1075 1358 a
1100 1326 1377 1368 phantasmatibus

343 1373 517 1413 pendeant.

356 1417 521 1449 Secundo.
545 1417 634 1448 Nihil
656 1417 771 1456 recipit
786 1415 877 1457 quod
898 1417 964 1448 iam
987 1417 1097 1448 habet:
1118 1425 1196 1447 cum
1217 1415 1377 1454 recipiens

301 1467 452 1502 oporteat
466 1472 536 1495 esse
550 1461 753 1493 denudatum
767 1470 787 1491 a
801 1466 944 1501 recepto,
960 1460 1142 1492 secundum
1157 1459 1376 1492 Aristotelem.

300 1505 433 1547 Species
443 1512 554 1538 autem
564 1505 799 1537 intellectuales
810 1510 884 1536 ante
894 1505 1076 1546 intelligere
1089 1514 1203 1536 meum
1218 1504 1271 1535 vel
1282 1509 1376 1535 tuum

300 1549 434 1582 fuenmt
455 1551 490 1582 in
512 1550 680 1581 intellectu
710 1549 873 1590 possibili:
899 1549 1047 1590 alioquin
1075 1550 1200 1590 priores
1227 1549 1377 1579 homines

299 1603 368 1626 nnn
391 1595 631 1626 intellexissent.
655 1594 743 1634 Ergo
767 1599 828 1625 etc.

303 1652 308 1654 ·
355 1638 386 1670 3.
409 1639 479 1670 Nec
494 1639 580 1670 valet
601 1640 628 1670 si
651 1638 776 1670 dicatur
799 1637 891 1679 quod
911 1639 1035 1679 species
1058 1638 1147 1678 prius
1170 1642 1320 1677 receptae
1343 1637 1376 1667 in

298 1683 465 1715 intellectu
489 1688 705 1714 cessaverunt.
723 1682 909 1713 Intellectus
925 1683 1013 1713 enim
1036 1691 1105 1712 non
1128 1681 1236 1713 solum
1252 1681 1376 1721 recipit,

299 1727 357 1759 sed
378 1728 477 1759 etiam
500 1733 669 1759 conservat
693 1737 778 1768 quae
799 1727 923 1767 recipit.
948 1726 1050 1766 Quod
1072 1732 1174 1768 patet:
1194 1731 1265 1757 tum
1289 1725 1376 1766 quia,

298 1771 482 1805 secundum
504 1772 713 1804 Aristotelem
735 1773 770 1804 in
793 1771 837 1802 111
852 1772 893 1803 de
907 1772 1036 1807 Anima,
1061 1771 1178 1803 dicitur
1200 1771 1292 1802 locus
1306 1779 1376 1810 spe-

299 1816 433 1849 ae'rmn.
448 1834 473 1840 —
487 1817 576 1849 Turn
599 1817 677 1858 quia
698 1816 882 1848 intellectus
905 1823 954 1848 est
976 1817 1076 1848 virtus
1102 1815 1251 1856 superior
1276 1823 1376 1856 quam

298 1868 422 1898 sensus,
439 1867 471 1893 et
489 1871 547 1902 per
562 1870 768 1902 consequens
786 1861 888 1901 magis
903 1861 1004 1892 unita.
1025 1859 1128 1899 Quod
1142 1865 1283 1891 constat:
1300 1859 1377 1899 quia

298 1911 386 1938 uus
407 1906 591 1939 intellectus
605 1906 703 1939 habet
724 1905 882 1937 iudicium
898 1905 939 1936 de
958 1905 1090 1936 diversis
1110 1904 1283 1944 generibus
1303 1912 1376 1934 sen-

299 1950 453 1987 sibilium,
477 1960 561 1991 quae
585 1950 626 1981 ad
655 1950 795 1981 diversas
818 1950 981 1990 potentias
1011 1949 1177 1980 sensitivas
1204 1948 1376 1989 pertinent.

299 1994 343 2026 Et
354 1995 414 2032 sic,
425 2004 502 2026 cum
519 1994 680 2035 quaedam
695 1995 862 2036 potentiae
877 1994 1048 2025 sensitivae
1064 1993 1223 2033 recipiant
1237 1997 1375 2028 tantum,

300 2045 337 2071 ut
359 2049 473 2071 sensus
497 2039 633 2080 (scilicet
655 2038 823 2079 exterior);
848 2038 1008 2079 quaedam
1025 2043 1134 2069 autem
1156 2038 1325 2073 retineant,
1341 2041 1377 2067 ut

299 2085 503 2125 imaginatio;
525 2085 596 2125 ipse
622 2083 804 2115 intellectus
831 2088 864 2114 et
888 2083 1003 2123 recipit
1031 2087 1063 2113 et
1089 2082 1208 2115 retinet
1236 2086 1375 2121 recepta.

299 2129 399 2167 Quia,
414 2138 491 2160 cum
512 2138 636 2160 vanum
650 2129 692 2159 sit
705 2128 740 2159 in
762 2128 860 2159 rebus
874 2127 1073 2159 naturalibus
1096 2126 1204 2158 dicere
1227 2131 1263 2156 ut
1286 2125 1320 2157 id
1336 2125 1377 2156 ad

300 2173 392 2214 quod
413 2182 473 2214 per
494 2178 624 2204 motum
650 2173 847 2213 pervenitur,
874 2182 943 2203 non
973 2177 1162 2212 permaneat
1183 2170 1240 2202 sed
1269 2170 1376 2201 statim

299 2227 371 2249 esse
393 2216 528 2253 desinat,
548 2226 625 2248 cum
647 2222 799 2257 oporteat
820 2222 950 2249 motum
969 2216 1010 2248 ad
1033 2217 1177 2257 quietem
1195 2215 1375 2251 terminari;

298 2262 404 2295 multo
420 2262 530 2294 minus
551 2267 661 2303 potest
677 2261 743 2293 dici
765 2261 857 2302 quod
870 2267 1040 2302 receptum
1054 2262 1089 2292 in
1112 2260 1278 2291 intellectu
1300 2268 1377 2300 pos-

299 2306 385 2339 sibili
405 2315 478 2338 non
500 2311 718 2338 conservetur.

353 2350 439 2382 XIV.
465 2350 686 2382 Confirmatur
700 2350 781 2381 haec
796 2349 982 2391 principalis
1004 2350 1086 2380 ratio
1097 2349 1125 2379 *.
1143 2348 1264 2385 Primo,
1289 2348 1375 2388 quia,

299 2396 328 2427 ai
343 2395 528 2427 intellectus
543 2395 706 2436 possibilis
722 2404 791 2426 non
805 2395 921 2435 recipit
944 2394 985 2426 de
999 2403 1089 2426 novo
1105 2393 1230 2434 aliquas
1252 2393 1377 2433 species

299 2440 527 2481 intelligibiles,
545 2441 622 2480 quia
638 2440 706 2471 iam
723 2439 846 2480 recepit
860 2449 880 2470 a
893 2439 1171 2480 phantasmatibus
1187 2447 1303 2469 eorum
1319 2437 1377 2477 qui

300 2484 434 2516 fuerunt
455 2490 531 2516 ante
551 2494 625 2521 nos,
647 2485 795 2525 sequitur
817 2483 909 2524 quod
925 2493 1098 2524 nunquam
1113 2483 1237 2523 aliquas
1251 2483 1376 2522 speeies

301 2539 320 2560 a
341 2529 619 2570 phantasmatibus
641 2529 786 2570 recipiat.
809 2528 852 2559 Et
874 2529 920 2560 sic
938 2527 1055 2560 frustra
1069 2527 1204 2569 ponitur
1226 2537 1245 2557 a
1267 2526 1376 2558 Philo-

300 2574 407 2615 sopho
430 2573 612 2605 intellectus
635 2583 733 2614 agens
749 2578 786 2605 ut
803 2573 1026 2613 phantasmata
1048 2571 1145 2604 faciat
1166 2571 1377 2612 intelligibilia

300 2619 335 2648 in
359 2623 443 2648 actu.
467 2635 489 2640 -
511 2618 603 2649 Patet
626 2617 870 2658 consequentia.
895 2617 991 2655 Quia,
1011 2618 1080 2658 pari
1103 2617 1238 2653 ratione,
1263 2625 1282 2646 a
1303 2615 1376 2646 nul-

300 2663 410 2694 lorum
419 2661 698 2702 phantasmatibus
708 2663 823 2702 recipit
834 2671 920 2702 quos
931 2662 984 2693 alii
997 2666 1250 2702 praecesserunt.
1266 2659 1376 2698 Quos-

300 2707 379 2738 libet
394 2711 504 2738 autem
519 2707 619 2748 aliqui
635 2707 689 2738 alii
704 2712 957 2747 praecesserunt,
974 2707 1000 2737 si
1014 2705 1169 2742 mundus,
1186 2710 1222 2736 ut
1236 2709 1375 2745 ponunt,

301 2756 531 2783 estaetemus.

357 2795 580 2827 confirmatur
605 2795 761 2826 secundo.
792 2794 881 2833 Quia
905 2795 1051 2835 sequitur
1080 2794 1281 2825 intellectum
1307 2802 1376 2824 non

300 2839 446 2881 indigere
467 2840 744 2881 phantasmatibus
771 2839 812 2870 ad
838 2838 1096 2879 intelligendum.
1126 2838 1169 2869 Et
1199 2838 1245 2868 sic
1267 2846 1375 2877 neque

299 2894 363 2916 nos
385 2894 483 2916 sensu
505 2890 539 2916 et
561 2885 784 2925 phantasmate
806 2883 1024 2923 indigebimus
1046 2882 1088 2914 ad
1110 2881 1373 2922 intelligendum:

302 2938 379 2960 cum
400 2938 460 2970 per
489 2929 692 2960 intellectum
721 2927 912 2968 possibilem
941 2928 1168 2967 intelligamus.
1199 2926 1301 2965 Quod
1327 2931 1375 2957 est

301 2973 429 3010 falsum,
454 2979 487 3004 et
509 2976 622 3004 contra
645 2972 827 3004 Aristotelis
851 2973 1053 3003 sententiam.

358 3027 388 3048 2.
406 3017 440 3049 Si
455 3023 565 3049 autem
578 3024 714 3058 negetur
729 3017 973 3057 consequentia,
990 3017 1078 3057 quia,
1102 3015 1215 3046 eadem
1237 3015 1373 3051 ratione,

301 3067 500 3102 sequeretur,
519 3063 617 3093 etiam
639 3063 666 3092 si
687 3061 871 3092 intellectus
893 3061 1063 3101 possibiles
1087 3065 1193 3091 essent
1215 3060 1324 3100 plures
1340 3059 1373 3089 in

302 3107 443 3144 diversis,
469 3106 560 3147 quod
582 3116 651 3137 non
673 3105 891 3146 indigeremus
914 3106 1136 3145 phantasmate
1163 3105 1202 3135 ad
1226 3102 1374 3135 conside—

300 3151 439 3182 randum
455 3161 493 3182 ea
517 3161 659 3192 quorum
681 3151 806 3191 species
821 3149 1036 3189 intelligibiles
1052 3155 1127 3180 sunt
1149 3149 1183 3180 in
1206 3148 1373 3180 intellectu

301 3201 519 3232 conservatae,
543 3195 634 3235 quod
657 3201 705 3225 est
728 3199 840 3225 contra
862 3194 1070 3225 Aristotel-
1097 3193 1259 3224 dicentem
1283 3191 1374 3233 quod

302 3250 507 3281 nequaquam
533 3241 604 3271 sine
620 3240 850 3280 phantasmate
873 3239 1028 3279 intelligit
1050 3238 1180 3269 anima:
1194 3238 1290 3270 -ista
1313 3237 1372 3267 ob-

300 3286 399 3316 viatio
419 3286 617 3316 conveniens
639 3294 709 3315 non
724 3289 781 3314 est.
805 3283 892 3321 Quia
914 3283 1113 3323 phantasma,
1137 3288 1212 3313 ante
1230 3282 1372 3322 speciem

300 3329 546 3370 intelligibilem,
569 3338 604 3360 se
627 3329 723 3359 habet
746 3327 786 3358 ad
801 3327 1002 3358 intellectum
1017 3327 1205 3367 possibilem
1228 3331 1264 3358 ut
1282 3326 1372 3356 obie-

302 3378 393 3404 ctum
414 3382 569 3404 movens:
587 3379 619 3404 et
642 3383 682 3404 eo
706 3372 827 3412 indiget
846 3371 1027 3402 intellectus
1049 3377 1086 3402 ut
1109 3371 1148 3401 ab
1172 3380 1212 3402 eo
1237 3370 1373 3410 accipiat

302 3418 444 3458 speciem
467 3418 713 3458 intelligibilem.
731 3417 795 3448 Sed
810 3422 886 3457 post
901 3417 1043 3456 speciem
1059 3420 1232 3455 receptam,
1252 3414 1374 3454 indiget

302 3471 343 3493 eo
368 3462 460 3502 quasi
482 3463 710 3498 instrumento,
726 3462 792 3492 sive
808 3460 1020 3492 fundamento
1037 3469 1114 3490 suae
1129 3460 1260 3500 speciei.
1276 3459 1372 3497 Quia,

303 3516 379 3537 cum
410 3506 593 3537 intellectus
626 3506 805 3546 possibilis,
835 3505 916 3536 idest
949 3506 1055 3535 anima
1089 3503 1298 3540 intellectiva,
1333 3504 1373 3534 sit

302 3550 407 3582 forma
431 3551 577 3591 corporis
600 3550 782 3582 secundum
805 3555 963 3586 naturam,
988 3554 1216 3589 opereturque,
1236 3548 1319 3579 sicut
1341 3553 1374 3578 et

302 3595 568 3635 unumquodque
582 3595 680 3632 aliud,
697 3594 878 3626 secundum
892 3594 1030 3625 modum
1045 3602 1122 3623 suae
1145 3598 1295 3628 naturae;
1311 3593 1372 3622 im-

301 3640 476 3671 materialia
497 3639 629 3680 quidem
652 3640 809 3680 intelligit,
827 3639 883 3670 sed
899 3648 935 3670 ea
951 3639 986 3669 -in
1011 3638 1121 3678 aliquo
1145 3636 1300 3668 materiali
1323 3636 1372 3667 in-

2423 275 2499 326 467

1432 348 1541 387 spicit;
1561 347 1653 384 idest,
1680 349 1870 379 universalia
1900 349 1933 379 in
1964 348 2115 388 singulari
2137 350 2293 382 materiali
2323 355 2500 394 cognoscit.

1433 391 1528 423 Unde
1551 397 1629 423 tunc
1644 401 1679 423 se
1701 393 1797 423 habet
1819 393 2001 426 intellectus
2017 393 2057 424 ad
2072 394 2262 434 phantasma
2284 406 2343 439 per
2363 397 2501 433 modum

1433 445 1548 466 causae
1572 435 1749 472 efficientis,
1773 437 1967 476 inquantum
1994 440 2175 472 secundum
2204 442 2378 482 imperium
2406 436 2500 478 intel}

1432 480 1535 510 lectus
1558 478 1716 510 formatur
1730 480 1919 520 phantasma
1943 484 2140 515 conveniens
2156 485 2211 515 tali
2227 487 2355 526 speciei.
2375 480 2500 522 Conse-2

1433 524 1566 564 quentia
1589 532 1665 563 ergo
1689 522 1772 555 facta
1795 525 1982 565 intelligitur
2005 526 2044 558 de
2072 528 2245 568 indigentia
2271 531 2501 571 phantasmatis

1433 574 1506 599 ante
1537 568 1762 607 acceptionem
1791 570 1920 608 speciei.
1949 570 2044 608 Quia,
2073 573 2099 602 si
2130 573 2310 606 intellectus
2340 576 2499 616 possibilis

1433 622 1560 652 semper
1575 612 1738 643 habuisset
1754 613 1887 651 species,
1904 623 2072 654 nunquam
2089 626 2327 657 compararetur
2343 620 2383 653 ad
2398 621 2500 660 phan-

1431 662 1567 689 tasmata
1589 657 1672 687 sicut
1695 657 1853 696 recipiens
1877 658 1917 688 ad
1941 660 2105 691 obiectum
2126 664 2300 694 motivum.

1487 702 1557 732 XV.
1590 701 1683 732 Circa
1713 701 1801 732 illam
1831 703 2101 741 propositionem,
2131 701 2316 739 Intellectus
2348 709 2502 750 intelligit

1432 746 1673 782 immaterialia,
1697 745 1754 776 sed
1778 745 1907 785 inspicit
1921 756 1959 776 ea
1984 748 2016 776 in
2041 750 2151 790 aliquo
2176 754 2348 788 materiali,
2365 750 2500 786 dubium

1432 791 1552 832 duplex
1575 790 1726 822 occurrit.
1749 789 1895 820 Primum
1919 796 1976 827 est,
1998 794 2074 831 quia
2097 804 2135 824 ex
2158 796 2221 826 hoc
2245 798 2388 836 sequitur
2411 799 2501 838 quod

1430 836 1614 867 intellectus
1636 840 1745 866 noster
1773 833 1891 867 directe
1914 835 2070 876 intelligat
2093 839 2272 879 singularia.
2305 841 2391 872 Nihil
2414 843 2501 875 enim

1431 880 1558 911 videtur
1580 880 1614 910 in
1637 889 1672 913 re
1695 888 1764 909 non
1787 879 1863 909 visa.
1891 879 1988 919 Ergo,
2014 882 2039 911 si
2069 891 2137 913 non
2161 884 2246 914 videt
2271 885 2501 923 immaterialia,

1431 925 1498 955 sive
1514 924 1715 960 universalia,
1732 924 1794 954 nisi
1809 924 1843 955 in
1856 924 2014 957 materiali
2029 927 2222 965 particulari,
2238 930 2383 968 sequitur
2401 931 2501 970 quod,

1431 969 1574 1001 videndo
1598 967 1790 1004 universale,
1814 968 1912 1000 simul
1938 970 2035 1000 etiam
2059 970 2165 1002 videat
2194 973 2365 1012 singulare.
2394 974 2435 1004 Et
2457 976 2502 1005 sic

1431 1014 1592 1055 singulare
1616 1013 1736 1045 directe
1760 1018 1986 1052 cognoscetur.
2006 1014 2106 1052 Quod
2130 1023 2177 1047 est
2200 1017 2368 1049 manifeste
2393 1025 2503 1051 contra

1432 1059 1540 1091 Sancti
1564 1059 1713 1089 Thomae
1737 1057 1918 1091 doctrinam
1934 1058 1961 1088 ὓ.

1487 1102 1675 1135 Secundum
1695 1107 1753 1139 est,
1770 1102 1846 1142 quia
1863 1101 1998 1133 Sanctus
2016 1103 2160 1135 Thomas
2175 1105 2290 1143 Prima,
2307 1115 2339 1147 q.
2356 1117 2410 1144 xn,
2426 1117 2454 1138 a.
2469 1118 2502 1147 4,
2534 1103 2539 1116 “

1432 1154 1464 1179 et
1479 1159 1511 1190 q.
1523 1158 1636 1184 Lxxxv,
1654 1157 1682 1178 a.
1698 1156 1716 1177 2
1729 1147 1756 1183 *‚
1773 1146 1880 1186 inquit
1896 1146 1987 1187 quod
1997 1158 2060 1188 per
2076 1149 2270 1181 intellectum
2288 1153 2504 1184 connaturale

1431 1198 1480 1224 est
1502 1193 1595 1224 nobis
1617 1200 1819 1233 cognoscere
1837 1195 1976 1223 naturas
1991 1202 2074 1233 quae
2096 1194 2222 1233 quidem
2245 1196 2363 1227 habent
2385 1206 2454 1228 esse
2469 1197 2502 1229 in

1431 1238 1572 1269 materia
1596 1236 1801 1271 individuali,
1826 1245 1892 1266 non
1924 1240 2030 1267 tamen
2061 1239 2237 1269 secundum
2260 1241 2348 1281 quod
2369 1246 2446 1272 sunt
2468 1242 2501 1275 in

1431 1282 1571 1314 materia
1595 1281 1800 1315 individuali,
1824 1280 1881 1311 sed
1902 1281 2078 1312 secundum
2101 1284 2188 1323 quod
2211 1285 2445 1316 abstrahuntur
2463 1286 2503 1318 ab

1431 1337 1470 1359 ea
1488 1336 1552 1367 per
1567 1325 1862 1358 considerationem
1881 1325 2069 1358 intellectus.
2088 1327 2183 1359 Tunc
2199 1329 2244 1359 sic
2268 1330 2420 1370 arguitur.
2437 1330 2503 1363 Co·

1430 1372 1598 1412 gnoscitur
1613 1370 1794 1402 universale
1809 1379 1867 1410 per
1882 1370 2128 1403 abstractionem
2145 1383 2162 1404 a
2177 1375 2320 1405 materia.
2333 1374 2420 1415 Ergo
2436 1385 2502 1406 non

1430 1416 1599 1456 inspicitur
1622 1417 1656 1446 in
1679 1415 1823 1451 materia,
1847 1419 1883 1445 ut
1906 1414 1959 1445 hic
1982 1415 2107 1447 dicitur.

1489 1470 1518 1492 2.
1535 1461 1709 1492 Dubitatur
1724 1468 1860 1500 quoque
1877 1459 1961 1489 circa
1976 1460 2133 1492 rationem
2150 1461 2254 1493 dictae
2270 1464 2503 1504 propositionis

1431 1505 1602 1546 dupliciter
1618 1506 1646 1535 ³³.
1669 1504 1779 1535 Primo
1797 1504 1884 1544 quia,
1908 1504 1934 1535 si
1956 1504 2077 1535 idcirco
2093 1506 2274 1538 intellectus
2290 1508 2420 1548 inspicit
2442 1508 2502 1539 im-

1430 1549 1607 1581 materialia
1621 1550 1656 1580 in
1670 1558 1705 1580 re
1728 1548 1885 1580 materiali
1901 1549 1977 1588 quia
1993 1555 2040 1579 est
2064 1549 2169 1581 forma
2185 1552 2340 1592 corporis,
2357 1562 2397 1583 eo
2413 1552 2503 1593 quod

1431 1599 1584 1635 operetur
1606 1592 1788 1625 secundum
1811 1592 1949 1624 modum
1971 1603 2048 1624 suae
2071 1600 2213 1631 naturae,
2237 1602 2390 1636 sequetur
2413 1597 2503 1637 quod

1430 1639 1609 1679 intelligere
1624 1639 1665 1670 sit
1687 1647 1746 1679 per
1755 1647 1919 1677 ,organum
1935 1639 2109 1675 materiale,
2125 1640 2291 1679 arguendo
2307 1641 2465 1672 similiter:
2481 1659 2503 1664 —

1430 1682 1702 1723 Unumquodque
1726 1688 1879 1723 operatur
1903 1682 2083 1713 secundum
2099 1684 2237 1715 modum
2260 1694 2337 1715 suae
2360 1690 2502 1717 naturae.

1431 1727 1496 1760 Sed
1517 1727 1700 1759 intellectus
1723 1726 1905 1758 secundum
1935 1736 2027 1758 suam
2057 1733 2204 1759 naturam
2235 1735 2283 1760 est
2305 1728 2409 1760 forma
2433 1739 2503 1761 cor-

1429 1773 1530 1813 poris.
1555 1772 1643 1813 Ergo
1667 1778 1699 1802 et
1722 1780 1780 1812 per
1803 1780 1924 1811 corpus
1947 1771 2114 1812 intelliget.
2171 1806 2176 1813 ·
2499 1804 2501 1807 Α

1484 1816 1647 1853 Secunde,
1665 1817 1742 1856 quia
1757 1816 1907 1848 transitur
1922 1825 1941 1846 a
1955 1815 2058 1847 modo
2074 1818 2271 1857 cognitionis
2285 1824 2323 1849 ut
2345 1818 2504 1859 egreditur

1431 1861 1470 1892 ab
1486 1861 1697 1901 intelligente,
1713 1860 1754 1891 ad
1769 1859 1908 1893 modum
1924 1860 2043 1891 obiecti
2059 1862 2180 1901 cogniti
2200 1867 2235 1892 ut
2259 1863 2427 1903 cognitum
2446 1868 2502 1894 est.

1431 1905 1473 1936 Et
1496 1906 1542 1936 sic
1566 1905 1781 1936 committitur
1805 1904 1930 1936 fallacia
1942 1905 2084 1945 figurae
2106 1905 2268 1937 dictionis.

1487 1949 1574 1980 XVI.
1597 1950 1660 1981 Pro
1683 1948 1848 1980 solutione
1864 1949 1959 1988 primi
1982 1948 2083 1985 dubii,
2107 1950 2376 1981 considerandum
2401 1951 2502 1991 quod,

1431 2004 1508 2025 cum
1523 1994 1688 2035 potentiae
1704 1999 1771 2024 tam
1785 1993 1956 2024 sensitivae
1973 2001 2074 2032 quam
2087 1994 2301 2026 intellectivae
2316 1995 2350 2026 in
2366 1996 2503 2031 essentia

1431 2039 1557 2070 animae
1569 2038 1761 2074 radicentur,
1774 2038 1881 2068 anima
1893 2042 1940 2068 est
1952 2038 2095 2076 primum
2105 2039 2303 2079 principium
2314 2049 2382 2071 non
2395 2040 2502 2073 solum

1430 2082 1640 2123 intelligendi,
1664 2081 1721 2114 sed
1737 2082 1834 2113 etiam
1849 2081 2018 2113 sentiendi.
2035 2082 2077 2113 Et
2093 2082 2237 2120 ulterius,
2262 2093 2337 2114 cum
2360 2093 2433 2124 pars
2451 2084 2500 2116 in-

1430 2127 1589 2165 tellectiva
1605 2128 1645 2158 sit
1667 2127 1814 2167 superior
1829 2136 1902 2166 pars
1917 2126 2053 2163 animae,
2075 2132 2237 2167 nataeque
2252 2129 2315 2159 sint
2337 2129 2502 2168 potentiae

1431 2173 1600 2203 sensitivae
1623 2170 1756 2202 obedire
1780 2171 1862 2211 parti
1884 2171 2043 2207 rationali,
2072 2177 2180 2212 potest
2207 2182 2279 2212 pars
2307 2173 2502 2207 intellectiva

1430 2218 1592 2257 potentias
1614 2216 1780 2247 sensitivas
1804 2214 1844 2246 ad
1867 2224 1978 2246 earum
2001 2216 2206 2256 operationes
2220 2226 2363 2254 movere,
2387 2227 2501 2248 secun-

1431 2260 1510 2292 dum
1527 2260 1618 2302 quod
1633 2261 1783 2301 congruit
1799 2260 1982 2300 operationi
1997 2259 2227 2292 intellectivae:
2245 2262 2328 2292 sicut
2350 2267 2501 2295 movetur

1430 2307 1577 2346 potentia
1599 2306 1699 2336 visiva
1722 2310 1755 2336 et
1778 2304 1894 2335 oculus
1918 2303 1958 2334 ad
1981 2303 2158 2335 videndum
2185 2310 2292 2337 totum
2315 2305 2448 2346 aliquod
2465 2306 2503 2337 li·

1430 2360 1532 2391 gnum
1556 2355 1588 2381 et
1609 2355 1719 2380 totum
1741 2348 1894 2389 lapidem,
1918 2353 2090 2388 totumque
2109 2349 2248 2386 Sortem,
2266 2355 2364 2390 atque
2387 2360 2502 2383 eorum

1430 2401 1546 2436 partes,
1570 2400 1607 2425 ut
1629 2395 1664 2425 in
1682 2394 1752 2434 ipsa
1774 2403 1809 2424 re
1835 2393 1988 2433 singulari
2016 2393 2124 2424 videat
2146 2395 2253 2424 anima
2282 2404 2378 2425 omne
2400 2400 2502 2428 totum

1430 2449 1500 2471 esse
1522 2439 1629 2470 maius
1651 2447 1712 2470 sua
1729 2443 1837 2479 parte.
1863 2437 1904 2469 Et
1927 2437 1972 2468 sic
1996 2438 2093 2469 simul
2122 2439 2228 2469 anima
2251 2440 2420 2479 cognoscit
2446 2439 2502 2470 ali·

1431 2483 1523 2525 quod
1545 2483 1706 2524 singulare
1728 2492 1786 2523 per
1809 2491 1950 2518 sensum,
1968 2487 1999 2512 et
2015 2482 2195 2513 universale
2212 2492 2272 2523 per
2286 2483 2501 2515 intellectum:

1430 2530 1514 2560 sicut
1537 2538 1576 2559 ex
1600 2537 1640 2558 eo
1664 2527 1755 2568 quod
1771 2536 1829 2567 per
1846 2536 1978 2557 sensum
1993 2526 2080 2556 videt
2103 2527 2245 2567 aliquem
2266 2537 2284 2557 a
2299 2528 2406 2567 seipso
2429 2537 2502 2558 mo-

1429 2574 1506 2610 veri,
1519 2573 1626 2603 statim
1641 2571 1809 2612 cognoscit
1824 2580 1882 2611 per
1895 2570 2097 2602 intellectum
2111 2571 2191 2602 illud
2207 2580 2277 2602 esse
2292 2571 2502 2602 substantiam

1429 2619 1603 2652 viventem,
1628 2621 1659 2646 et
1674 2617 1721 2646 sic
1744 2615 1861 2646 dicitur
1883 2616 1917 2645 in
1939 2620 2033 2646 motu
2060 2614 2168 2646 videre
2192 2616 2300 2646 vitam.
2325 2616 2400 2646 Hoc
2423 2625 2500 2656 ergo

1430 2661 1531 2692 modo
1556 2660 1671 2691 dicitur
1694 2660 1801 2690 anima
1823 2659 2018 2690 intellectiva
2041 2668 2238 2699 cognoscere
2267 2660 2500 2696 immaterialia,

1430 2707 1497 2737 sive
1508 2704 1710 2740 universalia,
1725 2705 1760 2735 in
1775 2713 1810 2735 re
1824 2704 1980 2735 materiali
1995 2709 2028 2734 et
2042 2703 2211 2744 singulari:
2228 2713 2296 2734 non
2313 2705 2389 2744 quia
2404 2704 2501 2735 simul

1429 2750 1612 2781 intellectus
1640 2748 1746 2779 videat
1779 2748 1938 2788 singulare
1973 2754 2004 2779 et
2038 2748 2072 2778 in
2105 2749 2178 2787 ipso
2213 2748 2366 2788 singulari
2394 2747 2501 2779 videat

1429 2800 1578 2826 naturam
1594 2792 1819 2829 universalem,
1844 2793 1928 2823 sicut
1951 2792 2053 2833 figura
2075 2792 2218 2823 hominis
2237 2791 2362 2823 videtur
2377 2793 2412 2822 in
2427 2801 2500 2832 spe—

1431 2838 1524 2874 cu103
1559 2837 1616 2868 sed
1648 2837 1725 2877 quia
1750 2846 1808 2877 per
1838 2837 2027 2877 phantasma
2053 2836 2094 2867 ad
2119 2836 2292 2877 imperium
2319 2836 2499 2869 intellectus

1430 2882 1606 2914 formatum
1624 2882 1811 2922 imaginatio
1834 2882 2004 2922 cognoscit
2018 2881 2178 2921 singulare
2195 2881 2286 2912 cuius
2303 2880 2383 2911 illud
2397 2881 2500 2921 phan-

1428 2933 1531 2958 tasma
1554 2932 1603 2957 est
1617 2926 1935 2966 repraesentativum,
1960 2931 1992 2957 et
2014 2927 2111 2957 simul
2134 2935 2192 2966 per
2215 2926 2357 2965 speciem
2382 2925 2500 2956 intelli-

1429 2972 1561 3012 gibilem
1583 2970 1782 3001 relucentem
1802 2971 1835 3001 in
1859 2971 1915 3001 illo
1931 2971 2153 3011 phantasmate
2177 2971 2259 3001 sicut
2282 2969 2443 3009 exemplar
2465 2970 2498 3000 in

1429 3016 1612 3056 exemplato
1636 3015 1704 3046 sive
1726 3015 1876 3055 imagine,
1900 3015 2082 3046 intellectus
2107 3020 2255 3046 naturam
2286 3013 2499 3044 universalem

1429 3060 1608 3100 cognoscit.
1632 3059 1674 3090 Et
1696 3059 1742 3090 sic
1765 3058 1878 3090 eadem
1902 3060 2009 3090 anima
2032 3059 2235 3094 intellectiva,
2258 3067 2356 3097 quam
2371 3058 2423 3088 hic
2438 3067 2498 3088 no-

1427 3105 1516 3136 mine
1539 3104 1721 3135 intellectus
1737 3109 1831 3134 vocat
1854 3103 1989 3134 Sanctus
2004 3104 2159 3139 Thomas,
2178 3112 2246 3134 non
2262 3108 2370 3132 autem
2386 3101 2498 3133 eadem

1427 3149 1583 3190 potentia,
1596 3149 1764 3188 cognoscit
1779 3148 1988 3179 immateriale
2003 3154 2036 3179 et
2050 3147 2230 3179 universale
2246 3147 2279 3177 in
2294 3156 2328 3177 re
2343 3146 2499 3178 materiali

1429 3199 1461 3224 et
1475 3193 1636 3233 singulari.
2492 3223 2495 3225 μ

1483 3237 1584 3275 Quod
1607 3243 1716 3268 autem
1731 3238 1791 3268 iste
1806 3237 1846 3267 sit
1861 3246 1973 3267 sensus
1988 3237 2084 3267 huius
2104 3235 2345 3276 propositionis,
2367 3240 2499 3275 apparet

1428 3292 1466 3312 ex
1489 3281 1610 3313 Sancto
1626 3282 1756 3313 Thoma
1774 3282 1881 3311 Prima
1895 3281 1998 3317 Parte,
2015 3290 2046 3321 q.
2063 3291 2186 3317 Lxxxrv,
2203 3289 2230 3310 a.
2248 3289 2279 3319 7,
2303 3280 2369 3315 ubi,
2390 3284 2498 3309 osten-

1427 3325 1506 3357 dens
1530 3326 1700 3366 quomodo
1717 3325 1898 3356 intellectus
1917 3324 2056 3365 indigeat
2071 3325 2292 3365 phantasmate
2308 3324 2403 3354 etiam
2424 3328 2498 3363 post

1426 3371 1579 3410 speciem,
1603 3376 1843 3411 argumentatur
1859 3370 1913 3400 sic.
1931 3369 1967 3399 Si
1990 3379 2055 3400 non
2081 3369 2302 3410 requireretur
2325 3367 2368 3398 ad
2389 3371 2497 3398 actum

1427 3415 1608 3447 intellectus
1631 3420 1723 3446 actus
1745 3414 1886 3445 alicuius
1902 3414 2071 3454 potentiae
2087 3413 2205 3444 utentis
2228 3422 2358 3454 organo
2382 3421 2497 3452 corpo-

1426 3460 1502 3495 rali,
1527 3460 1619 3490 nullo
1642 3459 1740 3489 modo
1764 3458 1975 3498 impediretur
1998 3459 2030 3488 in
2053 3467 2114 3488 suo
2138 3462 2213 3488 actu
2231 3467 2295 3497 per
2321 3457 2497 3487 laesionem

1426 3504 1567 3535 alicuius
1590 3504 1712 3545 organi
1734 3503 1927 3543 corporalis.
1954 3502 2018 3533 Sed
2041 3502 2185 3533 videmus
2202 3502 2265 3532 hoc
2281 3510 2348 3532 esse
2354 3502 2495 3542 salsum.

1424 3549 1519 3590 Ergo
1544 3548 1752 3589 manifestum
1769 3552 1816 3578 est
1837 3546 1925 3587 quod
1947 3546 1991 3577 ad
2005 3547 2067 3577 hoc
2087 3551 2123 3577 ut
2145 3546 2326 3577 intellectus
2348 3551 2423 3577 actu
2447 3546 2496 3576 in-

1426 3593 1563 3634 telligat,
1595 3602 1661 3623 non
1691 3592 1798 3622 solum
1827 3591 2016 3631 accipiendo
2045 3591 2214 3622 scientiam
2244 3590 2284 3621 de
2312 3600 2408 3626 novo,
2441 3590 2498 3621 sed

1424 3637 1521 3669 etiam
1538 3637 1657 3668 utendo
1670 3636 1804 3667 scientia
1817 3636 1883 3666 iam
1895 3636 2064 3676 acquisita,
2081 3635 2261 3676 requiritur
2272 3640 2364 3666 actus
2380 3635 2496 3676 imagi-

2532 1070 2539 1077 ·
2546 1069 2595 1090 ccl
2604 1070 2637 1097 P„
2649 1076 2743 1098 mxxvi,

2532 1158 2626 1179 'Adm

2527 1516 2535 1524 '¹
2555 1514 2591 1536 Cf.
2606 1521 2629 1537 n.
2642 1521 2698 1536 xvir.
