2768 4134
28 486 38 496 ⁶
52 485 88 508 cf.
103 485 113 507 1
127 485 162 512 P„
173 490 243 513 q.xn,

28 518 49 534 a.
59 518 79 534 2.

25 1875 239 1904 'sarman-21.

25 1909 52 1931 ιι,
62 1909 86 1932 p.
95 1908 143 1932 257.

23 2098 239 2126 ‘antumant

25 2131 68 2153 m,
77 2131 101 2154 p.
111 2126 160 2148 228.

25 2505 36 2515 ·
50 2503 108 2533 c-p.
118 2510 150 2527 xi.

26 2593 122 2626 [Num.
138 2600 174 2622 ni,
192 2594 242 2616 Sed

26 2626 100 2643 circa.

872 275 1061 312 SUMMA
1091 276 1312 321 CONTRA
1341 280 1617 330 GENTILES,
1648 284 1758 322 CAP.
1780 286 1873 323 LIII.

267 354 464 396 intelligere.
488 354 536 384 Ex
561 363 630 394 quo
654 353 860 385 concluditur
876 354 909 384 in
926 354 1042 384 divinis
1066 365 1135 386 esse
1158 357 1346 389 huiusmodi

268 399 409 433 verbum,
421 404 453 429 et
469 404 679 439 conceptum.
693 416 719 422 -
733 398 803 429 Nec
827 398 934 429 obstat
957 399 1059 439 quod,
1075 400 1256 432 secundum
1277 403 1346 433 eius

269 449 425 480 mentem,
442 443 552 474 divina
567 444 704 474 essentia
719 453 777 484 per
792 443 916 474 nullam
940 443 1184 475 similitudinem
1208 452 1347 477 creatam

269 489 501 529 repraesentari
515 493 624 529 potest
635 489 662 519 *.
687 488 857 519 Diceretur
873 489 960 518 enim
977 488 1069 528 quod
1091 489 1155 519 hoc
1172 495 1219 520 est
1234 500 1347 521 verum

270 533 310 564 de
325 533 537 564 similitudine
553 542 638 574 quae
658 538 706 563 est
725 533 851 573 species
871 532 1093 573 intelligibilis3
1119 539 1150 564 et
1173 533 1213 564 de
1237 535 1347 566 simili-

269 577 382 609 tudine
406 587 491 618 quae
514 583 563 608 est
585 578 710 618 species
733 587 892 618 expressa,
913 578 980 608 sive
1004 579 1190 618 conceptio,
1207 589 1225 609 a
1240 580 1348 619 specie

270 628 375 658 creata
398 621 572 663 producta:
603 632 672 653 non
702 628 812 653 autem
842 622 883 653 de
913 622 1124 654 similitudine
1155 632 1303 664 expressa
1330 634 1348 655 a

269 666 375 698 forma
396 668 538 702 increata
558 672 591 698 et
606 666 743 703 infinita,
763 667 868 708 qualis
892 673 939 698 est
963 668 1071 698 divina
1094 668 1241 704 essentia,
1266 669 1348 699 sicut

269 717 317 743 est
340 711 381 742 de
405 712 506 742 verbo
530 711 621 752 quod
645 721 664 742 a
687 711 795 743 divina
818 713 957 743 essentia
980 713 1349 744 actuanteintellectum

269 756 354 790 beati
383 766 442 797 per
469 755 608 787 modum
636 757 757 797 speciei
787 757 997 798 intelligibilis
1028 762 1076 788 est
1105 766 1293 798 expressum
1317 764 1349 789 et

268 800 484 842 productum
513 811 590 832 nam
620 802 745 842 species
774 802 983 843 intelligibilis
1014 808 1045 832 et
1073 802 1210 833 verbum
1240 803 1279 833 ab
1311 812 1349 834 ea

269 855 458 887 expressum
473 846 594 880 habent
609 847 769 878 rationem
788 848 885 879 unius
901 845 1036 888 perfecti
1052 852 1084 877 et
1099 847 1206 878 totalis
1222 857 1349 888 reprae—

269 891 417 922 sentativi
432 891 478 922 rei
493 891 676 922 intellectae
692 892 882 924 intellectui.
893 910 917 914 —
928 892 1005 922 Non
1021 891 1128 922 obstat
1145 892 1241 923 etiam
1258 892 1348 933 quod

268 936 350 966 visio
367 936 460 966 beata
476 935 594 967 dicitur
615 937 697 967 visio
721 937 910 968 immediata
932 936 1061 967 divinae
1085 937 1255 968 essentiae:
1281 948 1349 969 me-

269 980 360 1011 dium
383 986 493 1012 autem
518 981 550 1011 in
575 991 640 1022 quo
664 981 749 1012 tollit
771 981 1052 1012 immediationem
1082 982 1289 1022 cognitionis,
1314 988 1349 1014 ut

269 1024 387 1056 dicitur
411 1026 454 1056 IV
470 1025 569 1062 Sent„
594 1026 725 1062 d.x1.1x,
750 1035 781 1066 q.
798 1037 832 1063 11,
856 1036 884 1057 a.
906 1034 933 1062 ι,
959 1026 999 1057 ad
1027 1027 1076 1062 15.
1110 1027 1238 1057 Dicitur
1261 1028 1349 1058 enirn

269 1070 361 1111 quod
371 1070 519 1102 medium
532 1071 748 1102 extrinsecum
765 1081 783 1102 a
799 1077 1032 1111 cognoscente,
1046 1077 1077 1102 et
1093 1072 1230 1103 omnino
1247 1078 1349 1103 extra—

267 1124 369 1147 neum
385 1125 403 1146 a
419 1116 618 1156 cognifionis
633 1121 718 1152 actu,
736 1116 821 1148 tollit
836 1116 1118 1147 immediationem
1142 1117 1348 1157 cognitionis,

269 1165 301 1191 et
323 1160 365 1191 de
388 1161 453 1192 hoc
476 1160 666 1200 intelligitur
689 1159 813 1192 dictum
837 1160 947 1192 Sancti
964 1159 1129 1192 Thomae:
1154 1171 1221 1192 non
1239 1168 1349 1193 autem

268 1204 419 1236 medium·
426 1205 639 1236 intrinsecum
655 1206 879 1245 cognoscenti,
893 1211 925 1236 et
940 1206 1152 1237 intrinsecum
1169 1207 1348 1247 cognitioni

268 1250 368 1281 veluti
392 1250 628 1290 completivum
651 1250 767 1290 ipsius;
792 1251 869 1291 quia
884 1251 948 1282 tale
964 1256 1173 1291 computatur
1192 1257 1348 1293 tanquam

268 1303 374 1326 unum
397 1294 565 1335 quoddam
581 1304 658 1325 cum
673 1295 746 1335 ipso
763 1301 848 1332 actu,
865 1296 952 1327 sicut
971 1296 1129 1327 terminus
1152 1297 1255 1328 lineae
1273 1307 1348 1328 cum

261 1339 362 1370 linea.
387 1337 468 1370 Tale
492 1345 602 1370 autem
629 1339 776 1371 medium
807 1346 855 1371 est
886 1341 1061 1381 conceptio
1086 1347 1117 1371 et
1140 1342 1276 1373 verbum
1300 1343 1349 1373 in-
1374 1341 1376 1348 '

267 1384 427 1415 tellectus.

323 1428 513 1460 Secundum
534 1438 670 1470 quoque
687 1430 838 1460 sustineri
853 1436 974 1471 posset,
991 1430 1131 1462 dicendo
1148 1431 1249 1472 quod,
1266 1432 1350 1462 sicut

267 1473 381 1504 beatus
396 1483 455 1514 per
470 1473 594 1504 nullam
618 1474 714 1505 aliam
739 1475 883 1515 speciem
908 1475 1051 1506 divinam
1075 1477 1246 1507 essentiam
1262 1476 1349 1507 videt

268 1527 368 1559 quam
379 1527 438 1559 per
452 1518 627 1559 ipsammet
639 1520 822 1556 essentiam,
834 1520 878 1550 ita
894 1529 952 1561 per
969 1521 1096 1551 nullum
1109 1521 1196 1552 aliud
1212 1521 1348 1552 verbum

268 1572 368 1604 quam
398 1572 457 1604 per
479 1564 617 1595 verbum
641 1563 803 1596 divinum:
829 1565 872 1595 ita
896 1565 987 1605 quod
1018 1571 1050 1596 et
1079 1565 1188 1596 divina
1212 1567 1349 1596 essentia

267 1617 302 1639 se
332 1608 449 1639 habeat
477 1604 635 1650 taniquam
665 1608 791 1651 species
820 1609 1045 1651 intelligibilis,
1065 1611 1097 1645 e't
1119 1616 1276 1652 tanquam
1299 1611 1349 1642 in-

266 1653 370 1684 tentio
386 1649 560 1690 intellecta,
575 1663 641 1694 qua
655 1654 770 1685 beatus
783 1660 815 1685 et
828 1654 937 1686 Deum
949 1661 981 1686 et
997 1656 1108 1686 omnia
1120 1655 1181 1686 alia
1198 1654 1313 1686 videat.
1326 1674 1349 1678 —
1375 1694 1376 1698 Ἰ

267 1696 320 1728 Ad
342 1697 428 1729 dicta
452 1707 530 1729 vero
555 1698 665 1729 Sancti
681 1699 831 1730 Thomae
855 1699 1016 1731 diceretur
1032 1700 1123 1741 quod
1139 1701 1286 1741 loquitur
1309 1700 1349 1731 de

266 1742 445 1783 intelligere
460 1743 648 1774 naturaliter
660 1749 794 1775 naturae
810 1744 1021 1776 intellectuali
1033 1746 1263 1776 conveniente:
1280 1755 1348 1776 non

267 1793 377 1818 autem
401 1787 441 1818 de
464 1788 643 1829 intelligere
666 1790 768 1819 nostri
792 1789 976 1821 intellectus
999 1799 1057 1830 per
1080 1789 1220 1821 formam
1238 1799 1349 1830 super-

266 1832 447 1867 naturaler'n
465 1838 514 1867 et,
526 1831 697 1864 infinitam.
1015 1861 1017 1863 .
1063 1866 1066 1869 Δ
1086 1855 1097 1869 ,-
1208 1863 1211 1869 .
1303 1837 1305 1839 ’

324 1876 516 1918 Capreolus,
540 1878 574 1909 in
597 1878 719 1914 Primo,
736 1878 767 1909 d.
785 1888 880 1916 xxvn,
903 1888 934 1919 q.
952 1889 975 1909 n
989 1880 1017 1916 ἢ
1040 1885 1129 1910 tenet
1151 1879 1243 1921 quod
1266 1880 1347 1912 visio

267 1921 416 1953 beatifica
431 1922 622 1953 terminatur
638 1921 678 1953 ad
693 1923 830 1954 unicum
845 1924 981 1954 verbum
996 1924 1145 1955 'habiturn
1161 1923 1201 1954 de
1217 1924 1348 1955 obiecto

267 1965 419 1998 beatifico
443 1967 654 1998 essentialiter
668 1968 703 1998 in
719 1973 809 2003 actu3
833 1968 927 2007 plura
947 1974 1056 1999 autem
1079 1969 1176 1999 verba
1200 1968 1240 1999 de
1261 1969 1348 1999 attri-

267 2011 353 2042 butis
375 2011 427 2041 vel
451 2012 604 2042 creaturis
627 2012 661 2042 in
685 2011 758 2042 Deo
782 2012 857 2042 visis
887 2012 1091 2043 habitualiter
1114 2013 1220 2043 habet.
1252 2012 1347 2044 Unde

267 2055 444 2096 aliquando
468 2055 571 2096 plura,
597 2055 772 2096 aliquando
797 2051 951 2098 pauciora
975 2055 1102 2087 format.
1119 2076 1139 2080 -
1162 2057 1198 2094 In
1222 2057 1347 2095 Quarto

267 2110 356 2136 vero,
370 2099 401 2130 d.
414 2110 497 2137 xmx,
514 2110 545 2140 q.
560 2111 579 2130 v
592 2102 619 2137 *,
634 2100 711 2132 dicit
727 2102 947 2132 communiter
957 2102 1059 2133 teneri
1073 2101 1163 2142 quod
1179 2102 1264 2132 beati
1279 2111 1346 2132 non

267 2145 388 2175 habent
411 2144 500 2175 aliud
522 2146 660 2176 verbum
683 2155 782 2186 quarn
806 2146 943 2177 verbum
966 2146 1124 2183 divinum,
1144 2152 1276 2187 propter
1299 2147 1348 2177 in-

268 2190 381 2220 timam
405 2190 621 2230 praesentiam
646 2191 716 2221 eius
739 2190 779 2221 ad
802 2191 1006 2222 intellectum
1030 2192 1176 2228 beatum;
1201 2197 1233 2222 et
1257 2191 1347 2231 quod

268 2239 406 2275 utraque
436 2243 509 2274 pars
540 2235 718 2275 probabilis
747 2241 809 2272 est;
835 2235 891 2266 sed
921 2236 1012 2276 quod
1042 2235 1179 2267 Sanctus
1202 2235 1348 2266 Thomas

267 2277 396 2310 videtur
418 2283 529 2314 tenere
553 2279 644 2319 quod
668 2280 724 2311 sic.

324 2322 421 2355 Sexta
437 2329 499 2354 est:
527 2323 694 2360 Quantum
719 2329 767 2355 est
782 2334 824 2355 ex
839 2325 1019 2366 assignatis
1042 2325 1159 2361 causis,
1177 2324 1276 2359 Deus,
1294 2334 1348 2355 co—

267 2367 459 2410 gnoscendo
481 2377 518 2399 se
540 2374 572 2399 et
593 2370 672 2405 alia,
697 2369 792 2400 habet
819 2369 947 2410 quidem
979 2369 1110 2400 verbum
1143 2374 1174 2400 et
1197 2369 1349 2400 intentio-

270 2422 342 2444 nem
367 2413 573 2449 intellectam,
601 2424 666 2455 qua
692 2424 753 2445 suo
778 2414 957 2445 intellectui
981 2414 1014 2445 id
1036 2414 1125 2455 quod
1151 2414 1350 2455 intelligitur

269 2461 546 2499 repraesentatur,
564 2468 630 2490 non
655 2465 762 2490 tamen
779 2459 820 2490 ab
836 2460 975 2491 essentia
992 2459 1128 2497 realiter
1150 2458 1350 2489 distinctam:

268 2503 398 2534 ratione>
417 2503 608 2543 assignanda
630 2504 775 2540 inferius,
800 2504 927 2543 Quarto
955 2504 1055 2534 Libro
1072 2505 1100 2540 *,
1125 2504 1201 2544 quia
1228 2503 1350 2533 scilicet

267 2547 448 2587 intelligere
472 2552 504 2578 et
527 2557 597 2581 esse
620 2548 654 2579 in
678 2549 751 2590 ipso
775 2554 851 2580 sunt
874 2549 972 2580 idem.

323 2591 379 2622 VI.
404 2591 457 2627 Ad
481 2591 618 2624 dubium
634 2594 651 2610 ⁴*
675 2603 752 2635 ergo
770 2593 887 2626 dicitur
903 2593 994 2634 quod
1009 2593 1083 2624 illae
1099 2602 1214 2624 causae
1238 2602 1350 2623 neces-

267 2636 367 2667 sitatis
391 2642 572 2677 conceptus
595 2636 636 2668 ad
657 2638 917 2679 intelligendum,
934 2638 1061 2670 divisim
1082 2638 1186 2679 accipi
1201 2642 1350 2678 possunt,

269 2687 305 2713 ut
337 2690 556 2722 unaquaeque
589 2691 647 2722 per
681 2692 716 2714 se
750 2683 902 2714 sufficiat:
935 2693 1004 2714 non
1037 2682 1171 2724 quidem
1198 2687 1350 2722 respectu

269 2726 420 2757 omnium
442 2726 695 2766 intelligibilium
725 2727 783 2759 sed
805 2738 872 2759 una
893 2734 1044 2769 respectu
1068 2728 1264 2768 aliquorum,
1289 2726 1350 2757 alia

267 2776 418 2812 respectu
442 2771 592 2802 aliorum.
615 2771 757 2803 Possunt
780 2773 877 2804 etiam
901 2773 1005 2814 accipi
1025 2772 1228 2803 coniunctim
1243 2772 1277 2801 in
1293 2771 1349 2802 ali-

269 2816 403 2857 quibus:
428 2815 551 2850 scilicet
578 2821 728 2856 respectu
751 2826 861 2849 rerum
883 2817 1109 2849 materialium.
1134 2816 1219 2847 Nam
1245 2816 1351 2856 prima

269 2870 376 2897 causa,
403 2860 548 2891 absentia
570 2860 693 2891 scilicet
720 2861 850 2898 obiecti,
875 2868 985 2893 causat
1014 2862 1239 2892 necessitatem
1271 2870 1350 2891 con-

269 2910 384 2946 ceptus
406 2910 556 2946 respectu
581 2905 732 2935 omnium
755 2915 840 2946 quae
863 2916 932 2937 non
962 2912 1037 2938 sunt
1067 2906 1246 2937 intellectui
1270 2915 1349 2936 con-

268 2950 379 2981 iuncta
401 2950 436 2980 in
460 2959 530 2980 esse
549 2950 712 2980 obiectivo
725 2954 762 2980 'et
776 2951 994 2988 terminativo,
1012 2951 1110 2982 etiam
1125 2951 1152 2981 si
1166 2949 1349 2981 secundum

268 3004 303 3025 se
319 2995 390 3030 ,sint
412 2994 634 3034 intelligibilia.
659 2994 811 3026 Secunda
832 3005 921 3032 vero,
945 2996 1068 3026 scilicet
1089 3005 1159 3026 non
1182 2995 1350 3026 actualitas

269 3039 389 3070 obiecti
404 3039 438 3069 in
455 3048 524 3070 esse
539 3039 733 3079 intelligibili
749 3044 780 3070 et
797 3040 971 3077 obiectivo‚
989 3045 1036 3071 est
1052 3050 1148 3070 causa
1159 3039 1350 3071 huiusmodi

268 3079 467 3115 necessitatis
482 3089 633 3124 respectu
649 3093 758 3114 rerum
773 3084 1004 3116 materialium:
1022 3090 1054 3115 et
1069 3094 1127 3125 per
1143 3094 1349 3125 consequens

268 3134 418 3170 respectu
441 3129 585 3169 ipsarum
609 3133 746 3169 utraque
772 3138 868 3159 causa
892 3130 1066 3160 concurrit.
1327 3159 1329 3161 ,

325 3173 413 3205 Cum
437 3178 546 3204 autem
570 3173 732 3210 obiicitur,
756 3173 875 3213 primo,
897 3173 988 3214 quod
1012 3183 1051 3204 ex
1066 3174 1170 3214 prima
1186 3183 1282 3213 causa
1298 3183 1347 3205 se-

269 3214 380 3259 quit'ur
399 3217 517 3249 eodem
536 3217 639 3249 modo
659 3218 935 3258 imaginationem
944 3218 1084 3250 formare
1101 3223 1348 3259 conceptum:—

269 3263 387 3295 dicitur
410 3263 502 3304 quod
525 3262 701 3303 aliquando
724 3263 913 3303 imaginatio
937 3262 1038 3296 fertur
1052 3264 1086 3294 in
1101 3273 1170 3294 rem
1187 3269 1274 3294 extra
1290 3273 1349 3304 per

268 3308 460 3348 phantasma
474 3313 760 3348 repraesentatam;
777 3307 952 3348 aliquando
965 3317 1042 3338 vero
1055 3307 1156 3338 fertur
1171 3308 1205 3338 in
1221 3307 1347 3339 idolum

269 3362 366 3384 suum
389 3358 545 3394 tanquam
569 3353 602 3384 in
627 3362 695 3383 rem
719 3362 837 3383 veram.
863 3351 950 3383 Cum
974 3351 1119 3384 secundo
1143 3351 1248 3386 modo
1266 3353 1347 3383 ima—

268 3398 406 3438 ginatur,
430 3408 499 3428 non
525 3403 572 3428 est
601 3407 732 3428 necesse
763 3403 799 3428 ut
829 3397 951 3438 aliquid
975 3398 1011 3428 in
1032 3398 1102 3438 ipsa
1131 3395 1290 3427 formetur
1312 3397 1346 3428 in

269 3452 337 3483 quo
361 3443 466 3483 ipsam
489 3452 558 3473 rem
581 3443 789 3483 imaginatam
811 3442 969 3482 inspiciat,
987 3445 1064 3472 c'um
1086 3441 1132 3471 illi
1156 3442 1195 3471 sit
1222 3442 1345 3478 intima,

270 3493 301 3518 et
316 3488 432 3518 habeat
447 3497 517 3518 esse
532 3487 737 3528 imaginabile
753 3488 787 3517 in
803 3497 854 3517 ea:
880 3487 963 3517 sicut
978 3496 1039 3517 nec
1060 3485 1253 3523 intellectus,
1270 3496 1346 3516 cum

268 3532 458 3563 terminatur
474 3532 515 3563 ad
529 3533 639 3572 ipsum
662 3537 860 3573 conceptum
877 3531 1057 3562 secundum
1073 3541 1117 3567 se,
1134 3529 1252 3561 format
1267 3540 1346 3562 con·
1363 3541 1367 3546 ·

269 3582 402 3617 ceptum
425 3577 465 3608 de
493 3578 565 3617 ipso
597 3582 771 3617 conceptu.
803 3576 944 3615 Quando
976 3582 1084 3607 autem
1114 3576 1220 3616 primo
1243 3575 1345 3606 modo

269 3621 394 3663 aliquid>
420 3622 623 3663 imaginatur,
647 3627 726 3652 tunc
757 3623 954 3662 conceptum
972 3620 1118 3667 quidem
1149 3625 1180 3650 et
1210 3620 1345 3659 verbum

269 3675 338 3696 non
361 3664 488 3703 format,
506 3667 582 3707 quia
607 3672 786 3707 conceptus
801 3672 832 3697 et
847 3667 983 3696 verbum
1006 3666 1138 3696 interius
1159 3665 1290 3704 proprie
1306 3664 1366 3703 ad„

413 3729 507 3753 Suum
527 3729 636 3753 Com-rm
657 3729 791 3753 GEN‘rrLss
811 3729 841 3753 l).
860 3729 976 3753 Tnomaa
996 3728 1065 3751 ΤοΜ.
1085 3727 1103 3751 Ι.

2398 292 2468 330 153

1399 361 1600 392 intellectum
1627 364 1776 403 pertinet,
1801 371 1855 396 aut
1878 367 1974 397 etiam
1998 367 2037 398 ad
2061 369 2266 408 cogitativam
2289 375 2325 400 ut
2346 372 2471 404 ratione

1400 406 1582 454 participat:
1595 407 1652 437 sed
1664 407 1781 438 format
1793 409 1915 440 idolum
1929 411 2105 451 quoddam,
2115 415 2360 455 proportionale
2372 417 2470 447 verbo

1400 449 1593 486 intellectus,
1618 452 1651 481 in
1675 461 1742 491 quo
1766 462 1835 484 rem
1864 455 2070 495 imaginatam
2101 457 2140 488 ad
2168 464 2253 489 extra
2276 460 2415 500 inspicit,
2440 466 2471 492 et

1401 501 1459 532 per
1482 494 1574 533 quod
1595 504 1645 525 res
1669 496 1708 526 ad
1732 502 1818 528 extra
1849 498 1885 529 fit
1915 506 1988 530 actu
2017 510 2166 540 praesens
2193 504 2416 544 imaginationi
2436 506 2470 536 in

1402 546 1472 567 esse
1495 538 1668 570 obiectivo.
1688 558 1711 562 —
1735 541 1803 572 Nec
1826 543 1890 573 hoc
1914 553 1951 574 ex
1968 553 2021 575 me
2043 551 2168 577 tantum
2192 547 2336 586 dixerim,
2353 550 2409 581 sed
2432 560 2470 581 ex

1402 580 1549 612 doctrina
1561 582 1670 614 Sancti
1686 584 1846 623 Thomae,
1858 587 1973 624 Prima,
1987 598 2018 628 q.
2032 600 2142 628 cxxxv,
2157 602 2184 622 a.
2197 602 2226 629 2,
2240 593 2279 624 ad
2293 594 2322 629 3,
2336 600 2367 625 et
2381 594 2470 631 Quo-

1403 626 1455 657 lib.
1473 626 1512 662 V,
1529 637 1557 657 a.
1575 637 1606 667 9,
1623 627 1663 658 ad
1680 638 1697 658 2
1711 630 1739 660 ’ἢ

1458 670 1559 709 Quod
1582 673 1727 704 secundo
1752 674 1911 711 obiicitur,
1937 678 2093 716 quoniam
2109 689 2193 710 unus
2213 681 2355 720 angelus,
2371 683 2470 713 alium

1402 715 1614 756 intelligendo
1637 727 1695 757 per
1718 719 1870 759 speciem,
1895 730 1963 751 non
1986 720 2137 754 formabit
2165 731 2370 766 conceptum,
2395 728 2471 767 quia

1403 765 1450 790 est
1473 761 1705 793 immaterialis:
1730 781 1752 785 —
1775 764 1839 794 iam
1863 764 1985 796 dictum
2009 772 2056 797 est
2079 768 2170 808 quod
2198 769 2251 800 illa
2282 780 2375 802 causa
2402 781 2470 803 non

1403 810 1451 835 est
1474 806 1671 844 universalis,
1695 807 1752 838 sed
1782 813 1908 840 tantum
1935 817 2083 851 respectu
2115 822 2221 843 rerum
2249 815 2469 848 materialium.

1402 849 1475 880 Alia
1497 856 1607 882 tamen
1637 862 1733 883 causa
1762 853 1859 884 etiam
1882 854 1916 885 in
1939 865 2046 888 rerum
2074 857 2331 890 immaterialium
2361 862 2471 900 cogni-

1402 895 1492 925 tione
1517 896 1665 933 salvatur,
1690 902 1727 929 ut
1751 897 1900 929 diximus.
2173 936 2175 938 ,

1458 939 1559 978 Quod
1583 941 1733 972 obiicitur
1748 944 1854 980 tertio,
1872 944 1947 984 quia
1963 946 2086 985 species
2110 946 2315 987 intelligibilis
2339 948 2473 980 sufficiet

1403 983 1443 1014 ad
1466 985 1735 1018 intellectionem:
1760 1005 1782 1009 -
1805 987 1922 1019 dicitur
1945 999 1982 1020 ex
2006 989 2152 1023 doctrina
2183 991 2291 1022 Sancti
2314 993 2472 1031 Thomae,

1402 1031 1589 1069 praesertim
1613 1031 1653 1062 de
1676 1032 1758 1067 Pot.,
1776 1042 1807 1072 q.
1824 1043 1866 1069 1x,
1889 1043 1917 1064 a.
1937 1034 1966 1070 5,
1991 1035 2091 1074 quod,
2115 1036 2190 1066 licet
2213 1038 2335 1077 species
2358 1038 2473 1069 intelli-

1402 1074 1506 1114 gibilis
1522 1076 1562 1105 sit
1577 1076 1805 1114 immaterialis,
1823 1083 1854 1109 et
1869 1078 2048 1110 intellectui
2070 1090 2220 1121 praesens
2236 1081 2346 1122 aliquo
2362 1083 2472 1120 modo,

1402 1128 1471 1149 non
1495 1126 1604 1151 tamen
1628 1127 1675 1152 est
1705 1123 1738 1152 in
1767 1128 1840 1153 actu
1872 1132 1930 1163 per
1958 1125 2096 1156 modum
2126 1126 2245 1157 obiecti
2275 1128 2473 1159 terminantis

1403 1169 1522 1202 actum,
1546 1175 1607 1196 nec
1631 1175 1688 1207 per
1711 1167 1814 1207 ipsam
1838 1168 2004 1199 obiectum
2028 1175 2075 1201 est
2099 1175 2171 1201 actu
2186 1179 2336 1210 praesens
2351 1173 2383 1202 in
2400 1178 2473 1204 actu

1403 1209 1577 1247 obiectivo‚
1602 1210 1659 1241 sed
1681 1216 1808 1242 tantum
1838 1213 1872 1243 in
1901 1213 2022 1245 habitu.
2055 1214 2143 1246 Tum
2172 1217 2338 1255 quoniam,
2363 1218 2388 1247 si
2415 1227 2473 1258 per

1374 1271 1376 1282 1
1402 1254 1506 1294 ipsam
1530 1255 1696 1287 obiectum
1713 1263 1796 1287 esset
1812 1257 1845 1287 in
1862 1264 1936 1289 actu
1952 1265 2111 1300 quantum
2127 1259 2167 1291 ad
2181 1269 2249 1291 esse
2265 1261 2472 1298 obiectivum,

1401 1304 1480 1330 tunc
1496 1300 1618 1331 habens
1641 1302 1784 1341 speciem
1807 1311 1934 1343 semper
1956 1304 2160 1345 intelligeret:
2185 1305 2371 1346 intelligitur
2387 1308 2473 1337 enim

1402 1353 1452 1374 res
1476 1344 1607 1384 quando
1633 1351 1706 1376 actu
1730 1352 1777 1377 est
1800 1347 1832 1376 in
1857 1348 2022 1379 intellectu
2046 1359 2103 1390 per
2133 1349 2269 1381 modurn
2300 1352 2419 1382 obiecti
2443 1358 2474 1382 et

1402 1390 1532 1419 termini
1556 1391 1765 1430 operationis.
1782 1410 1804 1413 -
1820 1391 1907 1423 Tum
1925 1394 2000 1433 quia
2017 1395 2140 1435 species
2163 1396 2296 1435 ponitur
2319 1402 2474 1436 tanquam

1402 1434 1599 1475 principium
1624 1435 1758 1466 formale
1782 1437 2019 1475 intellectionis‚
2044 1449 2101 1479 per
2125 1440 2215 1480 quod
2237 1441 2418 1472 intellectus
2438 1440 2475 1471 fit

1402 1479 1435 1508 in
1460 1484 1544 1510 actu.
1571 1479 1726 1520 Operatio
1751 1486 1860 1512 autem
1883 1492 1952 1513 non
1975 1484 2164 1515 terminatur
2187 1486 2292 1525 primo
2314 1491 2345 1516 et
2361 1487 2474 1516 imme-

1403 1522 1488 1554 diate
1512 1524 1551 1554 ad
1575 1535 1671 1555 suum
1694 1527 1891 1566 principium
1924 1527 2059 1559 formale
2083 1534 2115 1559 et
2145 1529 2331 1567 elicitivum‚
2356 1529 2412 1560 sed
2435 1529 2475 1560 ad

1403 1568 1525 1609 aliquid
1542 1570 1645 1600 simile
1661 1570 1716 1601 illi.
1743 1570 1838 1602 Unde
1853 1577 1979 1612 praeter
1994 1574 2148 1618 speciem,
2164 1583 2295 1606 necesse
2312 1581 2359 1606 est
2379 1575 2474 1605 etiam

1403 1618 1603 1655 conceptum
1617 1624 1761 1655 ponere,
1786 1621 1822 1645 ut
1846 1615 1995 1655 diximus.

1458 1658 1559 1696 Quod
1583 1660 1692 1689 autem
1715 1660 1832 1690 ultimo
1856 1660 1982 1698 dicitur,
2008 1662 2084 1702 quia
2106 1668 2185 1693 tunc
2209 1663 2268 1693 erit
2283 1664 2347 1694 hoc
2363 1673 2475 1693 verum

1374 1709 1377 1752 j
1403 1708 1529 1733 tantum
1553 1704 1586 1733 in
1610 1705 1704 1734 rebus
1728 1705 1959 1736 materialibus:
1985 1724 2005 1727 -
2029 1707 2094 1736 iarn
2115 1716 2307 1738 concessum
2323 1713 2370 1738 est
2386 1706 2476 1748 quod

1402 1748 1436 1778 in
1463 1747 1540 1778 solis
1563 1749 1659 1779 rebus
1682 1749 1898 1780 materialibus
1914 1750 1987 1781 illae
2004 1761 2118 1781 causae
2138 1753 2389 1792 coniunguntur.
2414 1751 2477 1783 Sed

1375 1818 1376 1834 3
1403 1793 1436 1823 in
1465 1793 1534 1823 aliis
1565 1802 1603 1824 ex
1629 1794 1725 1824 altera
1758 1803 1869 1825 earum
1900 1795 2012 1826 saltem
2045 1805 2175 1827 necesse
2207 1802 2253 1827 est
2281 1802 2476 1837 conceptum

1402 1847 1537 1878 ponere.

1458 1882 1526 1912 VII.
1536 1869 1706 1920 Quantum
1714 1883 1754 1914 ad
1768 1883 1948 1915 secundum
1958 1885 1985 1921 ᾗ
1995 1884 2122 1921 Scotus,
2131 1886 2164 1915 in
2175 1885 2292 1922 lSent.,
2301 1885 2331 1916 d.
2340 1897 2423 1917 xxvn
2432 1887 2476 1922 me,

1402 1925 1479 1957 dicit
1502 1926 1568 1957 duo
1582 1927 1608 1957 *.
1632 1927 1778 1958 Primum
1795 1934 1843 1958 est
1859 1928 1949 1968 quod
1965 1929 2095 1959 verbum
2112 1939 2178 1960 non
2195 1935 2243 1960 est
2262 1930 2387 1971 aliquid
2395 1941 2476 1971 pro-

1402 1971 1532 2001 ductum
1551 1981 1616 2011 per
1639 1972 1906 2003 intellectionem:
1929 1973 2005 2014 quia
2030 1974 2203 2004 intellectio
2228 1984 2293 2005 non
2318 1980 2365 2005 est
2390 1976 2475 2005 actio

1374 2039 1375 2043 ,
1396 2015 1593 2055 productiva
1607 2016 1746 2046 alicuius
1759 2017 1899 2047 termini.
1914 2017 2013 2055 Quod
2025 2018 2142 2058 probat
2158 2018 2341 2059 dupliciter..
2354 2019 2473 2056 Primo,

1373 2081 1375 2088 s
1402 2060 1478 2099 quia
1502 2069 1567 2090 non
1592 2065 1640 2090 est
1664 2060 1860 2104 impossibile
1885 2061 2070 2103 intelligere
2091 2062 2341 2094 intellectionem
2357 2063 2475 2099 intelli-

1373 2129 1375 2132 .
1400 2104 1509 2145 gendo
1526 2104 1614 2145 quod
1630 2114 1695 2135 non
1719 2105 1762 2135 sit
1777 2105 1918 2136 alicuius
1935 2106 2065 2137 termini
2074 2116 2138 2147 per
2154 2107 2256 2147 ipsam
2270 2107 2436 2148 producti.
2453 2111 2475 2130 ’-

1401 2148 1564 2184 Secundo,
1583 2149 1659 2189 quia
1680 2151 1884 2189 operationes
1907 2151 2131 2187 immanentes,
2147 2151 2234 2192 apud
2257 2153 2474 2189 Aristotelem,

1373 2220 1375 2230 Α
1403 2193 1535 2223 lEthic.
1552 2194 1579 2229 ἢ
1604 2198 1635 2223 et
1652 2194 1853 2235 1X.Metap}1.
1870 2196 1915 2231 ἢ,
1939 2201 2014 2226 sunt
2037 2201 2128 2226 actus
2152 2197 2266 2227 ultimi.

1458 2237 1646 2268 Secundum
1663 2243 1710 2268 est
1726 2239 1803 2279 quia
1819 2239 1949 2270 verbum
1966 2245 2013 2270 est
2035 2241 2174 2271 actualis
2190 2241 2374 2277 intellectio,
2392 2251 2476 2282 quae

1402 2282 1518 2312 dicitur
1542 2282 1658 2312 notitia
1681 2283 1804 2324 genita.
1830 2283 1982 2324 Dicitque
2009 2293 2066 2324 per
2089 2290 2197 2315 actum
2225 2284 2357 2326 quidem
2383 2286 2476 2321 intel-

1402 2327 1504 2357 lectus
1520 2326 1751 2366 productivum
1768 2327 1904 2368 produci
1922 2329 2067 2365 verbum,
2086 2339 2155 2360 non
2171 2335 2280 2360 autem
2296 2339 2352 2369 per
2369 2336 2476 2361 actum

1402 2370 1614 2411 intelligendi.
2168 2371 2170 2373 ’

1459 2415 1542 2446 VIII.
1567 2415 1704 2446 Sanctus
1721 2416 1867 2447 Thomas
1891 2417 1958 2448 duo
1983 2417 2059 2448 dicit
2078 2419 2230 2460 opposita
2245 2418 2284 2448 iis
2300 2427 2383 2458 quae
2400 2418 2477 2449 dicit

1403 2460 1531 2491 Scotus.
1556 2459 1701 2496 Primum
1726 2466 1774 2491 est
1797 2461 1888 2502 quod
1913 2462 2047 2492 verbum
2063 2472 2121 2503 per
2135 2464 2244 2503 ipsum
2260 2468 2368 2493 actum
2383 2463 2476 2494 intel-

1403 2504 1525 2545 ligendi
1548 2504 1753 2545 producitur:
1779 2512 1814 2537 ut
1837 2512 1925 2547 patet
1948 2507 2011 2537 hoc
2035 2507 2122 2544 loco,
2138 2508 2195 2538 ubi
2211 2508 2254 2537 ait
2270 2507 2360 2547 quod
2384 2508 2476 2538 intel-

1405 2550 1506 2580 lectus
1522 2549 1734 2592 intelligendo
1749 2551 1884 2592 format
1904 2551 1936 2581 in
1959 2551 2063 2592 seipso
2084 2552 2248 2593 quandam
2267 2551 2475 2583 intentionem

1405 2594 1609 2625 intellectam.
1635 2594 1746 2625 Simile
1770 2596 1867 2626 etiam
1890 2595 1968 2626 dicit
1990 2596 2024 2626 in
2048 2596 2116 2626 aliis
2138 2596 2229 2633 locis,
2254 2596 2309 2626 ubi
2332 2596 2476 2637 loquitur

1405 2639 1445 2670 de
1469 2639 1528 2669 ista
1551 2639 1684 2669 materia
1699 2639 1727 2669 ἦ

1460 2683 1649 2714 Secundum
1673 2689 1720 2714 est
1743 2684 1834 2724 quod
1866 2690 1955 2715 actus
1986 2684 2168 2715 intellectus
2199 2684 2303 2715 differt
2333 2685 2371 2715 ab
2402 2685 2474 2725 ipso

1404 2729 1520 2760 verbo:
1545 2734 1581 2759 ut
1604 2734 1691 2769 patet
1710 2728 1816 2760 Prima
1832 2729 1934 2766 Parte,
1952 2739 1982 2769 q.
2000 2739 2103 2766 xxxxv,
2120 2739 2147 2760 a.
2170 2737 2196 2766 1;
2214 2734 2246 2759 et
2260 2729 2342 2766 Pot.,
2360 2739 2391 2770 q.
2408 2740 2473 2766 vm,

1405 2784 1433 2804 a.
1456 2782 1482 2810 1;
1505 2773 1611 2809 Verit..
1630 2783 1661 2813 q.
1678 2783 1719 2809 ιν,
1738 2783 1767 2804 2.

1460 2818 1503 2849 Et
1525 2819 1672 2859 quamvis
1696 2817 1796 2858 aliqui
1819 2817 2061 2850 Thomistarum
2091 2823 2221 2852 teneant
2248 2819 2383 2850 verbum
2405 2828 2474 2851 non

1404 2863 1529 2893 realiter
1545 2863 1698 2903 distingui
1721 2863 1760 2893 ab
1784 2868 1858 2893 actu
1881 2863 2090 2903 intelligendi,
2107 2863 2162 2893 sed
2177 2868 2302 2893 tanturn
2318 2872 2375 2903 per
2395 2872 2473 2893 con-

1403 2912 1528 2944 notata;
1552 2913 1662 2938 tamen
1685 2908 1786 2948 magis
1809 2908 1888 2938 mihi
1911 2908 2018 2948 placet
2041 2908 2153 2948 opinio
2177 2907 2314 2938 aliorum
2338 2907 2473 2937 Thomi—

1403 2958 1524 2983 starum
1554 2953 1735 2983 tenentium
1766 2951 1806 2982 de
1835 2958 1945 2983 mente
1975 2952 2082 2984 Sancti
2109 2952 2257 2983 Thomae
2283 2961 2354 2983 esse
2383 2951 2472 2992 quod

1402 2997 1529 3030 realiter
1559 2997 1782 3037 distinguatur.
1813 2997 1914 3035 Quod
1945 3007 2020 3028 sane
2050 3002 2191 3038 apparet,
2216 2997 2292 3037 quia
2321 3006 2389 3027 non
2412 2996 2472 3027 alia

1402 3042 1527 3072 ratione
1550 3043 1685 3082 ponitur
1707 3042 1843 3072 verbum
1859 3042 1898 3072 ab
1914 3043 1986 3083 ipso
2002 3042 2064 3072 nisi
2080 3048 2115 3073 ut
2130 3041 2185 3072 fiat
2202 3042 2366 3072 obiectum
2380 3050 2472 3082 prae-

1403 3096 1475 3117 sens
1499 3092 1574 3117 actu
1596 3087 1659 3127 ipsi
1682 3087 1859 3117 intellectui
1882 3087 1916 3117 in
1940 3097 2008 3117 esse
2032 3087 2204 3123 obiectivo‚
2222 3091 2253 3116 et
2275 3086 2308 3116 in
2331 3086 2402 3125 ipso
2426 3085 2471 3115 sic

1401 3137 1570 3172 praesente
1593 3131 1739 3162 videatur
1762 3141 1819 3172 per
1842 3137 1951 3162 actum
1974 3130 2172 3171 intelligendi
2195 3140 2244 3161 res
2268 3139 2350 3171 quae
2378 3130 2470 3160 intel-

1401 3175 1530 3216 ligitur.v
1544 3175 1650 3212 Unde,
1675 3176 1758 3206 sicut
1773 3175 1881 3207 videre
1897 3186 1964 3207 non
1982 3182 2028 3207 est
2047 3175 2079 3206 id
2103 3174 2192 3215 quod
2211 3174 2346 3210 videtur,
2362 3183 2470 3214 neque

1401 3220 1434 3251 id
1457 3221 1490 3251 in
1518 3230 1586 3261 quo
1618 3220 1740 3260 aliquid
1770 3218 1905 3257 videtur,
1929 3221 1972 3251 ita
2001 3230 2061 3251 nec
2091 3220 2276 3259 intelligere,
2302 3218 2392 3259 quod
2416 3224 2471 3262 est

1401 3264 1519 3301 videre,
1545 3266 1603 3296 erit
1625 3266 1733 3306 ipsum
1757 3266 1900 3296 verbum.
1918 3284 1939 3287 —
1956 3265 2045 3301 Item,
2066 3265 2141 3304 quia
2160 3263 2272 3295 frustra
2295 3268 2471 3303 poneretur

1400 3311 1537 3341 verbum
1552 3311 1587 3340 in
1602 3310 1768 3340 intellectu
1791 3316 1903 3340 nostro
1926 3316 2081 3350 tanquam
2104 3309 2258 3339 terminus
2280 3307 2468 3348 productus,

1401 3364 1439 3385 ex
1463 3364 1531 3395 quo
1556 3353 1639 3385 esset
1661 3353 1748 3387 idem
1773 3365 1848 3385 cum
1871 3360 1945 3386 actu
1968 3353 2176 3394 intelligendi,
2197 3353 2318 3393 inipso
2335 3361 2468 3383 manens

1400 3399 1566 3430 intellectu
1579 3409 1655 3429 cum
1669 3404 1752 3430 actu.
1766 3400 1807 3430 Et
1823 3400 1868 3429 sic
1883 3409 1950 3429 non
1964 3404 2128 3439 oporteret
2140 3398 2293 3428 Sanctum
2306 3397 2469 3435 Thomam

1400 3443 1575 3474 sollicitum
1600 3453 1669 3474 esse
1693 3454 1734 3474 an
1757 3444 1937 3474 intellectus
1961 3443 2121 3484 producat
2143 3442 2275 3472 verbum
2298 3450 2412 3471 necne.

1456 3488 1557 3526 Quod
1587 3494 1696 3519 autem
1728 3488 1853 3525 dicitur,
1879 3489 2034 3528 quoniam
2064 3493 2171 3517 motus
2203 3492 2249 3517 est
2278 3485 2364 3516 idern
2393 3494 2467 3515 cum

1399 3533 1539 3563 termino
1560 3539 1680 3569 motus,
1697 3543 1764 3563 non
1782 3539 1829 3563 est
1844 3533 1956 3563 simile.
1981 3532 2066 3570 Quia
2084 3537 2192 3562 motus
2209 3535 2414 3571 comparatur
2429 3529 2469 3559 ad

1399 3578 1575 3608 terminum
1599 3578 1681 3608 sicut
1704 3578 1929 3618 imperfectum
1954 3576 1993 3607 ad
2015 3575 2205 3618 perfectum,
2230 3581 2261 3606 et
2283 3576 2335 3605 via
2358 3574 2397 3604 ad
2420 3584 2468 3604 se-

1397 3621 1507 3662 ipsum
1527 3622 1587 3652 sub
1612 3632 1681 3653 esse
1704 3621 1898 3662 perfectiori,
1916 3632 1955 3652 eo
1974 3621 2063 3661 quod
2079 3622 2119 3651 sit
2134 3626 2223 3651 actus
2239 3618 2420 3660 imperfecti
2437 3624 2468 3648 et

1399 3666 1566 3697 existentis
1590 3667 1622 3696 in
1643 3667 1790 3707 potentia
1806 3668 1832 3697 *.
1858 3666 1970 3703 Modo,
1992 3667 2046 3697 ubi
2067 3664 2251 3706 proceditur
2267 3664 2307 3695 de
2322 3663 2467 3704 potentia

2289 3734 2322 3751 20

2498 637 2507 646 '
2530 637 2568 658 Al.
2595 637 2662 664 Quol.
2680 636 2710 663 V,

2498 669 2520 690 q.
2531 669 2554 690 ν,
2568 669 2587 685 a.
2598 669 2620 691 9,
2635 663 2663 684 ad
2678 669 2697 686 2.

2505 1885 2513 1894 ·
2528 1883 2597 1905 Num.
2607 1889 2641 1910 ιιι,
2651 1882 2702 1905 init.

2505 1912 2524 1921 '¹¹¹
2565 1916 2587 1932 u.
2601 1917 2618 1932 ι.

2505 1938 2514 1947 '¹
2530 1937 2549 1959 C
2560 1953 2565 1959 .
2582 1943 2604 1958 n.
2616 1943 2647 1958 ix.

2503 2201 2511 2209 ·
2527 2199 2564 2221 cf.
2579 2205 2606 2220 ca
2625 2206 2657 2226 .ι,
2667 2206 2688 2221 2.

2504 2227 2522 2236 ··
2533 2225 2584 2248 Did.
2619 2226 2659 2253 111,
2668 2233 2714 2253 vni,

2504 2259 2535 2273 ix.

2503 2645 2512 2654 ‘
2528 2643 2565 2665 Cf.
2574 2643 2584 2664 1
2594 2644 2628 2669 P„
2641 2649 2712 2669 xxvii,

2504 2678 2524 2695 i:
2537 2670 2566 2691 de
2578 2670 2637 2696 Ver„
2648 2676 2670 2696 q.
2679 2675 2713 2695 ιιι,

2502 2703 2522 2719 2.

2495 3673 2503 3681 ·
2519 3671 2548 3692 ΠΙ
2563 3672 2643 3700 Phys„
2656 3679 2672 3700 ι,
2682 3673 2704 3694 6.
