2742 4152
30 552 40 561 ¹
55 550 90 572 De
98 549 155 571 Fide
162 548 240 575 Orth„

30 578 48 603 1,
60 583 95 598 ιιι.

29 656 39 665 ·
52 654 89 676 Ad
104 657 161 676 text.
179 660 212 682 75.

24 1181 37 1226 ἑ
50 1179 85 1200 Cf⁴
104 1178 235 1200 Comment.

25 1313 33 1321 '⁴
50 1311 85 1333 cf.
97 1317 119 1333 n.
128 1317 175 1337 xxi,
184 1317 229 1332 xxv

58 1212 81 1230 x,
97 1205 148 1227 init.

25 1400 33 1409 ”
51 1399 86 1422 Cf.
98 1405 121 1421 n.
133 1405 174 1421 xn.

24 1445 33 1454 ·
49 1444 86 1465 Cf.
98 1449 120 1465 n.
131 1449 163 1464 xi.

276 257 324 304 34
867 253 1056 290 SUMMA
1086 252 1309 289 CONTRA
1337 251 1610 299 GENTlLES,
1641 252 1869 290 CAP.X111.

272 343 401 373 autem
438 342 493 371 est
529 332 748 370 secundum
789 331 1165 392 approximationem
1207 331 1257 368 ad
1299 330 1337 368 id
1393 330 1523 368 nantia
1551 331 1591 368 in
1619 343 1747 368 unum
1773 331 1952 369 ordinem
1975 332 2213 370 concordare
2232 345 2388 383 semper
2406 335 2469 371 vel

272 388 378 438 quod
394 395 449 425 est
468 386 689 435 simpliciter
703 393 740 422 et
758 385 928 423 maxime
947 397 1098 422 verum.
1122 386 1179 422 Ex
1195 384 1338 434 quibus
1392 384 1536 433 pluries
1551 384 1625 421 nisi
1638 384 1801 422 alicuius
1819 385 2112 434 gubernatione,
2128 398 2175 423 ex
2189 398 2269 435 qua
2284 386 2468 424 omnibus

270 440 448 478 concludi
467 447 592 489 potest
610 439 769 476 ulterius
788 451 871 476 esse
890 439 1032 488 aliquid
1056 439 1156 488 quod
1180 444 1230 475 est
1259 450 1338 475 ma·
1393 445 1430 474 et
1449 437 1606 497 singulis
1634 437 1814 475 tribuitur
1832 446 1875 476 ut
1893 439 1943 476 ad
1969 446 2119 476 certum
2146 439 2271 477 finem
2295 440 2466 477 tendant.

268 496 372 531 xime
398 505 472 529 ens.
503 493 551 529 Et
579 493 655 530 hoc
682 492 848 530 dicimus
877 493 1018 529 Deum.
1394 490 1496 528 Sed
1487 503 1528 528 in
1546 491 1699 528 mundo
1712 490 1894 530 videmus
1908 504 1969 529 res
1984 492 2227 531 diversarum
2241 500 2469 530 naturarum

322 546 382 583 Ad
417 547 493 583 hoc
526 545 640 583 etiam
675 545 870 583 inducitur
898 558 921 582 a
954 547 1199 582 Damasceno
1218 545 1238 566 ²¹⁶
1266 544 1339 582 alia
1362 562 1371 582 5
1394 543 1434 581 in
1461 556 1589 582 unum
1615 544 1795 582 ordinem
1823 546 2074 592 concordare,
2098 558 2180 585 non
2203 554 2247 584 ut
2265 558 2353 584 raro
2382 553 2420 583 et
2446 558 2469 583 a

269 599 364 636 ratio
379 606 534 649 sumpta
553 611 600 637 ex
619 611 752 637 rerum
765 598 1061 648 gubernatione:
1083 610 1204 647 quam
1223 597 1339 635 etiam
1393 609 1499 646 casu,
1519 598 1589 635 sed
1611 605 1655 635 ut
1683 610 1839 648 semper
1856 601 1919 637 vel
1938 599 1978 637 in
1997 599 2137 637 maiori
2155 608 2274 650 parte.
2306 600 2470 649 Oportet

268 652 392 689 innuit
421 653 717 690 Commentator
743 652 783 690 in
811 654 842 690 11
870 654 1119 701 Physicorum
1138 652 1169 688 ²¹⁶.
1204 652 1253 688 Et
1284 658 1340 688 est
1395 662 1487 699 ergo
1515 663 1598 688 esse
1627 652 1789 701 aliquem
1817 655 1923 690 cuius
1945 654 2182 703 providentia
2210 653 2372 691 mundus
2398 665 2469 704 gu-

267 705 360 743 talis.
391 706 630 756 Impossibile
668 714 724 743 est
759 706 888 755 aliqua
923 705 1114 742 contraria
1145 713 1182 742 et
1218 704 1339 741 disso-
1394 706 1580 742 hernetur.
1611 705 1660 742 Et
1688 706 1795 743 hunc
1821 705 1987 744 dicimus
2015 707 2158 745 Deum.

323 819 336 844 3
356 820 475 845 concludi
494 819 589 853 potest]
610 824 698 852 potest
715 820 834 845 concludi
849 827 874 850 α,
895 819 1056 844 concluditur
1074 819 1107 844 D.
1197 817 1214 843 8
1233 817 1328 852 aliqua]
1349 818 1397 844 alia
1415 826 1443 844 α.

322 855 335 880 3
355 860 384 880 ut
402 856 478 881 ad...
497 855 612 890 tendant]
634 856 708 881 ad...
727 856 865 880 tendantur
885 863 911 880 α.
1002 862 1018 887 7
1038 853 1163 888 aliquem]
1184 853 1283 887 aliquid
1301 854 1372 880 GPe.

1466 853 1483 879 8
1502 853 1580 888 hunc]
1600 854 1650 879 boc
1670 854 1759 880 GZPc.

1029 942 1368 976 Commentario.
1396 943 1708 976 Ferit-axiensis

327 1051 439 1071 auo-ns
466 1041 503 1071 iis
538 1041 656 1081 quibus
687 1040 926 1071 existimabatur
955 1049 1072 1070 vanam
1104 1048 1173 1070 esse
1207 1039 1342 1080 inquisi-

271 1053 450 1116 Rtionem
477 1094 541 1125 qua
565 1085 777 1125 quaerebatur
792 1094 833 1114 an
851 1084 941 1115 Deus
964 1084 1014 1120 sit,
1041 1084 1177 1115 Sanctus
1196 1084 1342 1115 Thomas

1453 1038 1542 1069 Tum
1559 1039 1635 1079 quia
1651 1040 1762 1070 omnia
1778 1044 1872 1070 erunt
1887 1039 1980 1080 quasi
1996 1038 2281 1070 instrumentaliter
2296 1041 2471 1078 movenda,

1397 1083 1544 1124 nihilque
1571 1084 1631 1115 erit
1655 1083 1835 1124 principale
1864 1093 2012 1115 movens,
2043 1083 2085 1115 Et
2108 1084 2154 1115 sic
2177 1084 2275 1115 etiam
2297 1084 2378 1116 nihil
2400 1094 2472 1116 mo-

265 1135 332 1161 tam
358 1130 631 1171 philosophorum
657 1138 757 1170 quam
786 1129 1018 1169 theologorum
1044 1129 1185 1160 rationes
1211 1128 1343 1160 adducit

266 1175 384 1216 quibus
402 1175 556 1215 probatur
571 1174 680 1205 Deum
696 1183 764 1204 esse
776 1174 803 1204 ἦ
825 1173 919 1204 Circa
934 1174 998 1204 hoc
1015 1179 1124 1205 autem
1140 1173 1207 1205 duo
1223 1173 1342 1215 princi-

265 1219 378 1260 paliter
408 1219 500 1250 facit:
532 1219 638 1259 primo
667 1218 755 1249 enim
784 1218 925 1249 rationes
956 1228 994 1249 ex
1025 1218 1098 1249 VIII
1125 1218 1342 1260 Plirsicorum

265 1269 409 1305 sumptas
431 1263 573 1300 inducit;
598 1262 753 1299 secundo,
775 1263 914 1294 rationes
938 1268 1082 1304 sumptas
1107 1273 1145 1294 ex
1169 1263 1342 1304 Metaphy-

231 1326 236 1331 ·
264 1309 332 1340 sica
361 1314 392 1339 et
419 1308 621 1339 Damasceno
637 1308 665 1338 *.
693 1307 863 1346 Quantum
895 1307 935 1338 ad
965 1308 1119 1348 primum,
1150 1307 1217 1339 duo
1249 1308 1341 1339 facit:

264 1354 381 1394 primo,
407 1354 492 1394 ipsas
518 1353 659 1384 rationes
682 1352 823 1389 induem
847 1352 1004 1389 secundo,
1024 1353 1165 1384 ostendit
1183 1358 1343 1394 quantum

266 1397 425 1430 efficaciae
448 1398 588 1428 habeant
604 1398 631 1428 *.

321 1443 343 1474 1.
357 1442 526 1481 Quantum
539 1442 579 1473 ad
594 1442 747 1484 primum,
760 1442 902 1482 arguitur
913 1442 1020 1483 primo
1031 1443 1048 1459 *
1060 1443 1116 1473 sic.
1130 1442 1238 1474 Omne
1253 1441 1345 1483 quod

265 1493 425 1524 movetur,
443 1487 482 1518 ab
499 1486 562 1518 alio
579 1492 738 1518 movetur.
755 1487 822 1518 Aut
842 1496 918 1527 ergo
934 1486 1015 1518 illud
1030 1496 1167 1518 movens
1182 1492 1343 1524 movetur,

266 1538 321 1563 aut
338 1542 417 1563 non.
442 1532 476 1563 Si
499 1531 690 1568 secundum,
710 1532 846 1563 habetur
868 1532 1090 1572 propositum:
1116 1532 1193 1573 quia
1207 1541 1344 1563 movens

266 1577 434 1608 immobile
451 1576 588 1608 dicimus
612 1577 730 1607 Deum.
754 1594 778 1599 -
800 1576 834 1607 Si
857 1577 1010 1617 primum,
1027 1586 1105 1618 ergo
1130 1577 1169 1607 ab
1185 1577 1249 1608 alio
1273 1586 1345 1608 mo—

266 1628 361 1654 vente
386 1627 546 1653 movetur.
571 1621 635 1653 Sed
656 1631 725 1652 non
745 1627 792 1652 est
815 1630 986 1673 processus
1002 1622 1036 1652 in
1058 1621 1232 1653 infinitum.
1257 1621 1344 1662 Ergo

266 1676 398 1698 necesse
422 1672 470 1698 est
492 1676 616 1707 ponere
639 1665 762 1717 aliquid
783 1667 927 1707 primum
949 1676 1086 1697 movens
1109 1667 1288 1698 immobile.

325 1721 354 1742 2.
378 1711 593 1752 Assumptum
609 1711 751 1751 primum
766 1711 931 1752 probatur.
947 1711 1067 1742 Primo.
1087 1711 1189 1763 Quod
1204 1722 1222 1742 a
1237 1711 1344 1762 seipso

266 1761 427 1793 movetur,
445 1760 492 1787 est
507 1756 613 1797 primo
637 1761 776 1786 motum.
801 1755 888 1796 Ergo
905 1754 945 1786 ad
964 1755 1108 1797 quietem
1132 1757 1228 1804 tinius
1247 1756 1345 1797 partis

266 1801 412 1842 sequitur
435 1801 526 1842 quies
549 1801 666 1831 totius:
690 1801 717 1831 si
741 1800 838 1836 enim,
861 1801 1048 1841 quiescente
1072 1810 1138 1831 una
1160 1807 1260 1841 parte,
1285 1801 1346 1831 alia

267 1846 336 1876 eius
359 1855 431 1886 pars
455 1851 649 1882 moveretur,
677 1850 756 1876 tunc
779 1845 887 1886 ipsum
914 1850 1021 1876 totum
1040 1854 1109 1876 non
1133 1851 1215 1876 esset
1238 1846 1344 1886 primo

266 1896 405 1921 motum.
437 1889 500 1921 Sed
531 1890 624 1921 cuius
654 1890 746 1930 quies
777 1889 817 1920 ad
848 1890 993 1930 quietem
1023 1890 1171 1931 sequitur
1204 1890 1343 1926 alterius,

266 1940 396 1976 oportet
411 1934 501 1975 quod
517 1935 586 1965 eius
601 1940 711 1965 motus
727 1934 767 1965 ad
781 1939 909 1965 motum
933 1934 1062 1965 alterius
1077 1940 1240 1976 sequatur.
1257 1935 1344 1975 Ergo

265 1980 328 2010 tale
347 1989 415 2010 non
438 1984 588 2010 movetur
605 1989 623 2010 a
638 1979 755 2019 seipso.
781 1979 867 2019 Ergo
892 1977 983 2020 quod
1006 1980 1188 2020 ponebatur
1203 1989 1222 2010 a
1237 1980 1344 2020 seipso

265 2024 400 2060 moveri,
429 2033 496 2054 non
523 2028 675 2054 movetur
701 2033 719 2053 a
746 2023 864 2064 seipso.
890 2042 912 2046 κ
939 2023 1008 2054 Nec
1037 2023 1142 2055 obstat
1168 2025 1195 2054 si
1221 2023 1346 2055 dicatur

266 2068 356 2110 quod
380 2069 541 2099 moventis
565 2068 708 2109 seipsum
727 2077 799 2108 pars
822 2077 890 2099 non
917 2074 1026 2109 potest
1049 2069 1229 2109 quiescere;
1254 2069 1343 2106 item,

266 2112 356 2155 quod
372 2113 469 2153 partis
486 2122 554 2143 non
571 2118 618 2143 est
642 2113 808 2153 quiescere
824 2112 875 2143 vel
894 2113 1018 2144 moveri
1034 2114 1095 2144 nisi
1110 2123 1169 2155 per
1184 2113 1343 2151 accidens,

266 2164 302 2190 ut
325 2158 539 2189 calumniatur
554 2157 730 2188 Avicenna.
756 2157 842 2196 Quia
858 2157 906 2188 vis
921 2158 1053 2188 rationis
1069 2158 1215 2189 consistit
1230 2159 1263 2190 in
1279 2159 1345 2190 hoc

266 2202 367 2244 quod,
383 2203 410 2233 si
425 2202 547 2243 aliquid
570 2202 715 2243 seipsum
730 2208 861 2233 moveat
879 2203 998 2243 primo,
1015 2212 1112 2234 suum
1136 2204 1261 2235 moveri
1276 2213 1345 2235 non

267 2246 428 2289 dependet
451 2247 490 2278 ab
515 2247 636 2288 aliquo.
670 2248 793 2279 Moveri
817 2252 926 2278 autem
950 2247 1115 2279 divisibilis
1142 2247 1304 2290 dependet
1327 2259 1346 2280 a

266 2292 419 2334 partibus,
436 2292 519 2323 sicut
542 2297 574 2323 et
597 2301 676 2323 esse.
702 2291 840 2332 Oportet
859 2298 968 2323 autem
991 2292 1074 2323 hanc
1091 2292 1345 2324 conditionalem

267 2347 336 2369 esse
365 2346 485 2373 veram,
512 2336 548 2366 Si
574 2337 753 2377 quiesceret
775 2346 866 2378 pars,
899 2337 1077 2378 quiesceret
1106 2343 1219 2369 totum.
1251 2338 1345 2377 Quae

267 2386 374 2424 potest
396 2391 465 2412 esse
481 2391 556 2412 vera
579 2381 676 2412 etiam
692 2380 902 2412 antecedente
926 2381 1080 2413 existente
1096 2383 1298 2424 impossibili.

323 2425 487 2462 Secundo,
514 2424 703 2458 inductione
730 2426 885 2467 probatur
911 2425 1122 2458 discurrendo
1149 2437 1207 2468 per
1234 2429 1345 2459 omnia

268 2481 352 2514 quae
375 2476 547 2502 moventur
570 2476 626 2502 aut
639 2481 696 2512 per
719 2480 763 2507 se,
781 2476 836 2502 aut
859 2480 917 2511 per
939 2471 1098 2508 accidens,
1115 2478 1171 2504 aut
1194 2482 1252 2514 per
1274 2473 1344 2504 vio-

267 2517 411 2552 lentiam,
435 2521 490 2546 aut
513 2525 570 2556 per
593 2522 752 2547 naturam.

322 2560 446 2597 Tertio,
475 2561 551 2602 quia
578 2570 677 2592 omne
705 2560 795 2602 quod
822 2566 983 2597 movetur,
1011 2561 1206 2602 inquantum
1232 2562 1344 2594 huius-

267 2605 368 2642 modi,
393 2610 440 2636 est
463 2605 496 2636 in
520 2605 682 2647 potentia:
711 2610 743 2636 et
766 2614 865 2636 omne
889 2604 980 2646 quod
1002 2612 1124 2643 movet,
1148 2607 1344 2648 inquantum

267 2649 465 2686 huiusmodi,
483 2655 529 2681 est
553 2651 586 2681 in
603 2655 686 2681 actu.
711 2649 801 2681 Idem
817 2656 926 2681 autem
945 2659 1013 2682 non
1038 2656 1086 2682 est
1108 2652 1204 2683 simul
1220 2652 1253 2683 in
1270 2657 1343 2683 actu

268 2700 299 2726 et
322 2696 355 2726 in
379 2695 526 2735 potentia
547 2700 696 2736 respectu
719 2694 875 2726 eiusdem.

322 2739 421 2771 Addit
436 2745 546 2770 autem
570 2739 706 2771 Sanctus
725 2739 871 2771 Thomas
896 2739 987 2780 quod
1003 2750 1071 2772 non
1095 2746 1143 2772 est
1166 2740 1345 2773 differentia

268 2785 349 2816 inter
375 2784 544 2815 Platonem
567 2790 747 2826 ponentem
773 2784 865 2825 quod
892 2790 940 2816 est
962 2784 1112 2816 devenire
1138 2786 1179 2817 ad
1201 2787 1345 2827 primum

268 2828 358 2869 quod
373 2834 483 2860 movet
499 2839 543 2865 se,
561 2834 592 2860 et
607 2828 814 2860 Aristotelem
830 2835 1008 2870 ponentem
1025 2830 1115 2871 quod
1131 2836 1178 2862 est
1194 2830 1346 2862 devenire

267 2873 307 2904 ad
335 2875 477 2914 primum
505 2874 641 2904 omnino
668 2874 847 2905 immobile.
879 2874 967 2913 Quia
991 2874 1181 2906 Aristoteles
1208 2876 1346 2917 sumpsit

267 2923 395 2949 motum
422 2923 520 2959 prout
544 2924 591 2949 est
617 2923 707 2949 actus
733 2918 895 2949 existentis
918 2919 951 2950 in
978 2920 1124 2960 potentia
1150 2920 1345 2961 inquantum

268 2962 472 2999 huiusmodi;
492 2963 583 2994 Plato
600 2972 677 2994 vero
694 2963 871 3003 accipiebat
885 2969 1014 2995 motum
1031 2973 1090 3005 pro
1107 2964 1250 3005 qualibet
1266 2974 1346 3006 ope-

269 3008 403 3044 ratione,
427 3008 470 3038 ita
493 3007 584 3048 quod
607 3007 784 3048 intelligere
807 3008 847 3038 sit
870 3007 1035 3048 quoddam
1059 3010 1194 3040 moveri.

329 3052 357 3083 3.
381 3051 481 3091 Quod
504 3057 613 3083 autem
629 3062 697 3083 non
716 3053 756 3083 sit
779 3062 949 3093 processus
971 3053 1005 3084 in
1029 3053 1193 3085 infinitum
1216 3054 1250 3085 in
1273 3064 1345 3085 mo-

270 3096 418 3127 ventibus
442 3101 473 3127 et
496 3097 603 3133 motis,
632 3095 722 3138 quod
748 3096 894 3128 secundo
920 3099 1143 3130 assumebatur
1165 3099 1198 3130 in
1221 3099 1345 3131 ratione

270 3140 449 3182 principali,
463 3141 626 3181 probatur.
645 3142 733 3172 Turn
750 3142 835 3182 quia,
849 3151 925 3172 cum
942 3147 1091 3183 oporteat
1107 3143 1218 3174 omnia
1232 3143 1344 3175 huius-

270 3185 361 3216 modi
376 3184 500 3216 infinita
516 3195 584 3216 esse
601 3195 754 3227 corpora;
779 3192 811 3217 et
831 3195 950 3227 corpus
967 3186 1059 3228 quod
1077 3193 1189 3219 movet
1204 3193 1343 3225 motum,

271 3230 367 3261 simul
394 3229 474 3261 dum
499 3236 611 3261 movet
637 3236 824 3268 moveatur3
853 3240 984 3262 necesse
1012 3237 1059 3263 est
1085 3233 1196 3263 omnia
1219 3234 1345 3264 moveri

272 3274 350 3305 dum
366 3284 470 3305 unum
485 3281 645 3306 movetur.
670 3275 711 3306 Et
734 3285 811 3306 cum
827 3285 931 3307 unum
948 3286 1062 3307 eorum
1079 3282 1248 3308 moveatur
1263 3283 1345 3309 tem-

272 3327 352 3358 pore
375 3317 478 3355 finito,
503 3320 580 3360 quia
603 3325 650 3351 est
673 3319 813 3356 finitum,
837 3329 969 3352 necesse
992 3327 1039 3352 est
1062 3323 1173 3353 omnia
1195 3322 1249 3352 illa
1273 3332 1344 3354 mo-

272 3363 338 3393 veri
354 3368 500 3403 tempore
516 3363 619 3395 finito.
644 3364 718 3395 Hoc
735 3370 844 3396 autem
863 3370 911 3395 est
926 3365 1142 3406 impossibile:
1165 3367 1251 3407 quia,
1269 3376 1345 3398 cum

273 3407 335 3437 sint
359 3408 449 3447 quasi
473 3417 576 3439 unum
592 3409 714 3440 mobile
738 3418 796 3449 per
811 3409 1092 3441 continuationem
1115 3416 1170 3442 aut
1189 3420 1247 3451 per
1266 3421 1345 3443 con-

273 3451 495 3491 tiguationem,
510 3462 614 3484 unum
637 3452 801 3484 infinitum
824 3454 1007 3485 movebitur
1028 3460 1177 3495 tempore
1195 3454 1298 3487 finito.

330 3495 418 3527 Tum
439 3497 514 3537 quia
529 3507 597 3528 non
621 3498 680 3528 erit
703 3498 825 3539 aliquid
841 3499 982 3539 primum
999 3508 1146 3536 movens,
1163 3499 1219 3530 sed
1235 3501 1346 3531 omnia

276 3545 368 3569 erunt
384 3541 474 3580 quasi
494 3541 599 3572 media
614 3543 789 3573 moventia.
815 3543 856 3573 Et
871 3543 916 3573 sic
931 3543 1010 3574 nihil
1031 3544 1232 3575 movebitur:
1258 3545 1344 3585 quia,

276 3589 401 3614 remoto
430 3585 535 3625 primo
562 3593 715 3618 movente
742 3587 792 3618 vel
821 3593 964 3619 cessante
991 3598 1008 3618 a
1034 3588 1192 3624 motione.
1218 3589 1345 3621 nullum

277 3626 412 3658 aliorum
436 3630 578 3660 movebit
601 3635 708 3671 neque
732 3632 925 3663 movebitur.

1400 1129 1534 1159 vebitur.

1454 1172 1491 1204 11.
1517 1172 1612 1204 Circa
1637 1173 1777 1213 primam
1799 1173 1960 1205 rationem
1987 1182 2053 1214 qua
2078 1173 2234 1214 probatur
2257 1182 2356 1204 omne
2383 1173 2475 1215 quod

1398 1222 1548 1249 movetur
1575 1218 1614 1249 ab
1639 1218 1703 1249 alio
1729 1218 1866 1255 moveri,
1893 1227 1971 1249 cum
1996 1217 2192 1259 supponitur
2219 1217 2311 1259 quod
2333 1223 2474 1259 oportet,

1398 1262 1425 1293 si
1455 1262 1578 1304 aliquid
1607 1263 1752 1304 seipsum
1781 1268 1923 1299 moveat,
1954 1268 1991 1293 ut
2019 1261 2100 1293 illud
2129 1262 2170 1293 sit
2198 1263 2306 1304 primo
2333 1267 2473 1300 motum,

1399 1306 1528 1338 adverte
1555 1307 1647 1348 quod
1673 1308 1726 1338 hic
1753 1308 1900 1349 loquitur
1926 1307 2063 1339 Sanctus
2089 1307 2236 1338 Thomas
2263 1307 2304 1339 ad
2329 1313 2475 1340 mentem

1398 1352 1596 1384 Aristotelis:
1621 1352 1662 1383 de
1677 1361 1718 1383 eo
1734 1352 1857 1384 scilicet
1875 1352 1967 1394 quod
1985 1352 2130 1392 seipsum
2145 1353 2253 1393 primo
2267 1357 2390 1390 movet,
2405 1361 2476 1384 non

1398 1402 1509 1428 autem
1532 1397 1573 1429 de
1596 1407 1637 1428 eo
1661 1396 1754 1438 quod
1783 1398 1929 1439 seipsum
1950 1405 2021 1428 non
2042 1397 2150 1438 primo
2173 1403 2295 1429 movet.
2325 1397 2360 1430 Si
2386 1399 2476 1430 enim

1399 1441 1522 1483 aliquid
1544 1443 1689 1483 seipsum
1711 1443 1819 1483 ptimo
1842 1447 1984 1479 moveat,
2003 1447 2135 1483 oportet
2157 1447 2195 1474 ut
2215 1447 2324 1474 totum
2345 1448 2477 1475 moveat

1399 1486 1582 1518 secundum
1596 1487 1751 1528 seipsum,
1767 1493 1800 1518 et
1815 1493 1923 1519 totum
1938 1485 2121 1518 secundum
2135 1487 2280 1530 seipsum
2295 1493 2476 1526 moveatur,

1400 1537 1437 1563 ut
1452 1532 1497 1563 sic
1521 1533 1562 1562 sit
1577 1538 1609 1563 et
1630 1532 1738 1573 primo
1754 1541 1892 1563 movens
1907 1538 1939 1563 et
1954 1531 2062 1573 primo
2081 1537 2221 1563 motum.
2246 1531 2280 1564 Si
2299 1533 2388 1564 enim
2403 1541 2477 1575 pars

1400 1581 1525 1607 tanturn
1545 1582 1693 1608 moveret
1716 1582 1749 1608 et
1770 1586 1840 1608 non
1863 1582 1981 1613 totum,
1997 1586 2070 1618 pars
2094 1581 2179 1608 esset
2195 1577 2304 1619 primo
2327 1586 2475 1615 movens,

1399 1620 1483 1652 idest
1504 1631 1574 1652 non
1595 1631 1655 1662 per
1677 1621 1801 1663 aliquid
1823 1621 1928 1658 aliud;
1956 1627 2064 1653 totum
2087 1627 2196 1653 autem
2222 1630 2294 1653 non
2316 1621 2478 1654 diceretur

1401 1667 1508 1707 primo
1531 1676 1674 1704 movere,
1691 1666 1748 1698 sed
1763 1676 1821 1708 per
1835 1666 1934 1703 aliud,
1951 1667 2016 1698 hoc
2032 1672 2080 1698 est
2094 1675 2154 1708 per
2168 1672 2303 1707 partem.
2324 1667 2478 1699 Similiter

1401 1712 1427 1742 si
1450 1721 1522 1752 pars
1545 1717 1673 1743 tantum
1699 1718 1884 1743 moveretur
1907 1721 1965 1752 per
1987 1721 2032 1748 se,
2056 1711 2111 1742 illa
2133 1716 2218 1743 esset
2233 1708 2352 1753 'primo
2374 1718 2476 1750 mota,

1400 1762 1508 1787 totum
1524 1762 1634 1788 autem
1650 1755 1810 1788 diceretur
1825 1766 1894 1788 non
1909 1757 2018 1798 primo
2034 1757 2170 1794 moveri,
2187 1755 2244 1788 sed
2261 1766 2321 1798 per
2339 1763 2476 1799 partem.

1457 1801 1509 1832 111.
1527 1800 1623 1832 Circa
1638 1801 1726 1832 illam
1742 1801 2013 1843 propositionem,
2033 1800 2132 1838 Quod
2146 1801 2282 1843 quiescit
2295 1801 2478 1844 quiescente

1400 1845 1478 1881 alio,
1500 1855 1566 1877 non
1590 1851 1741 1877 movetur
1754 1855 1775 1876 α
1790 1846 1907 1887 seipso,
1924 1846 2066 1877 occurrit
2087 1845 2235 1877 dubium.
2259 1846 2346 1885 Quia
2361 1846 2477 1889 aliquis

1400 1895 1512 1931 posset
1527 1890 1634 1921 dicere
1653 1890 1745 1931 quod
1760 1896 1808 1922 est
1825 1900 1901 1922 vera
1916 1890 1957 1922 de
1973 1891 2161 1931 quiescente
2176 1890 2217 1922 ad
2232 1891 2378 1931 quietem
2400 1892 2478 1924 alte-

1400 1935 1466 1966 rius
1485 1936 1657 1972 moventis,
1673 1945 1743 1967 non
1766 1940 1876 1967 autem
1892 1935 1933 1966 de
1949 1936 2137 1975 quiescente
2153 1934 2194 1966 ad
2209 1936 2354 1976 quietem
2368 1937 2477 1978 partis.

1400 1979 1476 2010 Pars
1506 1980 1595 2011 enim
1625 1985 1673 2011 est
1702 1980 1836 2012 materia
1867 1980 1978 2016 totius,
2009 1989 2078 2011 non
2108 1985 2219 2012 autem
2249 1980 2340 2022 quod
2366 1987 2480 2019 movet

1400 2029 1518 2055 totum.
1543 2023 1621 2056 Ideo
1645 2023 1737 2066 quod
1755 2030 1863 2056 totum
1886 2024 2032 2066 quiescat
2055 2023 2096 2055 ad
2118 2025 2264 2066 quietem
2281 2026 2390 2067 partis,
2408 2036 2478 2060 non

1400 2069 1505 2110 arguit
1520 2068 1628 2110 ipsum
1651 2069 1692 2100 ab
1716 2069 1780 2101 alio
1799 2069 1941 2100 moveri:
1966 2068 2023 2100 sed
2047 2069 2139 2111 quod
2156 2075 2267 2101 motus
2286 2071 2386 2102 totius
2409 2081 2479 2104 non

1400 2118 1508 2154 potest
1523 2123 1593 2145 esse
1609 2114 1738 2167 absque
1751 2114 1895 2145 motibus
1910 2114 2064 2166 partium,
2083 2114 2167 2146 sieut
2182 2113 2262 2146 nihil
2285 2120 2394 2157 potest
2409 2124 2478 2166 esse

1400 2159 1522 2199 absque
1546 2168 1605 2189 sua
1626 2159 1770 2190 materia.
1794 2159 1896 2198 Quod
1918 2159 2153 2190 inconveniens
2175 2169 2245 2191 non
2267 2165 2325 2191 est.

1456 2203 1509 2234 Ad
1542 2202 1737 2235 evidentiam
1772 2204 1870 2236 huius
1902 2203 2178 2245 praemittendum
2210 2210 2269 2241 eet,
2295 2204 2477 2237 secundum

1401 2247 1717 2285 Commentatorem‚
1748 2249 1806 2279 VII
1829 2249 2012 2291 Pluysicor„
2037 2253 2215 2280 comment.
2241 2258 2272 2286 2,
2304 2249 2396 2291 quod
2424 2250 2479 2282 ina

1400 2293 1583 2334 propositio
1607 2299 1655 2324 est
1677 2293 1885 2335 intelligenda
1908 2293 1949 2325 de
1972 2303 2013 2325 eo
2037 2292 2130 2334 quod
2146 2302 2206 2335 per
2225 2303 2259 2326 se
2279 2295 2416 2335 quiescit
2437 2294 2479 2327 ad

1401 2338 1546 2378 quietem
1577 2338 1717 2375 alterius,
1744 2347 1813 2369 non
1840 2343 1950 2370 autem
1981 2337 2022 2370 de
2049 2347 2090 2369 eo
2122 2337 2214 2379 quod
2242 2348 2302 2380 per
2328 2338 2478 2372 accidens

1401 2383 1548 2423 quiescit.
1581 2382 1692 2414 Posito
1724 2383 1812 2414 enim
1839 2382 1930 2424 quod
1959 2383 2041 2424 Iapis
2069 2392 2088 2414 a
2119 2383 2226 2424 seipso
2258 2383 2477 2422 descenderet,

1399 2432 1511 2468 posset
1533 2427 1746 2458 nihilominus
1769 2427 1809 2458 ad
1833 2428 1977 2468 quietem
1996 2427 2112 2468 lapidis
2132 2427 2263 2459 molaris
2279 2430 2478 2461 occurrentis

1400 2472 1460 2503 sibi
1488 2478 1520 2503 et
1546 2472 1704 2503 violenter
1727 2471 1859 2508 detenti,
1884 2482 2012 2504 sursum
2041 2473 2218 2513 quiescere,
2246 2473 2304 2505 sed
2329 2474 2394 2506 hoc
2421 2483 2480 2516 per

1399 2516 1550 2548 accidens
1565 2522 1658 2548 esset.
1677 2535 1701 2540 —
1715 2516 1768 2548 Ad
1783 2517 1921 2549 dubium
1932 2522 2042 2549 autem
2057 2517 2175 2549 dicitur
2186 2518 2278 2559 quod
2289 2528 2359 2550 non
2369 2519 2479 2551 solum

1400 2562 1543 2603 arguitur
1565 2561 1688 2602 aliquid
1704 2571 1722 2592 a
1737 2562 1845 2603 seipso
1868 2571 1938 2594 non
1955 2562 2081 2594 moveri
2103 2563 2212 2604 primo
2227 2563 2255 2594 si
2269 2563 2311 2595 ad
2334 2565 2479 2605 quietem

1399 2607 1562 2638 moventis
1585 2607 1740 2647 quiescat,
1756 2605 1813 2638 sed
1836 2607 1933 2638 etiam
1948 2607 1975 2638 si
1991 2607 2136 2648 quiescat
2149 2607 2191 2639 ad
2209 2608 2354 2650 quietem
2369 2609 2478 2651 partis.

1399 2651 1494 2688 Nam,
1512 2656 1548 2682 ut
1563 2651 1670 2693 inquit
1692 2651 1854 2688 Albertus‚
1871 2651 1929 2683 Vll
1953 2651 2082 2694 physic.
2099 2652 2126 2689 ·‚
2151 2653 2177 2684 si
2201 2659 2342 2694 ponatur
2356 2652 2479 2698 aquuid

1399 2706 1532 2727 movere
1555 2697 1699 2737 seipsum
1722 2697 1840 2737 primo,
1863 2695 2051 2749 quiescente
2074 2706 2141 2728 una
2162 2703 2253 2739 parte
2277 2698 2346 2730 eius
2368 2705 2480 2740 posset

1399 2741 1524 2782 reliqua
1538 2750 1612 2782 pars
1633 2746 1730 2772 motu
1743 2742 1845 2772 totius
1867 2742 2009 2773 moveri·
2033 2741 2179 2783 alioquin
2195 2751 2329 2774 movere
2352 2749 2384 2775 et
2405 2752 2480 2776 mo-

1401 2787 1467 2817 veri
1489 2795 1558 2817 non
1582 2786 1771 2817 conveniret
1793 2787 1854 2817 toti
1873 2787 1991 2827 primo.
2015 2786 2103 2821 Ideo.
2128 2787 2155 2818 si
2178 2788 2366 2828 quiescente
2388 2794 2479 2830 parte

1401 2831 1546 2872 quiescat
1568 2836 1687 2868 totum,
1710 2830 1791 2862 illud
1814 2832 1919 2872 arguit
1941 2837 2049 2863 totum
2072 2832 2112 2862 ab
2135 2832 2200 2864 alio
2222 2834 2358 2864 moveri.

1456 2875 1510 2906 IV.
1535 2874 1600 2907 Sed
1623 2874 1714 2916 quod
1730 2875 1863 2907 ulterius
1879 2876 2013 2908 assumit
2029 2875 2166 2909 Sanctus
2181 2876 2338 2915 Thomas,
2355 2878 2480 2929 moveri

1401 2964 1632 2996 difficultatem.
1649 2964 1816 3004 Quoniam
1832 2964 1959 2997 videtur
1974 2966 2076 3007 magis
2092 2975 2111 2997 e
2126 2967 2288 2998 contrario
2304 2976 2340 2998 se
2349 2965 2478 2999 habere,

1401 3009 1479 3041 Esse
1507 3010 1595 3041 enim
1618 3015 1650 3041 et
1672 3015 1782 3042 motus
1809 3019 1878 3042 non
1901 3012 2056 3042 convenit
2082 3011 2191 3051 primo
2213 3017 2247 3043 et
2268 3020 2326 3052 per
2348 3021 2383 3043 se
2405 3019 2480 3053 pnr-

1400 3055 1496 3091 tibus,
1519 3054 1577 3085 sed
1600 3055 1676 3087 toti:
1702 3064 1778 3086 cum
1801 3065 1870 3087 non
1892 3056 1956 3086 sint
1978 3056 2041 3087 nisi
2062 3065 2123 3096 per
2143 3065 2214 3088 esse
2236 3057 2347 3093 totius,
2370 3065 2480 3098 neque

1400 3105 1594 3131 moveantur
1616 3099 1678 3131 nisi
1701 3105 1796 3132 motu
1809 3100 1919 3135 totius.
1943 3100 1972 3131 si
1993 3100 2085 3142 quod
2107 3100 2252 3133 localiter
2266 3106 2417 3133 movetur
2437 3102 2479 3133 eit

1401 3145 1606 3175 continuum.
1634 3144 1722 3186 Ergo
1746 3154 1814 3176 non
1842 3143 2004 3186 dependet
2031 3155 2100 3176 esse
2123 3151 2156 3178 et
2178 3151 2288 3178 motus
2314 3146 2414 3178 totius
2432 3145 2478 3186 ,ab

1401 3198 1469 3220 esse
1494 3193 1525 3219 et
1547 3194 1642 3220 motu
1668 3189 1819 3230 partium,
1843 3189 1900 3221 sed
1926 3189 2029 3231 magis
2052 3198 2121 3221 esse
2144 3195 2176 3221 et
2201 3194 2312 3222 motus
2337 3190 2478 3232 partium

1399 3234 1439 3265 ab
1463 3242 1532 3264 esse
1557 3238 1589 3264 et
1611 3238 1705 3265 motu
1727 3234 1837 3265 totius.

1455 3277 1683 3318 Respondetm·
1706 3277 1807 3319 quod,
1824 3278 1899 3310 licet
1922 3283 2028 3319 partes
2050 3277 2227 3310 formaliter
2242 3278 2306 3310 sint
2327 3288 2386 3320 per
2409 3288 2478 3311 esse

1399 3323 1511 3359 totius,
1538 3328 1571 3353 et
1596 3323 1742 3354 similiter
1771 3323 1949 3354 formaliter
1976 3331 2045 3354 uno
2075 3328 2170 3354 motu
2199 3329 2394 3354 moveantur
2421 3325 2478 3365 qui

1400 3372 1447 3398 est
1463 3373 1573 3398 motus
1589 3368 1689 3399 totius
1712 3368 1870 3405 continui,
1887 3365 2067 3399 secundum
2091 3365 2182 3408 quod
2200 3372 2310 3399 motus
2326 3367 2478 3400 dividitur

1400 3411 1440 3443 ad
1463 3411 1657 3443 divisionem
1675 3411 1822 3449 mobilis;
1846 3417 1922 3443 sunt
1936 3417 2046 3443 tamen
2069 3420 2166 3443 causa
2180 3412 2280 3444 totius
2303 3412 2337 3444 in
2359 3421 2478 3454 genere

1401 3466 1516 3487 causae
1542 3457 1725 3493 materialis,
1749 3463 1781 3488 et
1802 3461 1914 3487 motus
1940 3456 2080 3497 partium
2107 3461 2183 3487 sunt
2207 3457 2341 3488 materia
2367 3463 2478 3489 motus

1400 3502 1509 3531 totius.
1538 3501 1579 3532 Et
1601 3502 1648 3532 sic
1670 3506 1786 3542 partes,
1812 3501 2007 3541 inquantum
2030 3500 2230 3537 huiusmodi,
2257 3506 2333 3532 sunt
2355 3502 2478 3543 priores

1400 3550 1482 3576 toto.
1511 3545 1606 3576 Unde
1634 3554 1702 3577 esse
1729 3550 1761 3576 et
1787 3550 1897 3576 motus
1922 3545 2023 3576 totius
2052 3543 2215 3586 dependet
2238 3555 2255 3576 a
2278 3546 2422 3587 partibus
2444 3547 2478 3578 in

1401 3590 1452 3620 via
1481 3590 1698 3630 generationis
1727 3594 1759 3621 et
1788 3589 1822 3620 in
1852 3598 1970 3630 genere
2003 3599 2118 3621 causae
2151 3590 2339 3621 materialis:
2373 3597 2478 3632 partes

1401 3640 1511 3666 autem
1534 3633 1720 3675 dependent
1741 3643 1760 3665 a
1783 3638 1854 3665 toto
1878 3634 1912 3665 in
1934 3643 2053 3674 genere
2075 3643 2191 3666 causae
2214 3633 2367 3666 formalis.

2505 2648 2610 2672 '‘rr-et.
2620 2647 2639 2676 1.
2653 2653 2676 2671 e.
2686 2653 2706 2671 ι.
