2768 4134
0 2605 7 2867 v—-w—-r———ffi-wv-
0 2567 3 2579 ,„

41 449 51 459 '
66 447 104 470 Ad
117 451 243 474 ‹ap-uni.

878 277 1067 314 SUMMA
1098 278 1319 316 CONTRA
1347 280 1623 328 GENTILES,
1654 283 1764 320 CAP.
1786 285 1884 322 XXI.

283 358 360 389 licet
374 358 409 388 in
425 366 542 398 genere
556 366 671 388 causae
687 356 859 387 materialis
875 362 907 387 et
923 355 1129 396 dispositivae
1145 356 1185 387 de
1202 358 1361 397 aliquibus

284 403 324 433 sit
348 411 366 432 e
391 402 553 432 contrario
576 402 610 432 in
634 401 748 432 ordine
772 400 812 431 ad
835 400 978 441 aliquem
1005 400 1140 440 gradum
1168 400 1302 437 formae,
1326 408 1362 432 ut

284 447 319 477 in
337 445 489 478 Secundo
505 446 603 477 huius
623 445 836 477 declarabitur
850 445 882 475 ἐ
906 450 1018 486 posset
1040 444 1137 476 alicui
1152 445 1253 476 videri
1273 446 1363 486 quod

284 491 374 532 prius
398 491 615 532 intelligamus
643 489 783 520 formam
813 489 848 519 in
877 490 1011 520 materia
1039 499 1119 526 esse,
1143 490 1363 529 constituique

286 536 518 576 compositum,
542 543 642 575 quam
664 534 711 565 illi
733 533 832 564 insint
855 534 1049 570 accidentia3
1075 539 1106 564 et
1133 539 1212 565 tunc
1241 534 1274 564 in
1307 534 1363 564 illo

286 580 386 621 priori
410 579 677 611 considerationis
699 582 828 609 nostrae
851 578 1047 618 intelligatur
1070 587 1139 609 esse
1158 577 1363 608 individuum

286 630 446 665 quantum
477 623 517 655 ad
544 622 758 664 principalem
786 621 946 653 individui
979 623 1212 659 conditionem,
1243 623 1366 653 scilicet

285 668 697 703 incommunicabilitatem,
713 676 782 697 non
806 672 915 698 autem
939 673 1099 708 quantum
1122 667 1163 698 ad
1186 667 1365 698 distinctio-

286 722 363 744 nem
387 718 420 744 et
441 712 658 753 signationem
681 711 721 742 ad
743 711 797 742 hic
821 716 854 742 et
875 721 976 743 nunc.
1005 712 1071 744 Sed
1098 711 1240 743 fortassis
1268 712 1365 743 etiam

286 758 351 789 hoc
372 766 443 789 non
466 762 515 788 est
528 765 652 788 verum.
677 755 766 794 Quia
779 766 850 788 non
865 762 973 797 potest
987 757 1124 798 intelligi
1139 756 1280 788 formam
1296 766 1365 788 esse

286 802 320 833 in
342 801 476 833 materia
499 801 762 842 constituereque
786 801 851 832 hoc
869 802 1087 842 suppositum,
1103 801 1165 832 nisi
1183 802 1218 832 in
1232 802 1366 832 materia

287 846 450 888 quantitas
478 845 763 887 praeintelligatur,
787 855 846 887 per
869 855 968 886 quam
992 845 1129 878 efficitur
1158 847 1239 877 haec
1262 851 1294 877 et
1318 845 1366 876 di-

287 891 402 922 stincta
425 891 465 921 ab
489 890 550 921 alia
573 892 725 922 materiae
749 895 853 931 parte:
878 900 947 922 non
971 891 1058 921 enim
1088 890 1125 921 fit
1155 889 1260 921 forma
1286 891 1367 921 haec

286 935 349 966 nisi
365 935 443 976 quia
464 935 499 966 in
522 935 583 966 hac
605 935 738 967 materia
761 935 931 976 recipitur;
955 935 1088 966 materia
1103 940 1213 966 autem
1233 945 1302 966 non
1319 940 1367 966 est

287 980 368 1010 haec
390 980 453 1011 nisi
477 989 516 1010 ex
539 980 650 1020 aliquo
675 985 750 1012 actu
772 980 876 1020 ipsam
900 979 1058 1010 limitante
1081 985 1114 1010 et
1137 979 1364 1020 distinguente.

288 1024 323 1056 si
346 1034 424 1065 ergo
447 1030 676 1065 argumentum
699 1029 806 1056 sumat
827 1024 862 1055 in
885 1024 997 1064 aliquo
1020 1025 1152 1056 instanti
1171 1030 1259 1055 extra
1273 1024 1367 1056 intel·

287 1069 411 1101 lectum
439 1068 580 1100 formam
611 1079 680 1101 esse
709 1069 743 1101 in
773 1069 907 1099 materia
940 1069 974 1099 in
1002 1078 1070 1109 quo
1100 1078 1169 1100 non
1198 1069 1239 1100 sit
1269 1069 1367 1100 etiam

289 1114 461 1155 quantitas,
473 1119 677 1155 assumptum
687 1112 769 1145 illud
781 1112 898 1144 falsum
910 1118 967 1144 est.
985 1113 1019 1144 Si
1034 1119 1143 1144 autem
1155 1114 1196 1144 sit
1207 1123 1314 1145 sermo
1327 1113 1367 1145 de

288 1157 419 1190 instanti
440 1158 541 1199 priori
563 1157 746 1189 secundum
768 1162 913 1188 nostram
928 1157 1234 1196 considerationem,
1250 1157 1367 1189 falsum

289 1207 337 1233 est
359 1202 452 1243 quod
473 1202 508 1232 in
531 1202 589 1233 illo
612 1202 713 1243 priori
743 1201 897 1233 constitui
926 1202 1123 1243 intelligatur
1151 1202 1367 1239 individuum,

289 1247 403 1278 saltem
425 1250 586 1288 quantum
609 1246 650 1278 ad
673 1246 917 1278 distinctionem
943 1247 1144 1278 numeralem
1168 1247 1208 1278 ab
1231 1248 1296 1279 alio
1317 1248 1368 1279 in-

290 1290 435 1324 dividuo.
491 1303 597 1325 ,κ’--

253 1356 264 1358 -
299 1348 321 1355 μ’
334 1325 532 1367 ’Ἧῐξῑῖἱὲοε
554 1335 644 1366 illam
666 1335 938 1376 propositionem,
966 1335 1140 1373 Quidditas
1161 1337 1296 1378 generis
1318 1337 1370 1368 vel

288 1380 407 1423 speciei
429 1379 570 1412 includit
587 1380 741 1422 formam
765 1385 797 1411 et
819 1380 991 1412 materiam
1015 1381 1048 1411 in
1074 1382 1249 1419 communi,
1274 1381 1368 1412 dubi-

289 1428 388 1457 tatur:
413 1425 491 1466 quia
511 1423 641 1456 videtur
663 1425 726 1455 illis
749 1423 908 1456 adversari
933 1434 1017 1466 quae
1037 1426 1144 1456 statim
1160 1424 1309 1457 diximus.
1335 1425 1369 1457 Si

289 1469 379 1502 enim
405 1469 539 1500 materia
565 1469 751 1500 communis
781 1469 884 1506 datur,
914 1469 1086 1510 quomodo
1116 1469 1320 1501 individuum
1350 1479 1369 1501 a

289 1514 422 1546 materia
444 1519 601 1555 mquam
623 1514 664 1545 ab
690 1514 993 1545 incommunicabili
1022 1514 1119 1545 habet
1148 1515 1368 1546 incommuni-

289 1556 503 1592 nubilitatem?

345 1602 398 1635 Ad
419 1603 518 1635 huius
540 1602 747 1640 evidentiam,
771 1602 1045 1634 considerandum
1066 1609 1114 1634 est
1129 1603 1221 1644 quod
1235 1604 1369 1635 materia

290 1647 462 1691 dupliciter
493 1646 690 1679 considerari
721 1653 846 1689 potest:
879 1657 949 1679 uno
982 1647 1095 1684 modo,
1119 1647 1301 1680 secundum
1334 1658 1369 1680 se

290 1692 447 1729 absolute,
470 1692 536 1723 hoc
559 1697 617 1729 est,
642 1691 825 1723 secundum
848 1701 941 1723 suam
968 1693 1145 1729 entitatem,
1171 1702 1236 1733 qua
1259 1692 1370 1724 distin-

289 1735 399 1778 'guitur
421 1747 440 1768 a
462 1736 584 1774 ἔοι-ωας
609 1737 674 1768 alio
697 1736 810 1774 modo,
834 1736 1016 1768 secundum
1039 1736 1131 1778 quod
1154 1737 1194 1768 ad
1217 1736 1368 1775 formam,

290 1787 330 1814 ex
341 1791 408 1824 qua
422 1782 492 1813 eius
507 1782 589 1813 ratio
604 1782 754 1819 sumitur,
765 1781 991 1813 habitudinem
1006 1782 1112 1813 habet.
1129 1781 1239 1813 Primo
1254 1782 1369 1819 modo,

290 1827 476 1860 eommunis
498 1835 568 1858 non
591 1832 649 1864 est,
673 1825 731 1858 sed
752 1836 820 1858 una
842 1832 875 1858 et
896 1826 1112 1864 indivisibilis;
1135 1836 1205 1858 non
1235 1827 1369 1868 quid-

290 1871 331 1904 ad
353 1870 492 1903 modum
505 1871 630 1912 puncti,
647 1870 705 1902 sed
720 1880 779 1912 per
801 1872 1011 1912 negationem
1025 1872 1132 1902 omnis
1147 1877 1238 1903 actus
1257 1871 1369 1903 distin-

290 1916 384 1954 ctivi3
407 1921 440 1948 et
463 1921 511 1948 est
533 1915 688 1947 ultimum
710 1915 895 1948 subiectum
909 1917 945 1947 in
960 1915 1051 1956 quod
1067 1917 1179 1947 omnia
1193 1916 1369 1948 materialia

256 1991 258 1993 ,
289 1961 506 1993 resolvuntur.
530 1959 572 1991 Et
594 1960 640 1991 sic
664 1965 712 1991 est
734 1960 1051 1992 incommunicabilis
1071 1961 1370 1993 communicatione

290 2014 356 2047 qua
371 2005 520 2047 superius
534 2014 596 2036 suo
612 2003 757 2036 inferiori
773 2005 1044 2036 communicatur.
1056 2023 1079 2028 —
1091 2005 1243 2036 Secundo
1259 2011 1369 2037 autem

289 2049 403 2087 modo,
426 2054 536 2091 potest
558 2058 628 2080 esse
651 2050 838 2080 communis
860 2049 1042 2081 secundum
1065 2050 1235 2087 rationem,
1252 2059 1369 2082 secun-

290 2094 370 2126 dum
393 2094 516 2126 scilicet
538 2093 631 2135 quod
658 2103 736 2126 cum
765 2094 954 2126 habitudine
983 2094 1024 2126 ad
1055 2094 1194 2126 formam
1220 2095 1254 2126 in
1277 2104 1369 2126 com-

289 2139 382 2170 muni
397 2138 634 2170 consideratam
649 2139 849 2180 concipitur;
872 2139 1072 2180 particularis
1092 2148 1170 2170 vero
1186 2139 1368 2171 secundum

290 2183 382 2226 quod
397 2183 437 2215 ad
452 2183 680 2225 particularem
695 2182 835 2215 formam
850 2183 1076 2215 habitudinem
1090 2184 1202 2221 habet;
1218 2184 1262 2215 ita
1278 2183 1369 2225 quod

289 2227 508 2260 communitas
530 2228 664 2259 rationis
688 2228 758 2259 eius
785 2237 854 2259 non
886 2229 1040 2260 convenit
1064 2229 1093 2260 ei
1116 2228 1178 2259 nisi
1202 2238 1240 2260 ex
1264 2228 1369 2259 forma

289 2272 330 2304 ad
353 2281 454 2314 quam
476 2271 701 2304 habitudinem
724 2273 830 2304 habet.

344 2316 472 2349 Dicitur
493 2325 572 2358 ergo
595 2316 636 2348 ad
659 2316 797 2348 dubium
820 2316 911 2358 quod
926 2317 1020 2348 datur
1034 2317 1168 2348 materia
1183 2318 1369 2349 communis

289 2361 471 2394 secundum
496 2363 668 2399 rationem,
691 2363 888 2403 inquantum
916 2362 957 2393 ad
987 2371 1199 2394 communem
1229 2361 1369 2393 formam

289 2413 506 2448 comparatur,
522 2412 602 2448 puta
625 2407 706 2438 ossis
729 2413 786 2438 aut
809 2407 923 2438 carnis.
947 2407 990 2438 Et
1011 2407 1083 2438 talis
1105 2407 1239 2448 ponitur
1259 2408 1293 2438 in
1314 2407 1370 2438 de-

288 2451 437 2484 finitione
459 2460 618 2492 generum
641 2457 674 2483 et
696 2452 879 2492 specierum
893 2451 1109 2483 materialium
1125 2457 1280 2493 tanquam
1295 2461 1369 2493 pars

289 2496 462 2528 essentiae:
478 2495 555 2527 licet
566 2495 825 2533 Commentator,
837 2495 1064 2538 V11Metaph„
1078 2506 1199 2527 comm.
1214 2504 1250 2527 21
1270 2502 1301 2527 et
1315 2496 1368 2536 34,

288 2539 436 2572 videatur
456 2540 540 2572 velle
563 2540 655 2581 quod
677 2550 747 2572 non
770 2546 912 2582 ponatur
934 2541 969 2572 in
993 2540 1183 2572 definitione
1213 2546 1369 2582 tanquam

290 2586 446 2617 essentiae
461 2593 545 2626 pars,
558 2585 615 2616 sed
630 2590 787 2626 tanquam
802 2586 974 2617 essentiam
990 2586 1151 2628 deferens.
1168 2586 1244 2617 Hoc
1260 2591 1369 2617 autern

288 2639 358 2662 non
381 2630 647 2661 contrariaturei
670 2630 762 2671 quod
785 2630 935 2667 diximus,
958 2631 1063 2671 ipsam
1086 2631 1208 2662 scilicet
1231 2640 1300 2661 esse
1320 2632 1370 2661 in·

290 2674 614 2706 communicabilem:
650 2675 727 2716 quia
758 2675 802 2706 ibi
833 2675 1051 2716 loquebamur
1082 2675 1123 2706 de
1155 2675 1288 2706 materia
1320 2684 1370 2706 se-

290 2718 436 2751 cundum
452 2728 487 2750 se
503 2724 536 2750 et
550 2719 732 2751 secundum
755 2728 848 2750 suam
873 2720 1039 2751 entitatem
1056 2719 1267 2756 considerata,
1285 2728 1369 2760 quae

288 2764 448 2795 rationem
471 2764 656 2794 communis
679 2773 748 2795 non
771 2764 878 2801 habet,
902 2763 959 2795 sed
981 2765 1079 2795 unius
1103 2770 1135 2795 et
1157 2763 1368 2795 indivisibilis.

344 2807 428 2839 VIII.
454 2807 518 2839 Sed
541 2808 647 2839 adhuc
670 2813 816 2839 remanet
835 2807 983 2839 dubium.
1007 2808 1084 2839 Non
1101 2809 1189 2839 enim
1204 2809 1308 2839 maior
1322 2809 1369 2839 vi-

290 2852 385 2884 detur
408 2853 627 2884 communitas
650 2861 729 2889 esse,
754 2852 936 2884 secundum
959 2862 998 2884 ea
1021 2862 1106 2894 quae
1129 2853 1182 2883 hic
1206 2852 1368 2890 dicuntur,

290 2898 325 2929 in
339 2906 458 2938 genere
474 2903 531 2928 aut
546 2897 655 2937 specie
679 2906 778 2937 quam
794 2897 829 2928 in
844 2898 988 2928 materia.
1012 2897 1097 2928 Nam
1113 2898 1228 2928 entitas
1243 2898 1370 2937 generis

291 2947 324 2973 et
345 2941 555 2978 differentiae,
577 2941 760 2972 secundum
783 2951 852 2973 esse
875 2941 967 2982 quod
997 2947 1084 2972 extra
1111 2941 1312 2972 intellectum
1334 2942 1369 2973 in

290 2995 360 3017 uno
383 2986 480 3017 habet
501 2985 683 3023 individuo,
706 2986 1023 3017 incommunicabilis
1039 2992 1070 3017 et
1085 2986 1286 3017 indivisibilis
1306 2992 1368 3024 est;

291 3030 325 3061 in
348 3030 513 3061 intellectu
537 3035 647 3061 autem
663 3035 711 3061 est
734 3031 929 3067 communis,
946 3039 1004 3071 per
1019 3029 1214 3061 differentias
1232 3035 1289 3061 aut
1305 3029 1370 3062 for-

290 3074 392 3106 males
420 3080 476 3106 aut
505 3073 686 3105 materiales
715 3074 935 3105 contrahibilis
959 3080 991 3106 et
1014 3074 1189 3105 divisibilis.
1220 3074 1319 3115 Ergo,
1343 3075 1370 3106 si

2430 289 2479 336 67

1415 362 1547 391 materia
1579 362 1613 392 in
1644 363 1810 394 intellectu
1834 365 2013 396 secundum
2035 367 2194 397 rationem
2218 368 2400 398 communis
2425 374 2481 404 est,

1416 404 1580 435 divisibilis
1603 415 1660 446 per
1684 408 1908 446 quantitatem
1933 415 2019 440 extra
2042 411 2241 442 intellectum
2263 421 2341 442 vero
2368 411 2482 442 indivi-

1416 447 1514 497 sibilis
1538 455 1585 479 est
1608 450 1641 479 in
1664 459 1732 481 uno
1757 452 1907 491 singulari
1930 453 2120 485 indivisione
2144 456 2316 495 superioris
2338 456 2372 486 in
2401 456 2483 487 infe-

1416 501 1514 521 nora:
1539 502 1608 522 non
1631 495 1739 524 minus
1756 497 1938 526 communis
1955 503 2001 527 est
2017 497 2057 527 ad
2071 499 2153 528 hanc
2170 505 2201 529 et
2217 500 2303 530 illam
2317 501 2483 531 materiam

1419 544 1517 575 quam
1540 546 1641 575 genus
1666 543 1696 567 et
1720 539 1843 577 species
1866 539 1905 569 ad
1929 550 1986 571 sua
2008 541 2168 572 inferiora.

1474 580 1701 619 Respondetur
1724 582 1840 621 primo,
1858 583 1948 622 quod
1972 584 2031 614 alia
2055 591 2101 615 est
2124 588 2336 618 communitas
2352 589 2484 619 rationis

1419 625 1584 660 materiae;
1610 630 1641 655 et
1665 625 1725 655 alia
1749 628 1964 657 communitas
1987 629 2118 659 rationis
2140 632 2264 669 generis
2294 638 2324 662 et
2354 634 2483 672 speciei.

1418 667 1549 698 Rationi
1573 669 1660 699 enim
1685 671 1852 700 communi
1875 672 1999 711 generis
2024 678 2054 702 et
2077 674 2195 712 speciei
2215 676 2386 714 respondet
2402 678 2434 707 in
2450 687 2485 708 re

1419 713 1603 743 communis
1621 718 1748 743 natura:
1767 723 1836 744 non
1853 715 1984 755 quidem
2001 725 2083 756 quae
2098 717 2131 746 in
2147 726 2214 747 uno
2231 719 2380 758 singulari
2395 731 2486 752 com—

1419 757 1527 787 munis
1543 757 1592 794 sit,
1610 757 1666 788 sed
1682 767 1766 798 quae
1781 768 1820 789 ex
1836 768 1869 789 se
1885 765 1959 789 nata
1982 766 2029 790 est
2052 770 2070 790 a
2092 761 2256 801 principiis
2278 763 2486 796 limitantibus

1411 797 1477 841 'per
1506 801 1707 833 intellectum
1737 804 1894 843 segregari
1918 809 1949 834 et
1972 805 2190 835 universaliter
2217 807 2355 847 concipi.
2386 808 2486 839 Com-

1419 846 1512 876 muni
1536 851 1645 876 autem
1667 847 1783 878 rationi
1808 853 1839 878 et
1863 849 2038 888 conceptui
2060 849 2210 880 materiae
2233 859 2300 880 non
2315 853 2487 892 respondet

1420 900 1486 921 una
1510 892 1693 921 communis
1716 897 1829 922 natura
1852 893 2004 923 materiae
2026 893 2059 923 in
2082 893 2228 933 pluribus
2256 896 2394 926 materiis
2425 898 2488 927 exi-

1420 939 1507 966 stens
1523 940 1555 965 et
1571 936 1609 965 ab
1631 935 1691 966 illis
1707 945 1765 976 per
1786 936 1986 967 intellectum
2009 937 2188 968 secundum
2212 947 2245 968 se
2268 939 2489 971 abstrahibilis:

1421 978 1478 1010 sed
1500 980 1652 1010 materiae
1675 980 1714 1010 ab
1739 981 1918 1011 extrinseco
1942 986 2067 1012 tantum
2091 983 2243 1012 convenit
2265 988 2302 1014 ut
2328 985 2489 1015 universa-

1420 1024 1492 1055 liter
1515 1024 1726 1064 concipiatur,
1751 1034 1789 1055 ex
1813 1034 1852 1056 eo
1877 1026 1997 1056 scilicet
2021 1025 2111 1066 quod
2133 1027 2168 1057 in
2191 1027 2303 1058 ordine
2331 1028 2371 1058 ad
2401 1038 2491 1059 com-

1421 1077 1557 1100 munem
1580 1068 1719 1099 formam
1743 1070 1934 1110 concipitur.

1478 1113 1603 1144 Dicitur
1626 1113 1781 1149 secundo,
1805 1114 1895 1154 quod
1918 1115 2050 1145 materia
2072 1124 2140 1146 non
2163 1115 2270 1146 solum
2301 1122 2348 1147 est
2377 1116 2491 1147 indivi-

1422 1157 1522 1188 sibilis
1545 1157 1726 1188 secundum
1750 1167 1818 1188 esse
1842 1158 1932 1198 quod
1946 1159 1980 1189 in
1996 1168 2064 1189 uno
2088 1159 2184 1190 habet
2206 1159 2384 1197 individuo,
2401 1161 2491 1202 quod

1423 1202 1520 1233 etiarn
1535 1201 1707 1242 generibus
1722 1207 1754 1232 et
1769 1203 1938 1242 speciebus
1950 1203 2116 1240 convenit;
2133 1203 2189 1234 sed
2205 1205 2301 1235 etiam
2313 1205 2491 1236 secundum

1422 1255 1515 1278 suam
1537 1251 1686 1277 naturam
1703 1251 1734 1276 et
1751 1248 1915 1277 entitatem
1938 1247 2138 1278 indivisibilis
2155 1254 2202 1278 est
2217 1254 2249 1279 et
2263 1258 2328 1279 una
2343 1259 2491 1287 numero,

1424 1296 1460 1322 ut
1482 1290 1599 1322 dicitur
1622 1290 1749 1331 IPhys.
1766 1292 1793 1326 ἡ
1817 1301 1886 1321 non
1909 1297 2081 1332 potestque
2104 1293 2136 1323 in
2161 1293 2252 1332 plura
2275 1293 2425 1325 inferiora
2445 1294 2492 1325 di-

1422 1335 1498 1366 vidi.
1515 1334 1673 1374 Quamvis
1685 1335 1773 1366 enim
1785 1336 1818 1366 in
1830 1336 1938 1376 plures
1953 1342 2057 1376 partes
2073 1346 2131 1377 per
2146 1338 2356 1377 quantitatem
2371 1338 2492 1369 divida-

1423 1386 1485 1417 tur,
1501 1380 1561 1410 ista
1576 1385 1686 1410 tamen
1708 1389 1776 1410 non
1801 1385 1848 1410 est
1871 1380 1984 1410 divisio
2009 1382 2181 1421 superioris
2203 1382 2237 1412 in
2259 1381 2420 1420 inferiora,
2437 1383 2492 1414 sed

1423 1423 1593 1456 cuiusdam
1607 1424 1718 1465 potius
1733 1425 1833 1455 totius
1846 1425 2047 1465 quantitativi
2059 1430 2090 1455 et
2101 1427 2221 1456 extensi
2237 1426 2270 1456 in
2286 1436 2358 1457 suas
2373 1433 2490 1467 partes:

1422 1478 1482 1511 per
1504 1469 1717 1510 quantitatem
1741 1469 1828 1499 enim
1848 1474 1879 1499 et
1895 1468 2086 1499 divisionem
2101 1469 2196 1500 habet
2215 1476 2246 1500 et
2263 1472 2491 1502 extensionem.

1478 1513 1533 1544 IX.
1549 1512 1678 1550 Quarto
1691 1514 1718 1543 *ἦ
1735 1513 1835 1544 Nullo
1852 1513 1953 1544 modo
1970 1513 2091 1553 aliquid
2106 1519 2213 1554 potest
2228 1523 2295 1545 esse
2311 1525 2406 1546 causa
2421 1516 2492 1547 Dei.

1423 1558 1510 1599 Ergo
1527 1558 1617 1589 Deus
1633 1563 1682 1589 est
1697 1567 1755 1589 sua
1771 1558 1917 1589 essentia.
1932 1576 1956 1580 -
1970 1557 2129 1589 Probatur
2152 1561 2391 1599 consequentia.
2408 1560 2494 1598 Quia

1423 1603 1480 1634 ubi
1502 1612 1554 1634 res
1575 1611 1645 1634 non
1669 1608 1718 1633 est
1740 1612 1798 1633 sua
1813 1603 1960 1638 essentia,
1977 1603 2046 1643 ipsa
2063 1603 2198 1634 essentia
2214 1613 2246 1633 se
2263 1604 2358 1635 habet
2372 1604 2411 1635 ad
2426 1614 2494 1635 rem

1423 1647 1535 1689 aliquo
1558 1646 1661 1678 modo
1684 1652 1722 1678 ut
1745 1656 1850 1678 causa.

1478 1691 1620 1723 Adverte
1651 1691 1742 1732 quod
1773 1692 1920 1728 essentia,
1947 1692 2003 1722 ubi
2034 1701 2051 1722 a
2083 1691 2252 1732 supposito
2283 1691 2495 1733 distinguitur,

1423 1742 1573 1778 respectu
1596 1737 1666 1767 eius
1688 1736 1786 1767 habet
1807 1736 1968 1767 rationem
1984 1745 2098 1767 causae
2114 1735 2268 1772 formalis,
2285 1746 2302 1766 a
2318 1746 2382 1777 qua
2402 1737 2496 1768 habet

1425 1781 1516 1822 quod
1538 1781 1578 1812 sit
1600 1781 1679 1812 tale:
1709 1786 1746 1812 ut
1775 1781 1815 1811 ab
1845 1781 2045 1812 humanitate
2077 1780 2186 1812 Sortes
2212 1781 2307 1811 habet
2338 1781 2427 1821 quod
2458 1782 2497 1812 sit

1423 1826 1537 1858 homo.
1560 1826 1794 1862 Veruntamen,
1818 1826 1895 1866 quia
1917 1835 1986 1856 non
2010 1826 2056 1856 sic
2071 1825 2275 1866 distinguitur
2290 1835 2309 1856 a
2327 1827 2496 1866 supposito

1424 1871 1517 1912 quasi
1541 1871 1655 1902 entitas
1679 1871 1818 1901 omnino
1841 1871 1881 1900 ab
1905 1870 2038 1901 entitate
2067 1870 2227 1911 suppositi
2260 1869 2416 1907 distincta,
2441 1871 2496 1902 sed

1424 1916 1501 1956 quia
1524 1915 1732 1956 suppositum
1755 1915 1858 1955 ipsam
1883 1914 1960 1945 dicit
1983 1920 2014 1945 et
2038 1914 2159 1956 aliquid
2182 1924 2278 1955 supra
2301 1925 2371 1946 eam
2395 1915 2495 1952 addit;

1424 1969 1509 2001 quae
1533 1965 1642 1991 autem
1665 1959 1853 2000 simpliciter
1877 1969 1973 1990 causa
1997 1964 2045 1990 est
2075 1965 2107 1990 et
2136 1959 2292 1996 absolute,
2317 1960 2451 1990 omnino
2478 1970 2496 1990 a

1423 2013 1484 2036 suo
1509 2009 1641 2035 causato
1665 2003 1885 2044 distinguitur:
1910 2003 1986 2035 ideo
2001 2013 2071 2034 non
2087 2004 2289 2044 dixit-ipsam
2312 2004 2496 2045 simpliciter

1423 2058 1554 2080 causam
1579 2057 1659 2086 esse,
1683 2048 1739 2079 sed
1763 2048 1854 2089 quod
1881 2058 1917 2079 se
1945 2048 2040 2079 habet
2066 2049 2177 2090 aliquo
2208 2048 2303 2079 modo
2327 2049 2371 2079 ad
2393 2049 2495 2089 ipsum

1422 2094 1508 2126 sicut
1529 2103 1641 2124 causa.

1478 2139 1518 2169 X.
1546 2138 1679 2169 Ultimo.
1704 2137 1740 2168 In
1763 2137 1836 2168 Deo
1859 2138 1949 2168 nulla
1965 2143 2012 2169 est
2026 2138 2251 2178 potentialitas.
2275 2137 2360 2178 Ergo
2377 2143 2424 2168 est
2438 2146 2495 2168 sua

1424 2183 1570 2214 essentia.
1586 2200 1610 2206 -
1625 2182 1783 2214 Probatur
1807 2183 2050 2224 consequentia.
2075 2182 2161 2221 Quia
2184 2182 2274 2223 quod
2288 2192 2355 2213 non
2372 2187 2418 2213 est
2438 2192 2495 2212 sua

1424 2227 1571 2264 essentia,
1595 2236 1630 2258 se
1660 2227 1757 2258 habet
1787 2226 1827 2257 ad
1859 2236 1941 2264 eam,
1965 2227 2145 2258 secundum
2175 2226 2295 2267 aliquid
2323 2227 2382 2263 sui,
2414 2227 2495 2257 sicut

1423 2273 1569 2313 potentia
1593 2271 1633 2302 ad
1657 2277 1776 2302 actum.

1479 2316 1544 2348 Sed
1566 2316 1694 2347 videtur
1716 2315 1807 2357 quod
1830 2316 1932 2356 magis
1956 2326 1974 2347 e
1997 2317 2158 2347 contrario
2182 2316 2234 2346 sit:
2260 2315 2379 2346 scilicet
2405 2315 2494 2356 quod

1424 2362 1562 2393 essentia
1575 2362 1611 2392 in
1626 2361 1681 2392 tali
1697 2361 1869 2402 supposito
1886 2370 1920 2392 se
1935 2361 2050 2392 habeat
2069 2362 2152 2392 sicut
2173 2361 2314 2397 materia,
2330 2370 2398 2391 non
2414 2361 2495 2391 sicut

1424 2412 1525 2438 actus.
1557 2405 1644 2444 Quia
1668 2415 1706 2437 ea
1730 2415 1814 2446 quae
1837 2405 1925 2437 addit
1953 2406 2159 2447 suppositum
2189 2415 2284 2446 supra
2315 2406 2493 2441 essentiam,

1423 2452 1528 2492 ipsam
1552 2451 1723 2482 essentiam
1753 2450 1893 2481 limitant
1923 2456 1954 2481 et
1985 2451 2180 2482 contrahunt
2207 2459 2244 2481 ac
2274 2449 2492 2480 determinant.

1423 2496 1526 2527 Actus
1549 2501 1659 2526 autem
1682 2500 1731 2526 est
1754 2495 1976 2532 determinare,
2001 2501 2033 2526 et
2055 2495 2206 2525 materiae
2229 2494 2440 2525 determinari.

1479 2540 1607 2571 Dicitur
1629 2539 1721 2581 quod
1744 2545 1776 2570 et
1798 2540 1930 2570 materia
1951 2549 2008 2581 per
2023 2539 2171 2575 formam,
2190 2544 2221 2569 et
2236 2538 2339 2569 forma
2354 2548 2412 2579 per
2426 2548 2493 2568 ma-

1423 2585 1536 2616 teriam
1559 2585 1731 2615 limitatur:
1754 2590 1830 2615 sunt
1854 2585 1940 2615 enim
1956 2585 2017 2615 sibi
2035 2584 2168 2614 invicem
2185 2593 2311 2618 causae,
2328 2588 2364 2613 ut
2379 2583 2494 2613 dicitur

1424 2630 1451 2661 11
1470 2630 1569 2671 Phys.
1586 2630 1604 2646 ⁴*
1627 2629 1723 2660 Unde
1745 2627 1870 2660 formae
1894 2635 1941 2660 est
1969 2629 2147 2669 potentiam
2179 2628 2313 2659 limitare
2337 2633 2368 2657 et
2391 2627 2492 2658 deter-

1423 2675 1558 2710 minare,
1574 2674 1726 2705 materiae
1749 2679 1859 2705 autem
1883 2679 1930 2704 est
1953 2673 2162 2704 determinare
2178 2678 2210 2703 et
2224 2672 2358 2702 limitare
2374 2677 2491 2702 actum.

1424 2719 1558 2750 Materia
1574 2728 1651 2759 ergo
1671 2719 1803 2758 signata,
1828 2728 1912 2759 quae
1936 2724 1982 2748 est
2004 2717 2199 2758 principium
2221 2715 2490 2752 individuationis,

1425 2768 1456 2794 et
1478 2763 1549 2804 ipsa
1572 2762 1751 2794 accidentia
1774 2772 1858 2803 quae
1882 2762 1968 2793 addit
1982 2761 2184 2792 individuum
2201 2770 2295 2800 supra
2311 2760 2489 2796 essentiam,

1424 2817 1501 2838 cum
1517 2817 1552 2838 se
1566 2813 1699 2839 teneant
1714 2817 1753 2838 ex
1767 2813 1858 2848 parte
1872 2807 2024 2837 materiae
2039 2812 2192 2846 tanquam
2208 2805 2310 2845 ipsam
2325 2804 2489 2844 signantia,

1423 2848 1493 2883 non
1516 2852 1656 2883 limitant
1678 2852 1849 2883 essentiam
1872 2861 1930 2892 per
1952 2851 2088 2881 modum
2112 2859 2178 2890 quo
2202 2854 2290 2880 actus
2313 2849 2489 2889 potentiam

1423 2897 1540 2928 limitat
1561 2902 1594 2928 et
1617 2897 1787 2933 contrahit,
1811 2895 1868 2927 sed
1890 2895 1992 2926 modo
2016 2905 2083 2936 quo
2113 2894 2244 2925 materia
2270 2893 2383 2924 limitat
2412 2902 2489 2923 con-

1423 2942 1586 2982 trahitque
1615 2941 1740 2972 formae
1771 2940 2031 2981 amplitudinem:
2063 2939 2136 2970 ideo
2167 2939 2253 2969 enim
2281 2937 2415 2968 essentia
2443 2941 2490 2967 est

1423 2986 1514 3023 haec,
1539 2986 1616 3027 quia
1638 2987 1672 3017 in
1699 2986 1755 3016 tali
1784 2986 1916 3016 materia
1949 2985 2110 3025 recipitur.
2146 2984 2316 3023 Propterea
2344 2991 2412 3012 non
2442 2990 2489 3010 se-

1423 3031 1534 3072 quitur
1556 3031 1661 3072 ipsam
1683 3031 1801 3061 habere
1824 3029 1974 3060 materiae
1999 3034 2029 3059 et
2051 3028 2214 3068 potentiae
2244 3027 2410 3062 rationem,
2435 3024 2489 3055 sed

1423 3080 1513 3106 actus
1538 3081 1569 3106 et
1592 3074 1726 3106 formae.

2518 1296 2527 1305 ¹
2543 1295 2579 1316 Cf.
2602 1301 2622 1317 c.
2637 1296 2729 1322 vn,16;

2519 1328 2537 1343 s.
2553 1322 2598 1343 Th.
2613 1323 2627 1343 1.
2646 1329 2675 1350 ¹3-

2520 1516 2529 1525 ·
2544 1515 2579 1537 cf.
2596 1516 2684 1542 Tertio,
2695 1522 2732 1537 su-

2519 1548 2568 1570 pra,
2583 1548 2605 1564 n.
2616 1548 2651 1564 ιιι.

2519 2624 2614 2671 ga.
