2768 4134
749 292 938 329 SUMMA
968 292 1191 330 CONTRA
1219 293 1494 339 GENTILES,
1522 295 1616 331 LIB.
1638 295 1678 340 II,
1710 294 1820 331 CAP.
1842 295 2013 331 LXXVI.

283 376 331 402 est
352 371 614 411 phantasmatum
638 370 808 411 dispositio
829 370 871 402 ad
893 372 958 402 hoc
980 377 1018 402 ut
1039 371 1118 402 fiant
1141 378 1215 402 actu
1237 372 1354 402 intelli-

281 415 400 456 gibilia,
424 421 460 446 ut
483 416 642 446 Averroes
666 421 698 445 et
719 415 902 446 Alexander
924 416 1046 446 dicunt.

338 459 372 490 Si
395 461 548 500 primum,
566 466 678 490 contra
701 461 854 500 arguitur.
871 460 960 490 Tum
976 461 1053 500 quia
1076 460 1109 491 id
1132 461 1165 491 in
1189 461 1282 491 cuius
1297 470 1353 491 na-

229 520 231 522 ·
281 509 353 534 tura
368 510 416 535 est
431 506 574 545 recipere
590 505 733 544 aliquam
748 504 898 541 formam,
914 514 983 535 non
999 505 1121 545 indiget
1142 505 1354 545 dispositione

40 551 50 561 '¹
65 550 102 573 Cf.
116 556 181 573 anm.
190 556 239 579 seq.

38 904 49 914 ·
63 903 100 926 Ci.
115 909 180 926 nu..
191 909 224 925 xi.

35 1396 47 1407 ⁶
55 1395 92 1419 Cf.
99 1398 156 1419 text.
167 1400 190 1419 et
201 1402 250 1420 var.

281 549 343 579 alia
370 548 411 579 ad
438 548 578 579 formam
607 549 740 579 illam*:
765 549 827 579 nisi
850 548 933 579 forte
948 550 1020 579 sint
1042 550 1076 579 in
1099 549 1155 579 illa
1177 550 1354 580 contrariae

282 593 522 633 dispositiones.
547 593 731 623 Intellectus
747 599 856 623 autem
880 594 1041 633 possibilis
1064 593 1245 624 secundum
1262 602 1354 624 suam

280 643 429 668 naturam
452 643 500 668 est
522 638 555 668 in
579 638 726 677 potentia
749 637 790 667 ad
816 638 940 677 species
963 643 1037 668 actu
1064 638 1289 678 intelligibiles,
1314 637 1354 668 ad

281 691 362 722 quas
384 688 592 722 comparatur
614 687 650 711 ut
673 681 870 721 diaphanum
898 681 939 712 ad
961 682 1070 712 lucem
1093 682 1144 712 vel
1167 682 1208 712 ad
1230 683 1354 722 species

281 726 409 757 coloris.
433 727 587 766 Nihilque
612 731 660 757 est
682 727 716 756 in
739 727 811 766 ipso
840 727 1046 763 contrarium,
1071 726 1163 766 quod
1188 727 1228 756 sit
1250 728 1354 766 impe-

280 770 417 809 ditivum
433 771 554 811 speciei
573 770 780 810 intelligibilis
795 770 1015 810 recipiendae:
1040 780 1117 801 nam
1133 770 1251 801 falsitas
1269 780 1353 810 quae

280 814 397 845 accidit
422 816 457 845 in
486 815 608 846 iudicio
639 815 822 845 intellectus
850 815 1079 855 componentis
1109 821 1142 845 et
1172 814 1352 851 dividentis,

279 860 439 900 provenit,
456 869 525 890 non
541 859 632 899 quod
654 861 687 889 in
704 859 870 890 intellectu
893 860 957 889 sint
979 859 1087 899 aliqua
1109 859 1280 895 intellecta,
1297 858 1354 889 sed

279 913 319 934 ex
335 913 376 934 eo
394 904 485 944 quod
501 905 531 934 ei
546 904 654 944 aliqua
670 903 788 934 desunt
798 905 825 934 ὕ.
842 921 864 925 -
880 903 969 934 Tum
985 905 1063 944 quia
1075 913 1144 934 non
1163 909 1246 934 esset
1262 913 1353 934 com-

279 949 404 988 paratio
419 949 681 989 phantasmatum
697 948 738 978 ad
759 948 962 978 intellectum
985 948 1173 988 possibilem
1191 948 1274 978 sicut
1297 957 1353 978 co-

279 993 388 1023 lorum
411 993 451 1023 ad
473 994 589 1029 visum,
606 998 643 1023 ut
665 993 770 1023 voluit
791 992 990 1023 Aristoteles.
1007 992 1093 1030 Quia
1116 992 1253 1029 colores,
1278 991 1352 1022 facti

278 1037 419 1068 visibiles
434 1043 509 1068 actu
531 1047 590 1078 per
605 1038 723 1074 lucem,
747 1046 807 1077 pro
825 1042 913 1067 certo
936 1037 1128 1077 imprimunt
1150 1046 1242 1073 suam
1265 1037 1353 1066 simi·

279 1081 451 1113 litudinem
474 1083 508 1112 in
532 1082 694 1122 diaphano
719 1087 751 1112 et
772 1082 856 1111 visu.
873 1081 974 1118 Quod
995 1090 1064 1111 non
1082 1082 1236 1111 convenit
1250 1081 1352 1120 phan—

278 1127 406 1157 tasmati
427 1126 595 1163 illustrato,
618 1125 800 1156 secundum
821 1126 906 1158 hane
931 1126 1189 1166 responsionem.
1215 1142 1237 1147 -
1264 1125 1352 1155 Tum

279 1172 357 1211 quia
371 1181 433 1213 nec
448 1171 671 1211 phantasmata
689 1180 750 1200 nec
773 1179 886 1200 sensus
909 1176 1016 1201 essent
1037 1179 1096 1210 per
1118 1179 1152 1200 se
1174 1170 1352 1200 necessaria

279 1215 320 1246 ad
333 1215 590 1255 intelligendum,
606 1221 762 1255 tanquam
785 1215 907 1246 scilicet
925 1215 1082 1255 principia
1097 1215 1201 1244 activa
1222 1219 1254 1244 et
1275 1223 1352 1245 cau-

279 1260 378 1290 sativa
394 1260 561 1290 scientiae:
572 1259 632 1290 sed
641 1268 700 1299 per
716 1259 865 1290 accidens
875 1265 1013 1295 tantum,
1027 1259 1118 1298 quasi
1130 1259 1351 1299 praeparantia

279 1309 313 1336 et
332 1305 507 1336 excitantia
515 1304 721 1335 intellectum
735 1304 925 1344 possibilem
940 1303 981 1334 ad
1000 1302 1236 1343 recipiendum.
1251 1302 1352 1341 Quod

273 1354 318 1380 εἴ
333 1349 382 1379 est
397 1349 562 1389 opinionis
578 1348 778 1384 Platonicae;
796 1354 828 1379 et
843 1354 956 1379 contra
971 1347 1120 1378 ordinem
1135 1347 1351 1388 generationis

277 1393 432 1424 scientiae
455 1398 487 1423 et
509 1393 692 1423 intellectus
707 1393 724 1409 ³
740 1394 885 1433 positum
904 1393 944 1423 ab
962 1392 1136 1423 Aristotele
1158 1393 1192 1422 in
1216 1392 1228 1422 1
1245 1392 1351 1422 Meta-

271 1437 433 1479 physicae
455 1443 487 1467 et
510 1437 537 1467 11
553 1437 788 1467 Foster-iorum.
802 1454 827 1459 -
841 1437 942 1467 Addit
955 1445 1034 1467 vero
1053 1436 1190 1466 Sanctus
1205 1436 1351 1466 Thomas

284 1481 376 1523 quod
402 1482 483 1512 haec
505 1482 626 1522 positio
649 1482 838 1512 Avicennae
860 1486 1020 1512 consonat
1033 1481 1072 1510 iis
1095 1489 1180 1520 quae
1198 1480 1238 1511 de
1253 1489 1351 1520 gene-

277 1527 403 1558 ratione
417 1535 526 1556 rerum
541 1525 737 1556 naturalium
753 1524 840 1562 dicit,
857 1525 936 1556 dum
952 1525 1046 1564 ponit
1057 1525 1185 1564 agentia
1194 1524 1351 1554 naturalia

277 1569 389 1602 solum*
400 1578 590 1610 praeparare
612 1570 780 1599 materiam
795 1569 837 1599 ad
859 1568 1078 1609 suscipiendas
1094 1567 1216 1598 formas
1239 1569 1279 1598 ab
1301 1569 1351 1598 in-

275 1614 453 1655 telligentia
474 1619 629 1653 separata.

317 1658 366 1690 ‚Si
387 1667 467 1688 vero
489 1657 672 1688 secundum
691 1656 825 1692 dicatur,
841 1661 919 1686 tunc
942 1657 1008 1686 hoc
1030 1656 1157 1686 videtur
1179 1654 1350 1685 conforme

275 1702 433 1743 positioni
448 1701 628 1732 dicentium
639 1700 731 1741 quod
741 1701 868 1741 agentia
883 1700 1036 1731 inferiora
1048 1699 1227 1739 disponunt
1242 1699 1350 1730 solum

276 1746 317 1778 ad
339 1747 488 1778 ultimam
511 1745 757 1786 perfectionem,
787 1745 904 1775 ultima
925 1749 1035 1775 autem
1057 1743 1214 1784 perfectio
1239 1749 1287 1773 est
1309 1744 1349 1773 ab

276 1797 391 1832 agente
414 1795 572 1831 separato.
596 1789 699 1828 Quod
720 1795 769 1820 est
795 1794 909 1820 contra
937 1789 1132 1820 sententiam
1158 1787 1350 1823 Aristotelis,

275 1834 608 1876 Vlleetaplgrsicae.

330 1881 370 1912 X.
396 1879 492 1911 Circa
512 1879 602 1910 illam
625 1878 897 1920 propositionem,
920 1877 963 1908 Id
984 1877 1019 1907 in
1042 1877 1136 1907 cuius
1159 1880 1280 1907 natura
1303 1880 1351 1906 est

276 1925 422 1966 recipere
443 1924 588 1965 aliquam
609 1924 767 1964 formam,
792 1932 858 1953 non
882 1922 1010 1963 indiget
1035 1921 1246 1962 dispositione
1268 1921 1350 1951 ulte-

277 1969 348 2000 rius
363 1969 408 2000 ad
429 1968 522 1999 illam
529 1968 692 2010 formam,
710 1967 884 1998 dubitatur.
901 1966 989 2005 Quia
1003 1972 1082 1997 tunc
1097 1966 1243 2006 sequitur
1258 1964 1350 2006 quod

276 2014 411 2044 materia
432 2012 619 2044 immediate
642 2013 786 2052 recipere
815 2011 920 2051 possit
942 2019 1186 2051 quamcumque
1210 2008 1350 2040 formam

276 2055 520 2089 substantialem
544 2057 666 2097 absque
681 2057 790 2096 aliqua
813 2055 1043 2095 dispositione:
1068 2064 1144 2085 cum
1167 2054 1349 2085 secundum

277 2111 369 2133 suam
384 2098 589 2133 naturam‘sit
603 2102 639 2132 in
662 2100 809 2141 potentia
831 2099 872 2130 ad
887 2109 1021 2130 omnem
1043 2098 1183 2130 formam
1202 2099 1349 2130 substan-

276 2146 398 2178 tidem.
421 2146 497 2177 Hoc
513 2151 623 2177 autem
637 2145 765 2176 videtur
783 2143 917 2175 falsum:
935 2145 1012 2185 quia
1027 2144 1134 2174 anima
1148 2153 1219 2174 non
1241 2148 1350 2183 potest

276 2191 377 2231 recipi
399 2191 434 2221 in
456 2191 590 2221 materia
612 2190 675 2220 nisi
697 2190 738 2220 sit
759 2189 849 2229 prius
872 2189 1056 2229 organizata
1078 2193 1111 2219 et
1132 2187 1297 2229 disposita.

280 2248 283 2249 ⁷
332 2234 469 2266 videtur
491 2235 588 2266 etiam
615 2243 684 2265 esse
712 2238 827 2264 contra
853 2232 1034 2264 doctrinam
1064 2232 1173 2263 Sancti
1199 2232 1350 2263 Thomae

276 2279 393 2316 Primffi
417 2288 450 2319 q.
466 2288 569 2315 nxxvr,
586 2288 615 2309 a.
633 2278 665 2315 6,
687 2278 745 2308 ubi
766 2278 874 2318 inquit
897 2277 988 2318 quod
1011 2277 1149 2308 materia
1167 2277 1279 2318 prima
1303 2281 1351 2307 est

277 2324 311 2355 in
322 2324 472 2365 potentia
487 2323 531 2354 ad
546 2332 659 2354 omnes
680 2327 774 2353 actus
789 2322 907 2352 ordine
924 2321 1086 2363 quodam:
1107 2327 1140 2352 et
1163 2322 1215 2352 sic'
1223 2321 1350 2352 videtur

276 2367 369 2410 quod
391 2369 606 2408 posteriorem
628 2367 769 2398 formam
783 2376 853 2397 non
875 2367 980 2407 possit
996 2367 1142 2407 recipere
1163 2366 1225 2397 nisi
1239 2365 1350 2406 dispo-

276 2418 372 2444 natur
387 2418 419 2443 et
441 2417 648 2452 praeparetur
662 2420 722 2452 per
734 2410 984 2451 praecedentem
1006 2410 1159 2447 formam
1183 2411 1267 2442 sicut
1280 2420 1350 2442 non

276 2462 385 2498 potest
400 2457 543 2496 recipere
558 2457 701 2486 animam
715 2455 946 2486 intellectivam
961 2455 1024 2486 nisi
1046 2455 1217 2496 praecedat
1231 2455 1266 2486 in
1280 2456 1351 2495 ipsa

277 2502 385 2532 anima
407 2501 558 2531 sensitiva
580 2506 614 2531 et
634 2500 823 2540 vegetativa.

333 2555 363 2575 2.
387 2544 440 2575 Ad
463 2545 561 2575 huius
583 2544 788 2581 evidentiam,
805 2543 1077 2575 considerandum
1095 2543 1187 2584 quod
1209 2553 1279 2575 esse
1302 2552 1351 2574 se-

279 2589 425 2620 cundum
448 2598 541 2619 suam
563 2594 713 2619 naturam
735 2589 769 2619 in
793 2589 940 2629 potentia
963 2588 1003 2619 ad
1028 2588 1178 2625 formam,
1202 2594 1258 2619 aut
1280 2597 1350 2618 esse

278 2633 359 2665 illud
381 2634 417 2664 in
440 2634 535 2664 cuius
548 2639 663 2664 natura
677 2638 726 2663 est
740 2633 885 2673 recipere
900 2634 1043 2673 aliquam
1058 2633 1210 2669 formam,
1233 2633 1351 2672 accipit

279 2678 417 2709 Sanctus
439 2678 586 2708 Thomas
600 2687 662 2718 pro
677 2687 725 2708 eo·
738 2677 832 2718 quod
846 2683 894 2708 est
909 2687 978 2708 esse
993 2687 1035 2708 ex
1053 2687 1089 2709 se
1103 2682 1136 2708 et
1149 2687 1193 2708 ex
1209 2677 1351 2717 propria

280 2727 403 2753 natura
425 2721 616 2762 dispositum
645 2722 689 2753 ad
712 2722 803 2752 illam
817 2723 971 2763 formam
996 2721 1249 2762 suscipiendam.
1271 2721 1351 2752 Tale

279 2772 389 2810 autem
412 2771 539 2797 constat
560 2774 629 2797 non
645 2764 796 2806 'indigere
819 2766 880 2796 alia
902 2766 1047 2797 ulteriori
1075 2766 1288 2806 dispositione
1311 2765 1352 2796 ad

279 2810 368 2841 illam
385 2810 537 2842 formam:
553 2811 699 2850 implicat
714 2811 801 2841 enim
817 2810 1109 2841 contradictionem
1125 2810 1215 2850 quod
1230 2809 1353 2850 aliquid

281 2865 320 2886 ex
342 2855 474 2896 propria
492 2860 606 2885 natura
621 2853 815 2895 dispositum
831 2855 872 2885 sit
886 2855 927 2885 ad
942 2854 1092 2891 formam,
1109 2860 1141 2885 et
1164 2853 1255 2894 quod
1270 2855 1353 2885 ulte-

281 2900 358 2930 riori
381 2899 422 2929 ad
443 2899 533 2930 illam
556 2898 773 2939 dispositione
793 2898 951 2939 indigeat;
974 2908 1062 2935 nam,
1086 2899 1113 2929 si
1140 2898 1353 2939 dispositione

281 2943 485 2984 superaddita
511 2942 668 2983 indigeat,
687 2944 752 2974 iam
781 2953 851 2974 non
875 2948 923 2974 est
946 2953 984 2973 ex
999 2943 1131 2983 propria
1153 2949 1267 2974 natura
1290 2943 1354 2974 dis-

280 2989 436 3028 positum.
456 2988 664 3028 Diaphanum
680 2988 768 3018 enim
783 2993 869 3024 actu,
885 2988 961 3027 quia
976 2997 1015 3018 ex
1038 2997 1073 3018 se
1093 2993 1141 3018 est
1160 2987 1354 3028 dispositum

281 3033 323 3063 ad
344 3033 586 3073 susceptionem
608 3032 729 3072 speciei
744 3032 872 3068 coloris,
888 3031 963 3062 ideo
979 3041 1048 3062 non
1070 3031 1193 3071 indiget
1214 3032 1275 3063 alia
1290 3032 1354 3062 dis-

281 3077 445 3118 positione
468 3076 508 3106 ad
536 3076 627 3106 illam
643 3077 803 3116 speciem.
835 3076 877 3106 Et
907 3076 1052 3107 similiter
1073 3076 1256 3107 intellectus
1277 3085 1354 3117 pos-

282 3121 392 3157 sibilis,
417 3121 493 3161 quia
517 3126 564 3151 est
587 3129 626 3151 ex
655 3121 787 3160 propria
809 3126 924 3150 natura
950 3119 1126 3160 dispositus
1147 3120 1189 3151 ad
1211 3121 1354 3161 speciem

282 3166 532 3206 intelligibilem3
557 3170 691 3205 propter
715 3164 806 3205 quod
835 3170 1041 3205 comparatur
1067 3163 1108 3195 ad
1137 3165 1241 3205 ipsam
1271 3166 1355 3196 sicut

283 3210 482 3250 diaphanum
497 3209 538 3240 ad
553 3210 671 3246 lucem,
689 3210 715 3239 si
731 3209 907 3249 accipiatur
922 3209 1120 3249 diaphanum
1135 3209 1170 3239 in
1193 3210 1352 3249 potentia;

283 3260 339 3285 aut
361 3255 445 3285 sicut
468 3254 666 3295 diaphanum
683 3253 722 3284 ad
745 3254 888 3293 speciem
903 3253 1032 3290 coloris,
1050 3254 1076 3284 si
1091 3254 1267 3293 accipiatur
1289 3253 1355 3284 dia-

282 3299 430 3341 phanum
445 3300 479 3329 in
502 3303 590 3335 actu;
611 3297 685 3329 ideo
708 3298 797 3328 nulla
813 3298 874 3328 alia
897 3297 1111 3337 dispositione
1132 3297 1173 3328 ad
1195 3297 1283 3328 illam
1301 3307 1355 3328 sua

283 3343 484 3383 scipiendam
498 3349 580 3383 eget.
605 3343 646 3373 Et
661 3343 694 3373 in
711 3343 776 3373 hoc
798 3341 951 3372 fundatur
966 3342 1050 3372 ratio
1063 3341 1172 3373 Sancti
1195 3340 1354 3372 Thomae.

342 3387 372 3418 3.
396 3387 449 3418 Ad
471 3389 631 3419 rationem
647 3393 757 3417 autem
779 3387 813 3417 in
829 3387 1020 3427 oppositum
1034 3385 1251 3426 respondetur
1265 3386 1356 3426 quod

285 3431 326 3462 de
340 3431 527 3462 immediata
541 3433 730 3472 receptione
747 3431 869 3462 formae
885 3431 918 3461 in
934 3431 1067 3461 materia
1079 3429 1249 3470 dupliciter
1263 3430 1356 3470 loqui

284 3485 470 3516 possumus.
494 3476 571 3507 Uno
594 3475 707 3513 modo,
731 3481 768 3506 ut
789 3476 844 3506 illa
858 3474 1059 3506 immediatio
1084 3474 1225 3505 excludit
1247 3474 1356 3514 dispo-

283 3521 438 3551 sitionem
465 3517 714 3560 praecedentem
745 3520 915 3551 duratione
944 3519 1084 3549 formam
1106 3519 1140 3549 in
1171 3519 1302 3548 materia
1326 3524 1357 3549 et

286 3564 489 3596 desinentem
511 3565 545 3595 in
569 3565 709 3596 adventu
732 3566 835 3605 ipsius
858 3564 995 3594 formae:
1019 3569 1056 3593 ut
1075 3563 1115 3592 sit
1137 3571 1250 3593 sensus
1265 3563 1357 3602 quod

284 3610 419 3640 materia
444 3610 514 3639 non
540 3609 661 3649 indiget
687 3615 724 3640 ut
746 3610 835 3649 prius
859 3609 1028 3639 duratione
1056 3607 1245 3647 disponatur
1268 3612 1355 3637 ante-

287 3662 386 3693 quam
408 3654 541 3694 recipiat
568 3653 716 3690 formam,
741 3653 797 3684 sed
820 3663 878 3693 per
907 3653 1046 3692 seipsam
1076 3656 1123 3681 est
1153 3650 1193 3681 ad
1223 3660 1355 3681 omnem

2400 297 2476 344 485

1408 372 1546 403 formam
1569 373 1733 413 disposita.
1752 391 1776 396 —-
1799 374 1840 403 Et
1862 378 1940 403 tunc
1966 379 2101 413 negatur
2127 376 2373 415 consequentia.
2393 376 2479 414 Quia

1408 418 1541 447 materia
1563 427 1631 448 non
1659 423 1706 448 est
1730 418 1916 448 immediata
1942 418 2004 447 nisi
2033 418 2144 449 formis
2172 419 2418 457 elementorum,
2442 426 2479 452 ut

1408 461 1524 492 dicitur
1545 461 1689 498 inferius,
1714 472 1783 502 cap.
1801 472 1922 498 Lxxxrx,
1947 467 1979 492 et
2003 462 2030 492 ΙΙ
2045 462 2144 499 Sent„
2169 463 2200 493 d.
2217 474 2269 500 x11,
2294 474 2321 494 a.
2345 474 2384 504 4:
2409 475 2478 496 non

1409 506 1496 536 enim
1508 506 1630 546 indiget
1646 506 1826 536 secundum
1842 516 1875 536 se
1890 515 1948 546 per
1965 506 2060 537 aliam
2076 506 2213 538 formam
2230 509 2477 547 praecedentem

1408 549 1538 590 disponi
1561 550 1601 580 ad
1623 549 1764 580 formam
1787 550 1953 585 elementi;
1978 550 2053 581 licet
2075 560 2133 590 per
2156 552 2304 582 accidens
2328 558 2477 592 oporteat

1408 595 1512 634 ipsam
1536 594 1577 624 ad
1599 593 1739 624 formam
1762 595 1859 624 unius
1887 595 2038 624 elementi
2066 595 2205 635 disponi,
2233 597 2259 626 si
2286 597 2319 627 in
2343 598 2476 629 materia

1408 639 1573 678 contingat
1588 647 1657 668 esse
1681 638 1909 677 dispositiones
1934 640 2107 669 contrarias
2124 639 2388 679 dispositionibus
2411 641 2476 672 for-

1407 692 1481 713 mae
1510 682 1776 712 introducendae.
1807 682 1871 712 Sed
1901 683 1994 718 bene,
2023 688 2058 712 ut
2087 684 2121 713 in
2148 684 2228 715 locis
2255 685 2474 725 praeallegatis

1407 727 1533 763 dicitur,
1554 726 1677 767 indiget
1700 726 1830 766 disponi
1852 726 1892 756 ad
1915 726 1991 756 alias
2015 726 2134 757 formas
2157 737 2214 767 per
2235 730 2475 769 susceptionem

1407 770 1586 802 formarum
1615 770 1896 811 praecedentium:
1921 776 1957 800 ut
1980 770 2094 801 accidit
2124 772 2157 801 in
2184 774 2395 811 generatione·
2414 775 2474 806 ho-,

1406 816 1513 852 minis,
1537 825 1577 846 eo
1602 815 1693 855 quod
1716 815 1798 846 inter
1820 815 1923 854 ipsam
1947 820 1979 845 et
1999 816 2140 845 animam
2156 816 2383 848 intellectivam
2406 827 2474 848 me-

1407 860 1497 890 dient
1511 860 1632 890 multae
1648 859 1782 890 formae.
1799 877 1822 881 —
1836 858 1888 889 Ad
1905 859 2132 899 probationem
2147 866 2256 891 autem
2272 870 2474 901 consequen-

1406 905 1479 941 tiae,
1503 910 1638 944 negatur
1654 909 1866 944 assumptum.
1882 903 1959 934 Non
1976 904 2072 939 enim,
2097 904 2185 934 iuxta
2208 914 2338 935 sensum
2362 906 2474 937 datum

1406 949 1622 989 propositioni
1647 948 1755 979 Sancti
1779 948 1938 984 Thomae,
1957 948 2091 978 materia
2113 953 2161 978 est
2179 949 2360 980 secundum
2382 960 2475 981 suam

1406 999 1554 1024 naturam
1577 993 1611 1023 in
1633 993 1779 1033 potentia
1802 992 1842 1022 ad
1866 1002 1999 1022 omnem
2023 991 2171 1029 formam,
2195 992 2287 1030 idest,
2304 1002 2361 1033 per
2385 1004 2419 1024 se
2442 999 2474 1024 et

1407 1047 1445 1068 ex
1469 1038 1600 1078 propria
1621 1043 1736 1068 natura
1758 1036 1953 1067 sufficienter
1976 1036 2016 1067 ad
2044 1046 2178 1067 omnem
2202 1036 2340 1068 formam
2364 1037 2475 1078 dispo-

1407 1083 1482 1112 sita:
1507 1082 1563 1112 sed
1585 1087 1712 1112 tantum
1735 1081 1775 1111 ad
1797 1081 1917 1111 formas
1941 1081 2160 1112 elementares.

1462 1136 1495 1165 4.
1510 1126 1586 1157 Alio
1602 1125 1715 1162 modo,
1732 1131 1768 1156 ut
1782 1125 1836 1155 illa
1851 1125 2050 1156 immediatio
2071 1125 2211 1156 excludit
2226 1125 2474 1166 dispositionem

1406 1176 1592 1202 manentem
1606 1171 1641 1201 in
1656 1170 1789 1200 materia
1805 1180 1881 1200 cum
1896 1171 1966 1209 ipsa
1989 1169 2107 1200 forma:
2133 1177 2168 1200 ut
2190 1171 2231 1200 sit
2254 1180 2366 1201 sensus
2382 1170 2474 1211 quod

1405 1216 1488 1246 inter
1509 1215 1677 1246 materiam
1700 1220 1732 1245 et
1757 1214 1898 1244 formam
1924 1223 1992 1244 non
2019 1213 2140 1244 mediat
2169 1215 2277 1254 aliqua
2303 1214 2474 1255 dispositio

1405 1260 1557 1290 materiae
1580 1258 1794 1300 superaddita,
1818 1258 1875 1289 sed
1897 1259 1966 1298 ipsa
1989 1258 2094 1288 forma
2120 1259 2334 1289 substantialis
2357 1260 2473 1293 imme-

1405 1304 1490 1335 diate
1512 1304 1656 1334 inhaeret
1678 1304 1840 1334 materiae.
1857 1303 1898 1333 Et
1916 1308 1995 1333 tunc
2011 1302 2136 1339 dicitur,
2159 1304 2248 1333 iuxta
2267 1313 2305 1334 ea
2321 1313 2404 1343 quae
2420 1313 2474 1334 su-

1404 1349 1512 1388 perius
1524 1349 1541 1365 ⁴*
1564 1348 1775 1378 determinata
1797 1353 1882 1383 sunt,
1898 1346 1990 1387 quod
2005 1346 2045 1377 de
2067 1345 2172 1377 forma
2194 1348 2394 1378 substantiali
2414 1348 2473 1378 du-

1404 1394 1530 1433 pliciter
1540 1393 1633 1432 loqui
1645 1401 1836 1432 possumus:
1853 1401 1920 1422 uno
1937 1391 2050 1427 modo,
2066 1396 2102 1421 ut
2114 1391 2167 1422 dat
2183 1401 2252 1422 esse
2267 1392 2473 1423 substantiale

1405 1446 1617 1477 corporeum;
1648 1436 1712 1467 alio
1742 1435 1854 1472 modo,
1878 1441 1914 1465 ut
1937 1435 1990 1465 dat
2013 1435 2155 1475 aliquem
2182 1435 2317 1476 gradum
2346 1436 2474 1467 essendi

1404 1491 1501 1521 supra
1524 1490 1593 1512 esse
1617 1489 1824 1521 corporeum,
1849 1485 1927 1520 puta
1950 1489 2019 1510 esse
2035 1480 2261 1519 vegetativum,
2278 1490 2348 1511 esse
2371 1481 2472 1511 sensi—

1404 1526 1519 1561 tivum,
1541 1531 1597 1555 aut
1620 1535 1690 1555 esse
1712 1524 1955 1555 intellectivum.

1460 1569 1495 1600 Si
1517 1570 1623 1609 primo
1647 1568 1749 1599 modo
1766 1568 1996 1604 consideretur,
2012 1568 2058 1598 sic
2073 1569 2206 1598 materia
2228 1567 2315 1598 nude
2340 1574 2473 1608 accepta

1405 1619 1452 1643 est
1475 1623 1514 1643 ex
1537 1623 1596 1643 sua
1612 1618 1726 1643 natura
1741 1612 1896 1652 disposita
1911 1611 1952 1642 ad
1979 1612 2219 1651 susceptionem
2236 1613 2473 1652 cuiuscumque

1404 1656 1528 1687 formae
1543 1656 1767 1692 substantialis,
1783 1666 1844 1686 nec
1859 1656 1982 1695 indiget
1998 1655 2038 1685 ad
2056 1655 2144 1686 illam
2167 1656 2227 1686 alia
2250 1656 2473 1696 dispositione,

1404 1706 1442 1731 ut
1463 1702 1499 1731 in
1520 1701 1740 1740 superioribus
1763 1700 1867 1739 patuit
1878 1701 1905 1735 ἡ
1922 1705 1955 1729 et
1977 1700 2112 1730 habetur
2135 1709 2175 1729 ex
2198 1699 2343 1730 doctrina
2366 1700 2474 1731 Sancti

1404 1745 1554 1775 Thomae
1576 1745 1694 1780 Prima,
1718 1753 1749 1783 q.
1766 1753 1869 1780 Lxxvr,
1886 1753 1913 1774 a.
1931 1743 1962 1779 6,
1986 1743 2026 1773 de
2049 1743 2290 1783 spiritualibus,
2314 1749 2371 1774 art.
2388 1745 2418 1780 3,
2442 1750 2474 1775 et

1403 1789 1444 1819 de
1465 1789 1595 1824 Anima,
1612 1794 1668 1818 art.
1687 1798 1724 1828 9:
1741 1787 1798 1818 sed
1812 1787 1997 1818 immediate
2014 1797 2148 1818 omnem
2164 1787 2303 1818 formam
2326 1789 2474 1819 substan-

1403 1833 1513 1864 tialem
1536 1833 1661 1873 recipit.
1685 1832 1780 1863 Unde
1806 1837 1942 1872 negatur
1970 1830 2090 1863 falsitas
2113 1833 2352 1871 consequentis.
2376 1850 2400 1854 —
2423 1832 2474 1863 Ad

1403 1878 1497 1908 cuius
1520 1878 1658 1918 primam
1685 1877 1913 1917 probationem
1943 1875 2060 1906 dicitur
2088 1876 2178 1916 quod
2201 1882 2402 1917 assumptum
2427 1882 2474 1908 est

1403 1922 1520 1952 falsum
1544 1921 1584 1952 de
1607 1922 1716 1952 anima
1738 1926 1775 1952 ut
1804 1920 1857 1951 dat
1888 1930 1956 1951 esse
1985 1930 2190 1961 corporeum.
2215 1921 2268 1951 Sic
2292 1922 2379 1952 enim
2403 1922 2472 1952 eius

1402 1966 1601 2007 perfectibile
1625 1971 1673 1996 est
1694 1966 1827 1996 materia
1850 1966 1964 2005 prima,
1979 1974 2047 1996 non
2071 1971 2180 1996 autem
2204 1975 2323 2005 corpus
2346 1966 2473 2005 organi-

1402 2016 1522 2042 zatum.
1538 2028 1562 2032 -
1576 2010 1628 2041 Ad
1643 2009 1821 2041 secundam
1836 2010 2063 2050 probationem
2078 2009 2205 2046 dicitur,
2221 2010 2309 2040 iuxta
2333 2020 2371 2040 ea
2387 2006 2472 2050 quae

1402 2056 1562 2086 habentur
1575 2055 1610 2085 in
1622 2054 1687 2092 Qu.
1700 2054 1740 2085 de
1751 2054 1879 2090 Anima,
1893 2054 2027 2085 articulo
2044 2054 2269 2094 praeallegato,
2283 2053 2323 2084 ad
2339 2065 2372 2094 9,
2381 2054 2472 2094 quod

1402 2100 1535 2130 materia
1549 2099 1666 2130 dicitur
1680 2099 1714 2129 in
1730 2099 1876 2139 potentia
1891 2098 1931 2129 ad
1946 2108 2061 2129 omnes
2076 2105 2166 2129 actus
2186 2098 2299 2129 ordine
2316 2099 2470 2138 quodam,

1403 2154 1469 2174 non
1485 2144 1579 2184 quasi
1595 2144 1731 2183 recipiat
1745 2143 1891 2174 diversas
1896 2143 2034 2184 formas
2050 2143 2236 2179 ordinatim,
2251 2152 2334 2183 quae
2349 2143 2471 2174 scilicet

1403 2194 1614 2229 permaneant
1641 2189 1676 2218 in
1709 2188 1851 2224 materia,
1884 2193 2040 2227 tanquam
2072 2198 2137 2218 una
2167 2187 2207 2218 sit
2234 2187 2403 2227 dispositio
2431 2187 2471 2218 ad

1403 2234 1514 2269 aliam;
1530 2232 1587 2263 sed
1609 2233 1686 2273 quia
1710 2232 1743 2263 id
1765 2231 1853 2273 quod
1876 2237 1923 2263 est
1938 2232 2114 2272 proprium
2136 2232 2315 2272 superioris
2321 2232 2470 2274 formae,

1403 2288 1469 2309 non
1494 2277 1652 2318 recipitur
1674 2277 1738 2307 nisi
1758 2276 1920 2307 mediante
1942 2286 1980 2307 eo
2009 2276 2096 2317 quod
2126 2281 2173 2308 est
2189 2277 2363 2316 proprium
2388 2277 2471 2318 infe-

1404 2322 1505 2353 rioris
1517 2323 1666 2363 formae.
1692 2321 1825 2352 Materia
1841 2322 1928 2352 enirn
1952 2330 2020 2351 non
2039 2327 2087 2351 est
2109 2320 2290 2352 secundum
2308 2330 2342 2351 se
2362 2320 2472 2361 dispo-

1403 2368 1464 2398 sita
1491 2366 1532 2397 ad
1561 2366 1697 2406 gradum
1727 2365 1901 2406 supen'oris
1930 2364 2070 2402 formae,
2094 2365 2151 2396 sed
2178 2370 2305 2396 tantum
2335 2365 2376 2396 ad
2403 2375 2472 2396 esse

1403 2411 1611 2443 substantiale
1631 2419 1836 2451 corporeum,
1853 2415 1890 2440 ut
1908 2410 2056 2450 superius
2071 2410 2088 2427 ⁴*
2105 2415 2152 2440 est
2168 2415 2351 2440 ostensum:
2369 2415 2401 2440 et
2415 2419 2473 2450 per

1403 2456 1539 2497 gradum
1561 2454 1749 2486 inferiorem
1765 2453 1806 2485 ad
1820 2454 1956 2494 gradum
1971 2455 2172 2494 superiorem
2188 2459 2220 2484 et
2234 2453 2472 2494 perfectiorem,

1404 2502 1443 2532 ab
1468 2500 1583 2532 eadem
1604 2505 1714 2530 tamen
1737 2498 1842 2529 forma
1864 2499 2087 2539 procedentes,
2111 2498 2302 2539 disponitur.

1460 2545 1495 2577 Si
1517 2550 1627 2576 autem
1651 2543 1872 2575 consideretur
1891 2543 2036 2574 secundo
2060 2542 2172 2579 modo,
2190 2543 2235 2573 sic
2257 2543 2390 2573 materia
2405 2552 2474 2574 non

1405 2595 1453 2620 est
1474 2588 1662 2620 immediata
1685 2589 1776 2619 omni
1798 2587 1933 2624 formae,
1949 2588 1975 2618 si
1990 2587 2078 2618 nude
2101 2586 2339 2618 consideretur:
2361 2586 2418 2619 sed
2434 2585 2474 2616 ad

1404 2635 1469 2665 hoc
1491 2640 1529 2665 ut
1551 2633 1691 2664 formam
1715 2632 1896 2664 secundum
1918 2631 2146 2672 perfectiorem
2172 2630 2307 2670 gradum
2330 2631 2472 2670 recipiat,

1405 2683 1536 2719 oportet
1551 2677 1806 2719 praeintelligere
1822 2677 1855 2707 in
1870 2677 1950 2716 ipsa,
1967 2675 2081 2706 ordine
2092 2681 2226 2706 naturae
2237 2681 2269 2706 et
2281 2675 2472 2710 intellectus,

1405 2722 1542 2763 gradum
1570 2722 1767 2758 inferiorem,
1798 2727 1954 2761 tanquam
1981 2720 2132 2751 materiae
2162 2719 2410 2759 dispositionem
2433 2718 2474 2749 ad

1405 2767 1541 2808 gradum
1565 2767 1777 2807 superiorem.
1792 2784 1815 2788 -
1830 2764 1935 2801 Unde,
1951 2766 1997 2795 sic
2020 2765 2117 2795 etiam
2139 2763 2337 2794 considerata
2359 2762 2473 2799 forma,

1406 2812 1641 2852 consequentia
1653 2816 1685 2841 et
1696 2815 1899 2850 assumptum
1915 2809 1955 2840 ad
1970 2809 2040 2840 eius
2055 2808 2280 2848 probationem
2296 2807 2373 2838 falsa
2387 2812 2472 2837 sunt.

1461 2856 1516 2886 XI.
1541 2855 1636 2887 Circa
1658 2854 1747 2886 illam
1767 2855 2004 2894 probationem,
2019 2854 2054 2884 in
2071 2852 2184 2884 eadem
2204 2853 2328 2882 ratione
2352 2860 2473 2882 assum-

1407 2906 1496 2940 ptam
1508 2901 1536 2937 *‚
1553 2899 1593 2930 ad
1609 2899 1843 2930 excludendam
1861 2899 2080 2929 obiectionem
2096 2906 2160 2937 qua
2173 2897 2287 2936 aliquis
2303 2901 2412 2936 posset
2427 2895 2474 2925 di-

1408 2954 1481 2976 cere
1491 2945 1526 2975 in
1536 2944 1703 2974 intellectu
1715 2953 1783 2974 esse
1796 2942 1918 2983 aliquid
1931 2942 2127 2973 contrarium
2139 2941 2262 2971 formae
2273 2939 2474 2979 intelligibili,

1408 2989 1484 3030 quia
1505 2989 1541 3020 in
1563 2988 1730 3019 intellectu
1753 2993 1801 3018 est
1823 2987 1951 3023 falsitas,
1972 2996 2056 3026 quae
2072 2985 2194 3016 veritati
2213 2984 2437 3015 contrariatur:
2451 3001 2475 3006 -

1408 3034 1492 3064 circa
1515 3034 1608 3070 hanc,
1631 3033 1778 3072 inquam,
1800 3031 1942 3062 Falsitas
1957 3041 2040 3071 quae
2055 3029 2174 3060 accidit
2193 3029 2224 3059 in
2242 3028 2360 3059 iudicio
2382 3027 2474 3058 intel-

1409 3078 1510 3108 lectus
1525 3077 1746 3117 componentis
1762 3081 1793 3107 et
1807 3075 1987 3111 dividentis,
1999 3074 2161 3115 provenit,
2179 3082 2244 3103 non
2264 3082 2305 3102 ex
2328 3082 2365 3102 eo
2389 3071 2476 3112 quod

1409 3122 1442 3152 in
1460 3122 1623 3152 intellectu
1633 3121 1783 3161 possibili
1797 3121 1863 3150 sint
1877 3120 1989 3160 aliqua
2006 3119 2176 3153 intellecta,
2201 3117 2257 3147 sed
2271 3126 2313 3147 ex
2335 3126 2372 3146 eo
2388 3115 2476 3156 quod

1408 3166 1522 3206 aliqua
1545 3166 1575 3196 ei
1597 3166 1722 3201 desunt,
1747 3163 1978 3195 advertendum
2002 3162 2092 3203 quod
2107 3164 2140 3193 in
2156 3161 2321 3192 intellectu
2343 3170 2411 3191 non
2427 3161 2476 3191 in-

1408 3211 1536 3241 venitur
1559 3211 1765 3240 contrarietas
1785 3218 1823 3239 ex
1846 3213 1935 3248 parte
1957 3207 2106 3247 ipsarum
2124 3206 2304 3246 specierum
2326 3204 2476 3244 intelligi-

1408 3255 1533 3291 bilium,
1551 3264 1627 3286 cum
1643 3254 1766 3294 species
1783 3253 2029 3287 contrariorum,
2042 3257 2079 3282 ut
2094 3250 2223 3281 adducit
2235 3250 2369 3280 Sanctus
2385 3248 2476 3279 Tho-

1409 3309 1488 3335 mas,
1512 3298 1552 3329 de
1567 3304 1677 3329 mente
1700 3297 1880 3328 Aristotelis
1895 3296 1939 3326 VI
1961 3295 2103 3335 Metaph.
2117 3296 2144 3331 *,
2161 3300 2236 3326 text.
2255 3293 2307 3329 23,
2323 3302 2392 3323 non
2413 3293 2477 3323 sint

1410 3343 1597 3379 contrariae,
1620 3344 1723 3373 immo
1739 3350 1843 3372 unum
1859 3341 1899 3370 sit
1913 3341 1994 3370 ratio
2011 3338 2231 3379 cognoscendi
2253 3338 2404 3368 alterum:
2421 3335 2478 3367 sed

1410 3387 1617 3418 contrarietas
1640 3387 1802 3417 invenitur
1817 3386 1850 3415 in
1872 3385 1945 3424 ipso
1960 3389 2086 3414 tantum
2110 3382 2289 3413 secundum
2311 3382 2477 3412 veritatem

1410 3437 1442 3462 et
1455 3430 1637 3468 falsitatem,
1654 3429 1834 3461 secundum
1850 3428 1940 3468 quod
1956 3428 2129 3467 opiniones
2143 3425 2477 3461 contradictoriorum,

1410 3485 1548 3516 quarum
1564 3485 1630 3506 una
1645 3480 1692 3505 est
1706 3484 1780 3504 vera
1803 3478 1835 3503 et
1853 3473 1950 3503 altera
1973 3471 2060 3507 falsa,
2082 3476 2157 3501 sunt
2179 3471 2365 3502 contrariae.
2383 3469 2478 3501 Unde

1411 3520 1616 3550 contrarietas
1640 3528 1723 3559 quae
1746 3518 1907 3547 invenitur
1929 3517 1963 3546 in
1986 3515 2162 3551 intellectu,
2180 3520 2227 3545 est
2249 3520 2376 3545 tantum
2398 3523 2477 3546 con-

1409 3565 1551 3594 trarietas
1581 3563 1852 3597 enuntiationum,
1884 3570 1967 3600 quae
1997 3564 2265 3599 praesupponunt
2292 3559 2414 3599 species
2444 3559 2478 3596 in

1410 3608 1586 3644 intellectu,
1603 3617 1641 3638 ex
1657 3607 1775 3646 quibus
1793 3605 1974 3635 intellectus
1995 3604 2035 3634 ad
2057 3603 2292 3635 enuntiandum
2316 3602 2477 3643 procedit:

1410 3662 1479 3682 non
1510 3658 1618 3682 autem
1649 3657 1696 3681 est
1727 3650 1931 3680 contrarietas
1966 3649 2150 3688 aliquorum
2182 3657 2265 3688 quae
2300 3647 2340 3678 ad
2370 3653 2479 3678 actum

2501 1356 2510 1365 ·
2520 1354 2653 1376 comment.
2660 1359 2713 1382 cap.

2500 1387 2563 1408 xxxi,
2578 1386 2601 1403 n.
2612 1387 2635 1402 v.

2499 1705 2509 1715 ·
2525 1704 2584 1727 Ibid.

2499 2417 2509 2426 ‘
2520 2414 2565 2437 Cit.
2579 2413 2713 2436 Comment.

2500 2448 2550 2469 cap.
2561 2447 2624 2468 uxi,
2640 2446 2696 2462 n.v.

2502 2903 2510 2911 ·
2527 2900 2561 2922 Cf.
2577 2905 2642 2921 num.
2652 2903 2713 2926 ix,².

2504 3302 2513 3311 '¹
2529 3300 2568 3322 Al.
2578 3299 2620 3321 lib.
2629 3298 2684 3321 vn.
