2768 4134
732 294 922 332 SUMMA
951 294 1174 332 CONTRA
1202 295 1478 343 GENTILES,
1509 296 1621 333 CAP.
1641 296 1812 343 LXXVI,
1832 297 2018 334 LXXVII.

275 374 466 406 conceditur
487 375 592 415 prima
615 374 850 414 consequentia
873 373 913 404 de
936 375 1124 406 necessitate
1143 375 1239 406 etiam
1256 376 1349 406 abso-

275 420 357 451 luta:
381 418 439 450 sed
461 424 596 460 negatur
622 419 738 450 ultima
764 420 1008 459 consequentia.
1036 419 1088 450 Ad
1115 421 1207 450 cuius
1233 421 1349 461 proba·

275 464 402 495 tionem
425 463 542 495 dicitur
564 463 655 505 quod
680 464 781 494 virtus
803 462 888 500 finis
909 464 972 494 hoc
995 464 1096 495 modo
1119 470 1258 506 sumpta,
1282 474 1350 495 non

277 513 324 539 est
339 514 376 539 ut
391 513 525 549 propter
540 509 649 549 ipsum
669 507 730 538 alia
753 512 827 538 actu
851 507 1080 546 desiderentur,
1097 508 1153 540 sed
1168 515 1204 540 ut
1219 515 1352 550 propter

276 553 386 593 ipsum
402 553 463 583 alia
478 551 650 584 desiderari
666 552 805 593 possint:
830 552 913 583 sicut
928 553 1027 583 virtus
1043 554 1175 593 agentis,
1193 560 1352 595 quantum

277 597 318 628 ad
341 603 451 628 actum
474 598 628 638 primum,
647 606 717 627 non
741 602 790 627 est
811 602 848 627 ut
871 597 992 637 aliquid
1015 607 1074 638 per
1095 599 1199 638 ipsam
1231 598 1353 640 produ-

277 647 378 679 catur,
402 641 459 673 sed
481 647 519 672 ut
541 651 600 682 per
621 642 726 682 ipsam
750 641 872 682 aliquid
895 642 1032 682 produci
1055 643 1167 683 possit.

334 686 388 717 lV.
401 685 467 718 Sed
481 687 541 717 ista
555 686 726 726 responsio
742 686 883 726 aliquam
899 686 1025 718 videtur
1040 686 1261 718 difficultatem
1276 688 1353 728 pati.

278 730 312 762 Si
327 731 415 761 enim
431 731 491 761 ista
506 731 751 771 consequentia,
763 731 853 762 Deus
870 732 1052 762 necessario
1070 732 1139 763 vult
1153 741 1187 762 se
1196 732 1353 773 perfecte,

277 775 372 817 Ergo
398 775 582 806 necessario
607 776 677 806 vult
698 785 733 806 se
755 775 930 806 secundum
955 781 1055 806 totam
1077 785 1170 806 suam
1194 776 1354 812 virtutem,

279 825 439 860 quantum
455 819 495 851 ad
511 820 580 850 eius
597 826 705 851 actum
722 821 899 850 exercitum
914 826 946 851 et
962 820 1179 851 causalitatem
1195 821 1355 851 actualem

278 865 363 895 valet
386 864 470 895 facta
493 865 719 905 suppositione
743 864 834 905 quod
857 865 946 895 Deus
977 865 1195 895 causalitatem
1225 864 1299 895 finis
1322 865 1355 895 in

279 910 431 940 creaturis
456 915 611 946 exerceat,
635 919 704 940 non
727 914 837 940 autem
859 909 944 939 valet
967 918 1035 939 non
1059 908 1143 939 facta
1164 909 1218 939 illa
1233 919 1356 950 suppo-

279 954 410 990 sitione;
434 955 580 994 sequitur
603 953 695 995 quod
718 953 840 994 aliquid
863 954 1021 993 pertineat
1050 953 1089 983 ad
1122 953 1356 993 perfectionem

279 999 445 1029 volitionis
462 998 589 1030 divinae
612 998 695 1029 facta
711 998 819 1038 aliqua
842 998 1078 1038 suppositione,
1095 997 1186 1038 quod
1201 1007 1268 1029 non
1285 1008 1358 1039 per-

279 1043 360 1074 tinet
376 1043 416 1074 ad
433 1044 502 1074 eius
518 1043 755 1084 perfectionem
769 1043 824 1073 illa
839 1042 1065 1082 suppositione
1081 1052 1150 1072 non
1166 1041 1259 1073 facta.
1270 1061 1294 1065 -
1309 1042 1357 1073 Ex

279 1088 344 1119 hoc
367 1093 477 1119 autem
493 1088 628 1119 ulterius
646 1087 793 1128 sequitur
808 1086 900 1127 quod
915 1087 1063 1118 absolute
1078 1086 1185 1127 aliqua
1200 1087 1357 1128 perfectio

281 1142 365 1173 quae
388 1142 477 1164 nunc
501 1134 584 1164 inest
606 1132 734 1163 divinae
757 1131 917 1167 volitioni,
934 1131 1081 1162 absolute
1104 1137 1212 1172 potest
1227 1131 1275 1162 illi
1289 1141 1358 1162 non

279 1178 399 1209 inesse:
425 1186 502 1208 cum
526 1176 671 1208 conditio
689 1185 773 1216 quae
788 1185 877 1206 nunc
901 1176 1107 1216 supponitur,
1124 1176 1245 1207 scilicet
1268 1176 1359 1216 quod

281 1221 371 1253 Deus
390 1226 536 1253 exerceat
559 1221 779 1252 causalitatem
803 1219 877 1250 finis
899 1220 934 1251 in
957 1221 1119 1256 creaturis,
1137 1221 1283 1251 absolute
1298 1230 1359 1261 po-

280 1267 378 1298 tuerit
392 1275 462 1297 non
478 1275 558 1296 esse.
575 1265 618 1296 Et
632 1265 679 1296 sic
694 1274 763 1296 non
780 1265 888 1295 omnis
902 1265 1060 1306 perfectio
1077 1265 1276 1296 conveniens
1287 1265 1359 1296 Deo

281 1316 330 1342 est
343 1310 494 1342 absolute
515 1310 705 1346 necessaria,
721 1308 778 1340 sed
793 1309 900 1350 aliqua
924 1315 971 1340 est
993 1309 1165 1350 possibilis.
1189 1309 1291 1348 Quod
1313 1316 1360 1340 est

275 1360 395 1387 eontra
418 1364 456 1386 ea
479 1363 563 1395 quae
586 1354 620 1384 in
643 1353 911 1394 praecedentibus
934 1359 1009 1385 sunt
1032 1353 1243 1384 determinata
1257 1355 1284 1384 *.

336 1398 540 1440 Responderi
563 1398 604 1429 ad
626 1399 691 1429 hoc
721 1404 830 1439 potest
860 1398 951 1438 quod
981 1398 1152 1439 dupliciter
1175 1398 1297 1439 aliquid
1320 1398 1360 1429 ad

280 1443 518 1486 perfectionem
530 1443 658 1474 divinae
669 1443 835 1474 volitionis
851 1448 960 1483 potest
975 1443 1149 1483 pertinere:
1163 1452 1231 1473 uno
1247 1442 1360 1480 modo,

280 1489 465 1526 intrinsece,
481 1488 604 1519 scilicet
621 1498 659 1518 ex
675 1493 766 1528 parte
782 1493 873 1518 actus
888 1487 1021 1518 volendi
1036 1488 1070 1518 in
1086 1497 1138 1523 se;
1163 1487 1227 1518 alio
1247 1487 1361 1523 modo,

282 1533 472 1570 extrinsece,
489 1533 613 1563 scilicet
636 1542 674 1563 ex
698 1537 789 1573 parte
813 1532 932 1563 obiecti
954 1532 1056 1562 voliti.
1081 1531 1114 1562 Si
1130 1531 1305 1572 loquamur
1321 1531 1361 1562 de

279 1578 463 1621 pertinente
493 1576 535 1608 ad
564 1576 802 1618 perfectionem
831 1576 998 1607 volitionis
1026 1577 1209 1612 intrinsece,
1233 1576 1279 1607 sic
1305 1586 1362 1607 ne-

281 1628 374 1665 gatru
396 1622 540 1664 sequela.
564 1621 660 1658 Nam,
676 1630 753 1652 cum
777 1627 868 1652 actus
891 1620 1019 1651 divinae
1041 1620 1207 1651 volitionis
1222 1621 1262 1651 sit
1276 1630 1362 1651 unus

282 1673 433 1710 respectu
455 1667 607 1698 omnium
629 1666 808 1697 volitorum
831 1675 850 1696 a
872 1665 956 1702 Deo,
980 1671 1012 1696 et
1035 1666 1075 1696 sit
1097 1664 1184 1696 idem
1208 1665 1300 1705 quod
1315 1665 1362 1696 di-

282 1713 359 1744 vina
381 1712 533 1748 essentia;
558 1716 864 1752 quantumcumque
887 1716 1029 1751 ponatur
1052 1719 1090 1741 ex
1114 1709 1222 1750 aliqua
1240 1719 1363 1750 suppo·

282 1757 401 1790 sitione
423 1755 466 1788 ad
493 1756 637 1797 aliquam
665 1755 826 1786 rationem
849 1755 942 1786 voliti
971 1754 1101 1786 extendi
1123 1753 1164 1785 ad
1187 1763 1287 1794 quam
1309 1755 1363 1786 illa

282 1801 511 1845 suppositione
525 1810 595 1832 non
611 1799 695 1831 facta
717 1809 787 1831 non
810 1799 1046 1836 extenderetur,
1062 1805 1196 1840 propter
1210 1799 1276 1830 hoc
1294 1800 1363 1840 ipse

283 1852 375 1881 tems
397 1856 467 1878 non
489 1845 586 1876 habet
609 1845 643 1876 in
666 1854 701 1876 se
733 1844 969 1886 perfectionem
999 1844 1142 1885 aliquam
1165 1853 1265 1884 quam
1294 1853 1363 1875 non

282 1891 416 1925 haberet
436 1888 494 1922 'illa
514 1890 742 1931 suppositione
770 1899 841 1920 non
872 1888 964 1926 facta,
989 1888 1045 1920 sed
1067 1897 1197 1929 semper
1218 1893 1363 1920 remanet

284 1935 430 1968 eiusdem
461 1933 670 1976 perfectionis
699 1934 886 1970 intrinsece;
917 1934 1000 1964 sicut
1030 1939 1062 1964 et
1091 1932 1199 1964 divina
1226 1933 1362 1964 essentia

284 1989 413 2021 semper
429 1979 575 2011 eiusdem
590 1979 623 2009 in
639 1988 674 2009 se
689 1977 899 2019 perfectionis
921 1983 1042 2014 manet,
1059 1982 1362 2018 quantumcumque

283 2024 466 2056 secundum
490 2023 634 2054 diversos
657 2028 822 2064 respectus
845 2022 978 2053 rationis
1001 2022 1112 2062 aliquo
1135 2021 1237 2052 modo
1261 2022 1363 2062 possit

284 2069 420 2110 intelligi
442 2069 564 2099 variari.
589 2086 612 2090 -
635 2067 668 2098 Si
691 2077 769 2098 vero
794 2067 834 2098 de
857 2067 1039 2107 pertinente
1062 2066 1102 2097 ad
1128 2065 1362 2107 perfectionem

284 2114 450 2146 volitionis
473 2113 650 2144 extrinsece
682 2112 867 2153 loquamur,
892 2111 937 2142 sic
960 2121 1029 2142 non
1053 2117 1101 2142 est
1129 2111 1362 2141 inconveniens

285 2158 409 2200 aliquid
431 2159 592 2199 pertinere
616 2157 656 2188 ad
679 2155 916 2197 perfectionem
931 2156 1096 2186 volitionis
1113 2155 1240 2186 divinae
1256 2155 1364 2196 aliqua

285 2203 513 2245 suppositione
536 2201 630 2238 facta,
655 2201 757 2242 quod,
781 2201 835 2232 illa
858 2201 1084 2241 suppositione
1110 2209 1179 2230 non
1206 2198 1298 2236 facta,
1323 2199 1363 2230 ad

286 2249 356 2279 eius
378 2247 613 2289 perfectionem
635 2255 705 2278 non
728 2246 912 2287 pertineret.
943 2245 1019 2276 Hoc
1049 2245 1136 2276 enim
1165 2244 1247 2275 nihil
1277 2244 1364 2275 aliud

287 2298 335 2324 est
358 2292 447 2323 dictu
471 2300 571 2333 quam
595 2291 687 2332 quod
709 2290 875 2322 volitionis
903 2289 1030 2320 divinae
1059 2287 1216 2330 perfectio
1245 2288 1284 2319 ad
1307 2288 1364 2319 ali-

287 2337 379 2378 quod
402 2337 580 2372 obiectum,
605 2336 656 2366 vel
679 2335 719 2366 ad
743 2335 883 2375 aliquam
914 2335 1071 2365 rationem
1103 2334 1232 2370 obiecti,
1256 2333 1364 2373 aliqua

287 2382 515 2423 suppositione
539 2380 622 2411 facta
645 2380 869 2410 habitudinem
892 2380 998 2415 habet,
1023 2378 1063 2409 ad
1088 2378 1188 2419 quod,
1213 2378 1266 2408 illa
1290 2387 1365 2418 sup-

287 2427 451 2468 positione
474 2431 611 2462 remota,
635 2424 858 2455 habitudinem
881 2434 950 2455 non
973 2424 1114 2454 haberet.
1140 2423 1240 2459 Sicut,
1257 2423 1283 2453 si
1306 2432 1365 2463 po-

2399 309 2474 347 2¹9

1403 385 1519 407 namus
1535 376 1643 407 Deum
1655 375 1882 408 determinasse
1898 386 1931 407 se
1943 377 2179 418 producturum
2191 381 2289 412 alium
2304 382 2476 419 mundum,

1404 421 1544 461 pertinet
1558 420 1598 451 ad
1613 420 1848 460 perfectionem
1872 421 1997 453 divinae
2021 423 2172 455 scientiae
2195 426 2370 458 extrinsece
2386 433 2422 458 ut
2437 428 2477 460 ad

1404 465 1488 495 hanc
1518 465 1580 495 Dei
1610 464 1912 496 determinationem
1944 467 2144 498 extendatur:
2177 469 2241 501 hoc
2271 477 2380 503 autem
2408 481 2477 503 non

1405 509 1586 549 supposito,
1604 518 1672 539 non
1696 509 1835 549 pertinet
1858 509 1898 540 ad
1922 510 2048 541 divinae
2071 512 2222 544 scientiae
2244 515 2477 554 perfectionem

1405 559 1442 584 ut
1465 553 1506 584 ad
1528 553 1612 584 hanc
1636 552 1937 584 determinationem
1960 555 2182 588 habitudinem
2204 559 2328 591 habeat.

1463 597 1551 628 Cum
1575 602 1684 628 autem
1707 598 1842 628 instatur
1866 599 1942 638 quia
1969 605 2046 630 tunc
2077 600 2184 641 aliqua
2210 603 2366 643 perfectio
2394 615 2477 646 quae

1406 651 1495 673 nunc
1518 643 1601 673 inest
1623 641 1751 673 divinae
1773 642 1933 679 volitioni,
1958 645 2076 683 poterit
2099 646 2244 677 absolute
2266 658 2335 679 non
2358 650 2477 687 inesse;

1409 692 1441 718 et
1455 687 1502 717 sic
1517 696 1585 717 non
1601 687 1710 718 omnis
1725 685 1882 727 perfectio
1895 687 2002 718 divina
2019 689 2077 719 erit
2092 690 2238 722 absolute
2253 695 2443 725 necessaria:
2455 711 2479 717 -—

1409 731 1483 762 dico
1503 730 1594 771 quod
1616 731 1744 762 nullum
1767 731 1886 762 horum
1910 737 1958 763 est
1979 734 2080 773 magis
2103 735 2335 768 inconveniens
2351 738 2391 769 de
2405 748 2478 779 per-

1409 775 1550 806 fectione
1574 775 1633 806 sibi
1658 776 1834 807 extrinsece
1858 777 2071 808 conveniente
2095 787 2192 818 quam
2213 781 2303 821 quod
2323 782 2478 814 habitudo

1410 819 1537 851 divinae
1560 820 1735 851 voluntatis
1758 819 1799 851 ad
1822 826 1927 851 creata
1949 822 2052 861 possit
2074 823 2222 854 absolute
2238 825 2297 855 sibi
2312 835 2380 856 non
2401 837 2479 857 con-

1409 865 1529 901 venire,
1554 870 1586 895 et
1608 874 1676 895 non
1699 865 1739 895 sit
1761 867 1939 895 necessaria
1962 867 2118 897 absolute.

1465 909 1505 939 V.
1522 909 1631 939 Tertio
1639 910 1666 939 ἢ
1680 909 1713 940 Si
1729 910 1792 940 alio
1806 915 1838 940 et
1849 909 1913 940 alio
1930 916 2003 941 actu
2015 911 2112 942 vellet
2127 917 2160 942 se
2177 918 2208 943 et
2224 913 2293 950 alia,
2311 920 2394 945 esset
2410 916 2480 955 qui-

1411 953 1486 984 dam
1509 953 1671 984 discursus
1686 954 1720 984 in
1737 954 1806 984 eius
1828 954 2005 985 voluntate.
2031 956 2105 986 Hoc
2129 962 2237 987 autem
2260 958 2294 988 in
2318 951 2389 989 D'eo
2413 969 2480 990 non

1411 1003 1472 1029 est:
1498 1007 1574 1028 cum
1598 999 1638 1029 sit
1661 1003 1747 1029 extra
1771 1008 1904 1029 omnem
1927 1006 2066 1030 motum.
2091 1001 2178 1041 Ergo
2203 1007 2262 1032 etc.
2283 1020 2307 1024 -
2325 1002 2481 1034 Probatur

1411 1042 1614 1073 antecedens.
1639 1042 1725 1080 Quia
1748 1043 1792 1073 ita
1815 1053 1848 1073 se
1872 1043 1968 1074 habet
1997 1043 2070 1075 finis
2093 1045 2127 1075 in
2158 1047 2373 1086 operabilibus
2400 1048 2482 1079 sicut

1411 1087 1569 1127 principia
1583 1087 1618 1117 in
1633 1087 1896 1127 speculabilibus:
1922 1089 1998 1128 quia
2013 1089 2097 1120 sicut
2113 1099 2172 1130 per
2186 1091 2344 1131 principia
2359 1101 2482 1132 cogno—

1411 1131 1532 1162 scimus
1556 1131 1794 1168 conclusiones,
1810 1132 1854 1162 ita
1870 1141 1908 1162 ex
1924 1131 1989 1163 fine
2009 1134 2156 1174 procedit
2179 1136 2340 1175 appetitus
2355 1141 2388 1167 et
2402 1146 2482 1177 ope-

1412 1176 1494 1206 ratio
1510 1185 1626 1206 eorum
1650 1185 1733 1216 quae
1757 1182 1832 1207 sunt
1854 1176 1894 1206 ad
1913 1176 2022 1208 finem.
2047 1178 2112 1209 Sed
2126 1179 2160 1209 in
2176 1180 2340 1211 intellectu
2356 1186 2404 1211 est
2419 1181 2482 1212 dis-

1413 1230 1525 1251 cursus
1546 1230 1602 1261 per
1622 1221 1686 1251 hoc
1702 1220 1793 1261 quod
1812 1222 1983 1261 separatim
2007 1229 2248 1263 cognoscuntur
2270 1225 2428 1265 principia
2451 1231 2482 1256 et

1413 1273 1452 1294 ex
1468 1265 1513 1295 eis
1528 1265 1563 1295 in
1579 1265 1808 1296 conclusiones
1823 1265 2023 1297 devenimus.
2049 1267 2146 1307 Ergo,
2162 1269 2189 1299 si
2204 1268 2320 1309 aliquis
2335 1278 2481 1300 seorsum

1412 1309 1489 1339 velit
1512 1308 1612 1340 finem
1635 1314 1667 1339 et
1690 1319 1728 1339 ex
1752 1319 1792 1340 eo
1812 1310 1888 1340 velit
1911 1320 1948 1341 ea
1973 1321 2056 1351 quae
2071 1318 2147 1343 sunt
2167 1313 2207 1344 ad
2229 1312 2340 1350 finem,
2357 1315 2415 1345 erit
2438 1315 2482 1345 ibi

1413 1353 1576 1384 discursus
1599 1354 1783 1384 voluntatis.

1468 1397 1608 1429 Adverte
1631 1397 1732 1439 quod,
1755 1398 1830 1429 licet
1853 1398 2014 1430 discursus
2036 1401 2166 1440 proprie
2193 1402 2349 1442 pertineat
2372 1402 2412 1434 ad
2434 1413 2482 1434 ra-

1412 1442 1547 1479 tionem,
1570 1448 1680 1474 tamen
1710 1443 1887 1483 improprie
1910 1449 1942 1474 et
1963 1454 2021 1484 per
2049 1445 2211 1484 quandam
2240 1447 2482 1478 similitudinem

1413 1492 1521 1527 potest
1543 1487 1639 1518 etiam
1662 1487 1696 1517 in
1719 1487 1885 1518 voluntate
1908 1489 1989 1528 poni
2012 1489 2182 1526 discursus,
2198 1491 2378 1522 secundum
2393 1492 2483 1532 quod

1413 1532 1447 1562 in
1470 1532 1540 1572 ipsa
1562 1532 1696 1572 ponitur
1726 1532 1888 1563 successio
1918 1534 2146 1573 operationum
2177 1544 2314 1574 quarum
2342 1546 2408 1566 una
2437 1542 2484 1567 est

1414 1576 1544 1606 alterius
1567 1585 1673 1606 causa.

1474 1620 1612 1656 Quarto.
1644 1620 1839 1660 Sequeretur
1862 1621 1952 1661 quod
1982 1621 2049 1653 duo
2079 1628 2168 1653 actus
2198 1623 2294 1654 simul
2323 1630 2429 1655 essent
2450 1625 2484 1656 in

1414 1665 1582 1696 voluntate
1606 1664 1722 1696 divina.
1747 1665 1847 1703 Quod
1871 1671 1918 1696 est
1940 1666 2154 1706 impossibile:
2179 1668 2255 1707 quia
2285 1669 2380 1699 unius
2409 1669 2485 1699 sim-

1414 1708 1508 1750 plicis
1530 1710 1696 1750 potentiae
1718 1719 1787 1740 non
1810 1716 1885 1740 sunt
1907 1710 2003 1741 simul
2027 1710 2110 1741 duae
2133 1712 2347 1751 operationes,
2367 1713 2486 1744 scilicet

1415 1754 1555 1785 totaliter
1584 1753 1761 1785 distinctae.
1785 1772 1808 1776 —
1830 1754 1988 1785 Probatur
2017 1757 2259 1795 consequentia.
2290 1756 2376 1795 Quia
2399 1757 2486 1789 Deus

1415 1808 1544 1839 semper
1566 1798 1635 1829 vult
1658 1808 1702 1829 se.

1475 1843 1608 1880 Quinto.
1633 1842 1786 1884 Sequitur
1809 1843 1900 1884 quod
1927 1844 1986 1874 erit
2015 1844 2137 1884 aliquid
2164 1845 2251 1876 aliud
2280 1854 2416 1876 movens
2439 1845 2487 1876 di-

1416 1888 1524 1918 vinam
1539 1888 1751 1919 voluntatem.
1767 1905 1790 1910 -
1804 1888 1961 1919 Probatur
1979 1890 2221 1929 consequentia.
2246 1889 2332 1927 Quia
2346 1891 2380 1920 in
2396 1891 2488 1922 omni

1416 1938 1489 1963 actu
1505 1932 1681 1963 voluntatis
1696 1932 1834 1963 volitum
1858 1939 2064 1973 comparatur
2086 1934 2126 1964 ad
2149 1934 2349 1965 voluntatem
2364 1940 2401 1965 ut
2414 1944 2486 1966 mo—

1415 1986 1494 2008 vens
1517 1976 1558 2007 ad
1581 1982 1719 2007 motum.
1745 1976 1845 2014 Quod
1867 1977 2112 2017 intelligendum
2136 1984 2183 2008 est
2205 1978 2245 2008 de
2260 1979 2366 2018 primo
2383 1984 2414 2009 et
2429 1988 2486 2019 per

1416 2031 1450 2052 se
1473 2021 1576 2051 volito
1600 2021 1711 2061 aliquo
1735 2026 1824 2051 actu:
1848 2027 1885 2051 ut
1908 2022 2094 2052 conveniret
2117 2023 2185 2052 aliis
2208 2032 2226 2052 a
2249 2022 2331 2059 Deo,
2348 2023 2375 2053 si
2397 2023 2485 2054 Deus

1416 2066 1477 2096 alia
1499 2065 1596 2096 vellet
1625 2075 1693 2096 non
1726 2065 1859 2106 quidem
1889 2066 2029 2096 volendo
2060 2076 2103 2103 se,
2128 2066 2184 2097 sed
2213 2076 2359 2097 seorsum
2383 2072 2414 2097 et
2437 2077 2485 2098 se—

1415 2110 1561 2151 paratim.

1472 2154 1582 2185 Sexto.
1604 2154 1683 2185 Esse
1706 2154 1767 2185 Dei
1791 2160 1838 2184 est
1861 2160 1987 2185 tantum
2002 2164 2116 2186 unum.
2140 2155 2226 2195 Ergo
2243 2161 2275 2186 et
2290 2155 2385 2186 velle:
2411 2156 2486 2196 quia

1417 2199 1498 2229 velle
1522 2199 1583 2229 Dei
1607 2205 1654 2229 est
1677 2208 1773 2229 suum
1797 2208 1876 2230 esse.

1477 2244 1609 2274 Ultimo.
1630 2243 1780 2283 Intelligit
1794 2252 1863 2274 uno
1883 2248 1957 2274 actu
1973 2253 2007 2274 se
2023 2249 2054 2274 et
2069 2243 2128 2274 alia
2143 2244 2336 2284 inquantum
2353 2245 2486 2274 essentia

1418 2297 1475 2319 sua
1499 2294 1546 2318 est
1570 2288 1733 2328 exemplar
1756 2288 1915 2318 omnium.
1939 2287 2026 2328 Ergo
2049 2288 2118 2318 vult
2138 2297 2171 2318 se
2194 2294 2224 2318 et
2240 2288 2300 2318 alia
2319 2298 2387 2319 uno
2403 2294 2486 2324 actu,

1418 2334 1613 2373 inquantum
1636 2333 1763 2362 bonitas
1787 2338 1834 2362 est
1856 2333 1936 2362 ratio
1961 2333 2067 2362 omnis
2090 2333 2250 2362 bonitatis.
2266 2351 2290 2355 -
2304 2333 2394 2363 Patet
2410 2342 2487 2363 con·

1419 2378 1596 2417 sequentia.
1622 2377 1708 2415 Quia
1730 2377 1812 2407 velle
1837 2377 1993 2416 competit
2016 2377 2087 2407 Deo
2112 2376 2292 2408 secundum
2323 2377 2413 2417 quod
2443 2383 2488 2407 est

1419 2421 1614 2462 intelligens:
1640 2422 1770 2458 scilicet,
1795 2422 2051 2452 concomitanter
2075 2427 2106 2452 et
2129 2422 2334 2452 consecutive
2350 2423 2376 2452 ἦ

1124 2528 1660 2569 &lew——

539 2681 1031 2738 CAPITULUM
1069 2676 1778 2736 SEPTUAGESIMUM
1816 2674 2248 2731 SEPTIMUM

1175 2790 1204 2819 A
1230 2789 1271 2820 23
1307 2788 1381 2818 b23
1416 2788 1484 2818 sine
1508 2787 1614 2818 titulo.

292 2859 468 2931 QUOD
491 2873 862 2916 VOLITORUM
888 2870 1257 2914 MULTITUDO
1285 2869 1542 2910 DIVINAE
1570 2867 1972 2909 SIMPLICITATI
2000 2866 2128 2908 NON
2155 2832 2486 2907 REPUGNAT

431 3032 436 3041 ,
481 3008 527 3034 x
556 2997 633 3033 hoc
660 3002 792 3032 autem
821 2992 995 3043 sequitur
1022 2992 1131 3041 quod
1154 2990 1365 3028 volitorum

384 3090 386 3093 ,
458 3094 465 3097 ,
483 3046 489 3058 ’“
517 3048 727 3087 multitudo
747 3059 829 3084 non
848 3053 1037 3096 repugnat
1063 3044 1198 3082 unitati
1220 3052 1256 3081 et
1275 3044 1366 3081 sim-

318 3131 336 3150 „
366 3099 488 3155 „1⁷32-
518 3102 674 3153 plicitati
702 3100 857 3138 divinae
886 3098 1131 3136 substantiae.

573 3156 679 3193 Nam
699 3162 807 3192 actus
825 3153 1044 3190 secundum
1063 3151 1213 3189 obiecta
1236 3150 1366 3188 distin-

293 3218 476 3260 guuntur.
514 3209 555 3248 Si
583 3209 697 3258 igitur
723 3206 842 3244 volita
875 3207 987 3256 plura
1015 3217 1116 3255 quae
1151 3205 1259 3242 Deus
1285 3205 1368 3241 vult

294 3265 523 3302 inducerent
541 3263 581 3300 in
601 3262 685 3312 ipso
712 3260 883 3311 aliquam
911 3257 1212 3303 multitudinem,
1232 3269 1368 3307 seque-

295 3326 401 3356 retur
428 3317 538 3367 quod
566 3328 647 3354 non
675 3322 774 3352 esset
792 3314 832 3351 in
851 3324 900 3350 eo
918 3324 998 3350 una
1016 3319 1167 3349 tantum
1195 3310 1369 3360 operatio

295 3370 517 3410 voluntatis.
548 3369 668 3418 Quod
697 3376 754 3406 est
781 3375 914 3405 contra
941 3373 1190 3416 praeostensa
1203 3364 1234 3401 ²¹⁸.

349 3426 457 3462 Item.
488 3424 702 3462 Ostensum
730 3429 786 3459 est
803 3421 824 3443 '¹‘
851 3420 959 3470 quod
987 3419 1095 3456 Deus
1122 3417 1195 3455 alia
1213 3419 1296 3454 vult
1314 3416 1370 3454 in-

297 3486 491 3529 quantum
515 3479 599 3514 vult
626 3475 838 3514 bonitatem
858 3485 982 3511 suam.
1012 3472 1100 3509 Hoc
1118 3470 1232 3519 igitur
1249 3471 1370 3508 modo
1386 3493 1412 3508 ,ο

297 3539 575 3582 comparantur
600 3530 729 3580 aliqua
748 3529 798 3566 ad
816 3529 1056 3565 voluntatem
1085 3536 1166 3574 quo
1194 3536 1371 3574 compre-

355 3654 385 3672 ιι
406 3645 578 3680 voluntatem]
597 3646 705 3671 addunt
723 3652 799 3669 suam
818 3644 842 3674 b,
861 3642 908 3668 Dei
928 3642 976 3667 Pd.

355 3690 369 3708 2
388 3681 447 3717 alia]
466 3682 554 3716 aliqua
572 3682 621 3707 Pd-

1420 2989 1647 3027 henduntur
1673 3001 1696 3026 a
1724 2988 1894 3025 bonitate
1923 2987 2016 3025 eius.
2048 2987 2125 3024 Sed
2153 2986 2285 3024 omnia
2312 2985 2351 3022 in
2379 2985 2488 3023 boni·

1420 3051 1496 3080 tate
1530 3043 1614 3080 eius
1651 3053 1777 3079 unum
1815 3049 1922 3079 sunt:
1962 3048 2051 3078 sunt
2088 3040 2192 3077 enim
2228 3039 2300 3077 alia
2332 3038 2371 3075 in
2403 3038 2488 3088 ipso

1422 3097 1640 3134 secundum
1669 3095 1836 3132 modum
1855 3095 1950 3142 eius,
1971 3093 2111 3131 scilicet
2129 3093 2337 3130 materialia
2356 3094 2489 3129 imma-

1421 3150 1601 3187 terialiter
1628 3155 1661 3186 et
1688 3149 1805 3185 multa
1824 3151 1934 3194 unite,
1954 3155 1997 3184 ut
2016 3159 2062 3183 ex
2081 3158 2197 3196 supra
2210 3146 2231 3168 '¹‘
2248 3145 2356 3182 dictis
2374 3151 2487 3195 patet.

1390 3218 1409 3249 ς,
1422 3202 1668 3252 Relinquitur
1686 3201 1799 3250 igitur
1816 3201 1925 3251 quod
1953 3200 2159 3238 multitudo
2178 3199 2387 3237 volitorum
2409 3209 2490 3236 non

1423 3256 1650 3306 multiplicat
1678 3255 1851 3292 divinam
1880 3253 2142 3305 substantiam.

1478 3311 1690 3347 Praeterea.
1719 3308 1885 3346 Divinus
1913 3307 2123 3345 intellectus
2142 3314 2179 3343 et
2197 3307 2375 3343 voluntas
2403 3312 2491 3342 sunt

1425 3363 1596 3412 aequalis
1624 3361 1887 3411 simplicitatis:
1917 3361 2009 3410 quia
2035 3367 2246 3408 utrumque
2273 3366 2330 3395 est
2361 3357 2491 3395 divina

1425 3415 1646 3463 substantia,
1676 3423 1718 3453 ut
1744 3415 1953 3465 probatum
1980 3421 2036 3450 est
2053 3413 2086 3450 *.
2124 3411 2333 3450 Multitudo
2361 3418 2492 3449 autem

1426 3470 1707 3507 intellectorum
1722 3480 1803 3506 non
1817 3467 1963 3505 inducit
1976 3465 2262 3503 multitudinem
2277 3465 2316 3502 in
2331 3463 2493 3502 essentia

1427 3522 1569 3570 divina,
1590 3534 1718 3571 neque
1743 3520 2066 3571 compositionem
2090 3519 2129 3556 in
2153 3518 2343 3555 intellectu
2363 3517 2446 3555 eius
2459 3517 2490 3554 *.

2508 913 2516 922 ·
2533 911 2567 933 cf.
2583 917 2605 934 n,
2617 917 2639 938 ιι,
2655 911 2704 934 init.

2515 2400 2525 2410 ·
2539 2398 2576 2421 Cf.
2593 2398 2726 2420 Comment.

2516 2431 2567 2453 cap.
2577 2431 2649 2452 txxn,
2665 2431 2687 2447 n.
2700 2431 2724 2447 ιι.

2518 3146 2527 3155 '¹
2537 3144 2594 3175 Cap.
2602 3150 2657 3166 ινιιι
2667 3143 2729 3175 (Βίρ-

2517 3177 2596 3219 Ἠειιια
2625 3170 2654 3192 de
2675 3170 2728 3193 Dm.

2540 3204 2594 3225 orm,
2608 3203 2628 3219 c.
2638 3197 2687 3225 vn).

2519 3411 2528 3420 '
2536 3408 2732 3437 Cnp.xr.v,1.xxn¹.

2520 3516 2530 3525 ·
2545 3514 2602 3542 Cap.
2612 3520 2644 3542 ιι,
2653 3520 2704 3542 sqq.
