2768 4134
27 2899 40 2910 ⁸
64 2898 101 2921 Cf.
130 2898 149 2920 11
171 2897 246 2923 Seu„

19 2924 55 2952 1¹·
65 2931 106 2951 ιιις
204 2926 246 2945 ata

29 2957 104 3000 m
128 2951 141 2973 1
171 2950 245 2976 Sena,

18 3080 43 3090 ‘⁸
57 3078 94 3101 ef.
108 3078 118 3100 1
133 3078 158 3100 P.
180 3084 248 3105 ηιμ,

15 3105 63 3129 ω
80 3111 105 3134 3;
126 3094 248 3132 rv’sm„

32 3131 110 3159 «λιιι,
142 3149 148 3154 .
163 3137 180 3159 ι,
195 3137 216 3154 a.
229 3139 247 3158 ι,

33 3158 121 3188 ’ΜΛ
150 3165 171 3187 ³-

768 277 955 315 SUMMA
986 277 1206 315 CONTRA
1236 277 1509 323 GENTILES,
1539 279 1632 315 LIB.
1654 279 1694 323 II,
1725 278 1957 316 CAP.XX1.

265 367 396 390 causare
412 357 606 398 singularem
621 366 690 388 non
705 357 738 387 in
756 357 876 397 aliquo.
894 357 934 387 Et
949 358 994 388 sic
1007 363 1094 398 patet
1110 356 1210 398 quod,
1223 366 1337 398 quarn-

266 404 313 434 vis
335 412 403 433 non
427 407 571 433 causaret
594 403 697 442 ipsam
720 407 867 432 naturam
891 402 995 442 angeli
1019 402 1205 442 simpliciter
1228 408 1260 432 et
1283 402 1338 432 ab·

265 447 381 483 solute,
405 447 475 488 ipsa
498 447 722 487 praeexisteret
745 446 777 476 in
802 446 917 487 angelo
938 446 1147 488 producente,
1171 456 1239 477 non
1262 456 1338 487 pro-

266 492 362 523 ducta
386 492 425 522 ab
447 492 520 532 ipso
544 491 670 531 angelo,
694 490 750 521 sed
774 500 792 520 a
816 491 903 521 Deo:
929 492 1031 532 ipsam
1059 497 1166 522 tamen
1190 497 1337 521 naturam

265 537 459 577 singularem
483 537 580 567 huius
602 535 707 576 angeli
731 545 788 576 per
811 536 1006 566 creationem
1037 536 1239 576 produceret,
1263 545 1338 576 pro-

264 580 417 612 ducendo
441 590 509 612 non
533 590 571 611 ex
595 580 706 620 aliquo
730 581 886 612 subiecto.

321 625 549 666 Respondetur
577 624 668 665 quod
698 625 812 665 utique
842 625 895 655 illa
926 624 1152 656 conditionalis
1175 630 1223 655 est
1245 634 1336 655 vera:

266 669 322 700 sed
345 676 377 700 et
399 670 478 700 haec
503 670 599 700 etiarn
623 675 671 700 est
694 679 776 705 vera,
802 669 837 699 Si
860 670 998 711 angelus
1016 670 1215 710 produceret
1237 669 1338 699 alium

263 714 421 756 angelum
436 714 497 744 sibi
511 714 658 748 similem,
678 714 877 754 produceret
898 719 1050 745 naturam
1068 714 1100 744 in
1117 714 1228 754 aliquo
1239 723 1337 754 prae-

265 758 442 800 supposito.
474 759 656 799 Utrumque
687 759 774 789 enim
806 768 1010 799 consequens
1040 759 1184 799 sequitur
1213 767 1252 788 ex
1282 757 1338 788 illo

265 802 487 833 antecedente.
518 803 714 843 inquantum
745 803 831 833 enim
863 803 967 843 angeli
997 809 1109 833 natura
1139 811 1207 833 non
1235 807 1282 832 est
1304 802 1338 832 in

262 847 377 888 aliquo
400 852 539 888 recepta,
559 848 708 890 sequitur·
727 847 818 888 quod
841 857 908 878 non
932 847 1164 888 produceretur
1179 847 1212 876 in
1229 847 1339 886 aliquo

265 893 524 932 praesupposito.
549 892 745 932 inquantum
770 902 847 922 vero
871 901 940 922 esse
963 892 1068 932 angeli
1092 897 1139 922 est
1166 900 1235 921 esse
1264 900 1339 921 cau-

264 942 382 973 satum,
406 938 552 977 sequitur
575 936 666 977 quod
685 936 918 977 produceretur
940 937 974 967 in
998 936 1108 976 aliquo
1139 944 1338 976 praesuppo—

265 982 339 1013 sito.
364 981 406 1011 Et
428 980 503 1012 ideo
527 981 721 1012 antecedens
745 987 792 1011 est
814 980 1032 1022 impossibile:
1056 981 1132 1020 quia
1156 980 1338 1020 propositio

266 1025 307 1056 ad
330 1035 429 1066 quam
453 1031 633 1066 sequuntur
656 1026 897 1066 propositiones
920 1024 1195 1060 contradictoriae,
1213 1029 1260 1054 est
1279 1025 1339 1054 im-

267 1071 438 1111 possibilis.

324 1116 354 1146 3.
367 1114 612 1146 Advertendum
624 1119 734 1145 autem
746 1113 837 1154 quod
849 1123 916 1144 non
930 1114 1036 1154 inquit
1048 1113 1184 1144 Sanctus
1194 1113 1339 1143 Thomas

267 1160 413 1191 absolute
437 1160 556 1190 habens
579 1159 723 1200 aliquam
748 1163 910 1194 naturam,
935 1158 1001 1194 sed,
1025 1157 1144 1188 habens
1167 1167 1236 1188 esse
1263 1167 1340 1188 cau-

267 1210 373 1236 satum
396 1204 571 1236 secundum
597 1208 759 1238 naturam,
777 1212 844 1234 non
861 1212 930 1233 esse
945 1212 1076 1233 causam
1099 1202 1184 1232 illius
1207 1208 1340 1233 naturae

266 1249 463 1291 simpliciter.
481 1248 567 1286 Quia
582 1249 608 1278 si
624 1247 746 1288 aliquid
768 1248 900 1278 haberet
914 1253 1061 1278 naturam
1076 1256 1144 1277 non
1160 1246 1340 1278 secundum

266 1304 337 1325 esse
361 1299 538 1330 causatum,
555 1293 638 1323 sicut
660 1293 749 1323 Deus
773 1292 868 1323 habet
891 1293 1080 1332 sapientiam
1096 1296 1128 1322 et
1144 1291 1269 1322 essendi
1285 1301 1340 1321 na-

267 1340 517 1378 tumnkposset
545 1337 757 1368 nihilominus
781 1346 850 1367 esse
874 1346 969 1367 causa
995 1336 1080 1366 illius
1109 1341 1242 1367 naturae
1265 1337 1341 1366 sim-

266 1383 393 1424 pliciter
415 1381 597 1413 secundum
613 1381 703 1422 quod
719 1387 767 1412 est
790 1386 927 1417 causata,
944 1386 976 1411 et
991 1390 1059 1411 non
1076 1386 1160 1411 esset
1174 1381 1225 1411 sui
1240 1380 1341 1420 ipsius

268 1436 380 1458 causa:
405 1436 446 1457 eo
468 1426 561 1466 quod
584 1432 697 1456 natura
712 1435 780 1456 non
796 1426 911 1456 habeat
926 1426 960 1456 in
974 1426 1046 1465 ipso
1071 1434 1140 1455 esse
1163 1431 1340 1455 causatum.

265 1471 400 1502 Habeas
424 1476 533 1501 autem
557 1480 626 1500 esse
649 1476 816 1500 causatum
847 1470 881 1500 in
910 1475 1024 1500 natura
1051 1479 1118 1499 non
1142 1474 1250 1509 potest
1273 1478 1341 1499 esse

266 1514 456 1556 simpliciter
477 1514 563 1545 illius
593 1520 725 1545 naturae
757 1524 852 1544 causa
882 1520 918 1544 ut
948 1519 995 1544 est
1025 1519 1168 1544 causata:
1194 1514 1269 1553 quia
1297 1514 1342 1543 sic

267 1569 402 1591 causans
433 1563 577 1589 causaret
607 1559 760 1599 seipsum,
786 1568 826 1588 eo
850 1558 940 1598 quod
963 1558 1078 1588 habeat
1101 1563 1132 1588 et
1155 1559 1262 1597 ipsum
1286 1567 1343 1587 na-

266 1610 374 1636 turam
397 1609 569 1634 causatam,

323 1649 393 1679 XV.
414 1647 547 1678 Octavo.
565 1647 673 1677 Omne
689 1656 786 1687 agens
802 1646 930 1677 finitum
947 1647 1180 1686 praesupponit
1196 1645 1236 1676 ad
1251 1655 1343 1676 suam

268 1694 432 1725 actionem
446 1693 511 1723 hoc
527 1691 614 1722 unde
631 1697 799 1722 causatum
815 1700 911 1722 suum
931 1690 1167 1722 individualiter
1191 1690 1343 1721 subsistit.

268 1738 355 1779 Ergo
371 1737 499 1768 nullum
515 1737 578 1767 tale
595 1741 697 1774 creat:
722 1735 779 1767 sed
801 1741 927 1766 tantum
943 1745 1041 1776 agens
1060 1734 1234 1771 infinitum,
1252 1735 1344 1765 cuius

266 1792 338 1814 esse
369 1781 617 1822 comprehendit
639 1781 747 1812 omnis
777 1781 859 1812 entis
888 1780 1143 1812 similitudinem.
1169 1792 1193 1803 ὲ-
1219 1778 1344 1810 Conse-

267 1828 402 1869 quentia
417 1826 501 1857 clara
517 1831 574 1856 est.
591 1844 612 1847 -
628 1824 834 1856 Antecedens
857 1834 934 1855 vero
958 1825 1122 1866 probatur.
1148 1823 1344 1855 Cuiuscum-

267 1881 334 1913 que
357 1877 447 1903 actus
472 1870 702 1901 determinatur
725 1869 765 1900 ad
787 1879 890 1910 genus
914 1874 945 1900 et
973 1869 1012 1900 ad
1040 1869 1182 1909 speciem
1206 1874 1237 1899 et
1261 1869 1344 1899 acci-

269 1916 359 1953 dens,
376 1917 446 1947 eius
461 1916 613 1946 virtutem
633 1920 763 1955 oportet
786 1924 855 1945 esse
879 1914 1123 1945 determinatam
1148 1913 1188 1944 ad
1212 1912 1344 1944 effectus

267 1961 390 1993 similes
413 1961 520 2000 agenti
550 1960 744 1999 inquantum
774 1958 976 1996 huiusmodi,
1001 1957 1097 1995 idest,
1121 1963 1280 1998 quantum
1304 1957 1344 1988 ad

269 2006 409 2037 formam
433 2003 613 2035 secundum
637 2013 736 2044 quam
760 2004 832 2044 agit.
863 2003 926 2034 Sed
949 2003 1028 2034 nihil
1052 2003 1173 2033 habens
1197 2012 1264 2032 esse
1289 2001 1344 2032 de-

267 2051 478 2082 terminatum
501 2054 608 2089 potest
631 2058 700 2079 esse
724 2049 827 2079 simile
847 2047 975 2078 effectui
991 2047 1137 2078 eiusdem
1152 2048 1277 2087 generis
1293 2047 1344 2077 vel

268 2095 392 2136 speciei
405 2092 587 2125 secundum
603 2092 694 2134 quod
717 2098 764 2124 est
786 2093 850 2123 hoc
866 2092 998 2134 aliquid,
1015 2092 1072 2123 sed
1087 2098 1214 2122 tantum
1229 2101 1345 2122 secun-

270 2138 351 2170 dum
373 2139 532 2170 rationem
555 2139 681 2178 generis
703 2138 755 2168 vel
778 2137 907 2179 speciei.
939 2137 1026 2177 Ergo
1054 2147 1123 2168 non
1145 2142 1253 2177 potest
1275 2145 1344 2166 esse

270 2194 328 2225 per
351 2193 444 2214 suam
467 2183 631 2214 actionem
654 2192 749 2213 causa
772 2182 901 2213 alterius
925 2187 1083 2222 quantum
1107 2180 1147 2212 ad
1169 2181 1233 2211 hoc
1254 2180 1345 2221 quod

271 2228 413 2260 subsistit
437 2228 475 2258 ab
499 2227 567 2258 aliis
591 2226 788 2263 distinctum,
812 2226 868 2257 sed
891 2232 1016 2257 tantum
1041 2231 1199 2267 quantum
1219 2225 1259 2256 ad
1281 2226 1345 2256 hoc

269 2273 360 2315 quod
376 2273 473 2303 habet
488 2281 590 2312 genus
606 2277 662 2302 aut
677 2272 828 2312 speciem.
845 2272 932 2311 Ergo
948 2271 1182 2312 praesupponit
1197 2269 1237 2301 ad
1253 2279 1345 2300 suam

271 2318 435 2349 actionem
450 2318 514 2348 hoc
530 2315 618 2348 unde
635 2323 802 2347 causatum
821 2315 1058 2347 individualiter
1073 2315 1224 2346 subsistit.
1242 2314 1347 2345 Maior

271 2363 441 2404 probatur:
466 2368 537 2392 tum
561 2363 637 2402 quia
660 2360 778 2392 modus
797 2361 934 2392 actionis
949 2366 997 2391 est
1011 2359 1193 2391 secundum
1208 2359 1346 2390 modum

270 2407 395 2442 formae
414 2406 596 2437 secundum
611 2415 711 2446 quam
727 2415 825 2446 agens
841 2411 889 2437 est
902 2406 936 2436 in
953 2411 1044 2442 actu;
1068 2411 1139 2435 tum
1154 2405 1231 2445 quia
1247 2413 1346 2435 omne

272 2461 369 2493 agens
393 2452 458 2492 agit
480 2451 541 2482 sibi
564 2451 678 2483 simile.
704 2451 811 2482 Minor
826 2451 923 2481 etiam
939 2450 1110 2491 probatur:
1135 2450 1212 2490 quia
1227 2458 1346 2480 unum-

271 2495 428 2537 quodque
451 2495 633 2526 secundum
657 2495 747 2536 quod
771 2500 818 2525 est
842 2495 905 2526 hoc
929 2493 1061 2535 aliquid,
1085 2500 1132 2524 est
1155 2494 1195 2524 ab
1219 2493 1283 2524 alio
1299 2492 1346 2524 di-

271 2542 436 2572 stinctum.

329 2595 358 2616 2.
383 2584 448 2616 Sed
471 2583 512 2615 ad
534 2585 617 2615 hanc
645 2584 805 2614 rationem
835 2589 946 2624 posset
975 2583 1090 2623 aliquis
1121 2581 1226 2613 dicere
1257 2582 1347 2622 quod

271 2629 466 2660 antecedens
482 2634 530 2660 est
545 2628 676 2660 falsum:
699 2634 731 2659 et
751 2628 791 2659 ad
814 2629 1050 2668 probationem,
1067 2637 1184 2667 negare
1200 2627 1347 2657 ultimam

272 2674 551 2714 consequentiam.
575 2673 733 2712 Quamvis
749 2673 836 2703 enim
851 2682 949 2713 agens
972 2682 1040 2703 non
1064 2671 1256 2702 assimiletur
1271 2670 1347 2702 effe-

272 2720 340 2751 ctui
362 2724 523 2760 quantum
546 2718 587 2748 ad
609 2717 643 2748 id
666 2727 724 2758 per
747 2717 838 2758 quod
866 2722 914 2748 est
941 2717 1004 2747 hoc
1034 2715 1166 2755 aliquid,
1191 2716 1267 2755 quia
1290 2725 1347 2756 per

272 2762 353 2794 illud
363 2762 569 2795 individuum
580 2772 650 2793 non
661 2762 815 2792 convenit
831 2771 907 2791 cum
923 2761 1003 2796 aliis,
1019 2761 1121 2790 immo
1139 2760 1177 2790 ab
1195 2760 1347 2790 omnibus

273 2807 342 2839 aliis
366 2807 587 2847 distinguitur;
612 2815 679 2836 non
702 2812 812 2836 tamen
835 2815 932 2845 agens
963 2804 1197 2845 praesupponit
1226 2803 1347 2843 aliquid

273 2861 350 2882 suae
373 2852 494 2882 actioni
522 2860 580 2891 per
610 2850 700 2890 quod
730 2859 808 2880 suus
839 2849 971 2880 effectus
1000 2848 1227 2879 individuetur.
1258 2848 1346 2878 Tum

274 2897 362 2937 quia,
378 2895 561 2926 secundum
576 2895 713 2925 Scotum
727 2895 754 2930 ’ζ
778 2893 997 2924 individuatur
1012 2892 1274 2932 unumquodque
1290 2902 1348 2932 per

274 2950 367 2972 suam
388 2940 634 2971 haecceitatem.-
657 2948 741 2979 quae
764 2948 832 2968 non
855 2938 1129 2978 praesupponitur
1151 2938 1207 2973 rei,
1223 2936 1279 2967 sed
1300 2942 1348 2967 est

275 2985 394 3016 modus
416 2985 607 3015 intrinsecus
631 2983 855 3014 concomitans
870 2992 948 3013 rem.
964 3001 988 3004 -
1003 2982 1092 3012 Tum
1116 2982 1191 3021 quia
1214 2991 1264 3011 res
1286 2982 1347 3012 im-

276 3029 447 3061 materialis
463 3029 566 3068 seipsa
582 3033 630 3058 est
645 3027 820 3063 individua,
840 3026 1020 3057 secundum
1044 3026 1224 3056 doctrinam
1240 3025 1348 3056 Sancti

276 3075 425 3105 Thomae
440 3075 467 3104 ’ἦ
492 3073 534 3103 Et
556 3073 601 3103 sic
625 3081 701 3103 suae
732 3071 940 3112 productioni
968 3080 1036 3101 non
1067 3075 1197 3111 oportet
1226 3070 1348 3110 aliquid

275 3127 540 3160 praesupponere
562 3127 620 3158 per
643 3116 734 3157 quod
755 3115 983 3147 individuetur.

333 3164 362 3194 3.
387 3163 439 3193 Ad
462 3163 558 3193 huius
577 3161 780 3197 evidentiam,
797 3159 1068 3191 considerandum
1085 3164 1133 3189 est
1148 3158 1248 3199 quod,
1265 3159 1349 3189 sicut

275 3209 309 3240 in
331 3207 506 3239 individuis
530 3206 675 3238 eiusdem
690 3206 815 3246 generis
831 3211 863 3235 et
878 3205 997 3245 speciei
1013 3205 1095 3235 inter
1111 3213 1194 3244 quae
1210 3209 1258 3234 est
1273 3213 1348 3234 cau-

276 3253 382 3284 salitas
396 3251 579 3283 secundum
595 3257 752 3286 naturam,
766 3250 841 3291 quia
856 3250 890 3280 in
906 3249 1029 3279 ratione
1041 3249 1166 3289 generis
1183 3253 1214 3278 et
1229 3249 1349 3288 speciei

276 3307 343 3328 non
364 3297 605 3338 distinguuntur
621 3295 677 3326 sed
693 3300 767 3325 sunt
782 3294 908 3330 similia,
925 3303 1028 3324 unum
1044 3298 1152 3333 potest
1168 3302 1236 3323 esse
1253 3302 1348 3323 causa

277 3342 405 3372 alterius
435 3341 616 3372 secundum
647 3345 793 3370 naturam
823 3339 948 3379 generis
978 3343 1009 3368 et
1039 3337 1168 3378 speciei,
1193 3346 1233 3367 eo
1258 3336 1348 3377 quod

277 3392 407 3427 oportet
423 3395 520 3426 agens
536 3391 568 3416 et
584 3384 735 3415 effectum
751 3383 865 3414 similia
881 3392 965 3419 esse3
990 3383 1033 3412 ita
1052 3391 1138 3417 cum,
1154 3382 1348 3421 inquantum

277 3436 353 3462 sunt
375 3430 541 3462 individua
559 3429 773 3464 subsistentia,
793 3437 860 3458 non
884 3428 947 3457 sint
969 3435 1072 3457 unum
1097 3431 1128 3456 et
1150 3426 1266 3456 similia
1292 3425 1349 3456 sed

277 3476 340 3507 sint
363 3475 522 3511 distincta,
545 3474 579 3505 id
601 3483 659 3515 per
682 3472 773 3514 quod
796 3482 899 3503 unum
922 3472 961 3502 ab
985 3471 1048 3502 alio
1073 3470 1279 3510 distinguitur
1300 3471 1349 3500 in-

278 3519 480 3550 dividualiter
496 3525 527 3550 et
542 3520 576 3549 in
592 3528 626 3549 se
649 3519 801 3554 subsistit,
825 3518 864 3547 ab
888 3517 987 3547 altero
1011 3520 1178 3546 causatum
1198 3523 1266 3544 esse
1282 3523 1349 3544 non

278 3570 395 3604 potest.
411 3564 570 3604 Alioquin
589 3572 647 3604 per
661 3562 749 3593 idem
764 3562 952 3592 conveniret
967 3559 1142 3591 formaliter
1158 3568 1233 3589 cum
1249 3559 1348 3589 altero

279 3614 311 3639 et
326 3609 365 3639 ab
382 3609 453 3649 ipso
469 3607 646 3639 formaliter
661 3606 919 3647 distingueretur.
936 3604 1074 3645 Oportet
1091 3604 1177 3634 enim
1199 3602 1350 3633 effectum

278 3662 355 3683 cum
379 3663 474 3683 causa
497 3653 671 3683 convenire
695 3657 853 3691 quantum
870 3650 909 3681 ad
924 3649 957 3680 id
973 3648 1151 3679 secundum
1169 3647 1259 3688 quod
1275 3656 1349 3678 cau-

2385 281 2460 329 319

1392 362 1487 388 satur.
1510 356 1596 394 Ideo,
1614 358 1640 388 si
1656 359 1753 389 etiam
1768 358 1948 389 secundum
1964 358 2043 390 illud
2059 358 2307 400 distingueretur
2323 360 2361 391 ab
2377 361 2468 401 ipso,

1392 411 1450 442 per
1472 401 1559 432 idem
1582 403 1769 433 conveniret
1792 412 1867 433 cum
1890 404 1962 443 ipso
1986 409 2018 434 et
2041 404 2079 434 ab
2108 405 2179 444 ipso
2204 404 2460 445 distingueretur.

1447 446 1620 486 Propterea
1649 447 1752 486 prima
1782 448 1959 487 responsio,
1984 448 2164 479 secundum
2190 454 2333 480 mentem
2347 449 2460 485 Scoti,

1392 499 1460 520 non
1484 490 1567 521 tollit
1589 491 1721 521 rationis
1751 490 1936 522 efficaciam.
1967 492 2000 522 Si
2032 493 2118 523 enim
2147 494 2324 524 haecceitas
2348 503 2460 524 conse-

1393 535 1502 574 quitur
1525 544 1603 572 rem,
1623 541 1732 565 causat
1755 544 1888 566 omnem
1911 537 1980 566 eius
2003 536 2139 568 modum
2162 538 2382 569 intrinsecum.
2398 537 2461 569 Sed

1392 588 1450 619 per
1472 588 1540 610 rem
1564 579 1603 609 ab
1627 579 1737 620 aliquo
1761 585 1933 616 causatam,
1957 586 1993 611 ut
2016 581 2070 617 sic,
2094 591 2162 612 non
2191 587 2299 622 potest
2329 581 2460 613 effectus

1392 624 1431 654 ab
1447 623 1504 654 illo
1520 623 1682 664 distingui.
1707 624 1793 664 Ergo
1816 633 1874 664 per
1896 625 2000 664 ipsam
2022 625 2252 656 haecceitatem
2270 636 2338 657 non
2354 632 2461 667 potest

1393 667 1526 698 effectus
1549 668 1701 708 distingui
1716 678 1735 698 a
1751 677 1860 698 causa:
1885 668 1940 699 sed
1962 670 2063 709 magis
2087 679 2162 700 cum
2181 680 2276 701 causa
2299 672 2460 707 convenit,

1392 718 1526 753 propter
1548 712 1792 743 similitudinem
1815 722 1914 753 quam
1937 719 2067 753 oportet
2089 723 2157 745 esse
2180 715 2262 745 inter
2285 724 2413 745 causam
2430 721 2461 745 et

1393 756 1555 788 effectum.
1579 757 1676 797 Ergo,
1700 758 1726 787 si
1749 757 1845 788 debet
1875 757 2007 788 effectus
2037 760 2233 789 conveniens
2264 769 2338 790 cum
2367 770 2461 790 causa

1393 803 1426 832 in
1450 803 1573 832 ratione
1595 802 1720 842 generis
1743 802 1794 832 vel
1817 802 1936 842 speciei
1951 812 1969 832 a
1985 812 2080 833 causa
2102 802 2337 834 individualiter
2352 803 2461 834 distin-

1392 847 1458 886 gui,
1483 852 1612 886 oportet
1636 856 1704 876 esse
1728 846 1850 887 aliquid
1872 856 1939 877 non
1964 852 2130 877 causatum
2147 857 2164 877 a
2179 847 2233 878 tali
2258 857 2352 878 causa
2372 858 2462 888 prae-

1393 891 1598 931 suppositum
1619 891 1749 927 actioni,
1766 891 1799 921 in
1815 900 1883 931 quo
1903 896 2015 922 natura
2037 892 2161 931 generis
2185 897 2216 922 et
2239 893 2357 932 speciei
2380 892 2462 922 indi-

1392 935 1552 972 viduetur,
1566 941 1596 966 et
1612 935 1744 966 effectus
1760 934 1996 966 individualiter
2015 936 2173 972 subsistat,
2191 937 2229 966 ab
2246 936 2463 976 omnibusque

1394 979 1615 1020 distinguatur.

1449 1023 1597 1055 Secunda
1613 1034 1747 1065 quoque
1770 1025 1929 1060 instantia,
1954 1034 1992 1055 ex
2016 1024 2161 1055 doctrina
2181 1025 2289 1056 Sancti
2304 1025 2462 1061 Thomae,

1393 1078 1461 1099 non
1484 1069 1629 1110 impedit.
1653 1069 1775 1099 Verum
1806 1075 1853 1099 est
1882 1069 1967 1099 enim
1992 1068 2082 1109 quod
2109 1069 2189 1100 nihil
2216 1069 2462 1100 determinatum

1393 1113 1433 1144 ad
1448 1123 1550 1154 genus
1566 1119 1598 1144 et
1613 1114 1755 1154 speciem
1778 1119 1885 1154 potest
1907 1113 2086 1154 producere
2106 1113 2257 1144 effectum
2275 1115 2338 1144 nisi
2353 1114 2462 1154 aliquo

1394 1159 1641 1199 praesupposito
1665 1168 1723 1198 per
1746 1158 1836 1199 quod
1858 1164 1970 1188 natura
1992 1159 2117 1198 generis
2145 1164 2177 1189 et
2207 1159 2326 1199 speciei
2349 1158 2464 1189 indivi-

1394 1203 1526 1234 duetur:
1551 1203 1696 1243 alioquin
1720 1213 1787 1234 non
1811 1208 1894 1233 esset
1916 1201 2002 1233 unde
2019 1202 2151 1233 effectus
2167 1213 2185 1233 a
2201 1213 2296 1234 causa
2312 1202 2464 1243 distingui

1394 1254 1502 1288 posset
1526 1248 1585 1279 sub
1609 1247 1725 1278 eodem
1756 1257 1872 1288 genere
1903 1252 1958 1278 aut
1988 1248 2047 1278 sub
2071 1247 2184 1278 eadem
2208 1248 2325 1288 specie,
2349 1253 2385 1278 ut
2408 1247 2463 1278 de-

1394 1292 1529 1323 ductum
1553 1298 1601 1323 est
1623 1297 1735 1322 contra
1759 1292 1903 1323 Scotum.
1928 1291 1991 1322 Sed
2014 1292 2070 1322 ubi
2093 1297 2206 1322 natura
2228 1301 2266 1322 ex
2289 1301 2322 1322 se
2346 1297 2393 1322 est
2415 1292 2463 1321 in-

1395 1337 1524 1368 dividua
1547 1342 1579 1367 et
1601 1337 1690 1372 haec,
1714 1346 1781 1367 non
1796 1341 1933 1377 possunt
1949 1346 2017 1367 esse
2032 1337 2124 1376 plura
2142 1336 2307 1367 individua
2322 1345 2464 1377 quorum

1395 1391 1498 1412 unum
1522 1381 1657 1412 alterum
1681 1381 1854 1421 producat:
1878 1386 1990 1411 natura
2018 1381 2105 1411 enim
2132 1380 2296 1412 individua
2318 1380 2464 1421 pluribus

1395 1436 1464 1457 non
1486 1426 1756 1456 communicatur.
1782 1424 1858 1455 Ideo
1882 1425 1935 1456 illa
1952 1426 2102 1455 instantia
2116 1435 2184 1455 non
2201 1431 2247 1456 est
2263 1430 2374 1455 contra
2389 1434 2464 1465 pro-

1396 1471 1550 1511 positum.
1567 1469 1667 1508 Quod
1683 1471 1709 1500 si
1725 1475 1899 1510 poneretur
1914 1479 2018 1500 unum
2033 1468 2236 1500 individuum
2255 1469 2464 1500 immateriale

1396 1514 1576 1555 producere
1600 1513 1687 1544 aliud
1709 1513 1913 1544 individuum
1929 1514 2058 1554 speciei,
2075 1519 2238 1554 oporteret
2253 1513 2358 1544 dicere
2375 1513 2465 1553 quod

1396 1560 1466 1599 ipsa
1488 1564 1600 1589 natura
1629 1568 1698 1589 non
1728 1563 1811 1588 esset
1835 1568 1872 1588 ex
1896 1568 1929 1588 se
1957 1557 2131 1594 individua,
2155 1558 2211 1588 sed
2239 1563 2321 1588 esset
2344 1557 2464 1598 aliquid

1397 1613 1454 1644 per
1478 1602 1568 1643 quod
1591 1602 1852 1633 individuaretur.
1884 1602 1983 1640 Quod
2013 1611 2088 1632 sane
2118 1611 2248 1632 necesse
2271 1608 2353 1632 esset
2375 1611 2466 1642 prae—

1397 1648 1539 1688 supponi
1563 1647 1682 1677 actioni
1706 1647 1835 1677 alterius
1858 1646 2014 1676 individui
2038 1645 2258 1686 productivae.
2282 1646 2330 1676 Ex
2349 1647 2466 1685 quibus

1398 1692 1543 1733 sequitur
1558 1690 1648 1731 quod
1664 1690 1748 1721 dicta
1763 1690 1882 1731 positio
1899 1690 2007 1721 Sancti
2018 1690 2166 1721 Thomae
2181 1691 2282 1730 magis
2298 1689 2467 1720 confirmat

1398 1736 1605 1777 propositum
1628 1745 1727 1776 quam
1751 1734 1901 1765 destruat.
1926 1734 1958 1765 Si
1983 1735 2070 1765 enim
2093 1735 2163 1765 talis
2186 1740 2299 1765 natura
2319 1739 2365 1764 est
2381 1744 2419 1765 ex
2435 1744 2467 1764 se

1397 1779 1575 1817 individua,
1600 1782 1786 1820 et'propter
1807 1779 1872 1809 hoc
1895 1788 1963 1810 non
1986 1784 2123 1820 possunt
2146 1789 2214 1810 esse
2237 1780 2269 1809 in
2294 1779 2362 1819 ipsa
2378 1779 2469 1819 plura

1399 1824 1573 1861 individua,
1597 1825 1725 1865 signum
1750 1829 1797 1854 est
1820 1823 1920 1864 quod,
1944 1823 2000 1854 ubi
2024 1833 2127 1854 unum
2154 1823 2357 1854 individuum
2382 1823 2468 1854 aliud

1398 1869 1601 1901 individuum
1625 1868 1770 1899 eiusdem
1793 1869 1912 1908 speciei
1928 1868 2088 1908 producit,
2105 1874 2234 1908 oportet
2256 1868 2300 1898 ibi
2322 1874 2469 1898 naturam

1398 1925 1464 1945 non
1490 1923 1558 1944 esse
1583 1923 1621 1944 ex
1645 1922 1679 1943 se
1702 1912 1911 1949 individuam,
1936 1913 1991 1943 sed
2016 1922 2084 1943 esse
2108 1912 2229 1952 aliquid
2247 1911 2335 1943 aliud
2350 1913 2382 1943 in
2400 1922 2466 1952 quo

1398 1958 1626 1994 individuetur,
1650 1958 1934 1998 praesuppositum
1964 1958 2083 1988 actioni
2113 1956 2321 1997 producentis
2345 1957 2403 1987 sibi
2427 1958 2467 1987 si-

1398 2004 1475 2034 mile
1499 2001 1678 2033 secundum
1703 2002 1855 2042 speciem.

1454 2047 1538 2077 XVI.
1564 2047 1672 2076 Nono.
1697 2045 1784 2077 Cum
1808 2045 1929 2086 aliquid
1953 2045 1988 2075 fit
2012 2055 2049 2076 ex
2073 2046 2209 2076 omnino
2232 2055 2300 2076 non
2325 2051 2407 2082 ente,
2431 2045 2467 2076 fit

1398 2102 1456 2133 per
1479 2101 1523 2122 se.
1548 2091 1633 2131 Ergo
1658 2096 1788 2131 oportet
1810 2096 1847 2121 ut
1869 2090 2066 2131 producatur
2089 2090 2127 2120 ab
2148 2099 2188 2120 eo
2205 2090 2294 2130 quod
2310 2095 2357 2120 est
2373 2100 2468 2121 causa

1399 2136 1525 2168 essendi
1548 2145 1605 2176 per
1628 2145 1672 2166 se.
1703 2136 1789 2175 Ergo
1820 2135 1908 2166 solus
1936 2135 2024 2165 Deus
2054 2134 2129 2165 facit
2159 2144 2215 2165 ens
2242 2144 2280 2165 ex
2303 2143 2370 2165 non
2394 2140 2467 2166 ente

1399 2182 1546 2212 omnino.
1571 2181 1657 2220 Ergo
1682 2180 1782 2220 ipsius
1805 2180 1905 2210 solius
1929 2185 1975 2209 est
2000 2188 2115 2209 creare.

1452 2225 1504 2256 Ad
1520 2225 1714 2256 evidentiam
1730 2224 1947 2254 antecedentis
1962 2229 2053 2254 notat
2065 2223 2200 2255 Sanctus
2210 2223 2354 2254 Thomas
2367 2223 2466 2264 quod,

1399 2280 1475 2301 cum
1499 2279 1598 2300 omne
1622 2268 1712 2309 quod
1736 2268 1771 2299 fit
1795 2267 1835 2299 ad
1858 2269 1921 2298 hoc
1938 2267 1993 2298 fiat
2010 2273 2045 2298 ut
2061 2269 2110 2304 sit,
2128 2269 2154 2298 si
2170 2267 2291 2307 aliquid
2307 2267 2362 2298 fiat
2378 2267 2468 2308 quod

1400 2316 1489 2356 prius
1505 2313 1610 2350 fuerit,
1628 2313 1708 2345 illud
1724 2313 1840 2344 dicitur
1854 2322 1921 2343 non
1938 2322 1995 2352 per
2010 2322 2044 2343 se
2060 2312 2116 2343 sed
2139 2322 2196 2352 per
2219 2311 2367 2343 accidens
2382 2311 2467 2348 fieri;

1400 2361 1426 2390 si
1449 2369 1526 2398 vero
1550 2359 1639 2399 prius
1662 2368 1730 2389 non
1754 2357 1824 2394 fuit,
1845 2357 1960 2388 dicitur
1983 2356 2052 2387 fieri
2079 2366 2136 2397 per
2158 2367 2208 2393 se;
2233 2362 2279 2393 ut,
2296 2357 2322 2387 si
2338 2366 2376 2387 ex
2395 2357 2469 2387 albo

1400 2403 1456 2436 fiat
1478 2405 1617 2444 nigrum,
1641 2402 1677 2434 fit
1705 2403 1834 2443 nigrum
1863 2401 1997 2443 quidem
2026 2411 2084 2442 per
2113 2411 2157 2438 se,
2182 2402 2362 2433 coloratum
2392 2411 2469 2432 vero

1400 2459 1458 2490 per
1475 2447 1634 2484 accidens,
1652 2448 1728 2488 quia
1752 2448 1840 2487 prius
1865 2452 1940 2477 erat.
1965 2446 2125 2482 Similiter,
2142 2447 2168 2477 si
2184 2445 2238 2477 fiat
2254 2445 2386 2486 aliquod
2402 2455 2468 2482 ens,

1401 2499 1478 2534 puta
1494 2494 1606 2529 homo,
1630 2491 1667 2523 fit
1691 2491 1823 2532 quidem
1839 2491 1934 2522 homo
1952 2500 2008 2531 per
2024 2500 2067 2527 se,
2086 2491 2160 2531 quia
2180 2500 2218 2521 ex
2234 2500 2301 2520 non
2317 2491 2467 2526 homine;

1401 2548 1458 2569 ens
1480 2542 1588 2568 autem
1612 2535 1648 2567 fit
1672 2546 1729 2576 per
1751 2535 1909 2571 accidens,
1934 2536 2010 2576 quia
2033 2544 2100 2565 non
2116 2534 2152 2565 fit
2167 2544 2205 2565 ex
2221 2544 2288 2564 non
2305 2540 2377 2565 ente
2394 2535 2469 2564 sim-

1401 2582 1535 2623 pliciter,
1559 2580 1615 2612 sed
1638 2590 1676 2611 ex
1699 2590 1766 2610 non
1791 2585 1864 2610 ente
1888 2580 1961 2615 hoc,
1977 2579 2098 2609 scilicet
2117 2589 2154 2609 ex
2177 2588 2245 2609 non
2268 2579 2411 2609 homine.
2428 2579 2469 2609 Et

1401 2628 1445 2657 sic
1469 2631 1556 2666 patet
1579 2624 1669 2665 quod
1692 2630 1770 2655 tunc
1793 2629 1918 2654 tantum
1942 2622 1978 2653 fit
2002 2632 2058 2653 ens
2082 2633 2138 2663 per
2161 2632 2194 2653 se
2218 2623 2349 2662 quando
2372 2622 2408 2652 fit
2430 2632 2468 2653 ex

1401 2671 1538 2701 omnino
1561 2679 1628 2700 non
1653 2674 1738 2699 ente.

1455 2715 1561 2744 Prima
1583 2723 1660 2744 vero
1685 2713 1916 2753 consequentia
1939 2712 2102 2752 probatur.
2127 2711 2212 2749 Quia
2236 2717 2365 2751 oportet
2392 2711 2468 2742 effe-

1401 2765 1471 2789 ctus
1500 2759 1534 2789 in
1565 2763 1675 2789 causas
1704 2756 1987 2797 proportionaliter
2016 2755 2136 2787 reduci.
2155 2773 2178 2778 -
2201 2755 2348 2786 Secunda
2371 2757 2467 2787 etiam

1401 2803 1564 2844 probatur.
1589 2803 1675 2840 Quia
1698 2802 1786 2832 solus
1810 2802 1899 2831 Deus
1915 2805 1962 2831 est
1978 2810 2073 2831 causa
2089 2800 2169 2831 entis
2185 2801 2377 2839 inquantum
2393 2810 2465 2831 ens:

1402 2848 1462 2878 alia
1485 2856 1561 2877 vero
1586 2852 1660 2877 sunt
1684 2856 1780 2876 causa
1804 2846 1884 2876 entis
1908 2855 1966 2885 per
1988 2844 2146 2875 accidens.

1458 2901 1487 2922 2.
1513 2891 1576 2922 Sed
1598 2891 1725 2921 videtur
1747 2891 1806 2920 ista
1829 2890 1919 2926 ratio,
1941 2890 1967 2919 si
1990 2889 2111 2929 aliquid
2135 2888 2315 2925 concludat,
2332 2889 2466 2928 probare

1401 2937 1464 2967 hoc
1487 2936 1606 2972 solum,
1630 2935 1722 2975 quod
1744 2934 1833 2966 solus
1856 2935 1945 2964 Deus
1968 2934 2206 2964 universitatem
2229 2934 2352 2964 entium
2372 2938 2466 2969 creat,

1402 2991 1442 3012 eo
1466 2980 1557 3021 quod
1579 2981 1648 3021 ipse
1672 2980 1762 3010 solus
1784 2978 1879 3009 faciat
1902 2988 1958 3008 ens
1981 2988 2057 3009 cum
2077 2979 2164 3019 prius
2188 2977 2314 3009 nullum
2330 2978 2466 3008 omnino

1402 3035 1458 3056 ens
1475 3030 1618 3056 creatum
1634 3024 1743 3055 fuerit:
1768 3034 1836 3054 non
1853 3028 1961 3054 autem
1977 3023 2091 3063 probat
2106 3022 2195 3062 quod
2210 3023 2292 3052 hanc
2308 3031 2376 3052 rem
2396 3031 2467 3061 par-

1401 3070 1578 3106 ticularem,
1602 3075 1680 3110 puta
1703 3078 1859 3104 muscam,
1883 3068 1971 3098 solus
1995 3068 2082 3097 Deus
2108 3067 2209 3107 possit
2232 3075 2347 3097 creare.
2373 3065 2466 3096 Dice-

1402 3120 1488 3145 retur
1511 3115 1598 3145 enim
1615 3113 1704 3155 quod
1721 3113 1827 3153 aliqua
1842 3118 1994 3148 creatura,
2010 3110 2222 3152 producendo
2239 3110 2375 3145 Sortem,
2392 3119 2466 3150 pro-

1402 3159 1491 3189 ducit
1513 3159 1622 3199 ipsum
1646 3163 1804 3198 quantum
1827 3157 1867 3187 ad
1891 3157 2000 3187 omnia
2024 3165 2107 3196 quae
2130 3161 2205 3185 sunt
2227 3155 2342 3195 ipsius:
2368 3159 2399 3184 et
2421 3155 2467 3184 sic

1402 3203 1552 3243 producit
1566 3203 1631 3233 hoc
1647 3212 1703 3233 ens
1719 3212 1757 3232 ex
1780 3211 1848 3232 non
1872 3207 1945 3232 ente
1969 3201 2115 3236 omnino,
2135 3199 2210 3230 licet
2233 3198 2365 3238 aliquod
2380 3198 2467 3228 aliud

1402 3258 1459 3278 ens
1482 3248 1682 3289 praeexistat.
1706 3247 1783 3277 Non
1807 3246 1903 3282 enim,
1928 3244 1968 3275 ad
1991 3246 2054 3275 hoc
2077 3250 2113 3274 ut
2136 3242 2256 3283 aliquid
2277 3242 2467 3283 particulare

1403 3298 1538 3328 creetur,
1563 3297 1693 3332 oportet
1715 3297 1751 3322 ut
1774 3290 1829 3321 fiat
1852 3299 1908 3320 ens
1931 3291 1973 3320 ita
1997 3288 2087 3329 quod
2109 3288 2235 3319 nullum
2259 3296 2315 3318 ens
2331 3287 2466 3317 omnino

1402 3336 1591 3377 praefuerit:
1616 3335 1674 3366 sed
1696 3335 1812 3366 sufficit
1835 3333 1925 3374 quod
1954 3343 2022 3364 non
2052 3331 2223 3373 praefuerit
2251 3331 2372 3371 aliquid
2399 3331 2467 3361 eius

1403 3381 1494 3421 quod
1509 3380 1554 3411 fit.
1572 3380 1666 3412 Unde
1682 3380 1790 3419 negari
1814 3379 1931 3419 poterit
1947 3377 2056 3408 omnia
2072 3377 2132 3407 alia
2147 3386 2165 3406 a
2180 3376 2251 3406 Deo
2273 3385 2341 3406 esse
2357 3385 2467 3406 causas

1403 3425 1528 3456 essendi
1547 3434 1605 3465 per
1627 3423 1776 3455 accidens
1794 3429 1930 3454 tantum.
1956 3422 2060 3452 Immo
2077 3421 2183 3460 aliqua
2199 3429 2294 3450 causa
2309 3425 2357 3450 est
2372 3429 2468 3450 causa

1403 3469 1529 3500 essendi
1544 3479 1602 3510 per
1617 3479 1661 3505 se,
1678 3469 1754 3508 quia
1769 3467 1844 3498 facit
1859 3476 1915 3497 ens
1931 3465 2021 3506 quod
2037 3466 2172 3496 omnino
2189 3474 2256 3495 non
2275 3465 2466 3504 praeexistit,

1403 3514 1478 3545 licet
1494 3512 1625 3554 aliquod
1641 3512 1727 3543 aliud
1743 3522 1799 3542 ens
1815 3511 2016 3552 praeexistat:
2039 3510 2130 3545 sieut,
2147 3518 2223 3539 cum
2239 3517 2277 3538 ex
2296 3509 2359 3538 hoc
2374 3509 2466 3549 nigro

1403 3558 1439 3589 fit
1469 3559 1533 3589 hoc
1557 3558 1676 3594 album,
1701 3556 1816 3587 dicitur
1838 3555 1907 3585 fieri
1930 3555 1993 3584 hoc
2023 3554 2133 3584 album
2156 3562 2213 3593 per
2236 3561 2279 3589 se,
2304 3553 2379 3593 quia
2403 3553 2467 3583 hoc

1404 3603 1513 3633 album
1538 3600 1628 3642 quod
1651 3601 1694 3632 fit.
1707 3610 1774 3631 non
1791 3606 1866 3635 erat,
1885 3599 1960 3629 licet
1983 3597 2115 3638 aliquod
2139 3596 2226 3628 aliud
2248 3596 2358 3627 album
2373 3602 2466 3627 esset.

1404 3647 1445 3677 Et
1475 3647 1619 3677 similiter
1650 3646 1757 3676 Deum
1789 3644 1925 3674 dicimus
1956 3643 2038 3673 hanc
2069 3643 2209 3672 animam
2240 3641 2469 3672 intellectivam
