2716 4302
1 471 200 522 ιἳ,ιῐὶ;ι.ιιιψῐεικ11υπι

7 826 45 848 Cf.
62 829 110 846 not.
125 823 153 845 ad
173 824 197 851 9·

7 852 47 879 46.

0 885 31 907 7r
44 885 57 900 a
70 876 197 905 r.-p.r65.

0 1446 17 1462 i.
32 1445 71 1468 mg
86 1445 138 1466 sup.

0 1500 17 1516 Ξ.
33 1499 46 1514 2
58 1499 91 1515 to.

0 3346 100 3372 i7rbi.

237 132 307 179 24*

233 214 412 248 componentis
425 218 452 238 et
469 211 604 238 dividentis
618 216 659 235 est
672 210 818 235 secundum
835 214 989 241 processum
1008 213 1039 230 ex
1053 211 1107 230 uno
1125 204 1151 229 in
1165 203 1244 228 aliud.
1264 202 1307 227 Ιπ-

232 267 350 292 tellectus
368 264 435 290 Cum
454 263 523 288 enim
537 261 683 287 intellectus
695 267 752 285 rem
765 259 881 292 aliquam
899 256 1060 287 intellexerit,
1073 254 1190 288 procedit
1207 261 1239 278 ex
1258 252 1308 278 hoc

232 322 262 343 ut
278 315 398 341 attribuat
410 314 432 339 ei
451 313 547 346 aliquid
566 312 615 337 sibi
627 311 784 336 conveniens
799 309 944 334 secundum
958 308 983 332 id
1002 306 1075 340 quod
1093 306 1253 331 intellectum
1267 309 1308 330 est

232 369 264 393 de
282 367 340 400 ipso
360 364 447 398 <quod
466 363 572 396 quidem
595 361 624 387 fit
641 362 748 387 evidens
768 360 935 391 intellectui.)
952 359 1027 384 Unde
1040 358 1065 383 in
1080 358 1156 382 tertio
1170 357 1202 382 de
1221 356 1307 381 anima

230 418 320 442 dicitur
342 415 374 439 ab
397 413 528 439 aristotele
552 412 624 445 quod
647 411 673 436 in
701 411 853 436 huiusmodi
878 410 1029 443 operatione
1057 408 1203 433 intellectus
1235 407 1306 440 prius

228 466 336 493 conside
354 466 370 482 ⁸*
384 465 465 490 divisa
477 464 502 488 in
515 463 653 492 intellectu,
674 467 699 487 et
712 466 804 495 postea
817 460 845 486 fit
861 460 1014 493 complexio,
1028 460 1095 484 sicut
1114 459 1173 491 <et>
1193 459 1219 483 in
1238 458 1305 491 capi-

227 517 296 542 tibus
315 515 520 550 germinatorum
539 520 607 546 quae
626 513 699 545 ponit
717 512 887 545 empedocles
901 511 973 544 prius
987 510 1067 536 fuisse
1087 510 1171 535 divisa
1189 514 1215 534 et
1233 515 1305 542 post-

228 568 338 594 modum
356 574 403 600 per
421 566 560 591 amicitiam
579 564 731 598 composita.
746 563 823 594 Quod
838 568 926 589 autem
945 563 978 588 sit
997 561 1155 588 conveniens
1174 561 1212 586 rei
1231 560 1305 586 intel-

228 621 309 645 lectae
318 618 429 651 aliquid,
445 618 503 646 hoc,
517 617 566 642 hoc
579 616 619 641 vel
633 616 697 641 illud
712 615 814 641 attribui
829 615 988 648 quandoque
1002 613 1031 639 fit
1044 613 1184 639 intellectui
1199 613 1304 638 evidens

227 679 258 696 ex
281 671 337 703 ipso
361 670 492 694 intellectu
516 669 572 693 eius
595 668 634 693 cui
658 667 780 697 attribuit,
805 667 871 692 sicut
890 666 981 692 accidit
1004 667 1029 691 in
1053 666 1187 699 principiis
1211 672 1257 698 per
1275 672 1305 690 se

227 722 305 750 notis,
322 728 390 754 quae
409 719 592 753 cognoscimus
608 719 671 743 dum
685 717 812 743 terminos
825 718 1017 751 cognoscimus.
1037 722 1067 741 ut
1085 716 1178 741 dicitur
1194 716 1219 740 in
1238 714 1305 740 libro

227 772 415 807 posteriorum;
435 770 593 805 quandoque
612 774 700 795 autem
718 777 766 803 per
785 769 891 802 aliquod
907 768 1023 809 medium
1043 772 1220 800 assumptum,
1239 766 1306 791 sicut

227 824 316 850 accidit
327 824 341 838 ⁸
914 812 919 818 '

282 871 375 910 §Per
400 869 512 901 eadem
538 870 633 900 etiam
658 868 786 899 ostendi
811 873 919 908 potest
944 866 1035 907 quod
1059 865 1242 896 intellectus
1258 865 1305 896 di-

226 924 319 954 vinus
343 932 411 953 non
434 921 583 961 intelligit
611 929 668 960 per
694 919 831 949 modum
863 918 1046 948 intellectus
1076 917 1305 958 componentis

227 979 258 1005 et
281 972 462 1008 dividentis,
490 975 537 1000 sed
556 981 604 1006 per
627 974 736 998 modum
759 973 906 997 intellectus
930 971 1120 1008 considerantis
1145 971 1218 1004 quod
1243 971 1306 1005 quid

226 1034 274 1053 εει.
294 1028 331 1052 Ex
350 1035 382 1052 eo
401 1026 469 1051 enim
489 1025 560 1059 quod
574 1024 719 1049 intellectus
735 1024 883 1048 considerat
898 1024 960 1056 quid
976 1028 1024 1052 est.
1043 1023 1161 1056 procedit
1181 1023 1213 1048 ad
1233 1030 1305 1048 com-

226 1079 376 1113 ponendum
395 1077 436 1102 vel
457 1076 634 1102 dividendum.
647 1076 704 1100 Hoc
718 1076 786 1100 enim
802 1075 861 1100 facit
876 1083 924 1108 per
936 1075 985 1100 hoc
1005 1075 1077 1108 quod
1096 1075 1306 1107 compositorum

225 1131 266 1156 vel
285 1130 428 1155 divisorum
448 1127 618 1153 differentiam
633 1128 673 1152 vel
693 1127 902 1152 convenientiam
917 1132 1018 1160 pensat⁴
1032 1127 1111 1158 Quod
1125 1125 1235 1160 quidem
1250 1125 1306 1151 fieri

225 1190 276 1207 non
296 1185 384 1214 potest
401 1180 450 1205 nisi
471 1180 503 1204 de
523 1180 562 1204 eis
581 1184 755 1212 cognoscatur
773 1179 836 1212 quid
856 1185 926 1205 sunt.
952 1179 1027 1205 Unde
1046 1184 1072 1205 et
1093 1180 1178 1213 prima
1197 1180 1306 1204 demon-

225 1233 355 1259 strationis
384 1232 509 1265 principia
529 1231 638 1265 cognitis
656 1232 774 1256 terminis
793 1232 968 1257 innotescunt.
995 1232 1187 1258 conclusiones
1208 1232 1304 1264 (vero)

224 1284 325 1320 (etiam)
343 1292 374 1309 ex
388 1282 536 1309 definitione
549 1283 632 1308 medii
644 1283 755 1308 termini
767 1283 842 1309 sciuri
857 1284 932 1317 quasi
949 1291 979 1309 ex
993 1284 1080 1309 medio
1093 1284 1206 1309 termino
1220 1284 1305 1309 sciun-

224 1342 276 1362 tur.
294 1337 320 1362 Si
334 1337 410 1369 igitur
422 1336 525 1361 divinus
543 1335 691 1360 intellectus
709 1335 741 1359 de
759 1334 839 1359 rebus
857 1335 953 1360 iudicet
965 1343 1012 1368 per
1030 1335 1139 1360 modum
1158 1335 1306 1361 intellectus

224 1387 404 1420 componentis
418 1391 444 1411 et
462 1385 606 1416 dividentis,
621 1385 669 1410 erit
687 1392 718 1410 ex
732 1393 786 1410 uno
799 1385 825 1410 in
844 1385 913 1411 aliud
927 1386 1082 1419 procedens.
1102 1386 1183 1411 Cuius
1203 1391 1305 1411 contra·

224 1439 292 1463 rium
305 1443 443 1463 ostensum
457 1442 507 1462 est.
525 1433 543 1449 ⁴*
557 1430 751 1473 (Cognoscit
765 1433 851 1463 enim
868 1456 893 1463 ..
907 1457 914 1463 .
929 1434 1160 1474 componentis
1177 1439 1208 1464 et
1225 1433 1304 1464 divi-

225 1484 353 1522 dentis.)
379 1486 426 1524 ’ξ
442 1483 570 1516 Adhuc.
588 1483 634 1514 Ea
659 1493 742 1523 quae
826 1484 1033 1516 considerari.
1051 1484 1305 1526 compositione

225 1538 312 1568 enirn
336 1542 367 1567 ct
391 1535 549 1566 divisione
574 1544 658 1575 opus
683 1544 751 1565 non
769 1541 852 1566 esset
871 1536 898 1566 si
922 1536 955 1566 in
979 1536 1043 1567 hoc
1067 1536 1139 1576 ipso
1156 1535 1247 1576 quod
1264 1534 1304 1566 de

225 1589 335 1630 aliquo
349 1579 646 1629 apprehenderetur
658 1586 737 1627 quid
754 1593 811 1623 est,
827 1598 856 1616 sc
868 1588 1040 1619 haberetur
1052 1586 1132 1628 quid
1145 1588 1174 1618 ei
1186 1588 1305 1619 inesset

224 1640 275 1671 Vel
299 1650 367 1671 non
390 1641 520 1670 inesset.
546 1643 621 1669 Unde
643 1644 787 1668 secundum
812 1643 1000 1677 philosophum
1019 1643 1046 1668 in
1064 1643 1141 1668 tertio
1164 1643 1196 1668 de
1219 1643 1306 1668 anima

225 1696 289 1722 haec
313 1697 431 1730 operatio
452 1697 600 1723 intellectus
620 1696 712 1722 similis
735 1700 776 1721 est
794 1695 830 1720 illi
855 1696 1000 1728 operationi
1024 1700 1132 1720 naturae
1156 1702 1209 1728 qua
1234 1695 1306 1728 prius

226 1748 308 1773 divisa
336 1749 361 1773 in
390 1756 473 1774 unum
502 1751 705 1782 componuntur¹
729 1748 796 1773 sicut
820 1747 909 1781 posuit
934 1747 1102 1780 empedocles
1127 1747 1199 1780 quod
1224 1747 1307 1773 multa

226 1800 310 1833 capita
327 1801 532 1833 germinator-um
552 1800 647 1825 fuerint
659 1800 731 1833 prius
745 1799 827 1824 divisa
841 1807 909 1832 quae
928 1804 1021 1832 postea
1033 1807 1080 1832 per
1092 1798 1232 1824 amicitiam
1245 1803 1307 1823 sunt

226 1851 371 1877 coniuncta.
387 1847 421 1878 Si
437 1848 533 1888 igitur
549 1871 556 1878 .
572 1872 579 1880 .
595 1872 602 1880 .
615 1857 711 1888 supra
724 1851 771 1878 est
787 1851 965 1878 ostensum.
985 1849 1001 1883 g
1015 1850 1160 1875 Praeterea.
1185 1849 1212 1874 ln
1235 1849 1306 1874 omni

226 1903 358 1928 intellectu
381 1903 407 1928 in
430 1911 484 1936 quo
509 1904 575 1928 duae
600 1902 746 1936 praedictae
770 1903 938 1935 operationes
962 1902 1163 1934 coniunguntur,
1189 1900 1307 1933 operatio

225 1960 278 1986 qua
297 1953 475 1978 consideratur
487 1954 551 1986 quid
571 1958 620 1983 est,
634 1958 674 1978 est
692 1954 716 1978 in
737 1953 852 1986 potentia
872 1957 993 1985 respectu
1006 1952 1062 1976 eius
1076 1951 1236 1984 operationis
1255 1958 1308 1984 qua

225 2002 254 2029 fit
266 2004 423 2037 compositio
442 2009 468 2029 et
481 2004 582 2035 divisio,
595 2011 656 2029 nam
669 2004 772 2029 termini
793 2008 856 2029 sunt
870 2004 1056 2036 propositionis
1076 2002 1193 2028 materia.
1212 2002 1308 2028 Omnis

225 2055 301 2089 igitur
324 2056 469 2081 intellectus
488 2063 650 2089 componens
670 2062 696 2081 et
719 2055 837 2081 dividens
857 2061 897 2081 est
915 2055 1004 2088 aliquo
1028 2055 1108 2080 modo
1133 2054 1159 2079 in
1185 2054 1309 2088 potentia.

226 2107 374 2132 Intellectus
387 2112 474 2132 autem
488 2107 590 2132 divinus
604 2107 677 2132 nullo
690 2107 771 2132 modo
785 2112 825 2132 est
840 2107 865 2132 in
879 2106 1004 2140 potentia.
1019 2106 1075 2131 Non
1094 2106 1172 2139 igitur
1190 2105 1309 2138 intelligit

226 2165 273 2191 per
291 2159 400 2183 modum
418 2158 565 2183 intellectus
585 2158 766 2191 componentis
779 2163 805 2183 et
819 2158 965 2184 dividentis.
982 2155 999 2193 §
1016 2153 1177 2195 Amplius.
1196 2146 1224 2182 Id
1237 2156 1309 2189 quod

226 2215 267 2235 est
279 2210 430 2243 simpliciter
449 2211 563 2244 primum
582 2214 609 2235 et
625 2210 861 2246 perfectissimum,
881 2214 910 2236 et
927 2211 1015 2236 nobile
1034 2211 1078 2242 <ει
1096 2210 1308 2242 nobilissimum>

227 2260 288 2286 nihil
307 2261 332 2286 in
346 2268 376 2286 se
388 2261 466 2287 habet
484 2261 615 2294 posterius
629 2261 671 2293 <et
690 2261 778 2286 minus
793 2261 911 2293 nobile>:
931 2261 953 2286 si
966 2261 1036 2286 enim
1050 2260 1167 2290 haberet.
1186 2261 1236 2286 iam
1257 2268 1308 2286 non

227 2317 298 2338 esset
317 2312 430 2345 primum
449 2313 594 2338 secundum
615 2320 644 2338 se
663 2313 710 2338 sed
727 2313 827 2338 ratione
846 2313 956 2338 alicuius
970 2313 1042 2346 quod
1062 2312 1087 2338 in
1107 2312 1165 2345 ipso
1184 2318 1264 2343 esset,
1284 2317 1310 2337 et

228 2363 264 2388 sic
283 2363 346 2388 illud
366 2368 436 2388 esset
455 2371 502 2397 per
514 2371 543 2388 se
556 2364 706 2396 simpliciter
727 2363 851 2397 primum.
873 2364 1022 2389 Intellectus
1042 2369 1129 2389 autem
1149 2363 1310 2389 ratiocinatio

228 2414 356 2448 posterior
368 2419 409 2439 est
421 2415 611 2448 compositione
625 2415 666 2440 vel
680 2414 806 2440 divisione
820 2415 946 2446 eiusdem,
960 2418 987 2440 et
999 2415 1064 2440 haec
1077 2418 1125 2445 est,
1139 2423 1199 2441 cum
1218 2415 1309 2441 exinde

228 2466 344 2491 ducatur.
364 2461 412 2503 (In
430 2463 501 2493 Deo
519 2466 580 2491 nihil
604 2461 702 2504 [non]
727 2469 834 2504 potest
862 2473 931 2494 esse
956 2464 1044 2504 prius
1066 2470 1097 2494 et
1122 2462 1309 2506 posterius.)

229 2514 436 2555 Compositio
454 2519 531 2543 etiam
549 2513 686 2556 (autem)
713 2521 744 2546 et
769 2515 885 2546 divisio
911 2517 1071 2556 posterior
1093 2522 1140 2546 est
1161 2516 1309 2548 conside·

229 2566 352 2596 ratione
376 2565 445 2596 eius
470 2565 560 2606 quod
585 2565 663 2606 quid
681 2572 738 2603 est,
765 2576 849 2607 quae
874 2573 922 2598 est
946 2568 1015 2598 eius
1040 2568 1248 2609 principium.
1274 2568 1309 2599 In

228 2618 419 2658 operatione
447 2618 544 2658 igitur
568 2617 667 2649 divini
692 2618 875 2649 intellectus
901 2623 945 2655 qui
964 2628 1004 2648 est
1026 2623 1178 2656 simpliciter
1200 2624 1310 2657 primus,

228 2681 275 2698 nec
295 2673 454 2698 ratiocinatio
474 2680 521 2698 nec
545 2670 742 2710 compositio
768 2676 799 2700 et
825 2669 941 2701 divisio
967 2680 1036 2701 esse
1065 2670 1162 2712 (non)
1190 2677 1308 2712 potest.

228 2722 246 2761 §
264 2720 354 2751 Item.
375 2724 452 2755 Quod
472 2733 566 2759 purum
585 2731 626 2750 est
644 2726 669 2750 in
684 2733 713 2750 se
728 2726 841 2751 alienum
862 2734 915 2751 non
928 2726 1015 2757 habet,
1029 2734 1078 2752 nec
1092 2728 1117 2752 in
1131 2734 1164 2751 eo
1177 2727 1249 2760 quod
1262 2735 1310 2760 per

229 2784 258 2802 se
276 2778 384 2802 omnino
402 2783 450 2808 est,
470 2777 568 2810 aliquid
588 2785 634 2811 per
653 2778 774 2802 accidens
795 2785 855 2803 esse
874 2782 970 2811 potest.
993 2778 1044 2804 Sed
1065 2778 1136 2804 Deus
1155 2783 1196 2804 est
1216 2787 1262 2812 per
1281 2786 1310 2804 se

229 2833 255 2853 et
269 2835 350 2860 purus
365 2829 518 2859 intellectus,
532 2836 591 2853 cum
606 2836 683 2853 suum
699 2836 759 2853 esse
774 2829 806 2854 sit
820 2836 899 2853 suum
914 2829 1064 2862 intelligere.
1078 2835 1106 2854 ut
1122 2837 1203 2862 supra
1221 2835 1309 2855 osten-

229 2886 288 2903 sum
309 2883 357 2904 est.
372 2878 450 2909 Quod
470 2879 545 2911 igitur
558 2886 604 2909 per
619 2879 738 2905 accidens
754 2879 786 2904 ad
800 2879 961 2904 intellectum
975 2881 1094 2913 pertinet,
1109 2880 1158 2906 hoc
1178 2881 1202 2906 in
1223 2881 1311 2906 divino

229 2929 359 2954 intellectu
380 2937 438 2955 esse
460 2938 512 2954 non
537 2935 630 2963 potest,
655 2930 701 2955 sed
726 2930 812 2955 solum
837 2931 909 2963 quod
934 2936 975 2955 est
999 2931 1139 2957 intellectui
1167 2933 1310 2965 proprium.

230 2976 400 3017 Proprium
425 2986 511 3006 autem
536 2978 701 3008 obiectum
731 2977 916 3009 intellectus
944 2985 991 3009 est
1023 2979 1113 3019 quod
1145 2980 1224 3020 quid
1252 2986 1309 3011 est.

231 3027 323 3058 Unde
341 3028 423 3058 circa
441 3029 503 3059 hoc
519 3052 525 3058 .
541 3052 547 3059 .
564 3051 570 3058 .
586 3028 713 3059 fallitur.
734 3028 782 3070 (ln
799 3029 967 3060 intellectu
986 3036 1094 3061 autem
1110 3030 1224 3061 divino
1241 3041 1309 3062 non

231 3084 278 3108 est
301 3078 422 3119 aliquid
447 3087 503 3119 per
527 3079 685 3115 accidens,
706 3079 762 3110 sed
787 3079 897 3111 solum
922 3080 1013 3121 quod
1038 3091 1095 3123 per
1119 3092 1152 3113 se
1177 3082 1249 3124 est.)
1274 3082 1309 3114 In

232 3129 342 3161 divino
356 3154 362 3161 .
377 3155 383 3161 .
396 3154 402 3161 .
417 3132 460 3162 rei
479 3132 636 3172 acceptio.
651 3134 668 3168 ς
682 3135 783 3161 Adhuc.
798 3135 825 3160 ln
841 3136 957 3169 quolibet
970 3145 1067 3171 genere
1079 3142 1184 3171 oportet
1198 3139 1310 3172 primam

233 3192 381 3210 mensuram
402 3186 575 3211 certissimam
594 3194 662 3218 esse,
676 3194 737 3212 cum
751 3195 781 3213 ex
795 3195 826 3212 ea
844 3188 893 3213 alia
912 3189 1066 3215 iudicentur.
1087 3189 1113 3215 ld
1134 3195 1223 3215 autem
1237 3190 1310 3223 quod

233 3242 272 3261 cst
294 3238 468 3263 certissimum
487 3238 513 3263 in
533 3238 736 3272 intelligibilibus
756 3245 796 3265 est
816 3241 991 3266 consideratio
1010 3242 1066 3266 eius
1086 3242 1159 3275 quod
1178 3242 1241 3275 quid
1261 3247 1309 3273 est,

233 3295 292 3313 cum
317 3289 338 3313 ei
364 3297 415 3314 non
440 3289 560 3314 adveniat
588 3290 694 3320 falsitas.
719 3291 767 3316 nisi
792 3299 838 3324 per
863 3293 992 3324 accidens,
1016 3293 1171 3326 inquantum
1197 3294 1311 3326 implicat

237 3339 252 3356 '¹‘
265 3339 377 3372 aliquam
397 3340 489 3366 falsam
510 3342 735 3374 compositionem,
756 3348 784 3368 ut
803 3344 824 3368 si
845 3344 944 3369 dicatur
962 3345 1035 3377 quod
1055 3344 1136 3370 homo
1155 3350 1196 3370 est
1214 3345 1309 3371 animal

235 3391 392 3417 insensibile.
406 3392 475 3424 Ergo
488 3392 545 3417 sola
564 3393 735 3418 consideratio
749 3394 804 3418 eius
818 3394 891 3427 quod
905 3395 967 3427 quid
983 3400 1022 3419 est
1042 3399 1128 3428 potest
1147 3403 1207 3420 esse
1226 3396 1310 3429 prima

236 3450 358 3468 mensura
381 3444 405 3468 in
427 3450 522 3476 genere
541 3444 748 3477 intelligibilium.
769 3445 819 3470 Sed
840 3446 941 3470 divinus
961 3446 1107 3472 intellectus
1127 3452 1167 3471 est
1187 3454 1310 3472 mensura

1198 117 1465 156 APPENDIX

1360 201 1439 234 igitur
1461 200 1488 225 in
1510 199 1570 232 ipso
1594 197 1750 231 compositio
1772 202 1801 223 et
1823 197 1923 227 divisio,
1948 197 1996 222 sed
2014 197 2105 222 solum
2129 196 2302 222 consideratio
2329 196 2441 230 simplex

1361 253 1417 277 eius
1448 252 1520 285 quod
1542 251 1606 285 quid
1636 254 1686 275 est.
1717 247 1736 285 g
1756 245 1917 286 Amplius.
1943 249 2098 282 Ριυροεὶιῐο
2120 245 2359 286 Propositionis
2383 255 2442 287 per

1361 299 1563 330 intellectum
1591 301 1851 337 componentem
1882 302 1914 327 et
1941 295 2141 328 dividentem
2163 301 2291 335 formata
2322 297 2442 328 forma-

1360 355 1411 380 tae
1427 351 1444 367 *
1467 354 1506 379 sic
1529 353 1563 378 ab
1582 353 1674 379 eodem
1699 351 1832 377 intellectu
1861 351 2025 385 intelligitur
2051 351 2078 377 in
2104 359 2158 385 quo
2177 348 2374 389 compositio
2406 349 2441 380 in

1360 401 1433 441 ipso
1457 399 1624 430 intellectu
1648 399 1763 435 existit,
1788 408 1856 429 non
1881 398 1915 429 in
1938 408 1972 429 re
1996 408 2081 440 quae
2111 405 2159 430 est
2183 405 2271 430 extra
2298 399 2440 430 animam

1360 464 1413 481 non
1431 456 1500 481 enim
1520 455 1616 481 animal
1635 460 1661 480 et
1679 454 1760 479 homo
1779 455 1816 480 sic
1834 460 1897 480 sunt
1915 459 1987 480 extra
2009 455 2124 481 animam
2147 455 2230 480 divisa
2251 459 2282 480 ut
2303 455 2330 480 in
2353 460 2442 480 mente

1359 509 1481 541 componi
1505 508 1607 540 possint
1629 508 1697 532 sicut
1719 507 1786 532 duae
1809 512 1898 540 partes
1921 507 2030 533 alicuius
2053 508 2141 539 totius,
2171 508 2219 533 sed
2240 507 2324 533 homo
2347 512 2389 533 est
2415 508 2443 534 id

1360 561 1432 593 quod
1450 567 1512 585 vere
1531 560 1626 584 animal
1645 564 1694 584 est.
1714 559 1791 584 Unde
1809 564 1835 584 et
1851 566 1945 584 verum
1963 564 1990 584 et
2007 559 2114 590 falsum,
2134 567 2203 592 quae
2221 559 2442 593 compositionem

1337 639 1339 641 ,
1360 611 1518 645 praedictam
1539 616 1695 644 sequuntur,
1715 618 1767 636 non
1786 611 1813 635 in
1832 618 1861 636 re
1879 611 1928 636 sed
1945 611 1972 636 in
1992 617 2081 638 mente
2100 619 2160 638 ease
2173 611 2302 644 dicuntur,
2321 617 2352 638 ut
2370 615 2443 645 patet

1320 675 1345 690 io

1321 933 1343 953 ¹5

1321 1192 1347 1206 20

1320 1447 1342 1467 ²5

1321 1702 1346 1719 30

1323 1961 1344 1981 ³5

1323 2217 1350 2237 ρο

1324 2477 1346 2497 ⁴5

1325 2732 1350 2752 50

1327 2992 1349 3012 55

1323 3245 1351 3266 60

1359 664 1384 688 in
1399 662 1430 688 ‘vi
1449 661 1565 695 metaph.
1583 661 1747 686 Intellectum
1766 667 1855 687 autem
1874 662 1991 688 divinum
2010 667 2088 696 prout
2112 669 2154 688 est
2177 664 2203 689 in
2221 663 2383 696 intelligente
2401 667 2444 688 eat

1360 714 1469 740 omnino
1487 713 1557 738 idem
1578 713 1650 746 quod
1673 701 1830 744 intellectus,
1849 714 1996 740 secundum
2016 718 2104 740 autem
2123 716 2196 748 quod
2215 719 2256 740 est
2277 719 2350 740 extra
2367 714 2394 740 in
2413 721 2442 739 re

1360 766 1484 800 contingit
1503 766 1636 790 diversum
1655 772 1725 790 esse·
1741 760 1774 792 Si
1798 762 1896 801 igitur
1911 785 1919 791 .
1934 785 1942 792 .
1956 784 1964 792 .
1983 767 2019 792 ut
2035 772 2074 793 ex
2090 762 2183 794 dictis
2199 768 2298 804 patet.
2314 764 2333 802 ᾗ
2349 752 2442 793 Item,-

1359 814 1545 845 Intellectus
1561 836 1569 844 .
1584 837 1591 844 .
1607 837 1614 844 .
1627 822 1696 844 non
1716 812 1852 844 excedit.
1868 811 1965 844 Unde
1981 824 2035 842 non
2052 818 2146 842 eadem
2169 815 2187 831 ⁴*
2199 814 2443 855 compositione

1361 876 1425 906 qua
1449 865 1634 896 intellectus
1658 863 1814 896 diiudicat
1836 865 2006 895 hominem
2027 874 2096 896 esse
2120 865 2250 902 animal,
2274 875 2343 897 non
2359 865 2443 896 diiu-

1361 917 1446 949 dicat
1469 917 1669 958 triangulum
1693 927 1763 948 esse
1786 916 1934 957 figuram.
1960 916 2172 958 Compositio
2190 940 2198 948 .
2213 940 2220 948 .
2235 941 2242 947 .
2258 917 2444 949 intellectus

1360 975 1417 1000 est.
1443 969 1476 1001 Si
1499 970 1598 1010 igitur
1621 969 1711 1000 Deus
1735 978 1785 1000 res
1809 968 1993 1000 considerat
2008 979 2061 1005 per
2080 968 2317 1010 componendo
2342 974 2374 1000 et
2397 967 2444 1000 di-

1360 1020 1514 1059 videndo,
1544 1026 1701 1060 sequetur
1718 1044 1725 1050 .
1739 1043 1747 1051 .
1763 1044 1770 1051 .
1787 1026 1824 1051 ut
1855 1029 1954 1061 supra
1981 1025 2152 1051 ostensum
2180 1025 2238 1051 est.
2262 1023 2280 1057 θ
2298 1023 2445 1050 Pnetem.

1364 1077 1460 1103 Ostena
1491 1077 1672 1102 consideratio
1691 1076 1800 1102 alicuius
1819 1077 1856 1102 rei
1879 1084 1927 1110 per
1946 1084 2022 1102 suam
2041 1077 2184 1102 essentiam
2204 1084 2257 1102 non
2281 1082 2323 1102 est
2339 1084 2389 1111 per
2405 1077 2444 1103 in-

1359 1129 1495 1154 tellectum
1515 1132 1720 1161 componentem
1738 1133 1764 1153 et
1777 1129 1944 1160 dividentem,
1957 1129 2005 1154 sed
2019 1136 2068 1162 per
2079 1128 2226 1162 simplicem
2238 1129 2444 1163 intelligentiam,

1363 1181 1411 1205 nisi
1424 1180 1492 1205 forte
1504 1187 1553 1213 per
1565 1179 1694 1211 accidens,
1712 1179 1868 1213 inquantum
1888 1180 2069 1214 investigando
2087 1188 2119 1206 ex
2136 1180 2267 1214 aliquibus
2287 1181 2444 1214 propositio-

1361 1231 1438 1257 nibus
1457 1231 1603 1256 intellectus
1622 1236 1713 1256 noster
1730 1231 1849 1264 procedit
1867 1231 1900 1257 ad
1918 1232 2134 1265 cognoscendum
2159 1231 2268 1258 alicuius
2291 1232 2328 1258 rei
2353 1240 2445 1259 essen·

1361 1283 1432 1312 tiam.
1452 1283 1524 1316 quod
1544 1283 1569 1308 in
1589 1282 1678 1308 divino
1689 1283 1824 1309 intellectu
1835 1283 1952 1309 accidere
1970 1291 2023 1309 non
2042 1289 2141 1316 potest.
2155 1284 2240 1318 Supra
2254 1289 2343 1310 autem
2355 1289 2446 1310 osten-

1360 1342 1421 1360 sum
1444 1340 1487 1360 est
1504 1334 1578 1368 quod
1592 1334 1668 1361 Deus
1683 1341 1737 1368 per
1753 1335 1898 1361 essentiam
1917 1342 1996 1361 suan
2007 1335 2102 1361 omnia
2111 1335 2184 1370 quod
2197 1336 2269 1362 Deus
2284 1335 2446 1370 inquantum

1359 1385 1491 1419 intelligit
1509 1386 1654 1411 essentiam
1672 1392 1750 1411 suam
1763 1386 1852 1411 omnia
1871 1385 1921 1411 alia
1938 1386 2075 1419 cognoscit
2093 1386 2252 1420 inquantum
2270 1386 2391 1420 intelligit
2403 1394 2446 1413 es-

1360 1437 1472 1463 sentiam
1496 1445 1581 1462 suam.
1601 1437 1660 1462 Non
1678 1437 1755 1471 igitur
1777 1437 1898 1471 intelligit
1914 1445 1958 1463 res
1976 1438 2163 1471 componendo
2181 1443 2209 1464 et
2229 1438 2379 1470 dividendo,
2397 1439 2447 1465 sed

1359 1490 1392 1516 ad
1406 1490 1517 1515 modum
1533 1490 1680 1516 intellectus
1696 1490 1742 1523 qui
1755 1490 1903 1520 considerat
1915 1490 1988 1524 quod
2000 1490 2065 1524 quid
2078 1496 2128 1516 est.
2147 1486 2165 1525 ,ξ
2180 1485 2259 1518 Non
2275 1493 2386 1518 autem
2436 1509 2444 1518 .

1359 1538 1540 1578 cognoscit.
1565 1539 1583 1577 §
1606 1537 1666 1569 His
1690 1543 1799 1569 autem
1816 1562 1824 1569 .
1840 1562 1847 1569 .
1862 1562 1869 1568 .
1887 1544 1920 1570 et
1942 1537 2179 1570 indivisibiliter
2205 1537 2375 1569 divisibilia
2400 1538 2447 1579 (et

1358 1589 1460 1620 multa
1483 1588 1632 1629 unitive.)
1650 1591 1667 1606 ⁴*

1521 1693 1602 1735 Cap.
1630 1693 1711 1725 LIX.
1736 1693 1834 1732 Quor>
1859 1705 1879 1725 A
1903 1694 1975 1725 Dso
2000 1704 2065 1725 non
2089 1704 2287 1725 sxctumrun

1699 1755 1828 1776 vaurms
1852 1755 2109 1776 nummatum«.

1489 1811 1677 1852 Capitulum
1701 1811 1858 1852 scriptum
1883 1812 1916 1842 in
1940 1816 2103 1852 quaterno
2128 1811 2323 1842 auxiliario.

1417 1897 1435 1934 ἓ
1452 1896 1499 1927 Ex
1517 1897 1580 1928 hoc
1601 1906 1689 1926 autem
1708 1901 1780 1934 quod
1799 1896 1923 1939 (autem
1953 1903 2087 1939 apparet
2116 1897 2219 1938 quod⁴
2233 1896 2322 1937 licet)
2347 1896 2448 1929 divini

1362 1947 1544 1979 intellectus
1569 1949 1715 1989 cognitio
1738 1959 1806 1980 non
1832 1959 1866 1981 se
1890 1953 1968 1979 habet
1994 1948 2138 1990 (habeat)
2167 1948 2208 1980 ad
2231 1948 2371 1980 modum
2398 1948 2450 1981 in-

1363 1998 1511 2031 tellectus
1527 2001 1759 2041 componentis
1775 2006 1807 2032 et
1822 1999 2007 2039 dividentis,
2022 2010 2092 2032 non
2109 1999 2247 2042 (tamen)
2266 1999 2450 2033 excluditur

1362 2051 1401 2081 ab
1431 2060 1472 2082 eo
1504 2052 1629 2088 veritas,
1658 2061 1753 2093 quae,
1783 2052 1966 2084 secundum
1997 2053 2234 2094 philosophum
2259 2051 2299 2094 (νι
2327 2050 2446 2095 naupli)

1363 2102 1474 2133 solum
1499 2103 1583 2134 circa
1607 2104 1885 2145 compositionem
1910 2109 1942 2136 et
1965 2103 2161 2136 divisionem
2185 2103 2370 2136 intellectus
2388 2109 2448 2136 est.

1365 2153 1453 2184 Cum
1478 2155 1566 2185 enim
1591 2155 1707 2186 veritas
1730 2155 1915 2188 intellectus
1938 2157 1979 2187 sit
2002 2167 2049 2192 per
2067 2167 2149 2194 quam
2167 2158 2330 2194 significatur
2352 2155 2448 2188 adae-

1365 2206 1478 2246 quatio
1503 2205 1687 2237 intellectus
1711 2211 1743 2238 et
1771 2207 1817 2238 rei
1840 2206 2023 2238 secundum
2047 2206 2140 2249 quod
2163 2207 2348 2238 intellectus
2370 2206 2449 2240 dicit

1364 2266 1433 2288 esse
1459 2256 1550 2297 quod
1573 2262 1621 2288 est
1647 2257 1699 2289 vel
1729 2267 1798 2289 non
1830 2267 1900 2290 esse
1931 2258 2024 2299 quod
2054 2268 2122 2290 non
2154 2263 2212 2294 est,
2237 2257 2278 2289 ad
2308 2257 2390 2291 illud
2412 2259 2447 2290 in

1363 2308 1531 2340 intellectu
1568 2310 1682 2340 veritas
1710 2310 1851 2350 pertinet
1877 2309 1970 2351 quod
1997 2309 2180 2342 intellectus
2203 2309 2291 2347 dicit,
2314 2319 2384 2341 non
2408 2308 2449 2341 ad

1365 2361 1591 2401 operationem
1616 2370 1680 2401 qua
1703 2360 1784 2392 illud
1808 2360 1896 2392 dicit.
1925 2361 2002 2393 Non
2033 2361 2122 2393 enim
2136 2385 2144 2392 .
2158 2385 2166 2392 .
2181 2385 2197 2397 .,
2214 2361 2299 2393 sicut
2321 2360 2448 2393 intelle-

1364 2418 1436 2444 ctus
1461 2412 1547 2444 dicit.
1573 2412 1663 2444 Deus
1688 2419 1796 2444 autem
1821 2423 1879 2445 sua
1903 2413 2043 2454 simplici
2073 2412 2297 2454 intelligentia,
2320 2413 2354 2444 in
2382 2421 2448 2454 qua

1364 2473 1432 2495 non
1457 2470 1504 2495 est
1520 2465 1720 2505 compositio
1745 2470 1777 2496 et
1792 2464 1919 2503 divisio,
1936 2465 2107 2506 cognoscit
2122 2474 2190 2496 non
2214 2464 2324 2496 solum
2339 2472 2448 2496 rerum

1363 2515 1560 2557 quidditates
1583 2515 1640 2548 sed
1664 2516 1761 2548 etiam
1786 2517 2028 2548 enuntiationes
2054 2515 2103 2559 (ut
2126 2521 2296 2548 ostensum
2319 2513 2392 2554 est),
2416 2520 2450 2547 et

1363 2568 1410 2598 sic
1434 2567 1514 2599 illud
1538 2567 1630 2608 quod
1657 2568 1841 2599 intellectus
1866 2568 1994 2600 divinus
2019 2566 2260 2609 (intelligendo)
2285 2566 2373 2604 dicit,
2400 2571 2450 2599 est

1364 2619 1563 2660 compositio
1589 2625 1620 2650 et
1643 2618 1770 2651 divisio.
1795 2619 1872 2651 Non
1896 2629 1974 2661 ergo
1999 2618 2182 2651 excluditur
2204 2619 2320 2650 veritas
2343 2618 2383 2650 ab
2398 2619 2449 2651 in-

1363 2671 1495 2703 tellectu
1512 2671 1624 2703 divino
1648 2673 1773 2703 ratione
1797 2682 1874 2704 suae
1897 2671 2124 2714 simplicitatis.
2143 2673 2162 2712 5
2178 2671 2340 2712 Amplius.
2360 2670 2449 2703 Cum

1364 2722 1498 2763 aliquod
1523 2723 1771 2764 incomplexum
1788 2746 1796 2755 .
1811 2747 1818 2755 .
1833 2747 1839 2754 .
1858 2724 2113 2765 applicationem
2132 2722 2172 2754 ad
2196 2731 2276 2754 rem.
2293 2721 2389 2754 Unde
2406 2720 2449 2754 de

1364 2784 1398 2806 se
1422 2784 1484 2806 nec
1509 2785 1623 2807 verum
1647 2785 1708 2807 nec
1733 2775 1849 2807 falsum
1881 2775 1945 2807 dici
1975 2780 2094 2817 potest,
2119 2774 2177 2806 sed
2204 2779 2332 2806 tantum
2357 2781 2450 2805 com-

1366 2825 1510 2867 plexum,
1536 2837 1591 2863 quo
1610 2830 1716 2863 aliquod
1734 2831 1930 2864 incomplexum
1948 2830 1986 2856 rei
2006 2834 2174 2863 comparatur
2194 2825 2240 2864 (in
2271 2834 2340 2866 quo
2364 2823 2449 2856 desi-

1365 2882 1482 2917 gnatur
1506 2878 1708 2918 comparatio
1734 2877 1936 2919 incomplexi
1959 2877 2000 2908 ad
2024 2876 2107 2909 rem}
2139 2885 2197 2918 per
2219 2881 2334 2907 notam
2357 2884 2450 2907 com-

1365 2928 1537 2968 positionis
1569 2934 1624 2959 aut
1653 2927 1829 2959 divisionis.
1861 2928 2048 2959 Intellectus
2079 2933 2190 2959 tamen
2221 2925 2451 2967 incomplexus

1366 2983 1520 3017 inteuigens
1538 2979 1750 3020 intelligendo
1774 2979 1866 3021 quod
1890 2979 1970 3021 quid
1995 2985 2052 3016 est,
2078 2978 2294 3020 apprehendit
2321 2977 2450 3019 quiddi-

1365 3038 1465 3063 tatem
1489 3033 1535 3063 rei
1559 3039 1589 3061 ut
1607 3038 1795 3068 comparatam
1814 3032 1847 3062 in
1873 3031 2014 3071 quadam
2039 3031 2286 3071 comparatione
2309 3029 2350 3061 ad
2370 3038 2450 3069 rem,

1365 3085 1442 3125 quia
1470 3082 1685 3125 apprehendit
1715 3092 1787 3114 eam
1819 3088 1855 3114 ut
1882 3083 1980 3114 huius
2013 3083 2058 3113 rei
2089 3081 2314 3123 quidditatem.
2343 3080 2468 3118 Unde..

1365 3136 1441 3167 licet
1457 3136 1566 3176 ipsum
1590 3134 1848 3175 incomplexum,
1864 3133 1916 3165 vel
1941 3134 2038 3165 etiarn
2062 3132 2222 3172 definitio,
2245 3141 2314 3163 non
2337 3132 2379 3163 sit
2401 3140 2451 3164 se·

1366 3187 1514 3219 cundum
1537 3197 1571 3218 se
1599 3196 1712 3218 verum
1736 3186 1788 3217 vel
1819 3185 1948 3221 falsum,
1978 3190 2088 3216 tamen
2120 3184 2304 3215 intellectus
2334 3191 2451 3224 appre-

1364 3238 1513 3270 hendens
1537 3237 1629 3279 quod
1645 3237 1725 3279 quid
1749 3243 1797 3269 est
1820 3236 1938 3268 dicitur
1953 3235 2088 3278 quidem
2114 3245 2172 3277 per
2187 3245 2222 3267 se
2237 3243 2366 3275 semper
2381 3242 2451 3266 esse

1364 3300 1470 3331 verus,
1486 3295 1523 3321 ut
1546 3295 1635 3331 patet
1651 3290 1684 3320 in
1700 3289 1796 3320 tertio
1813 3288 1853 3320 de
1873 3289 1991 3325 anima,
2014 3287 2075 3319 etsi
2098 3296 2156 3328 per
2178 3285 2329 3318 accidens
2347 3285 2451 3326 possit

1365 3351 1434 3374 esse
1458 3341 1567 3379 falsus,
1592 3342 1788 3382 inquantum
1804 3340 1856 3372 vel
1880 3339 2028 3372 definitio
2051 3337 2189 3370 includit
2211 3337 2355 3378 aliquam
2378 3347 2451 3366 cora-

1365 3398 1522 3431 positionem
1546 3391 1839 3434 (complexionem)
1863 3391 1915 3423 vel
1939 3391 2080 3432 partium
2109 3387 2309 3421 definitionis
2334 3387 2374 3419 ad
2401 3388 2451 3419 in·

1363 3445 1480 3483 vicem,
1504 3444 1556 3475 vel
1579 3444 1680 3475 totius
1703 3441 1903 3474 definitionis
1918 3441 1958 3472 ad
1980 3439 2162 3472 definitum.
2187 3438 2283 3471 Unde
2302 3437 2451 3470 definitio

237 3493 318 3525 prima
343 3494 367 3518 in
392 3501 486 3526 genere
510 3494 708 3528 intelligibilium
732 3500 758 3520 et
782 3496 853 3521 nullo
878 3497 958 3521 modo
986 3502 1164 3523 mensuratus.
1187 3497 1245 3523 Non
1270 3503 1311 3524 est
1323 3502 1347 3527 ες
1364 3494 1490 3526 dicetur
1519 3494 1700 3526 Secundum
1729 3492 1820 3535 quod
1847 3491 2035 3532 intelligitur
2066 3488 2128 3532 (ut)
2164 3490 2261 3521 hUius
2288 3489 2336 3521 Vel
2364 3489 2451 3521 iliius

311 3652 326 3676 b
349 3651 380 3684 34
399 3652 479 3686 Capp.
499 3653 628 3688 rix-uin]
658 3655 695 3679 Ex
723 3654 762 3680 his
788 3655 907 3688 capitulis
933 3657 1021 3681 solum
1047 3664 1088 3682 ui
1113 3657 1239 3690 scriptum
1263 3658 1311 3683 fuit
1329 3658 1355 3683 in
1378 3658 1442 3683 folio
1460 3658 1600 3691 principali.
1630 3657 1697 3682 Nota
1715 3657 1742 3682 in
1761 3655 1878 3689 margine
1896 3653 1982 3688 posita
2006 3653 2038 3678 ad
2057 3652 2135 3678 liuius
2155 3652 2265 3682 initium.
2287 3658 2319 3686 ¹7
2338 3659 2352 3677 r
2369 3651 2387 3677 b
2405 3651 2452 3685 43·

238 3696 448 3728 transcriptorem
469 3698 544 3722 mittit
563 3698 594 3722 ad
614 3703 769 3731 quaternum
790 3700 947 3731 auxiliarem.
967 3708 1013 3734 per
1026 3701 1114 3731 verba.
1136 3702 1184 3727 Ex
1202 3702 1251 3727 hoc
1269 3706 1359 3728 aurem
1374 3702 1447 3736 quod
1465 3702 1614 3728 intellectus
1626 3701 1713 3727 divini
1730 3706 1830 3734 quaere
1848 3699 1875 3725 {n
1890 3698 1946 3724 allo
1964 3700 2106 3731 quaterno.
2126 3698 2222 3723 Postea
2240 3697 2318 3723 dictio
2336 3701 2452 3730 utroque

240 3742 298 3766 loco
318 3745 415 3765 mutata
435 3746 487 3766 est:
508 3742 555 3766 Ex
573 3742 621 3767 hoc
640 3746 730 3768 autem
750 3748 866 3776 apparet
884 3745 956 3778 quod
978 3745 1040 3772 licet
1060 3746 1147 3771 diuini
1165 3746 1315 3772 intellectus
1334 3746 1387 3781 (vel
1406 3747 1555 3773 intellectus
1574 3745 1681 3780 divini).
1694 3746 1723 3771 ln
1740 3749 1868 3779 quaterno
1881 3747 1942 3776 post
1960 3749 2015 3775 cap.
2035 3749 2076 3768 ux
2096 3742 2215 3775 sequitur
2233 3748 2302 3767 nova
2320 3740 2451 3767 inchoatio

239 3786 343 3819 capituli
363 3793 411 3815 i.x1‚
431 3793 490 3810 cum
510 3787 662 3812 remissione
682 3788 714 3812 ad
733 3787 776 3814 fol.
801 3796 830 3821 ¹7
851 3797 899 3822 pro
918 3790 974 3815 eius
994 3790 1196 3816 continuatione.
1217 3791 1287 3816 Haec
1306 3799 1374 3817 nova
1386 3790 1516 3816 inchoatio
1529 3796 1618 3817 tamen
1637 3789 1717 3816 simul
1735 3796 1796 3814 cum
1815 3787 1882 3813 dicta
1900 3787 2056 3812 remissione
2070 3787 2179 3817 deletur.
2199 3791 2225 3812 et
2243 3786 2318 3812 linai·
2336 3792 2450 3820 sequen-

239 3832 308 3856 tibus
328 3830 448 3856 scribitur
466 3830 605 3863 capitulum
626 3838 665 3856 ex.
685 3832 857 3865 Subsequitur
879 3834 951 3859 tertia
978 3840 1003 3859 et
1029 3833 1159 3859 definitiva
1189 3834 1317 3860 inchoatio
1336 3836 1439 3868 capituli
1459 3843 1500 3861 ui
1519 3840 1545 3861 et
1563 3834 1648 3860 scriba
1667 3834 1761 3860 iterum
1785 3831 1925 3858 remittitur
1943 3831 1975 3857 ad
1995 3831 2040 3857 fol.
2064 3839 2103 3864 ¹7·
2128 3831 2197 3857 Cum
2215 3829 2267 3857 fine
2285 3830 2364 3856 huius
2383 3830 2451 3864 capl-

240 3874 294 3903 tuli,
318 3881 347 3907 ¹7
361 3882 376 3898 v
397 3874 412 3898 b
429 3873 451 3904 5,
480 3874 506 3899 S.
526 3873 643 3899 Thomas
666 3882 776 3900 vacuum
797 3877 917 3914 relinquit
937 3877 961 3902 id
981 3878 1053 3910 quod
1072 3883 1153 3903 restat
1181 3879 1234 3904 folii
1263 3884 1371 3913 propter
1388 3879 1485 3904 malam
1513 3878 1690 3904 conditionem
1717 3877 1808 3910 ipsius,
1827 3881 1854 3902 et
1873 3883 1921 3909 pro
1940 3883 1997 3909 cap.
2015 3882 2066 3900 un
2095 3875 2190 3902 iterum
2209 3874 2316 3901 remittit
2334 3874 2366 3900 ad
2385 3881 2450 3908 qua-

240 3923 343 3943 ternum
363 3918 510 3943 auxiliarem
531 3926 577 3951 per
597 3919 684 3948 verba,
707 3920 752 3944 Ex
771 3919 819 3945 hoc
837 3924 928 3946 autem
948 3922 1020 3953 quod
1033 3922 1120 3947 diuini
1139 3922 1288 3949 intellectus
1300 3923 1421 3958 cognitio
1433 3930 1532 3956 quaere
1550 3923 1576 3949 in
1595 3922 1650 3948 allo
1663 3924 1805 3955 quaterno.
1823 3920 1895 3945 Haec
1915 3920 2001 3945 citatlo
2015 3919 2123 3945 dubium
2143 3919 2244 3954 peperit
2261 3918 2450 3952 muer-lpum,

241 3963 285 3995 qui
305 3968 383 3992 notat.
403 3963 445 3988 hic
464 3966 503 3988 est
523 3963 657 3996 dqsectus:
676 3963 722 3988 sed
742 3963 834 3988 deinde
854 3964 976 3990 intellexit
996 3966 1082 3990 locum
1103 3967 1221 3999 quaterni
1241 3967 1370 3992 intentum
1389 3968 1502 4000 incipere
1521 3974 1567 4001 per
1579 3965 1659 3992 verba
1678 3964 1727 3990 Ee
1743 3964 1785 3990 hir
1803 3967 1893 3989 autem
1913 3971 1982 3997 quae
1996 3967 2105 3990 ostensa
2124 3966 2196 3994 runt,
2216 3970 2285 3997 quas
2304 3967 2452 3996 sequuntur

241 4008 272 4032 ad
291 4015 321 4032 ea
340 4015 407 4040 quae
426 4008 475 4033 iam
496 4012 711 4040 transumpserat.
731 4007 797 4032 Cum
817 4007 879 4032 folio
903 4008 932 4034 ¹8
952 4014 977 4034 et
997 4017 1051 4043 cap.
1072 4017 1133 4035 rxiu
1152 4011 1294 4036 resumitur
1312 4019 1406 4037 cursus
1424 4011 1547 4036 foliorum
1566 4009 1755 4043 principalium.

2468 357 2478 366 '
2493 355 2539 377 vid
2550 355 2584 377 nd
2597 355 2644 377 loc.

2471 818 2480 827 ·
2497 816 2552 839 Vid.
2567 815 2598 839 ad
2611 816 2660 839 loe.

2473 1582 2483 1593 ²
2498 1580 2553 1605 vid.
2566 1581 2598 1604 ad
2613 1581 2662 1605 b&

2473 1900 2506 1924 μ’
2519 1894 2566 1918 δι.
2579 1905 2592 1912 -
2606 1893 2692 1925 μιῇ.
