2716 4302
69 1014 80 1026 ⁸
95 1013 149 1051 Vici.
164 1013 194 1036 ad
208 1013 253 1036 loc.

1294 165 1559 203 APPENDIX

315 236 393 274 vult,
411 242 542 277 oportet
567 238 657 277 quod
682 239 734 269 illa
758 240 835 271 velit
857 245 914 270 sine
933 245 1027 279 quibus
1047 247 1114 272 illud
1132 254 1189 273 esse
1207 255 1223 272 n
1243 254 1326 285 quae
1347 245 1386 276 ad

313 286 393 317 illud
424 287 644 327 requiruntur.
681 289 755 320 Hoc
785 296 894 321 autem
926 299 973 323 est
1003 294 1203 334 impossibile
1237 299 1293 324 sive
1318 306 1389 325 crea.

313 337 414 375 Quod
439 337 573 378 quidem
596 345 684 379 patet
707 341 732 370 si
756 350 806 371 res
830 351 887 381 per
911 343 1111 374 voluntatem
1139 345 1240 385 ipsius
1263 346 1295 375 in
1321 354 1390 376 esse

313 387 502 429 procedant,
532 389 608 429 quia
640 396 717 420 tunc
747 398 877 432 oportet
906 395 1069 425 actionem
1100 405 1164 436 qua
1192 406 1241 426 res
1269 396 1391 436 produ-

314 446 432 470 cuntur
455 449 525 470 esse
541 441 767 474 voluntariam.
786 442 936 474 Similiter
961 446 985 475 si
1009 447 1195 477 naturaliter
1218 448 1257 477 sit
1281 457 1388 477 rerum

313 499 420 527 causa,
445 491 522 531 quia
546 491 629 521 sicut
653 492 759 532 placet
789 494 850 523 sibi
877 504 935 524 sua
962 503 1085 533 natura,
1117 498 1162 527 sic
1194 498 1299 538 placet
1330 499 1390 528 sibi

313 550 412 571 omne
435 541 517 572 illud
540 541 631 587 quod
655 552 713 573 sua
736 550 850 574 natura
875 547 1016 586 requirit.
1042 548 1172 578 Nullam
1196 549 1291 589 igitur
1321 558 1389 579 rem

314 592 404 622 Deus
433 593 512 624 odit.
536 592 743 634 §Praeterea
774 595 855 626 Illud
879 597 971 636 quod
998 599 1180 631 invenitur.
1197 622 1204 630 .
1220 601 1390 630 ‚inveniri.

315 643 436 674 Omnia
451 649 561 674 autem
585 645 712 684 agentia
737 648 811 687 (suo
835 646 951 689 modo)
971 658 1047 679 suos
1065 649 1197 680 effectus
1212 657 1320 681 amant
1341 641 1391 681 se—>

314 694 460 724 cundum
485 695 577 735 quod
599 700 698 724 amoris
726 706 788 725 sunt
817 703 963 735 susceptiva
996 700 1195 738 huiusmodi,
1224 704 1306 732 sicut
1334 712 1391 743 pa-

314 752 420 776 rentes
435 745 532 783 filios,
544 751 662 786 poetae
674 753 837 788 poemata,
853 748 990 780 artifices
1003 761 1060 781 sua
1076 761 1187 792 opera.
1205 757 1283 786 Quod
1302 762 1388 781 autem

313 802 404 826 odiant
428 802 591 835 (aliquando)
616 808 656 827 est
681 809 789 836 propter
812 806 918 838 aliquod
946 807 1088 832 innaturale
1115 809 1244 838 accidens,
1270 809 1342 841 quod
1366 808 1392 833 in

313 852 371 878 Deo
397 860 458 879 esse
481 860 534 878 non
552 859 647 886 potest.
668 851 774 882 Multo
794 853 890 892 igitur
907 877 913 883 .
929 876 936 883 .
950 876 958 884 .
975 855 1125 885 omnium
1150 865 1255 886 causa.
1280 857 1298 894 §
1315 856 1390 886 Hoc

313 906 424 932 autem
441 924 448 931 .
463 925 470 931 .
484 924 492 931 .
509 900 624 933 fecisti.
647 902 666 943 ἓ
682 902 808 933 Dicitur
824 910 933 934 autem
948 905 1206 936 similitudinarie
1227 906 1315 937 Deus
1333 907 1390 937 ali-

315 961 380 993 qua
407 952 508 989 odire,
537 958 568 983 et
592 953 655 984 hoc
687 953 868 994 dupliciter.
889 956 1012 995 (Primo
1037 956 1152 997 modo)
1174 967 1211 988 ex
1236 959 1300 988 hoc
1319 963 1389 987 enim

315 1004 406 1045 quod
422 1005 522 1042 Deus,
538 1005 678 1036 amando
696 1015 755 1043 res,
776 1011 832 1035 vuit
851 1007 992 1049 (volens)
1010 1018 1120 1039 earum
1133 1010 1149 1025 ⁴⁶
1170 1010 1295 1040 bonum
1312 1020 1390 1046 esse,

314 1056 384 1087 vult
416 1057 616 1087 contrarium
635 1057 758 1088 malum
789 1068 856 1089 non
888 1069 967 1090 esse.
994 1059 1087 1091 Unde
1105 1083 1112 1090 .
1129 1083 1134 1090 .
1150 1084 1157 1090 .
1175 1060 1252 1091 dicit
1276 1061 1391 1091 Domi-

313 1115 387 1139 nus.
412 1112 520 1145 Proprie
546 1114 688 1146 (quidem)
715 1114 825 1148 (autem)
844 1114 894 1140 hoc
912 1123 966 1140 non
985 1115 1086 1140 dicitur.
1105 1115 1205 1140 Odium
1224 1117 1303 1146 enim,
1323 1117 1392 1142 sicut

314 1167 341 1186 et
358 1170 442 1194 amor,
460 1171 514 1189 non
533 1171 574 1190 est
592 1165 698 1199 proprie
716 1165 772 1191 eius
791 1167 862 1199 quod
881 1167 956 1192 alicui
978 1167 1102 1192 volumus
1121 1168 1161 1193 siv
1180 1168 1241 1193 boni
1261 1169 1303 1193 vel
1322 1169 1392 1199 mali,

314 1214 382 1239 sicut
406 1223 487 1249 supra
513 1222 652 1242 ostensum
682 1223 730 1250 est,
757 1219 804 1243 sed
829 1219 912 1252 magis
936 1219 992 1244 eius
1011 1219 1051 1244 cui
1075 1220 1139 1244 illud
1160 1220 1294 1245 volumus.
1319 1220 1394 1245 Unde

313 1273 408 1292 eorum
430 1275 500 1301 quae
526 1276 578 1293 non
601 1269 748 1295 subsistunt
771 1271 818 1295 sed
845 1270 981 1296 inhaerent
1006 1276 1117 1302 tantum,
1143 1279 1195 1296 non
1221 1277 1260 1297 est
1288 1273 1392 1305 proprie

313 1324 390 1342 amor.
411 1319 452 1343 vel
465 1319 565 1359 odium,
585 1321 632 1345 sed
651 1321 797 1346 secundum
815 1321 879 1347 haec
893 1322 996 1355 aliquos
1020 1329 1108 1347 amare
1127 1323 1169 1347 vel
1187 1323 1261 1348 odire
1281 1323 1391 1348 dicimur

260 1368 469 1403 jffqffimm
487 1378 519 1396 ea
533 1372 657 1397 volumus
677 1373 721 1398 illa
735 1373 832 1406 talibus
850 1373 946 1398 inesse.
962 1373 1010 1399 Hic
1029 1374 1106 1407 igitur
1119 1379 1160 1399 est
1171 1374 1272 1407 primus
1286 1375 1392 1400 modus.

66 1459 180 1506 altha.

70 2978 80 2990 ·
94 2977 158 3000 &a
172 2982 216 3006 pro
240 2982 286 2997 mo-

67 3005 150 3060 mh
163 3041 212 3063 mg.
229 3035 271 3056 inf.

68 3080 107 3103 ib.
122 3079 180 3108 1240

35 3555 38 3558 ,
70 3531 287 3561 29rai.-p.2ii3.

314 1417 419 1459 (Haec
435 1424 546 1449 autem
566 1429 635 1450 non
650 1426 726 1450 sunt
742 1419 876 1451 effectus
897 1426 931 1451 ut
946 1430 997 1451 res
1013 1421 1232 1458 subsistentes,
1254 1432 1392 1462 quarum

312 1470 445 1510 proprie
468 1476 517 1500 est
532 1470 647 1501 odium
663 1471 715 1502 vel
731 1472 848 1514 amor.)
872 1473 889 1488 ³*
903 1472 997 1503 Alius
1020 1479 1130 1503 autem
1153 1473 1272 1503 modus
1289 1480 1336 1504 est
1353 1484 1390 1504 ex

312 1521 377 1552 hoc
394 1522 486 1562 quod
502 1523 591 1553 Deus
608 1523 677 1554 vult
695 1524 830 1564 aliquod
853 1525 958 1554 maius
974 1525 1100 1555 bonum
1124 1525 1213 1565 quod
1231 1535 1300 1556 esse
1324 1535 1392 1556 non

311 1579 420 1614 potest
443 1575 512 1605 sine
537 1575 718 1615 privatione
741 1576 877 1606 minoris
908 1577 997 1606 boni.
1029 1576 1070 1607 Et
1093 1578 1138 1607 sic
1167 1581 1322 1614 inquantum
1341 1582 1392 1614 pri-

311 1629 444 1655 vationem
463 1631 572 1654 minoris
585 1630 646 1654 boni
667 1631 738 1655 Deus
752 1631 808 1656 vult
820 1632 933 1655 volendo
946 1631 1030 1656 maius
1045 1632 1143 1657 bonum
1158 1629 1275 1660 dicitur
1291 1629 1392 1665 odire,

312 1686 389 1709 cum
407 1678 510 1718 magis
526 1678 589 1708 hoc
610 1678 650 1708 sit
666 1687 784 1708 amare.
810 1678 864 1709 Sic
883 1681 970 1716 igitur
993 1680 1092 1715 enim,
1109 1681 1306 1721 inquantum
1324 1682 1392 1711 vult

311 1729 438 1758 bonum
454 1729 594 1759 iustitiae
618 1729 669 1760 vel
685 1729 808 1760 ordinis
824 1730 976 1766 universi,
993 1731 1083 1771 quod
1103 1741 1172 1763 esse
1196 1742 1263 1762 non
1283 1738 1392 1772 potest

310 1779 380 1810 sine
396 1780 569 1820 punitione
586 1779 636 1810 vel
657 1780 868 1820 corruptione
891 1780 1088 1821 aliquorum,
1116 1782 1233 1814 dicitur
1251 1788 1394 1820 {inproprie

310 1830 364 1862 illa
381 1830 472 1861 odire
489 1840 632 1872 quorum
657 1832 863 1871 punitionem
889 1832 956 1862 vuit
981 1833 1031 1863 vel
1055 1835 1312 1874 corruptionem.
1337 1835 1394 1866 Se-

311 1882 458 1913 cundum
482 1882 563 1912 illud
576 1904 584 1912 .
597 1905 605 1913 .
617 1905 624 1912 .
641 1882 884 1912 abominabitur
908 1883 1080 1915 Dominus.

504 1994 584 2035 Cap.
612 1994 742 2025 XCVII.
767 1994 866 2032 Quou
891 1994 977 2027 Deus
1001 2005 1055 2025 asr
1080 2006 1200 2027 vivens.

356 2091 374 2129 ξ
397 2090 443 2120 Ex
469 2090 517 2120 his
541 2096 651 2120 autem
676 2099 760 2129 quae
779 2100 863 2126 supra
884 2090 947 2120 iam
973 2096 1101 2120 ostensa
1117 2097 1202 2127 sunt,
1225 2091 1264 2121 de
1281 2100 1392 2122 neces-

311 2141 403 2171 sitate
427 2141 563 2171 habetur
585 2140 676 2180 quod
700 2140 789 2171 Deus
806 2139 881 2180 (est)
906 2141 1016 2170 vivens
1024 2141 1050 2171 *.
1076 2140 1253 2171 Ostensuin
1271 2163 1279 2172 .
1297 2164 1305 2171 .
1320 2164 1328 2171 .
1347 2143 1391 2172 vi-

312 2201 401 2222 vens.
426 2192 445 2233 g
461 2191 588 2222 Adhuc.
608 2192 723 2222 Vivere
740 2191 920 2222 secundum
945 2193 1007 2222 hoc
1024 2192 1185 2232 aliquibus
1201 2193 1390 2223 attributum

312 2249 360 2274 est
375 2244 466 2284 quod
486 2244 552 2273 visa
569 2250 644 2273 sunt
660 2253 718 2283 per
734 2253 777 2279 se,
796 2252 863 2273 non
880 2244 919 2272 ab
937 2243 1000 2272 alio
1018 2244 1153 2273 moveri.
1172 2247 1246 2272 Unde
1265 2253 1291 2272 et
1306 2248 1388 2280 philo-

311 2299 413 2332 sophus
427 2299 488 2324 dicit
501 2299 528 2323 in
546 2299 632 2331 primo
651 2300 683 2322 de
703 2298 790 2323 anima
807 2299 879 2331 quod
898 2298 1040 2322 animatum
1060 2306 1074 2322 a
1094 2306 1146 2323 non
1164 2299 1279 2324 animato
1300 2299 1389 2324 distin-

310 2349 417 2384 guimus
447 2357 528 2375 sensu
554 2355 580 2374 et
603 2355 686 2379 motu,
710 2349 832 2382 quamvis
857 2356 951 2374 sensus
972 2357 1025 2373 non
1049 2355 1090 2374 est
1113 2350 1390 2382 conti-adistinctivum,

310 2410 372 2427 nam
391 2402 418 2426 in
436 2402 596 2435 quibusdam
617 2401 748 2426 invenitur
766 2401 856 2426 vitain
876 2401 974 2434 quibus
994 2409 1046 2426 non
1062 2402 1190 2428 invenitur
1205 2411 1308 2434 sensus,
1324 2404 1390 2428 sicut

310 2454 337 2478 in
349 2453 454 2487 plantis.
474 2448 515 2478 Et
538 2454 672 2488 propter
692 2448 756 2478 hoc
774 2471 781 2478 .
797 2471 803 2478 .
818 2473 825 2479 .
843 2449 975 2489 proprie
1002 2449 1109 2480 vivere
1140 2449 1288 2481 dicimus.
1318 2451 1391 2481 Alia

310 2511 389 2532 vero
414 2501 525 2531 omnia
549 2500 589 2530 ab
613 2499 725 2540 aliquo
749 2500 898 2530 exteriori
922 2506 1105 2537 moventur,
1130 2501 1179 2532 vel
1203 2508 1390 2541 generante,

312 2553 363 2583 vel
386 2558 576 2583 removente
600 2551 787 2591 prohibens,
812 2551 861 2581 vel
886 2552 1075 2594 impellente
1104 2556 1174 2581 unde
1193 2557 1334 2590 improprie
1353 2557 1391 2582 di-

311 2613 406 2632 cuntur
425 2607 520 2631 vivere.
539 2606 591 2631 Sed
610 2606 679 2631 sicut
697 2610 799 2631 motum
819 2606 851 2630 ab
871 2606 921 2631 alio
939 2606 1071 2632 reducitur
1091 2606 1115 2631 in
1135 2614 1245 2632 movens
1264 2608 1390 2640 seipsum.

311 2658 458 2684 secundum
478 2657 661 2691 philosophos.
681 2658 720 2683 ita
740 2665 855 2688 movens,
876 2664 904 2683 ut
922 2666 1002 2691 supra
1021 2658 1138 2684 habitum
1159 2665 1207 2690 est,
1227 2661 1263 2685 ita
1282 2669 1391 2686 movens

311 2708 431 2742 seipsum
444 2709 554 2733 ulterius
567 2708 699 2733 reducitur
712 2708 738 2733 iu
752 2714 882 2733 motor-em
900 2709 1009 2733 omnino
1023 2709 1196 2740 immobilem,
1211 2711 1254 2743 qui
1276 2711 1342 2736 circa
1362 2719 1391 2736 se

310 2766 442 2794 operatur,
460 2761 628 2801 intelligendo
647 2767 677 2784 se
695 2766 721 2785 et
739 2760 853 2785 volendo
880 2768 909 2785 se
937 2761 979 2792 <et
997 2768 1044 2793 per
1062 2768 1091 2786 se
1110 2769 1163 2786 non
1182 2762 1214 2786 ab
1233 2763 1284 2787 alio
1303 2769 1390 2788 motus

313 2813 471 2844 movendo.)
497 2812 546 2836 Hic
571 2812 648 2844 igitur
667 2812 752 2836 multo
771 2812 883 2836 nobilius
906 2812 978 2843 vivit,
1003 2818 1102 2845 quanto
1128 2813 1271 2846 intelligere
1296 2822 1325 2840 se
1350 2821 1391 2840 est

313 2865 408 2890 melius
421 2872 503 2898 quam
521 2872 628 2889 movere
641 2871 680 2889 se.
698 2864 714 2896 ἓ
728 2864 858 2896 Amplius.
873 2864 982 2889 Movens
995 2870 1036 2889 est
1051 2872 1130 2890 causa
1149 2871 1223 2890 moto
1242 2867 1314 2899 quod
1334 2875 1390 2892 mo-

313 2924 412 2944 veatur.
431 2919 457 2943 Si
476 2918 554 2951 igitur
572 2918 643 2950 quod
662 2922 784 2941 movetur
807 2923 837 2941 ex
855 2924 885 2941 se
903 2916 973 2948 vivit,
993 2917 1077 2942 inulto
1097 2918 1181 2951 magis
1200 2919 1272 2951 quod
1291 2927 1338 2952 per
1361 2928 1390 2944 se

313 2973 402 3007 ipsum
417 2975 506 2996 movet
521 2978 573 2996 non
588 2970 620 2995 ab
635 2969 686 2994 alio
701 2974 789 2994 motus
805 2969 821 2985 '¹‘
833 2968 905 2994 vivit.
924 2967 990 2993 Tale
1009 2973 1096 2994 autem
1116 2974 1157 2994 est
1175 2970 1276 3002 primus
1296 2976 1389 3003 motor,

313 3024 359 3057 qui
383 3028 423 3048 eet
444 3022 526 3051 Deus,
549 3026 576 3046 ut
593 3020 675 3054 ‘supra
693 3025 734 3046 est
756 3025 905 3045 ostensum.
923 3014 980 3052 Ipse
1004 3021 1082 3053 igitur
1105 3020 1178 3045 vivit.
1202 3017 1218 3033 ὕ·
1235 3016 1291 3059 (Et
1314 3019 1391 3058 quia

314 3071 520 3112 operationes
537 3092 564 3101 ..
582 3092 589 3100 .
607 3069 766 3109 competit
796 3066 928 3109 vivere.)
958 3069 974 3084 ἢ
991 3067 1008 3108 ξ
1025 3068 1116 3099 Item.
1141 3068 1297 3099 Divinum
1322 3079 1390 3100 esse

314 3132 447 3154 omnem
460 3121 695 3162 perfectionem
708 3119 833 3150 essendi
847 3119 1106 3159 comprehendit,
1124 3126 1158 3150 ut
1171 3129 1266 3160 supra
1283 3126 1391 3150 osten-

314 3185 386 3205 sum
403 3180 462 3204 est.
486 3173 602 3203 Vivere
626 3177 735 3202 autem
768 3176 815 3201 est
843 3175 972 3207 quaedam
1002 3170 1168 3210 quoddam
1194 3180 1261 3200 esse
1287 3170 1391 3211 perfe-

314 3230 412 3257 ctum.
440 3224 534 3255 Unde
559 3223 699 3253 viventia
716 3245 723 3252 .
739 3245 745 3252 .
761 3245 768 3253 .
787 3223 907 3253 vivens,
931 3221 950 3262 ξ
966 3221 1040 3251 Hoc
1057 3221 1154 3251 etiam
1169 3244 1176 3251 .
1192 3245 1199 3251 .
1213 3246 1220 3253 .
1237 3222 1270 3251 in
1290 3227 1390 3251 aeter-

313 3287 406 3309 num.
430 3277 471 3307 Et
487 3278 520 3306 in
538 3281 596 3316 ps„
621 3274 690 3305 Cor
713 3283 824 3304 meum
849 3280 880 3304 et
904 3280 978 3304 caro
1006 3283 1079 3303 mea
1109 3273 1332 3303 exultaverunt
1357 3274 1389 3302 in

314 3330 423 3360 Deum
447 3328 570 3358 vivum.
603 3331 635 3354 ht
654 3330 687 3357 io.
707 3337 732 3359 v,
751 3330 822 3354 Sicut
843 3334 916 3362 pater
934 3329 1012 3353 habet
1037 3330 1115 3353 vitam
1135 3327 1159 3352 in
1179 3329 1323 3360 semetipso
1342 3334 1391 3353 etc.

472 3443 554 3484 Cap.
580 3443 723 3473 XCVIII.
748 3442 845 3480 Quoi)
870 3442 956 3471 Deus
987 3451 1041 3471 sss‘r
1066 3451 1125 3471 sua
1149 3451 1231 3470 vira.

359 3539 442 3580 §Ex
467 3540 530 3569 hoc
555 3545 665 3569 autem
681 3538 814 3568 ulterius
838 3543 926 3577 patet
950 3535 1040 3576 quod
1067 3535 1155 3565 Deus
1179 3535 1218 3564 sit
1243 3544 1298 3563 sua
1317 3534 1390 3563 vita.

315 3591 389 3622 Vita
421 3592 508 3621 enim
532 3592 669 3621 viventis
693 3597 740 3620 est
769 3590 876 3630 ipsum
901 3589 1006 3618 vivere
1039 3589 1072 3617 in
1104 3586 1243 3627 quada'm
1273 3586 1391 3615 abstra-

316 3643 424 3673 ctione
453 3642 681 3683 significatum,
706 3643 788 3672 sicut
814 3650 924 3671 cursus
952 3649 1020 3669 non
1046 3645 1092 3668 est
1116 3637 1295 3668 secundum
1321 3645 1388 3666 rem

315 3693 403 3724 aliud
420 3703 520 3734 quam
537 3703 676 3730 currere,
693 3697 740 3722 sed
760 3697 847 3721 solum
861 3695 1004 3719 secundum
1019 3693 1190 3717 differentiam
1211 3691 1390 3716 abstractionis

316 3754 342 3773 et
360 3749 541 3774 concretionis.
568 3744 685 3775 Vivere
716 3750 824 3774 autem
924 3741 1130 3782 proveniens.
1158 3743 1187 3767 In
1215 3742 1273 3767 Deo
1303 3737 1390 3767 Deus

316 3802 426 3827 autem
451 3802 498 3826 est
522 3805 619 3827 suum
644 3805 724 3831 esse,
750 3801 784 3825 ut
808 3804 904 3835 supra
928 3793 1101 3833 probatum
1126 3796 1183 3821 est.
1215 3789 1271 3819 Est
1295 3789 1391 3828 igitur

316 3858 412 3878 suum
439 3849 545 3878 vivere
570 3854 601 3878 et
625 3857 682 3878 sua
706 3847 780 3877 vita.
805 3846 929 3887 §Item.
960 3844 1069 3884 Ipsum
1094 3842 1270 3881 intelligere
1360 3848 1390 3870 et

316 3910 373 3931 sua
390 3901 462 3931 vita.
489 3900 506 3940 ἕ
522 3899 735 3940 Ampliusrsi
752 3899 840 3928 Deus
858 3921 865 3927 .
879 3921 886 3927 .
902 3921 908 3927 .
928 3907 984 3937 per
1008 3897 1160 3936 seipsum.
1189 3894 1276 3924 Deus
1296 3893 1391 3932 igitur

315 3952 524 3983 reduceretur
540 3953 573 3982 in
590 3950 713 3991 aliquid
732 3955 853 3986 primum
868 3961 919 3985 per
939 3950 1026 3989 prius
1046 3960 1060 3984 q
1081 3956 1137 3987 per
1154 3945 1242 3986 quod
1261 3945 1389 3974 viveret.

316 4004 417 4042 Quod
434 4010 481 4034 est
498 4002 709 4044 impossibile,
726 4009 762 4032 ut
779 4012 815 4032 ex
834 4001 926 4031 dictis
943 4007 1040 4041 patet.
1065 3999 1083 4039 ξ
1099 3998 1225 4028 Adhuc.
1244 3997 1275 4027 Si
1293 3997 1388 4025 sit...

317 4057 424 4085 vitam.
451 4055 483 4085 Si
507 4055 603 4094 igitur
626 4064 694 4084 non
719 4054 758 4083 sit
781 4054 854 4093 ipse,
870 4062 927 4083 sua
953 4053 1024 4087 vita,
1043 4052 1099 4081 erit
1125 4048 1244 4089 aliquid
1269 4049 1299 4078 in
1318 4048 1390 4088 ipso

1446 247 1536 287 quod
1560 257 1627 278 non
1652 254 1699 278 est
1726 249 1805 289 ipse,
1830 250 1876 288 (et
1899 249 1957 286 sic)
1984 251 2041 281 erit
2065 253 2277 293 compositus,
2303 253 2392 294 quod
2423 263 2518 294 supra

1446 298 1667 338 improbatum
1690 306 1747 330 est.
1779 300 1836 330 Est
1867 301 1963 341 igitur
1993 302 2081 333 Deus
2106 313 2162 346 sua
2187 304 2259 334 vita.
2286 306 2304 342 §
2323 304 2364 334 Et
2389 305 2451 335 hoc
2477 312 2522 335 est

1448 349 1538 389 quod
1563 347 1680 380 dicitur
1704 351 1829 389 io.x111‚
1855 352 1925 392 Ego
1951 362 2022 383 sum
2046 355 2119 384 vita.

1414 467 1422 486 ⁵
1572 462 1652 502 Cap.
1679 462 1792 493 xcix.
1818 459 1915 501 Quon
1941 475 2010 494 νιτΑ
2037 465 2095 495 Dm
2120 476 2173 496 asi·
2198 476 2397 497 satiri‘raiwa.

1492 555 1572 594 §Ex
1598 556 1661 585 hoc
1679 562 1787 586 autem
1805 564 1935 597 apparet
1960 558 2048 598 quod
2075 560 2136 589 vita
2162 561 2229 589 eius
2254 561 2292 589 sit
2316 561 2519 600 sempiterna.

1448 605 1535 635 Nihil
1554 607 1638 636 enim
1666 606 1780 637 desinit
1798 609 1902 638 vivere
1919 610 1979 639 nisi
1996 619 2053 650 per
2070 612 2304 650 separationem
2323 612 2415 641 vitae.
2433 611 2519 641 Nihil

1449 662 1557 687 autem
1583 668 1598 687 a
1623 659 1730 698 seipso
1747 661 1882 698 separari
1902 666 2018 699 potest,
2039 666 2084 689 sed
2105 663 2211 691 omnis
2229 661 2340 703 (enirn)
2363 662 2520 701 separatio

1409 719 1433 732 ω
1449 707 1484 738 fit
1508 718 1563 748 per
1589 709 1781 739 divisionem
1806 711 1941 741 alicuius
1966 713 2004 741 ab
2029 712 2102 742 alio.
2129 713 2330 752 Impossibile
2356 719 2402 742 est
2425 713 2521 752 igitur

1449 763 1562 788 divinam
1581 765 1659 788 vitam
1680 763 1790 789 deiicere
1810 759 1914 802 (quod
1933 763 2019 792 Deus
2037 763 2163 793 deficiat
2176 764 2192 781 *
2209 765 2339 799 vivere),
2357 773 2432 793 cum
2451 765 2520 803 ipse

1432 811 1487 840 *sit
1511 821 1567 841 sua
1593 813 1665 847 vita,
1691 818 1725 842 ut
1751 818 1916 843 ostensum
1949 820 2004 843 est.
2029 815 2047 852 ἓ
2065 815 2153 844 Item.
2184 815 2360 845 Omne...
2380 824 2520 845 causam.

1449 862 1535 892 Nihil
1560 864 1646 893 enim
1678 864 1821 903 seipsum
1847 865 1886 894 de
1920 875 1986 895 non
2021 876 2088 896 esse
2114 867 2145 896 in
2171 876 2237 896 csse
2263 866 2393 896 adducit
2417 865 2520 906 (quia)

1450 914 1539 953 quod
1565 919 1632 942 enim
1654 915 1800 945 nondum
1826 923 1882 952 est,
1909 926 1976 946 non
2002 918 2074 956 agit.
2101 918 2215 947 Divina
2236 923 2342 947 autem
2368 918 2430 947 vita
2453 926 2521 947 non

1410 977 1430 995 ις
1449 965 1544 995 habet
1561 966 1702 1005 aliquam
1721 977 1862 1004 causam,
1880 973 1927 996 sed
1942 973 1997 1004 ipse
2010 972 2080 997 Deus
2096 978 2136 997 est
2149 972 2197 997 sibi
2213 981 2290 997 causa
2308 973 2410 998 vivendi
2426 968 2522 1009 (sicut

1450 1025 1509 1046 nec
1526 1014 1671 1052 divinum
1690 1019 1783 1056 esse.)
1802 1018 1875 1048 Non
1899 1020 1994 1059 igitur
2011 1043 2017 1049 .
2035 1043 2042 1050 .
2057 1043 2064 1050 .
2078 1021 2280 1060 sempiterna.
2302 1020 2319 1059 ξ
2335 1020 2460 1050 Adhuc.
2487 1020 2522 1050 In

1450 1067 1592 1107 qualibet
1609 1070 1799 1108 operatione
1816 1074 1840 1097 id
1861 1075 1931 1106 quod
1951 1080 1990 1099 est
2013 1070 2176 1111 (operans)
2194 1077 2311 1106 manet,
2330 1071 2403 1100 licet
2427 1071 2523 1100 inter-

1450 1118 1527 1148 dum
1546 1120 1692 1159 operatio
1710 1125 1847 1151 transeat
1865 1122 2044 1152 secundum
2064 1123 2313 1152 successionem.
2332 1122 2426 1153 Unde
2443 1128 2474 1152 et
2489 1123 2522 1152 in

1450 1175 1543 1200 motu
1562 1193 1568 1200 .
1585 1194 1590 1200 .
1607 1194 1613 1200 .
1632 1172 1837 1212 sempiterna.
1862 1177 2021 1209 §Amplius
2046 1178 2117 1202 Licet
2142 1178 2165 1201 id
2191 1178 2262 1210 quod
2281 1183 2338 1202 actu
2362 1183 2411 1206 est,
2429 1177 2522 1202 mutari

1409 1234 1435 1247 ²⁰
1450 1225 1541 1256 possit,
1562 1225 1618 1258 ipse
1637 1231 1724 1251 tamen
1744 1232 1815 1251 actus
1835 1227 1943 1254 omnino
1962 1229 2102 1253 immobilis
2122 1234 2179 1253 est:
2199 1229 2260 1261 quia
2278 1229 2302 1253 id
2317 1229 2387 1261 quod
2406 1234 2464 1253 actu
2484 1233 2523 1252 est

1450 1283 1540 1305 unum,
1557 1282 1644 1309 potest
1664 1284 1723 1302 esse
1743 1279 1856 1310 potentia
1875 1279 1960 1309 aliud;
1981 1285 2054 1304 actus
2073 1288 2135 1305 vero
2155 1280 2263 1305 omnino
2283 1280 2412 1312 potentiae
2430 1287 2524 1312 expers

1450 1333 1497 1357 est,
1512 1336 1579 1360 quae
1599 1329 1655 1352 sola
1675 1334 1715 1353 est
1735 1329 1880 1355 subiectum
1897 1337 1994 1362 motus,
2011 1339 2071 1356 nam
2091 1337 2178 1356 motus
2200 1337 2239 1356 est
2259 1337 2329 1356 actus
2344 1331 2459 1364 potentia
2473 1331 2522 1356 exi-

1449 1380 1552 1406 stentis.
1567 1381 1637 1405 Deus
1651 1387 1738 1406 autem
1755 1390 1806 1406 non
1826 1381 1912 1406 solum
1929 1389 1968 1407 est
1987 1388 2058 1407 actus
2075 1384 2098 1413 *,
2115 1383 2160 1408 sed
2181 1388 2220 1407 est
2233 1388 2305 1407 actus
2325 1383 2388 1414 ipse.
2402 1388 2442 1407 est
2455 1382 2523 1406 enim

1449 1432 1508 1460 vita.
1528 1437 1555 1456 ut
1574 1438 1712 1457 ostensum
1726 1438 1774 1457 est.
1789 1433 1882 1458 Nullus
1900 1434 1977 1467 igitur
1990 1439 2077 1458 motus
2092 1434 2117 1458 in
2136 1442 2168 1458 eo
2188 1441 2247 1458 esse
2265 1438 2361 1466 potest.
2380 1433 2458 1464 Igitur
2476 1439 2524 1456 nec

1408 1491 1431 1510 εις
1449 1483 1592 1512 successio.
1613 1491 1680 1515 quae
1700 1484 1755 1508 sine
1775 1489 1846 1509 motu
1867 1492 1919 1509 non
1940 1490 1988 1509 est.
2012 1484 2060 1509 Est
2078 1485 2154 1516 igitur
2172 1485 2223 1509 vita
2243 1485 2298 1508 eius
2317 1483 2480 1515 sempiterna
2499 1485 2525 1507 et

1449 1533 1488 1558 ita
1507 1536 1565 1558 toea
1579 1538 1632 1557 tota
1649 1534 1725 1558 simul
1741 1540 1766 1559 et
1786 1535 1817 1559 ita
1833 1535 2000 1567 sempiterna.
2018 1532 2034 1547 ¹*
2051 1529 2083 1572 (ξ
2100 1531 2260 1571 Amplius.
2285 1531 2374 1561 Deus
2387 1531 2523 1560 omnino

1440 1575 1658 1611 'immutabilis
1675 1588 1731 1617 est,
1751 1589 1784 1611 ut
1808 1592 1905 1622 supra
1929 1589 2094 1613 ostensum
2122 1589 2178 1612 est.
2203 1581 2303 1620 Quod
2323 1587 2430 1611 autem
2451 1585 2523 1617 defic,

1450 1635 1495 1659 des
1519 1631 1633 1671 incipit
1657 1638 1710 1662 aut
1734 1632 1849 1662 desinit
1867 1634 1982 1669 vivere,
2000 1634 2048 1663 vel
2074 1635 2105 1663 in
2123 1633 2261 1663 vivendo
2285 1633 2524 1662 successionem

1450 1683 1579 1722 patitur,
1605 1683 1758 1712 mutabile
1784 1690 1839 1713 est.
1867 1684 1948 1714 Nam
1975 1685 2036 1714 vita
2054 1707 2061 1713 .
2077 1708 2083 1713 .
2100 1708 2106 1714 .
2124 1683 2344 1724 sempiterna.)
2369 1684 2386 1699 ᾗ
2406 1683 2524 1723 §Hinc

1410 1747 1434 1766 ιο
1451 1738 1497 1763 est
1522 1733 1613 1773 quod
1637 1734 1753 1764 dicitur
1769 1734 1855 1764 deut.
1875 1745 1968 1770 xxxii,
1994 1745 2031 1764 ex
2057 1745 2111 1764 ore
2138 1735 2281 1770 Domini,
2306 1734 2389 1763 Vivo
2415 1743 2476 1772 ego
2493 1734 2525 1763 in

1451 1792 1636 1822 aetemum;
1662 1790 1723 1814 ecci.
1742 1797 1811 1820 xvxii,
1837 1789 1886 1819 Qui
1908 1791 1969 1814 vivit
1993 1791 2017 1814 in
2044 1796 2177 1814 aeternum
2203 1790 2297 1814 creavit
2321 1789 2409 1813 omnia
2435 1789 2526 1818 simul;

1451 1838 1554 1878 prima
1579 1838 1621 1868 io.
1653 1838 1720 1874 ult„
1746 1839 1807 1868 Hic
1833 1845 1879 1868 est
1905 1848 1997 1868 verus
2023 1838 2110 1868 Deus
2136 1844 2166 1868 et
2191 1838 2253 1867 vita
2273 1842 2410 1867 aeterna.

1685 1950 1766 1989 Cap.
1793 1949 1830 1979 C.
1857 1950 1953 1986 Quor)
1980 1950 2065 1979 Dans
2090 1959 2142 1979 asr
2167 1958 2292 1978 nizarus.

1410 2004 1444 2023 35*

1495 2042 1512 2083 ἓ
1528 2043 1638 2073 Restat
1662 2049 1770 2073 autem
1797 2053 1832 2073 ex
1852 2043 2033 2083 praemissis
2050 2042 2219 2072 ostendere
2237 2042 2343 2072 Deum
2368 2051 2436 2071 esse
2453 2042 2526 2071 bea-

1450 2095 1552 2124 tum-³*
1572 2100 1697 2134 Perfecta
1707 2099 1777 2124 enim
1789 2099 1899 2124 virtutis
1909 2097 2033 2130 oper-atio
2047 2101 2087 2122 est
2100 2097 2237 2123 beatitudo
2253 2090 2354 2129 (sicut)
2370 2099 2399 2122 ut
2407 2096 2526 2128 philoso-

1445 2149 1516 2181 phus
1529 2148 1555 2173 in
1568 2148 1620 2173 eth.
1632 2147 1734 2172 tradit:
1746 2146 1770 2170 si
1779 2145 1848 2171 enim
1861 2145 2002 2176 unicuique
2011 2144 2140 2169 existenti
2150 2144 2176 2168 in
2183 2143 2307 2175 potentia
2312 2143 2443 2176 proprius
2450 2146 2526 2168 actus

1448 2203 1490 2226 est
1500 2199 1640 2233 eiusfinis,
1661 2198 1781 2230 operatio
1802 2197 1971 2229 <(propria)>
1991 2199 2080 2220 autem
2101 2195 2238 2227 (propria)
2258 2198 2298 2219 est
2317 2194 2426 2219 ultimus
2439 2198 2524 2224 actus,

1407 2259 1433 2278 4⁰
1449 2253 1507 2286 ipsa
1520 2252 1573 2278 erit
1586 2250 1768 2283 ultimusfinis
1778 2248 1994 2280 uniuscuiusque,
2007 2247 2032 2272 si
2044 2247 2081 2272 sit
2091 2247 2222 2280 perfecta.
2240 2242 2421 2272 Cuiuslibet
2438 2242 2525 2272 enim

1448 2299 1673 2331 intellectualis
1686 2304 1818 2328 naturae
1834 2299 1893 2324 finis
1913 2300 2020 2324 ultimus
2041 2294 2224 2336 (proprium
2238 2292 2374 2335 bonum)
2390 2299 2438 2323 est
2450 2293 2527 2325 bea-.

1447 2351 1564 2387 titudo,
1591 2354 1632 2378 his
1652 2353 1721 2378 enim
1746 2353 1833 2377 solum
1857 2350 1982 2384 competit
2006 2350 2170 2382 propriarum
2195 2349 2375 2381 operationum
2403 2347 2524 2372 dominos

1447 2415 1506 2432 esse
1527 2414 1574 2440 per
1593 2406 1765 2429 voluntatem.
1786 2398 1871 2429 Cum
1897 2399 1992 2438 igitur
2017 2398 2106 2427 Deus
2131 2397 2168 2426 sit
2198 2396 2378 2435 intelligens
2402 2407 2467 2424 suus
2486 2399 2524 2424 ul-

1448 2458 1527 2482 timus
1547 2455 1606 2481 finis
1633 2454 1744 2487 (suum
1776 2450 1943 2490 proprium
1978 2450 2115 2479 bonum)
2150 2449 2207 2478 erit
2238 2447 2414 2478 beatitudo.
2448 2447 2525 2477 Non

1407 2518 1430 2538 ις
1448 2511 1558 2536 autem
1572 2510 1779 2544 comparatur
1796 2507 1827 2530 ad
1846 2505 1924 2530 tinem
1939 2501 1993 2541 (ad
2006 2501 2173 2540 proprium
2188 2498 2326 2540 bonum)
2339 2500 2421 2529 sicut
2435 2498 2525 2539 quod

1449 2559 1481 2587 in
1507 2559 1584 2584 tinem
1607 2555 1758 2595 (bonum)
1781 2565 1832 2581 non
1855 2552 2030 2589 (nondum)
2051 2552 2193 2581 habitum
2221 2551 2331 2586 tendit,
2350 2551 2411 2580 hoc
2437 2550 2524 2580 enim

1448 2614 1495 2638 est
1512 2612 1646 2637 naturae
1663 2605 1792 2635 mobilis
1810 2610 1839 2634 et
1857 2605 1888 2633 in
1907 2603 2051 2643 potentia
2074 2603 2245 2637 existentis,
2263 2601 2317 2631 sed
2335 2602 2417 2631 sicut
2433 2601 2523 2640 quod

1448 2664 1475 2687 in
1496 2661 1574 2687 finem
1601 2658 1664 2686 iam
1689 2656 1814 2686 obtinet
1839 2655 2022 2695 (proprium
2050 2652 2200 2693 bonum).
2230 2653 2326 2692 Igitur
2354 2651 2523 2682 beatitudi-

1448 2720 1522 2741 nem
1538 2733 1545 2739 .
1561 2733 1567 2739 .
1584 2733 1590 2739 .
1610 2709 1731 2739 beatus.
1747 2711 1764 2744 ἓ
1778 2711 1910 2742 Amplius.
1925 2710 2063 2743 Persectae
2077 2709 2185 2733 virtutis
2199 2709 2320 2740 operatio
2334 2711 2373 2731 est
2387 2707 2523 2731 beatitudo

1408 2773 1432 2791 5⁰
1448 2764 1636 2791 intellectualis
1657 2766 1779 2791 naturae,
1800 2766 1837 2786 ut.
1855 2761 2030 2793 philosophus
2050 2761 2075 2785 in
2095 2761 2147 2785 eth.
2168 2760 2261 2788 tradit,
2282 2760 2331 2784 hoc
2348 2759 2416 2784 enim
2437 2762 2476 2784 est
2495 2759 2521 2784 in

1447 2824 1477 2842 re
1505 2815 1741 2849 perfectissimum.
1776 2809 1793 2850 g
1814 2809 1975 2849 Amplius.
2005 2812 2219 2844 Unumquodque
2248 2810 2396 2835 naturaliter
2426 2810 2523 2843 appetit

1446 2875 1471 2894 et
1487 2869 1542 2892 vult
1562 2875 1636 2892 suam
1657 2866 1850 2898 perfectionem,
1870 2865 1918 2889 hoc
1932 2865 2001 2888 enim
2015 2870 2055 2888 est
2074 2863 2280 2895 uniuscuiusque
2299 2863 2408 2887 bonum.
2441 2857 2522 2888 Illud

1446 2919 1573 2952 †igitur†
1591 2920 1638 2945 est
1658 2917 1748 2942 ultimo
1766 2913 1904 2942 maxime
1922 2911 2135 2942 desideratum
2154 2910 2201 2940 vel
2221 2909 2355 2939 volitum
2373 2910 2412 2939 ab
2429 2909 2521 2939 intel—

1447 2966 1575 2998 lectuali
1601 2972 1713 2996 natura
1731 2963 1819 3004 quod
1837 2969 1883 2993 est
1901 2962 2169 3002 perfectissimum
2188 2962 2218 2991 in
2237 2962 2315 3000 ipsa,
2341 2966 2371 2990 et
2395 2961 2457 2990 hoc
2475 2966 2521 2990 est

1408 3030 1429 3050 ῖς
1448 3019 1516 3048 eius
1549 3016 1726 3047 beatitudo.
1748 3018 1971 3051 Penj'ectissimum
2001 3020 2088 3041 autem
2111 3017 2136 3040 in
2163 3024 2206 3045 uri,
2231 3016 2330 3040 Ultima
2353 3019 2441 3040 autem
2459 3023 2520 3047 pen·-

1441 3075 1527 3109 sectio
1546 3073 1753 3105 uniuscuiusque
1772 3066 2043 3097 perfectissimum
2068 3070 2175 3094 autem
2196 3065 2226 3093 in
2247 3073 2449 3103 unoquoque
2475 3068 2522 3092 est

1449 3123 1595 3162 operatio
1622 3119 1853 3160 perfectissima
1879 3120 1946 3148 eius
1972 3122 1994 3144 in
2015 3121 2072 3152 ipso
2096 3127 2212 3149 manens,
2232 3125 2306 3145 nam
2325 3115 2469 3155 potentia
2490 3120 2521 3144 et

1448 3174 1575 3204 habitus
1595 3183 1662 3208 quae
1682 3180 1743 3200 sunt
1762 3174 1921 3199 substantiae
1940 3172 2111 3205 perfectiones
2132 3178 2187 3208 per
2205 3168 2426 3207 operationem
2450 3175 2520 3205 per-

1448 3224 1612 3260 ficiuntur,
1638 3228 1706 3251 unde
1731 3227 1790 3251 dicit
1810 3225 1981 3258 philosophus
2010 3225 2034 3249 in
2055 3225 2170 3249 secundo
2190 3223 2252 3248 caeli
2277 3228 2302 3247 et
2331 3223 2420 3246 mundi
2449 3223 2520 3255 quod

1406 3282 1433 3301 60
1447 3280 1533 3304 omnis
1553 3287 1595 3304 res
1621 3284 1661 3303 est
1685 3284 1790 3310 propter
1813 3285 1887 3302 suam
1914 3277 2091 3309 operationem
2117 3271 2215 3311 (unde
2245 3277 2275 3301 et
2306 3270 2521 3310 philosophus

1448 3327 1523 3358 dicit
1542 3326 1727 3357 felicitatem
1745 3335 1812 3355 esse
1830 3326 2053 3364 operationem
2079 3323 2263 3363 perfectam.
2282 3322 2440 3352 Perfectio
2465 3331 2520 3351 au-

1448 3386 1512 3409 tem
1539 3378 1736 3418 operationis
1761 3376 1922 3416 dependet
1947 3385 1983 3405 ex
2009 3381 2158 3415 quatuor.
2185 3374 2292 3403 Primo
2318 3383 2353 3403 ex
2383 3383 2443 3402 suo
2467 3382 2521 3412 ge-

1447 3438 1534 3464 nere,
1561 3434 1594 3458 ut
1619 3427 1740 3457 scilicet
1756 3427 1794 3456 sit
1819 3436 1953 3456 manens
1978 3427 2008 3455 in
2026 3426 2097 3465 ipso
2115 3423 2294 3464 operante.)
2312 3424 2394 3453 Dico
2413 3429 2521 3453 autem

1448 3480 1671 3519 operationem
1698 3479 1728 3507 in
1755 3478 1825 3518 ipso
1850 3482 2034 3507 manentem
2067 3486 2124 3516 per
2154 3485 2252 3516 quam
2284 3485 2350 3505 non
2376 3474 2410 3504 fit
2434 3473 2521 3504 aliud

1406 3540 1430 3564 ες
1449 3537 1572 3571 praeter
1598 3531 1699 3569 ipsam
1726 3529 1960 3569 operationem,
1978 3529 2059 3558 sicut
2084 3527 2189 3557 videre
2207 3533 2237 3556 et
2254 3526 2374 3556 audire.
2400 3526 2521 3556 Huius-

1448 3581 1537 3612 modi
1556 3604 1562 3610 .
1578 3604 1584 3610 .
1601 3604 1607 3610 .
1626 3580 1708 3609 finis.
1727 3579 1881 3620 Operatio
1901 3589 1975 3608 vero
1994 3579 2040 3608 vel
2059 3579 2142 3608 actio
2167 3587 2204 3608 ex
2226 3587 2288 3617 qua
2305 3577 2450 3616 sequitur
2465 3576 2521 3605 ali-

1448 3632 1527 3672 quid
1552 3638 1658 3662 actum
1684 3636 1809 3671 praeter
1833 3631 1934 3670 ipsam
1951 3635 1997 3659 est
2022 3628 2177 3669 perfectio
2203 3628 2326 3668 operati
2350 3637 2417 3657 non
2442 3636 2520 3667 ope-

1448 3684 1545 3713 rantis
1558 3684 1584 3719 a,
1606 3689 1636 3712 et
1661 3688 1865 3722 comparatur
1889 3681 1927 3711 ad
1945 3682 2051 3721 ipsum
2077 3681 2158 3710 sicut
2178 3680 2217 3710 ad
2241 3679 2351 3715 finem,
2369 3680 2415 3718 (et
2431 3678 2519 3716 ideo)

1448 3735 1517 3765 talis
1542 3739 1618 3771 igitur
1639 3734 1784 3774 operatio
1812 3733 2034 3763 intellectualis
2059 3738 2191 3762 naturae
2215 3731 2310 3772 (non)
2336 3737 2382 3761 est
2401 3733 2520 3776 operatio

1406 3803 1432 3822 7⁰
1448 3786 1613 3817 beatitudo
1640 3787 1704 3815 sive
1730 3785 1873 3821 felicitas,
1899 3794 1925 3812 ut
1945 3794 2014 3820 patet
2033 3795 2080 3820 per
2103 3787 2289 3820 philosophum
2309 3787 2334 3810 in
2355 3793 2378 3810 ix
2405 3784 2519 3816 metaph.

1447 3843 1579 3875 Perfectio
1597 3846 1685 3866 autem
1720 3836 1871 3867 Secundo
1897 3846 1932 3866 ex
1959 3836 2118 3876 principio
2135 3835 2341 3875 operationis,
2360 3838 2393 3862 ut
2418 3833 2455 3862 sit
2475 3831 2518 3861 al-

1447 3890 1586 3920 tissimae
1604 3889 1777 3929 potentiae.
1802 3888 1895 3918 Unde
1914 3911 1920 3917 .
1937 3911 1943 3917 .
1959 3911 1965 3917 .
1981 3886 2123 3927 perfecti.
2141 3886 2252 3916 Tertio
2270 3895 2305 3915 ex
2324 3882 2518 3923 operationis

1448 3942 1588 3977 obiecto,
1604 3948 1634 3969 ut
1646 3944 1746 3970 scilicet
1766 3946 1795 3969 et
1813 3944 1944 3979 propter
1962 3939 2069 3968 hocin
2087 3938 2180 3967 nobis
2194 3937 2304 3966 ultima
2323 3934 2454 3964 felicitas
2471 3938 2517 3962 est

1449 3995 1479 4023 in
1506 3992 1716 4033 intelligendo
1741 3992 1931 4022 altissimum
1960 3990 2167 4029 intelligibile.
2196 3987 2319 4025 Quarto
2349 3995 2384 4015 ex
2414 3984 2515 4014 forma

1407 4060 1429 4080 75
1447 4049 1614 4081 operationis,
1634 4054 1662 4073 ut
1682 4048 1780 4072 scilicet
1799 4047 1891 4071 habeat
1912 4046 2106 4070 delectationem
2126 4042 2342 4074 superinductam
2363 4040 2516 4068 adiunctam,

2451 175 2521 223 39²lc
2539 199 2541 202 -

2548 565 2575 586 29
2586 565 2596 580 r
2607 565 2617 579 a
2628 565 2699 586 aza-p.
2709 566 2716 580 ε

2550 771 2557 778 ·
2576 768 2628 790 Vid.
2645 769 2672 789 ad
2689 769 2716 790 lo«

2552 1386 2558 1393 ¹
2571 1384 2630 1405 Casu
2644 1390 2685 1411 pro
2699 1390 2714 1404 α

2551 1540 2597 1562 29¹
2613 1541 2625 1554 a
2641 1540 2678 1561 mg
2694 1533 2716 1554 in

2554 1686 2586 1706 ih.
2602 1691 2613 1705 a
2624 1684 2662 1710 46.

2553 2042 2601 2064 εμπ
2617 2037 2630 2057 b
2645 2043 2708 2064 2⁴-p.

2553 2088 2561 2095 ·
2572 2085 2716 2113 Vid.suprap

2554 2117 2602 2134 not.
2619 2112 2646 2133 ad
2661 2119 2673 2134 a
2688 2113 2716 2140 67

2548 3675 2555 3683 '
2563 3673 2622 3703 Casu
2632 3674 2687 3693 serit
2709 3679 2716 3692 ‹

2548 3702 2616 3720 ralis.
