2768 4134
657 282 846 320 SUMMA
875 282 1098 319 CONTRA
1126 280 1402 326 GENTILES,
1430 282 1524 318 LIB.
1546 282 1587 327 11,
1618 282 1728 320 CAP.
1749 284 1916 330 XXXIII,
1936 286 2108 323 XXXIV.
2401 287 2475 335 347

282 374 378 408 ram,
398 361 621 412 oppositam
647 369 779 399 autem
807 360 1108 398 affirmationem
1135 360 1287 404 falsam,
1318 366 1354 395 et
1409 359 1620 408 positiones
1648 374 1728 399 non
1757 372 1846 400 sunt
1873 364 1991 402 Deus.
2022 366 2124 414 Ergo
2153 375 2304 416 oportet
2332 367 2477 417 aliquid

281 415 336 452 sic
360 427 443 452 non
461 415 510 452 de
530 415 673 452 eodem
700 422 912 463 utrumque
940 413 1142 451 verificari.
1174 412 1214 450 Si
1242 411 1355 459 igitur
1410 420 1560 461 praeter
1588 414 1718 451 Deum
1747 427 1829 452 esse
1857 425 2069 455 aeternum.

281 467 321 506 id
355 469 405 506 ad
441 468 554 506 cuius
588 467 846 505 remotionem
883 467 1058 516 sequitur
1094 478 1165 503 sua
1200 464 1353 515 positi0‚
1465 466 1549 502 Hae
1577 466 1690 514 igitur
1725 476 1761 504 et
1796 469 2022 507 huiusmodi
2057 472 2223 509 rationes
2259 473 2360 511 sumi
2388 486 2476 523 pos-

39 532 50 543 ·
63 531 121 559 Arz-
136 535 214 559 pmc.
281 529 435 571 oportet
454 533 537 559 esse
556 533 722 570 semper,
741 528 784 557 ut
807 520 1018 569 probatum
1046 527 1103 557 est
1121 519 1151 565 ²⁸,
1180 517 1356 568 sequitur
1411 526 1501 555 sunt
1529 529 1575 555 ex
1603 527 1711 568 parte
1739 529 2001 560 creaturarum
2035 525 2141 573 quod
2175 535 2369 564 creaturae
2397 527 2476 564 fue-

282 576 392 625 quod
420 574 638 625 praedictae
656 573 953 623 propositiones,
974 581 1011 610 et
1030 584 1169 611 omnes
1186 583 1288 621 quae
1308 582 1355 608 ex
1381 592 1389 612 s
1411 571 1486 608 rint
1515 583 1679 621 semper.

282 628 336 666 eis
365 635 592 677 sequuntur,
613 627 687 664 sint
711 626 980 676 sempiternae.
1010 627 1096 663 Hae
1115 633 1246 663 autern
1266 636 1354 674 pro-

337 760 350 785 3
371 767 419 785 sua
437 758 542 793 positio]
562 766 611 784 sua
630 758 745 792 potentia
764 758 820 790 EG,
839 759 879 783 sui
898 757 995 791 positio
1013 757 1045 782 D.

333 804 352 827 4
369 794 474 828 fixerint]
494 795 599 820 fuerunt
617 794 715 820 oeze.

1049 881 1385 914 Commentario.
1407 880 1719 913 Fer-ramensis

322 991 466 1018 tommo,
507 982 649 1022 arguitur
701 981 880 1012 rationibus
922 990 960 1011 ex
1002 985 1091 1019 parte
1136 984 1354 1009 creaturarum
1410 987 1478 1008 esse
1502 984 1697 1018 perpetuum
1722 979 1755 1009 in
1779 980 1896 1019 specie.
1922 979 2062 1010 Naturae
2092 987 2199 1011 autem
2227 983 2386 1022 appetitus
2412 994 2479 1015 non

42 1026 100 1050 '0ss
117 1025 251 1058 comm-eq!-
282 992 460 1067 Ssumptis
476 1027 503 1056 *-
1409 1027 1457 1053 eSt
1479 1032 1592 1052 Vanus.

36 1059 88 1082 αρ’
103 1057 252 1082 '’¹¹⁰⁰'’”m’
335 1071 378 1102 Et
393 1071 518 1111 primo,
543 1071 620 1111 quia
643 1069 803 1111 quaedam
833 1074 909 1100 sunt
938 1069 972 1099 in
1002 1068 1155 1099 creaturis
1178 1067 1212 1098 in
1236 1067 1355 1107 quibus
1467 1066 1600 1103 Quinto.
1618 1067 1706 1105 Quia
1729 1072 1858 1107 tempus
1883 1074 1930 1098 est
1953 1075 2164 1108 perpetuum:
2190 1080 2266 1101 cum
2287 1081 2356 1102 non
2379 1074 2479 1113 possit

279 1125 348 1147 non
365 1121 413 1146 est
427 1116 575 1156 potentia
597 1114 638 1145 ad
660 1124 729 1145 non
753 1123 831 1145 esse.
856 1113 898 1144 Et
920 1122 978 1153 per
1001 1121 1208 1153 consequens
1223 1121 1356 1143 necesse
1407 1111 1543 1152 intelligi
1557 1111 1626 1142 sine
1644 1121 1740 1147 nunc,
1757 1112 1847 1151 quod
1863 1122 1990 1153 semper
2007 1119 2053 1143 est
2065 1114 2149 1154 finis
2160 1116 2331 1155 praeteriti
2347 1122 2377 1147 et
2385 1117 2479 1157 prin-

281 1165 328 1191 est
351 1170 404 1191 eas
427 1169 557 1200 semper
579 1168 659 1190 esse.
1409 1156 1528 1197 cipium
1542 1156 1669 1197 futuri.
2355 1191 2362 1197 μ

335 1204 495 1235 Secundo.
520 1203 607 1242 Quia
634 1202 795 1244 quaedam
826 1207 990 1233 creaturae
1021 1206 1096 1232 sunt
1128 1201 1246 1242 quibus
1273 1201 1356 1231 inest
1465 1199 1577 1230 Sexto.
1594 1199 1691 1238 Quia,
1709 1209 1785 1230 cum
1801 1206 1930 1241 tempus
1954 1202 1993 1231 sit
2017 1208 2192 1240 aeternum,
2210 1204 2353 1244 alioquin
2369 1204 2479 1236 fuisset

278 1249 379 1280 virtus
402 1248 529 1280 essendi
553 1257 621 1278 non
644 1247 685 1278 ad
709 1247 844 1287 aliquod
867 1246 1116 1277 determinatum
1139 1251 1280 1286 tempus,
1301 1244 1356 1276 sed
1409 1250 1585 1285 antequam
1608 1245 1775 1285 inciperet,
1805 1251 1837 1275 et
1866 1244 2012 1276 futurum
2037 1253 2118 1277 esset
2141 1254 2313 1288 postquam
2337 1249 2477 1287 desierit;

279 1293 320 1325 ad
342 1303 411 1325 sem
434 1292 677 1335 erbsessendum.
1410 1295 1442 1320 et
1465 1290 1504 1320 sit
1531 1289 1697 1320 accidens:
1729 1295 1861 1330 oportet
1890 1290 2031 1330 aliquam
2063 1298 2250 1330 creaturam,
2274 1294 2307 1324 in
2337 1303 2400 1333 qua
2428 1295 2477 1331 sit,

337 1339 458 1369 Tertzo.
476 1337 562 1376 Quia
578 1342 688 1368 motus
704 1345 832 1376 semper
848 1336 925 1367 fuit:
950 1336 1027 1366 alias
1043 1341 1118 1366 ante
1134 1344 1268 1366 omnem
1284 1344 1356 1365 mo·
1410 1339 1574 1365 aeternam
1598 1343 1677 1364 esse.
1938 1366 1940 1369 ,

278 1387 350 1414 tum
373 1388 457 1414 esset
479 1388 600 1414 motus.
625 1381 667 1412 Et
690 1386 930 1421 consequenter
952 1380 1098 1411 mobilia.
1254 1387 1259 1391 ”
1466 1378 1620 1419 Septimo.
1637 1378 1724 1417 Quia
1739 1385 1814 1409 sunt
1837 1379 1964 1419 aliquae
1987 1381 2227 1420 propositiones
2249 1379 2489 1422 sempiternae:'

337 1426 476 1463 Quarto.
501 1426 588 1465 Quia
611 1435 769 1467 generans
792 1425 853 1456 sibi
876 1425 980 1456 simile
1002 1424 1141 1455 intendit
1165 1433 1356 1454 conservare
1412 1433 1488 1454 cum
1511 1423 1551 1454 ad
1574 1423 1793 1454 remotionem
1817 1424 1960 1464 ipsarum
1983 1430 2135 1465 sequatur
2159 1435 2268 1456 earum
2291 1428 2419 1466 positio.

633 1688 1122 1744 CAPITULUM
1161 1687 1684 1744 TRIGESIMUM
1721 1688 2130 1765 QUARTUM

1255 1816 1285 1845 A
1321 1815 1388 1854 37r
1420 1824 1502 1853 a44.

480 1916 822 1961 RATIONES
866 1917 958 1957 AD
1004 1915 1432 1957 PROBANDUM
1475 1915 2014 1956 AETERNITATEM
2058 1915 2275 1956 MUNDI

989 1977 1086 2018 -EX
1132 1977 1353 2018 PARTE
1398 1977 1761 2018 FACTIONIS

343 2140 351 2153 .
367 2139 377 2149 v
415 2123 628 2157 w'ossuwr
665 2115 783 2153 etiam
824 2116 927 2153 sumi
964 2115 1061 2154 aliae
1093 2116 1273 2162 rationes,
1303 2128 1350 2153 ex
1406 2128 1453 2153 ex
1482 2128 1563 2166 quo
1591 2116 1721 2165 primo
1758 2115 1891 2153 omnia
1925 2115 2043 2162 fiunt,
2074 2129 2156 2154 esse
2185 2117 2472 2166 sempiternum.

443 2168 465 2182 ‘²
500 2175 608 2218 parte
636 2168 757 2218 ipsius
785 2168 971 2215 factionis,
1000 2169 1049 2206 ad
1083 2169 1187 2206 idem
1223 2177 1349 2206 osten·
1405 2169 1494 2206 Hoc
1522 2177 1654 2206 autem
1682 2181 1764 2207 non
1783 2177 1839 2206 est
1858 2169 1983 2207 Deus:
2015 2170 2107 2219 quia
2134 2169 2215 2220 ipse
2245 2182 2323 2207 non
2351 2178 2475 2220 potest

461 2223 472 2264 ἴ
502 2221 691 2259 dendum.
1406 2234 1489 2260 esse
1510 2222 1671 2260 materia
1689 2221 1851 2260 alicuius
1872 2222 1937 2269 rei,
1958 2230 2000 2260 ut
2019 2222 2059 2260 in
2078 2223 2210 2260 Primo
2226 2223 2246 2245 ²¹²
2268 2224 2474 2273 probatum
2503 2231 2511 2239 ·
2526 2229 2582 2257 Cap·
2599 2235 2654 2251 κνυ-

300 2300 306 2303 -
460 2266 469 2279 ’
556 2275 677 2322 Quod
692 2274 797 2312 enim
817 2275 866 2312 ab
881 2274 1067 2313 omnibus
1086 2275 1350 2313 communiter
1406 2283 1472 2313 est.
1504 2275 1750 2325 Relinquitur
1777 2275 1890 2324 igitur
1918 2276 2026 2325 quod
2055 2276 2199 2326 aliquid
2220 2285 2323 2314 extra
2345 2278 2475 2314 Deum

274 2326 423 2374 dicitur,
443 2327 681 2378 impossibile
702 2336 758 2365 est
776 2327 940 2366 totaliter
958 2340 1042 2366 esse
1060 2329 1212 2366 falsum.
1237 2329 1350 2366 Falsa
1373 2343 1382 2362 s
1407 2329 1453 2366 sit
1481 2336 1695 2375 aeternum,
1725 2328 1865 2366 scilicet
1891 2329 2018 2378 prima
2046 2329 2216 2367 materia.

229 2412 233 2415 .
274 2380 381 2420 enim
409 2380 544 2431 opinio
573 2381 776 2419 infirmitas
804 2381 1000 2431 quaedam
1035 2381 1247 2420 intellectus
1276 2389 1348 2419 est:
1460 2382 1650 2432 Amplius.
1674 2382 1715 2420 Si
1734 2382 1878 2432 aliquid
1899 2395 1980 2419 non
2000 2395 2039 2419 se
2061 2383 2175 2420 habet
2195 2383 2336 2420 eodem
2354 2383 2474 2420 modo

274 2433 373 2472 sicut
400 2442 437 2471 et
463 2434 604 2472 falsum
633 2434 821 2472 iudicium
850 2435 899 2472 de
927 2434 1096 2473 sensibili
1123 2435 1284 2486 proprio
1303 2447 1350 2472 ex
1406 2447 1513 2473 nunc
1541 2444 1576 2473 et
1603 2435 1722 2485 prius,
1749 2443 1900 2485 oportet
1928 2435 2022 2473 illud
2051 2449 2133 2473 esse
2162 2436 2372 2486 aliqualiter
2389 2448 2474 2473 mu-

274 2486 496 2525 infirmjtate
533 2499 670 2526 sensus
709 2487 856 2526 accidit.
894 2488 1075 2526 Defectus
1110 2496 1242 2526 autem
1281 2500 1352 2539 per
1406 2497 1547 2526 tatum:
1579 2490 1655 2527 hoc
1684 2488 1789 2526 enirn
1818 2497 1874 2526 est
1902 2489 2064 2535 moveri,
2099 2502 2172 2526 non
2203 2490 2330 2526 eodem
2364 2490 2473 2527 modo

274 2540 454 2578 accidens
483 2549 590 2578 sunt:
620 2540 713 2591 quia
731 2549 884 2591 praeter
901 2549 1062 2580 naturae
1083 2541 1348 2579 intentionem.
1405 2555 1445 2579 se
1465 2554 1566 2579 nunc
1593 2549 1627 2579 et
1649 2544 1758 2592 prius
1777 2544 1917 2580 hahere
1930 2542 1960 2579 *.
1993 2543 2122 2580 Omne
2147 2550 2277 2579 autem
2297 2542 2404 2591 quod
2423 2542 2471 2579 de
2501 2544 2640 2593 gfffhstj
2655 2551 2671 2571 ¹›
2686 2551 2708 2572 ⁷³

275 2594 397 2641 Quod
425 2601 558 2632 autem
586 2602 642 2632 est
669 2607 741 2644 per
767 2594 958 2642 accidens,
986 2607 1068 2633 non
1105 2603 1231 2645 potest
1267 2607 1350 2632 esse
1367 2612 1392 2627 ιο
1406 2607 1514 2632 novo
1542 2595 1675 2644 incipit
1709 2607 1803 2642 esse,
1832 2607 1913 2632 non
1952 2596 2091 2632 eodem
2126 2592 2246 2632 modo
2282 2607 2322 2631 se
2358 2594 2473 2632 habet

275 2658 431 2697 semper
458 2655 495 2685 et
523 2647 563 2685 in
591 2647 794 2686 omnibus:
825 2647 922 2685 sicut
950 2647 1138 2686 iudicium
1165 2649 1273 2698 quod
1302 2649 1351 2686 de
1406 2660 1512 2685 nunc
1541 2656 1577 2685 et
1604 2648 1723 2698 prius.
1755 2649 1919 2698 Oportet
1954 2648 2064 2697 igitur
2091 2649 2166 2684 hoc
2200 2659 2270 2697 per
2303 2646 2471 2696 aliquem

275 2700 480 2750 saporibus
508 2701 557 2738 ab
586 2701 696 2738 omni
723 2708 838 2750 gustu
867 2701 990 2748 datur,
1010 2713 1092 2738 non
1119 2709 1247 2751 potest
1267 2713 1350 2738 esse
1406 2709 1561 2739 motum
1589 2701 1762 2739 accidere
1791 2703 1853 2739 vel
1881 2701 2146 2739 mutationem.
2178 2699 2315 2737 Omnis
2341 2707 2471 2736 autem

274 2754 434 2792 falsum:
456 2755 510 2792 Ita
538 2754 727 2792 iudicium
755 2754 865 2804 quod
893 2754 942 2791 ab
970 2754 1156 2792 omnibus
1179 2755 1228 2792 de
1251 2754 1350 2791 veri—
1405 2762 1537 2792 motus
1565 2755 1628 2796 vel
1662 2754 1826 2792 mutatio
1862 2755 1901 2792 in
1938 2754 2066 2804 aliquo
2102 2753 2271 2790 subiecto
2308 2760 2378 2789 est:
2416 2759 2471 2789 est

274 2813 349 2844 tate
368 2807 492 2853 datur,
513 2819 594 2844 non
612 2814 739 2857 potest
767 2819 850 2844 esse
879 2819 1101 2844 erroneum.
1131 2809 1352 2845 Communis
1406 2807 1512 2845 enim
1531 2814 1634 2846 actus
1653 2809 1799 2846 mobilis
1817 2808 1848 2845 ²¹².
1880 2808 1982 2845 Cum
2002 2814 2131 2844 autem
2152 2814 2281 2843 motus
2301 2805 2346 2842 sit
2364 2805 2470 2854 prius
2498 2811 2707 2863 }.¹·i·¹11f’'1¹.'2'.'¹¹’⁵³

275 2865 398 2897 autem
435 2862 614 2897 sententia
651 2866 703 2897 est
744 2862 913 2897 omnium
948 2861 1259 2910 philosophorum
1302 2873 1352 2898 ex
1366 2879 1388 2898 ις
1406 2873 1454 2898 eo
1483 2861 1591 2910 quod
1619 2861 1664 2898 fit
1690 2873 1762 2911 per
1788 2869 1953 2907 motum,
1974 2873 2065 2897 cum
2085 2860 2132 2897 ad
2152 2860 2228 2896 hoc
2246 2857 2469 2895 terminetur

31 2923 42 2934 ·
58 2921 158 2950 ivm„
176 2927 209 2964 ιζ,
222 2927 247 2954 2:
276 2913 392 2958 nihilo
411 2913 504 2950 nihil
519 2915 615 2962 fieri
627 2913 658 2949 *.
680 2913 845 2962 Oportet
863 2912 976 2961 igitur
994 2914 1071 2951 hoc
1093 2925 1176 2950 esse
1195 2926 1347 2951 verum.
1405 2922 1548 2960 motus,
1563 2922 1715 2964 oportet
1734 2922 1821 2952 ante
1841 2913 2040 2964 quodlibet
2058 2914 2200 2950 factum
2218 2909 2468 2961 praeexistere

31 2963 177 3025 {gor-‘0193
198 2963 247 3001 ›nv-2
276 2964 317 3003 Si
336 2965 450 3013 igitur
467 2965 612 3015 aliquid
632 2965 679 3002 sit
696 2965 852 3012 factum,
873 2973 1025 3015 oportet
1044 2979 1091 3003 ex
1110 2966 1241 3016 aliquo
1266 2979 1349 3004 esse
1404 2966 1563 3017 aliquod
1593 2967 1811 3005 subiectum
1840 2966 1995 3004 mobile.
2026 2967 2074 3003 Et
2101 2977 2191 3002 cum
2219 2965 2294 3000 hoc
2320 2975 2399 2999 non
2423 2963 2468 2999 sit

68 3018 74 3024 '
274 3018 430 3056 factum.
461 3019 583 3066 Quod
610 3019 642 3056 si
670 3018 787 3056 etiam
814 3019 958 3056 factum
983 3019 1039 3066 sit,
1060 3027 1212 3069 oportet
1232 3020 1348 3058 etiarn
1403 3020 1586 3069 possibile
1606 3021 1646 3058 in
1666 3020 1861 3058 infinitum
1879 3019 2100 3069 procedere,
2121 3024 2269 3066 oportet
2288 3015 2466 3052 devenire

275 3079 311 3109 et
330 3072 408 3109 hoc
426 3084 474 3109 ex
493 3071 568 3109 alio
587 3071 682 3109 fieri.
710 3073 804 3109 Non
832 3079 958 3121 potest
977 3080 1107 3110 autem
1137 3073 1213 3110 hoc
1233 3073 1272 3110 in
1291 3073 1347 3110 in-
1403 3073 1452 3110 ad
1481 3073 1640 3123 aliquod
1669 3073 1842 3123 primum
1871 3072 2086 3109 subiectum
2114 3082 2193 3107 non
2213 3070 2259 3106 de
2279 3080 2383 3106 novo
2409 3067 2465 3104 in-

273 3124 430 3162 finitum
451 3125 681 3174 procedere:
707 3125 799 3174 quia
822 3124 876 3162 sic
898 3126 1004 3162 nulla
1026 3126 1220 3174 generatio
1243 3138 1347 3164 com·
1362 3144 1388 3158 ιο
1402 3126 1548 3176 cipiens
1577 3127 1644 3164 sed
1673 3138 1827 3176 semper
1855 3125 2027 3162 existens.

273 3179 452 3228 pleretur,
482 3190 574 3215 cum
602 3190 683 3215 non
712 3178 758 3215 sit
785 3177 967 3228 possibile
996 3178 1145 3216 infinita
1172 3179 1344 3216 transire.
1455 3181 1607 3217 Adhuc.
1638 3180 1768 3217 Omne
1798 3179 1904 3228 quod
1933 3178 1981 3214 de
2009 3188 2113 3213 novo
2134 3186 2215 3211 esse
2240 3173 2379 3222 incipit,
2399 3185 2464 3210 an-

274 3231 439 3281 Oportet
464 3231 578 3280 igitur
596 3230 778 3268 devenire
797 3231 847 3268 ad
866 3230 1024 3281 aliquod
1043 3231 1217 3281 primum
1237 3233 1346 3282 quod
1400 3240 1559 3282 tequam
1579 3241 1687 3278 esset,
1707 3231 1886 3282 possibile
1915 3237 1993 3266 erat
2021 3229 2148 3277 ipsum
2173 3238 2271 3263 esse:
2303 3226 2333 3262 si
2360 3226 2463 3263 enirn

273 3296 355 3321 non
374 3284 421 3321 sit
438 3284 594 3321 factum.
625 3285 756 3322 Omne
776 3292 907 3321 autem
927 3296 996 3322 ens
1016 3285 1124 3334 quod
1143 3297 1224 3322 non
1245 3298 1344 3322 sem·
1400 3298 1492 3332 non,
1521 3286 1758 3335 impossibile
1787 3292 1865 3321 erat
1892 3283 2020 3331 ipsum
2049 3292 2130 3317 esse
2150 3287 2185 3315 et
2209 3291 2363 3315 necesse
2382 3290 2463 3315 non

273 3348 344 3386 per
361 3336 440 3383 fuit,
462 3345 614 3387 oportet
642 3350 725 3374 esse
753 3338 908 3375 factum.
939 3338 1041 3386 Ergo
1071 3346 1223 3387 oportet
1250 3339 1344 3376 illud
1399 3351 1500 3384 esse;
1531 3347 1567 3375 et
1596 3338 1648 3375 sic
1677 3349 1829 3386 semper
1855 3335 1983 3372 fuisset
2011 3345 2090 3369 non
2119 3344 2186 3368 ens
2206 3340 2241 3368 et
2260 3343 2462 3380 nunquam

329 3478 339 3496 1
363 3471 442 3496 etiam
455 3471 567 3502 WYzb;
580 3479 623 3496 om
639 3471 713 3502 aDX,
728 3476 816 3496 autem
830 3471 922 3496 EGPc.
1010 3477 1038 3495 11
1062 3471 1134 3503 quod
1148 3478 1191 3495 om
1205 3471 1254 3501 «X,
1266 3475 1331 3503 post
1345 3471 1483 3503 saporibus
1496 3472 1567 3502 DPc3
1583 3479 1636 3503 pro
1650 3470 1681 3494 ab
1694 3469 1765 3494 omni
1779 3473 1857 3500 gustu
1873 3467 1953 3496 datur,
1969 3465 2042 3490 datur
2061 3464 2091 3488 ab
2105 3463 2226 3488 omnibus
2244 3463 2277 3488 D.
2362 3462 2395 3488 16
2413 3464 2463 3489 hoc

272 3513 316 3532 om
336 3507 422 3532 aDPc.
514 3513 545 3539 ¹7
566 3506 608 3540 sit]
627 3512 668 3532 est
686 3507 813 3532 aDXch.
906 3505 938 3531 18
957 3507 1036 3531 etiam
1055 3510 1081 3531 et
1099 3505 1159 3540 hoc]
1179 3506 1256 3531 etiam
1274 3506 1324 3531 hoc
1342 3507 1421 3537 DGZ,
1441 3507 1518 3531 etiam
1538 3507 1567 3531 E.
2007 3535 2012 3540 ι
2368 3533 2374 3539 ,

329 3549 340 3567 ι
362 3542 449 3575 primo
462 3545 529 3574 post
545 3542 633 3567 omnia
658 3542 721 3574 «Pe,
734 3545 801 3575 post
823 3541 889 3567 fiunt
907 3541 939 3572 Y,
958 3549 1001 3566 om
1025 3541 1070 3566 W.
1161 3541 1175 3566 5
1195 3541 1281 3574 prima
1298 3545 1364 3574 post
1387 3542 1495 3567 materia
1518 3540 1706 3566 DEGWZch.
1797 3545 1828 3562 12
1847 3536 1961 3561 accidere
1984 3535 2027 3559 hu:
2049 3535 2073 3558 A
2090 3534 2174 3564 solum
2196 3537 2259 3566 post
2283 3538 2462 3559 mutanonem.

274 3583 306 3601 22
326 3577 349 3602 si
367 3578 437 3602 enim
456 3585 518 3608 non,
536 3577 744 3610 impossibile...
763 3586 817 3602 non
836 3585 896 3602 esse
913 3578 936 3601 Α
954 3578 1039 3608 solus;
1059 3577 1082 3601 si
1100 3577 1170 3601 enim
1188 3585 1242 3602 non
1260 3577 1385 3609 possibile
1403 3576 1541 3610 (possibile
1559 3584 1612 3600 non
1631 3574 1700 3607 GPc)
1720 3578 1773 3598 erat
1791 3573 1876 3605 ipsum
1896 3578 1955 3610 esse
1967 3576 2075 3594 necesse
2084 3573 2206 3610 ’emt'non
2219 3575 2287 3594 esse.
2302 3569 2332 3594 In
2353 3569 2376 3594 Α
2392 3569 2463 3594 inter

272 3619 326 3637 non
343 3615 371 3637 et
389 3613 528 3645 Tpossibile
545 3613 617 3638 linea
635 3613 724 3638 tenuis
742 3613 825 3639 ducta
843 3616 891 3642 est,
910 3620 990 3645 quam
1010 3619 1058 3637 nos
1077 3612 1213 3645 virgulam
1232 3613 1451 3644 interpretamur,
1470 3619 1524 3644 qua
1541 3615 1630 3636 tamen
1650 3610 1685 3634 im
1708 3608 1793 3633 deleri
1813 3608 1994 3637 transcrtptor
2014 3605 2174 3645 credtderxu
2192 3604 2252 3629 rdeo
2269 3607 2350 3629 etnam
2365 3611 2419 3636 pro
2437 3610 2463 3629 et

271 3654 382 3673 necesse
399 3648 508 3680 scripsit
526 3655 636 3673 necesse
654 3653 716 3678 erat,
736 3655 769 3674 ne
787 3655 880 3674 sensus
892 3648 1010 3678 abessen
1027 3651 1058 3672 at
1069 3648 1108 3672 sic
1121 3647 1228 3681 agendo
1247 3648 1362 3673 mediam
1373 3647 1585 3680 propositionem
1605 3644 1765 3677 impossibile
1784 3647 1838 3666 erat
1855 3642 1941 3673 ipsum
1961 3647 2020 3665 esse
2038 3639 2159 3670 sustu1nt;
2176 3639 2210 3672 cs.
2222 3647 2282 3671 cap.
2301 3645 2327 3672 7.
2341 3638 2390 3664 283
2401 3639 2417 3664 b
2437 3639 2461 3665 5.
