2664 4120
206 253 301 279 xxxn

211 322 247 351 51
265 329 283 350 a
306 327 315 350 1
340 332 353 345 ‹
369 318 417 348 Ex
433 318 498 347 hoc
514 320 624 346 autem
639 313 856 354 Philosophus
872 311 1038 343 concludit
1057 324 1071 338 ι»
1090 311 1121 341 Α
1144 309 1287 341 secunda

208 363 404 398 redactione,
429 367 461 391 et
483 360 529 396 N;
553 360 607 401 pA
625 359 763 389 habebat
787 357 925 388 ulterius
949 355 1142 391 ostenditur,
1159 353 1287 385 traditio

207 414 274 439 tota
298 411 432 447 excepto
457 405 487 435 N
510 404 587 445 legit
610 402 827 434 concluditur.
852 400 953 440 Quod
976 401 1006 432 N
1030 400 1108 440 legit
1129 409 1206 430 eum
1230 399 1285 435 sA,

207 462 275 484 non
304 451 394 482 aliter
423 449 558 490 intelligi
591 454 699 489 potest
729 456 829 488 quam
863 445 1082 487 supponendo
1114 444 1227 476 locum
1256 444 1287 475 A

206 498 269 527 iam
286 494 462 526 secundam
477 494 699 525 redactionem
723 492 872 523 habuisse
897 496 1073 531 antequam
1103 495 1287 520 antecessor

206 541 356 572 codicum
380 539 436 571 NZ
466 539 676 570 transcribere
703 538 874 578 coepisset.
900 536 924 566 Z
953 545 1031 575 ergo
1056 535 1232 566 lectionem
1256 533 1286 565 N

204 585 343 626 perdidit
364 593 423 626 per
446 585 683 615 correctionem
707 592 745 613 ex
770 591 792 612 α
817 581 868 612 vel
893 579 922 620 β.
947 598 969 602 -
985 580 1162 616 Praeterea,
1187 579 1284 610 ambo

205 630 338 671 proprio
368 634 470 660 marte
504 634 536 659 et
569 628 699 659 liberius
731 632 855 658 textum
885 631 1033 662 mutant;
1067 625 1151 655 circa
1182 623 1284 665 quod,

204 675 332 717 quou'es
355 674 395 705 ab
418 672 495 713 Ααβ
514 672 770 704 indifferentibus
795 670 956 710 differunt,
980 669 1118 700 dubium
1143 667 1285 700 excludi-

204 726 264 751 tur.
295 720 356 750 Ista
386 719 566 750 lectionum
597 717 798 758 singularitas
825 722 890 746 tam
926 714 1079 756 frequens
1104 720 1161 752 est,
1193 713 1286 745 utin

204 764 354 796 editionis
387 764 549 805 principio
583 773 636 794 eas
664 767 808 803 separata
838 761 918 791 serie
951 766 1064 790 notare
1096 758 1286 790 intendeba-

204 819 287 840 mus.
324 809 508 840 Consilium
540 808 604 838 hoc
638 807 846 842 mutavimus,
881 811 1057 846 postquam
1085 805 1212 845 aliquot
1238 802 1285 835 fa-

203 854 315 886 sciculi
331 855 395 885 iarn
413 853 577 884 deliberati
593 858 625 883 et
644 852 792 892 impressi
817 856 921 886 erant;
953 849 1040 881 unde
1063 849 1284 881 annotationis

203 900 319 932 lacuna
346 900 399 930 hic
426 898 467 928 ad
494 897 616 928 calcem
648 896 842 937 completur,
867 895 987 925 omissa
1010 901 1089 926 nota
1112 894 1285 935 positionis

1312 314 1316 328 ¹
1342 310 1428 342 cedit
1458 311 1551 351 quod
1581 311 1619 342 L.
1645 311 1699 350 111,
1728 321 1800 352 cap.
1831 322 1861 344 2.
1890 312 2048 343 lectiones
2081 312 2134 353 pA
2165 313 2199 343 in
2222 312 2252 344 D
2276 322 2346 345 non
2370 325 2428 356 ap-

1341 361 1456 397 parent
1479 357 1541 387 nisi
1568 365 1628 396 per
1650 357 1825 388 mixturam
1853 366 1930 388 cum
1954 357 2050 393 NYZ,
2075 362 2112 388 ut
2134 358 2180 388 ibi
2203 359 2336 398 patebit.

1398 401 1458 431 His
1483 401 1523 431 de
1548 401 1652 432 causis
1676 402 1706 432 D
1723 407 1855 433 textum
1880 402 2010 433 exhibet
2033 401 2277 443 degeneratum.
2303 403 2338 435 Si
2358 405 2429 436 eius

1342 446 1468 487 aliquot
1484 446 1564 477 socii
1579 447 1815 487 apparuissent,
1832 456 1950 478 eorum
1966 447 2170 487 comparatio
2186 453 2306 479 statum
2322 450 2376 490 pA
2395 450 2427 480 in

1341 491 1442 522 Libro
1471 491 1499 522 11
1530 490 1649 522 clarius
1679 491 1883 523 delineasset.
1914 491 2076 523 patuisset
2104 491 2241 524 fortasse
2269 494 2426 534 quasdam

1342 536 1501 567 variantes
1525 545 1584 576 per
1606 545 1669 567 nos
1696 536 1737 567 ad
1764 537 1889 568 calcem
1919 538 2114 579 paginarum
2145 539 2286 578 signatas
2316 540 2427 580 potius

1342 581 1503 612 notandas
1528 581 1627 612 fuisse
1652 581 1712 611 sub
1737 582 1802 622 pA,
1824 581 1910 613 Sunt
1925 588 2037 613 autem
2060 583 2244 624 1111001275
2262 584 2336 621 1)8;
2362 594 2426 627 279

1341 636 1360 657 a
1378 627 1437 662 25;
1465 626 1531 666 284
1547 635 1565 656 a
1586 633 1598 656 1
1623 626 1656 656 in
1671 626 1976 665 Praedicamentis5
1993 629 2054 668 295
2073 627 2160 668 1148,
2177 629 2198 658 b
2215 637 2269 666 21,
2295 639 2349 667 22,
2367 630 2426 662 23;

1343 681 1408 712 299
1426 672 1445 702 b
1462 679 1512 712 19,
1531 670 1589 712 393
1608 670 1674 701 300
1690 671 1711 701 b
1729 670 1760 708 8,
1781 671 1832 702 13.
1846 687 1872 695 ·-
1885 671 1931 702 At
1947 673 2097 713 quamvis
2121 673 2175 714 pA
2190 674 2223 705 in
2240 674 2426 716 Dlanguet,

1341 717 1480 748 omnino
1504 721 1617 747 mutus
1643 725 1713 747 non
1738 715 1809 747 suit.
1839 715 2071 758 Praeterquam
2102 717 2195 760 quod
2221 719 2381 752 lectiones
2405 720 2426 760 β

1341 767 1455 792 contra
1479 771 1504 791 α
1528 771 1547 792 a
1569 761 1666 792 nobis
1689 760 1860 802 adoptatas
1883 762 2086 800 corroborat,
2107 773 2193 795 cum
2218 773 2260 795 eo
2282 765 2357 796 solo
2380 766 2426 797 le-

1339 807 1448 847 gimus
1473 806 1537 847 278
1555 816 1574 837 a
1594 805 1644 843 16,
1669 806 1690 836 b
1708 806 1739 843 5,
1765 814 1806 846 14
1837 805 2044 848 (sententiam
2068 807 2148 845 DN,
2177 809 2348 842 scientiam
2373 821 2426 842 ce-

1340 850 1433 894 teri);
1453 861 1517 892 279
1534 851 1555 881 b
1573 859 1631 891 24;
1650 860 1714 892 299
1731 861 1750 882 a
1767 850 1809 882 26
1829 850 1998 894 (operetur
2013 860 2074 892 pro
2091 853 2276 896 operatur).
2293 855 2324 886 D
2335 855 2426 887 solus

1341 906 1418 928 cum
1433 897 1465 928 A
1480 896 1558 937 legit
1575 895 1641 927 286
1657 896 1678 926 b
1698 903 1757 932 1ος
1782 895 1846 937 287
1863 905 1883 927 a
1902 904 1936 934 ις
1964 895 2028 938 293
2046 897 2067 927 b
2085 898 2146 935 25;
2172 907 2239 939 294
2253 900 2275 930 b
2289 909 2330 939 45
2349 903 2425 941 295,

202 945 376 975 verborum
399 943 553 974 inversae.
586 943 683 972 Forte
707 941 835 981 aliquae
859 940 1016 971 lectiones
1040 940 1093 980 pA
1117 940 1201 971 inter
1224 949 1284 970 no·
1310 938 1314 987 ἰ
1340 952 1358 973 a
1373 951 1436 981 403
1463 941 1527 973 305
1546 942 1567 972 b
1589 948 1643 978 11;
1670 940 1736 972 308
1753 951 1772 972 a
1791 949 1842 978 12,
1868 940 1922 974 23.

203 994 282 1019 tatas
305 989 463 1019 variantes
486 988 586 1018 latent
601 993 621 1017 ¹.

258 1033 472 1064 Necessitudo
497 1032 650 1062 codicum
674 1031 729 1061 NZ
754 1039 830 1060 cum
854 1030 917 1070 pA,
943 1036 974 1060 et
1005 1039 1082 1060 cum
1106 1030 1136 1060 Α
1159 1029 1284 1070 simpli-

203 1079 291 1114 citer,
316 1078 361 1108 ibi
384 1076 596 1108 solummodo
615 1081 701 1107 certe
723 1085 756 1106 se
780 1073 964 1105 manifestat
986 1075 1044 1106 ubi
1067 1075 1130 1115 ipsi
1153 1075 1285 1106 inutiles

202 1122 294 1159 fiunt,
318 1122 401 1153 idest
424 1122 480 1153 ubi
505 1121 746 1162 autographum
770 1129 841 1151 earn
869 1128 930 1150 nos
955 1119 1062 1150 docet.
1094 1119 1205 1151 Ambo
1235 1119 1285 1150 vel

201 1168 352 1199 alteruter
373 1177 391 1197 a
415 1176 485 1208 cap.
505 1167 546 1205 54
564 1175 669 1206 usque
684 1165 725 1196 ad
747 1172 818 1195 ¹00.
836 1164 918 1195 locis
942 1165 1072 1206 triginta
1092 1171 1218 1206 septem
1235 1174 1284 1196 re-

202 1213 308 1243 ferunt
332 1213 394 1253 pA,
420 1218 452 1242 et
475 1211 556 1242 locis
585 1211 749 1251 sexaginta
772 1209 834 1240 soli
858 1219 935 1240 cum
961 1210 991 1240 A
1019 1209 1144 1241 faciunt
1171 1216 1284 1241 contra

201 1262 334 1288 ceteros.
368 1257 453 1287 Inter
483 1256 536 1287 illa
565 1255 707 1297 capitula
738 1255 861 1286 eminet
884 1254 939 1287 66.
972 1253 1156 1286 Deficiente
1180 1255 1226 1291 Α,
1251 1255 1285 1286 in

201 1311 294 1342 capp.
324 1309 350 1338 1,
377 1310 405 1337 2,
430 1310 462 1341 4,
492 1300 541 1336 13,
565 1301 663 1332 simul
686 1300 767 1332 locis
790 1309 923 1337 novem,
947 1309 1065 1331 vocem
1089 1301 1142 1341 pA
1165 1301 1283 1331 sentire

199 1352 361 1387 putamus,
378 1351 512 1387 propter
528 1346 742 1387 conspicuam
757 1344 942 1386 analogiam
958 1354 1035 1376 cum
1052 1346 1106 1386 pA
1122 1345 1284 1386 fragmen-

199 1398 321 1423 torum.
342 1390 441 1422 Forte
465 1390 505 1421 de
530 1391 583 1432 pA
607 1391 712 1432 agitur
743 1398 838 1431 capp.
863 1390 894 1427 8,
921 1398 958 1420 21
988 1390 1056 1427 a5;
1087 1390 1137 1427 13,
1162 1390 1199 1422 31
1229 1391 1281 1422 b3

203 1436 271 1478 (ubi
294 1435 319 1467 Z
342 1437 462 1467 mixtus
485 1442 569 1467 esset
593 1446 669 1468 cum
686 1436 749 1477 pA,
774 1442 806 1467 et
828 1435 848 1466 b
871 1445 947 1467 cum
971 1434 1051 1478 pA)‚
1076 1441 1108 1467 et
1132 1445 1202 1477 cap.
1228 1445 1283 1476 79,

201 1491 264 1512 222
277 1491 296 1512 a
307 1490 365 1518 223
382 1480 423 1512 cf.
438 1487 639 1522 apparatum.
651 1500 674 1505 -
685 1481 805 1512 Textui
820 1479 1022 1513 recensendo
1034 1480 1091 1512 NZ
1103 1481 1137 1512 in
1154 1481 1166 1511 Ι
1183 1480 1283 1512 Libro

199 1526 301 1558 semel
324 1526 590 1557 contribuerunt:
619 1526 748 1558 nullum
771 1526 884 1558 locum
907 1526 942 1557 in
969 1531 1126 1567 apparatu
1149 1526 1283 1557 invenio

199 1581 268 1612 quo
292 1580 408 1602 eorum
434 1571 484 1602 vel
507 1571 692 1603 alterutrius
715 1571 814 1603 lectio
838 1570 1063 1612 independens
1086 1581 1104 1601 a
1128 1570 1148 1610 β
1172 1577 1282 1602 nostra

200 1615 283 1647 facta
313 1622 406 1652 esset,
439 1617 501 1647 nisi
529 1626 572 1656 42
590 1617 610 1647 b
638 1625 678 1647 ιο
710 1617 828 1648 iterum
860 1626 922 1657 pro
953 1615 1048 1646 idem.
1083 1615 1169 1647 Infra
1200 1617 1284 1647 inter

201 1661 390 1702 corrigenda
414 1667 445 1691 et
468 1660 615 1692 addenda
639 1661 832 1702 adoptamus
857 1660 1057 1703 intelligitur
1079 1670 1139 1702 pro
1164 1661 1283 1692 intelli-

202 1711 306 1748 gatur
329 1716 371 1746 77
386 1707 405 1736 b
427 1706 475 1736 15.

258 1750 292 1782 Si
316 1761 354 1782 ex
379 1751 424 1781 eis
449 1752 582 1792 spicam,
608 1761 645 1782 ex
671 1752 700 1781 D
724 1761 785 1792 pro
810 1751 909 1782 Libro
935 1751 961 1781 11
986 1760 1116 1791 parcam
1140 1757 1284 1791 segetem

203 1796 356 1836 colligere
382 1797 528 1837 contigit.
562 1796 648 1827 Huic
681 1796 787 1828 codici
819 1796 963 1827 solitudo
995 1796 1066 1827 eius
1093 1796 1197 1833 obest,
1229 1805 1286 1836 per

1395 986 1473 1018 Non
1497 986 1623 1027 largum
1639 986 1755 1027 utique
1770 991 1969 1027 proventum
1985 985 2146 1018 dederunt
2168 988 2224 1019 ΝΖ
2245 994 2278 1019 et
2292 989 2323 1020 D
2333 1000 2342 1026 ;
2367 990 2427 1021 do-

1338 1037 1415 1063 cent
1431 1037 1543 1063 tamen
1567 1036 1693 1072 quanto
1716 1032 1863 1063 securior
1885 1030 1971 1063 foret
1993 1032 2154 1070 recensio,
2173 1033 2200 1064 si
2223 1033 2279 1074 pA
2301 1034 2428 1076 integer

1339 1086 1398 1118 per
1420 1076 1531 1117 plures
1554 1082 1588 1107 et
1609 1077 1759 1118 puriores
1783 1076 1915 1108 codices
1945 1076 2052 1108 salvus
2080 1076 2204 1109 fuisset.
2232 1077 2296 1109 Pro
2320 1079 2359 1110 L.
2383 1079 2426 1111 ΙΙΙ

1339 1121 1414 1153 fons
1436 1121 1492 1153 ille
1514 1120 1596 1153 fluet
1619 1122 1799 1163 copiosior.

1393 1166 1448 1206 43.
1461 1185 1484 1190 -
1497 1165 1679 1198 Codicibus
1691 1165 1712 1207 β
1725 1175 1787 1198 ceu
1803 1166 2004 1198 recensionis
2020 1166 2113 1198 fonte
2129 1167 2217 1208 large
2233 1168 2285 1200 usi
2299 1177 2426 1201 sumus.

1338 1211 1465 1252 Singuli
1500 1212 1615 1253 utique
1649 1211 1860 1243 excellentiae
1893 1211 2064 1253 privilegio
2097 1212 2234 1244 minime
2266 1212 2426 1254 gaudentz

1338 1257 1440 1298 magis
1465 1257 1562 1288 etiam
1587 1265 1688 1298 quam
1710 1256 1830 1298 singuli
1853 1257 1981 1298 antiqui
2004 1256 2199 1289 dissentiunt
2223 1263 2256 1289 et
2278 1258 2318 1289 ab
2341 1258 2374 1290 A
2395 1264 2428 1291 et

1337 1302 1490 1333 invicem.
1514 1301 1702 1334 Praevalere
1724 1302 1888 1343 incipiunt
1910 1300 2056 1344 quando,
2078 1302 2220 1335 invicem
2247 1303 2323 1335 satis
2345 1312 2427 1335 con-

1338 1346 1464 1385 cordes,
1487 1347 1617 1379 meliori
1648 1346 1791 1379 lectione
1819 1347 1860 1378 ab
1885 1356 1909 1378 οι
1933 1345 2097 1379 differunt.
2128 1347 2205 1380 Hoc
2231 1348 2321 1380 enim
2348 1357 2427 1380 casu

1336 1391 1496 1424 lectiones
1513 1391 1533 1432 β
1549 1402 1617 1424 11011
1645 1401 1737 1424 mere
1758 1397 1918 1434 tanquam
1941 1391 2128 1433 plausibiles
2151 1393 2310 1425 variantes
2332 1394 2428 1426 aesti-

1336 1437 1478 1469 mandae
1501 1443 1587 1475 sunt,
1610 1436 1669 1468 sed
1692 1437 1791 1468 etiam
1814 1437 2002 1469 authentiae
2025 1437 2223 1479 opinionem
2244 1447 2360 1471 secum
2376 1436 2427 1471 Se-

1337 1487 1424 1520 runt,
1437 1492 1538 1524 quam
1555 1483 1602 1514 eis
1617 1482 1860 1524 autographum
1882 1482 2070 1515 conciliavit
2085 1490 2254 1524 praesenn
2270 1483 2334 1515 nisi
2353 1483 2427 1526 quis

1338 1527 1474 1559 eosdem
1501 1527 1747 1569 praerogativae
1770 1526 1792 1567 β
1814 1533 1848 1559 et
1870 1526 2131 1569 fragmentorum
2149 1527 2182 1559 A
2201 1526 2284 1561 fines
2307 1534 2341 1560 et
2362 1533 2427 1560 ter—

1337 1573 1448 1604 minos
1463 1581 1535 1604 esse
1558 1572 1679 1604 credat.
1696 1571 1887 1604 Differentia
1901 1573 2000 1614 igitur
2017 1573 2103 1604 inter
2120 1577 2247 1605 textum
2271 1582 2295 1605 α
2319 1578 2354 1604 et
2374 1582 2426 1605 aa·

1338 1627 1467 1694 31:532*
1478 1616 2434 1705 stt-⁶1:123.fflfim¹³“.“.;izt⁰²l²22”.;tnfflff.‘22:.

1338 1708 1566 1739 recensionem
1592 1717 1683 1739 mere
1706 1708 1863 1739 criticam.
1887 1706 1978 1739 Cum
2000 1717 2079 1749 ergo
2103 1707 2237 1740 codices
2260 1706 2291 1748 β,
2307 1708 2334 1740 si
2357 1706 2426 1741 fene

1338 1754 1520 1790 unanimes,
1538 1753 1631 1794 quasi
1655 1753 1743 1783 vices
1765 1757 1879 1794 gerant
1901 1753 2108 1795 autographi,
2133 1762 2251 1784 eorum
2273 1753 2425 1794 quamvis

1337 1798 1507 1829 iuniorum
1541 1803 1667 1829 textum
1702 1806 1765 1829 ceu
1797 1797 1966 1829 criterium
1996 1797 2038 1829 ad
2067 1797 2269 1839 detegendos
2300 1806 2426 1830 0120100

203 1851 301 1882 quam
326 1842 524 1872 elementum
548 1842 602 1882 pA
625 1851 642 1872 a
659 1841 806 1882 possibili
829 1841 994 1882 scriptoris
1018 1841 1200 1872 mutatione
1216 1851 1284 1872 non
1337 1843 1474 1874 latentes
1497 1848 1606 1874 textus
1628 1842 1756 1884 antiqui
1782 1842 1933 1880 restituti,
1957 1847 1990 1873 et
2015 1851 2079 1874 ceu
2101 1842 2291 1875 thesaurum
2321 1843 2425 1877 bun»

201 1886 275 1916 satis
306 1892 391 1916 certe
425 1885 562 1917 discerni
591 1892 708 1927 potest.
737 1886 914 1922 Praeterea,
946 1886 1142 1926 irruptiones
1170 1886 1283 1917 lectio-

202 1940 283 1962 num
308 1940 331 1961 οι
355 1940 468 1972 passus
491 1936 554 1962 est:
578 1931 676 1962 lectio
703 1931 768 1968 αἱ),
792 1940 863 1972 cap.
893 1939 921 1966 1,
947 1939 1006 1970 271
1030 1931 1049 1960 b
1072 1940 1091 1971 7
1117 1931 1150 1961 in
1171 1931 1283 1962 anima

202 1976 406 2017 manufacta,
431 1975 668 2016 dittographice
691 1985 752 2016 pro
776 1975 983 2017 manufacta,
1001 1985 1069 2006 non
1086 1976 1203 2016 probat
1222 1985 1284 2016 pu·
1309 1997 1311 2004 ,

201 2021 326 2051 ritatem
349 2020 388 2051 ab
406 2030 444 2056 α;
462 2029 570 2061 neque
587 2030 658 2061 cap.
677 2021 706 2057 3,
726 2020 788 2060 278
806 2030 824 2050 a
842 2020 879 2050 16
897 2029 963 2050 non
979 2029 1080 2061 posse
1094 2029 1155 2060 pro
1173 2029 1282 2061 posse,
1308 2017 1312 2057 l

202 2075 310 2106 neque
326 2075 396 2106 cap.
411 2076 441 2105 9,
461 2065 526 2104 284
538 2066 558 2095 b
572 2075 591 2105 7
609 2065 752 2096 duorum
777 2070 980 2096 commatum
1004 2065 1157 2102 inversio,
1174 2074 1283 2106 neque
1309 2063 1312 2086 ὗ
1336 2067 1484 2108 potuisse
1507 2076 1576 2098 non
1602 2066 1710 2104 video,
1726 2067 1843 2098 saltem
1857 2066 1966 2099 donec

201 2120 270 2151 cap.
294 2118 342 2151 19,
369 2110 432 2141 308
450 2120 468 2140 a
486 2110 515 2147 5,
533 2110 588 2141 ubi
612 2111 642 2141 A
665 2109 765 2146 adest,
789 2110 963 2152 generatio
981 2119 1041 2151 pro
1066 2111 1215 2142 mutatio.
1232 2110 1283 2141 In-

202 2154 353 2186 credibile
370 2155 496 2186 videtur
519 2155 610 2196 quod
634 2165 703 2186 non
726 2155 834 2186 solum
860 2154 946 2186 idem
972 2155 1136 2196 exemplar
1159 2155 1283 2187 eisdem

200 2200 280 2231 locis
304 2209 362 2241 per
385 2199 452 2231 duo
477 2200 650 2232 oculorum
667 2201 754 2241 paria
770 2200 854 2231 male
870 2200 1031 2240 legeretur
1046 2199 1103 2231 sed
1120 2205 1151 2231 et
1169 2200 1282 2232 eadem

202 2245 298 2276 verba
321 2245 600 2276 substituerentur.
626 2245 675 2276 De
699 2245 838 2276 mixtura
861 2245 957 2276 etiarn
980 2251 1116 2282 constat,
1134 2246 1282 2286 quamvis

203 2290 232 2320 A
255 2290 356 2329 abest,
382 2299 453 2330 cap.
478 2291 509 2327 6,
535 2290 593 2321 281
620 2300 638 2321 a
665 2298 703 2329 ¹4
734 2303 748 2318 ι
769 2290 856 2321 Cum
887 2291 983 2330 igitur
1011 2290 1112 2322 multa
1142 2290 1282 2323 deducta

203 2335 244 2366 de
268 2335 413 2376 potentia
435 2335 469 2366 in
488 2342 597 2366 actum
613 2345 672 2376 per
687 2341 797 2366 motus
814 2334 994 2372 inferiores,
1012 2345 1155 2376 quorum
1171 2342 1283 2367 motus

202 2380 281 2411 caeli
297 2386 345 2412 est
359 2389 466 2420 causa,
483 2390 521 2411 ex
538 2386 631 2411 motu
656 2380 735 2411 caeli
752 2380 976 2421 producantur
991 2381 1023 2412 in
1042 2390 1111 2411 esse
1127 2394 1141 2408 ι
1162 2387 1222 2412 010.
1240 2381 1280 2419 D,

199 2425 268 2456 sine
291 2435 388 2456 sensu
412 2425 512 2456 bono.
538 2425 645 2456 Ceteri
663 2435 731 2456 non
747 2425 867 2456 habent
889 2425 1045 2457 deducta.
1060 2431 1152 2457 ..est
1167 2436 1280 2462 causa,

200 2470 276 2510 quia
291 2470 324 2501 in
341 2470 371 2500 A
387 2469 491 2501 deleta
507 2476 607 2507 erant,
625 2476 656 2501 et
680 2470 709 2501 D
733 2480 801 2501 non
818 2470 956 2502 debebat
973 2471 1091 2502 habere
1108 2471 1168 2502 tria
1184 2471 1280 2503 verba

199 2524 242 2546 ex
268 2520 358 2546 motu
385 2515 478 2551 caeli,
503 2516 579 2556 quia
608 2521 644 2546 ut
669 2525 756 2546 nova
784 2524 896 2556 passus
919 2515 1017 2547 deleti
1041 2515 1184 2547 redactio
1212 2526 1279 2548 non

201 2560 362 2601 pertinent
377 2559 417 2591 ad
442 2561 509 2600 pA3
536 2566 611 2591 sunt
627 2570 703 2600 ergo
722 2561 753 2590 in
778 2561 807 2591 D
832 2570 888 2601 per
904 2561 1202 2602 interpolationem.
1217 2562 1281 2593 Ac-

253 2710 261 2728 ¹
283 2711 345 2744 Cap.
367 2719 390 2740 1,
419 2711 432 2736 3
452 2718 506 2736 1121
536 2711 710 2745 nominantur]
738 2717 864 2736 vocantur
887 2709 949 2741 ΝΖ;
979 2711 1012 2737 23
1037 2712 1171 2746 vocantur]
1196 2714 1281 2739 nomi-

201 2752 295 2773 nantur
313 2747 343 2772 Ζ.

251 2783 318 2817 Cap.
337 2790 360 2814 2,
380 2782 423 2808 sa
443 2790 456 2808 2
476 2783 593 2809 studium
612 2791 656 2809 om
676 2783 728 2809 ΝΖ.

253 2819 316 2852 Cap.
337 2819 361 2851 3,
380 2817 423 2844 Sa
441 2818 459 2844 8
477 2818 548 2853 puta}
569 2825 597 2844 ut
616 2824 680 2852 puta
698 2819 751 2844 ΝΖ.

252 2855 318 2889 Cap.
335 2863 362 2887 4,
384 2862 411 2880 ιι
430 2862 445 2879 a
465 2861 499 2887 24
517 2855 543 2880 in
561 2854 625 2889 0110]
645 2855 670 2880 in
689 2854 773 2880 otium
792 2855 845 2880 ΝΖ.

251 2889 315 2924 Cap.
334 2890 358 2922 5,
381 2898 438 2924 14a
455 2889 472 2915 6
492 2890 573 2924 quod]
587 2892 620 2916 ad
633 2891 696 2925 quid
712 2891 770 2922 ΝΖ;
794 2898 824 2916 10
842 2891 1051 2927 praecognitum]
1072 2892 1218 2918 secundum
1232 2893 1278 2919 ali-

199 2926 262 2960 quid
281 2927 415 2959 cognitum
435 2926 491 2957 NZ;
517 2933 544 2951 12
565 2926 686 2953 homines
705 2935 753 2960 per
771 2927 885 2953 divinam
905 2929 1094 2962 providentiam
1115 2927 1278 2963 ordinantur]

199 2969 247 2997 per
264 2961 378 2988 divinam
397 2963 586 2996 providentiam
609 2963 759 2994 ordinatur-3
780 2970 817 2995 ¹4
842 2963 955 2997 evocari}
974 2965 1069 2990 elevari
1088 2964 1146 2995 ΝΖ;
1166 2964 1183 2990 b
1195 2971 1225 2991 21
1247 2972 1279 2991 ex

200 2998 282 3032 dietis]
302 3006 334 3024 ex
352 2999 439 3024 verbis
458 2998 478 3023 Z
497 2996 584 3032 (Can).

201 3069 233 3103 (C
252 3032 360 3105 Οιὲἶῐὴὸ,
382 3041 439 3068 17·
460 3041 492 3067 27
517 3033 652 3068 docenturl
677 3035 799 3060 iubentur
817 3035 849 3065 Z;
874 3035 891 3060 b
905 3044 922 3070 9
947 3036 1081 3070 miracula]
1107 3036 1234 3062 mirabilia
1258 3036 1279 3063 Ζ

234 3078 267 3095 an
301 3087 309 3094 .
343 3089 349 3096 .

251 3105 315 3139 Cap.
337 3104 379 3136 13,
399 3105 456 3131 3011
475 3105 492 3130 ὁ
512 3106 651 3140 ponemus]
671 3114 800 3139 ponamus
821 3107 852 3138 Ζ;
877 3115 907 3141 17
928 3114 1052 3134 movente
1071 3115 1115 3134 ons
1134 3108 1188 3135 ΝΖ.

253 3140 316 3174 Cap.
337 3141 379 3171 18,
397 3149 433 3176 49
444 3142 460 3167 b
482 3150 509 3168 11
527 3143 638 3168 dicimus
654 3142 749 3175 Deum]
763 3151 824 3168 esse
835 3144 943 3169 addunt
962 3145 1013 3173 ΝΖ,
1029 3149 1056 3170 er
1065 3147 1130 3170 ante
1149 3144 1234 3171 Deum
1249 3143 1278 3176 63

203 3177 234 3201 30
254 3177 351 3203 scilicet
369 3178 454 3204 Deum
473 3186 516 3204 om
536 3178 588 3204 ΝΖ.

252 3213 315 3246 Cap.
337 3221 377 3244 2ο,
398 3213 429 3239 52
441 3222 456 3239 a
476 3222 510 3248 ²9
529 3214 631 3248 certiori
647 3215 729 3240 maior
743 3215 799 3245 ΝΖ;
814 3214 872 3240 5311
891 3223 922 3248 41
940 3216 1037 3243 Sed...
1048 3224 1081 3248 42
1098 3215 1197 3242 infinito
1206 3216 1279 3243 hom.

201 3256 242 3273 om
262 3249 319 3279 ΝΖ;
339 3250 355 3274 b
369 3257 381 3274 2
402 3249 532 3283 metietur}
557 3250 692 3275 metiretur
710 3250 743 3280 Z:
764 3250 778 3276 3
798 3251 970 3285 impossibile]
990 3253 1176 3278 inconveniens
1191 3251 1221 3283 Z,
1239 3253 1278 3278 in-

200 3285 356 3310 conveniens
376 3291 402 3310 et
420 3286 583 3318 impossibile
603 3286 638 3314 N:
661 3293 694 3317 14
714 3292 786 3311 esset
804 3286 966 3320 impossibile
986 3296 1028 3313 om
1049 3288 1078 3317 Z.
1096 3293 1138 3314 eat
1156 3288 1279 3321 impossi-

201 3320 252 3344 bile
271 3320 307 3349 Ν,·
327 3320 359 3346 55
371 3321 387 3346 b
409 3321 441 3346 26
460 3321 642 3355 excluduntur}
662 3322 857 3348 confunduntur
876 3323 928 3349 ΝΖ.

254 3355 319 3389 Cap.
338 3364 380 3387 22,
399 3356 434 3382 68
445 3357 461 3381 b
483 3356 515 3382 28
528 3358 600 3390 quod
618 3357 666 3383 Dei
685 3366 746 3383 esse
761 3359 890 3392 quidditas
905 3367 951 3384 sua
966 3360 1008 3393 sit}
1025 3361 1108 3386 Deum
1128 3368 1189 3388 esse
1201 3368 1279 3387 auam

202 3390 370 3422 quidditatem
390 3392 448 3422 NZ;
467 3392 484 3416 b
502 3392 529 3419 51
554 3393 631 3424 Quod
650 3394 748 3428 autem]
768 3395 820 3419 Sed
840 3394 911 3428 quod
931 3395 983 3421 NZ.

254 3426 316 3459 Cap.
338 3428 379 3458 23,
399 3435 428 3459 7¹
446 3428 462 3453 b
486 3435 516 3462 19
536 3429 682 3462 praecipue}
703 3430 840 3463 potissime
859 3430 927 3458 ZsN,
948 3431 1065 3464 possitne
1084 3433 1132 3465 pN.

255 3461 317 3495 Cap.
339 3462 380 3493 26,
399 3463 460 3488 8211
484 3471 515 3495 2⁴
534 3467 561 3489 ee
581 3472 614 3498 29
633 3465 836 3500 receptibilitatel
856 3468 1006 3500 receptione
1020 3467 1096 3500 ΖρΝ;
1117 3468 1149 3494 33
1169 3468 1278 3502 etenim]

203 3502 227 3521 et
246 3497 278 3527 Ν,
296 3499 343 3523 sed
361 3499 395 3529 25
414 3498 449 3530 48
468 3500 542 3525 alicui
562 3507 604 3526 om
624 3500 681 3531 NZ;
703 3501 736 3526 50
754 3502 832 3527 etiam
851 3509 894 3528 om
916 3503 972 3533 ΝΖ;
992 3503 1025 3528 ad
1044 3503 1095 3529 hoc
1113 3511 1157 3530 ons
1175 3504 1206 3531 Z.

255 3532 317 3565 Cap.
339 3541 381 3567 27,
401 3533 434 3559 85
447 3542 462 3560 a
479 3534 496 3560 8
515 3536 630 3569 alterius)
650 3538 767 3571 corporis
788 3538 845 3569 NZ;
866 3539 898 3563 13
918 3539 1025 3572 aliquid}
1046 3540 1132 3573 ipsum
1151 3540 1205 3566 ΝΖ.

255 3567 318 3602 Cap.
339 3568 372 3595 28
390 3570 425 3602 (Α
443 3570 541 3602 adest),
560 3570 593 3596 85
605 3571 621 3596 b
643 3571 674 3596 35
694 3573 812 3607 retineat]
833 3579 937 3599 maneat
955 3574 984 3599 Ζ.

202 3603 291 3664 rem?
306 3604 369 3664 :233
389 3603 423 3639 (A
446 3605 543 3639 adest),
571 3614 618 3631 102
631 3607 646 3631 b
666 3606 683 3632 6
707 3608 767 3633 nihil
793 3608 930 3644 diceretur]
960 3611 1061 3636 nullum
1089 3619 1186 3637 nomen
1211 3611 1280 3637 dice·

1337 1897 1411 1919 rum
1436 1887 1618 1919 lectionum
1642 1886 1837 1918 fiducialiter
1854 1886 2081 1919 adhibuimus:
2105 1886 2258 1929 postillae
2273 1887 2427 1929 eom

1337 1939 1371 1964 et
1393 1938 1523 1964 amotae
1538 1937 1625 1969 sunt,
1642 1932 1780 1963 lacunae
1795 1931 1991 1973 completae,
2014 1932 2112 1964 verba
2134 1941 2206 1964 non
2228 1937 2316 1964 recte
2338 1937 2426 1966 tsn-

1337 1978 1456 2018 scripta
1479 1977 1520 2008 ad
1543 1985 1677 2008 sensum
1700 1976 1752 2008 vel
1775 1976 1949 2008 meliorem
1972 1986 2107 2008 sensum
2127 1976 2260 2010 redacta
2281 1982 2368 2009 sunt.

1393 2022 1501 2053 Aliam
1534 2022 1735 2053 recensionis
1764 2020 1960 2054 methodum
1993 2022 2055 2054 ista
2077 2021 2250 2054 meliorem
2279 2021 2426 2055 adhiberi

1336 2117 1424 2143 certe
1446 2112 1592 2144 erroneis
1615 2111 1667 2143 vel
1690 2110 1854 2144 inferioris
1879 2066 2426 2150 vdoriafmgdmdeediffoanm

1336 2156 1518 2198 loquendo,
1543 2157 1678 2198 quaevis
1701 2156 1801 2188 lectio
1829 2157 1928 2195 bona,
1957 2157 2018 2189 etei
2041 2157 2077 2189 in
2102 2157 2278 2191 traditione
2302 2155 2425 2191 maan

1336 2207 1471 2244 apparet
1495 2208 1528 2234 et
1550 2201 1687 2234 fortasse
1710 2202 1746 2234 in
1769 2201 1975 2244 autographo
2004 2211 2075 2234 non
2106 2201 2179 2240 fuit,
2213 2200 2428 2244 praefernde

1336 2248 1378 2278 sit
1395 2247 1511 2285 malae,
1528 2247 1683 2289 antiquae
1705 2246 1764 2279 sed
1787 2252 1875 2279 certe
1895 2256 1967 2279 non
1989 2246 2210 2285 autlientieaez
2231 2247 2291 2279 uni
2313 2252 2425 2282 sutem

1337 2301 1494 2324 erroneae
1517 2292 1628 2334 plures
1651 2292 1779 2334 opponi
1803 2292 1931 2334 possint
1946 2292 2064 2330 bonae,
2087 2301 2229 2334 quarum
2251 2300 2424 2334 nunquam

1337 2337 1412 2379 plus
1428 2347 1528 2379 quam
1552 2347 1620 2369 una
1634 2337 1670 2369 in
1685 2337 1892 2379 autographo
1915 2346 1987 2371 esse
2009 2337 2118 2379 potuit
2133 2342 2167 2370 et
2182 2336 2318 2370 fortasse
2333 2336 2425 2371 auus

1338 2381 1414 2420 fuit3
1438 2392 1516 2414 cum
1540 2382 1676 2414 ulterius
1700 2383 1827 2414 Auctor
1849 2382 1931 2424 ipse,
1954 2381 2089 2424 quando
2111 2381 2217 2415 audiri
2238 2386 2360 2424 potest,
2376 2381 2424 2415 le·

1337 2428 1464 2460 ctiones
1480 2426 1501 2468 β
1516 2437 1595 2470 prae
1611 2427 1727 2460 ceteris
1742 2427 1982 2470 approbatione
1997 2426 2197 2469 distinguere
2212 2427 2327 2466 soleat,
2343 2435 2425 2459 con-

1336 2478 1530 2505 sentaneum
1555 2482 1626 2505 esse
1652 2471 1790 2510 videtur,
1813 2477 1862 2511 ut,
1885 2472 1913 2503 si
1935 2472 2046 2514 plures
2069 2472 2291 2504 correctiones
2317 2481 2424 2514 aeque

1337 2518 1456 2556 valent,
1480 2528 1550 2550 non
1574 2517 1628 2550 illa
1659 2517 1836 2559 adoptetur
1869 2526 1956 2559 quae
1983 2518 2151 2560 antiquior
2178 2523 2236 2550 aut
2262 2516 2426 2559 vulgatior

1336 2569 1432 2603 esset,
1447 2569 1503 2595 aut
1518 2563 1559 2594 ab
1575 2562 1756 2595 editoribus
1778 2563 1856 2604 ipsis
1871 2562 2049 2604 excogitari
2072 2568 2198 2604 posset,
2219 2562 2277 2594 sed
2299 2570 2388 2604 quae
2399 2560 2424 2603 β

1336 2607 1534 2650 suppeditat.
1551 2607 1702 2649 Exempli
1718 2608 1830 2650 gratia,
1846 2607 1880 2640 in
1897 2608 2006 2650 primo
2025 2607 2172 2649 capitulo
2189 2607 2347 2640 Summae
2360 2615 2423 2652 pro

1335 2663 1445 2685 errore
1472 2666 1487 2682 «ι
1506 2653 1603 2685 Unde
1626 2662 1704 2685 cum
1727 2662 1787 2684 sua
1809 2653 1928 2685 veritas
1954 2658 2003 2684 est
2032 2653 2142 2686 omnia
2165 2653 2308 2685 veritatis
2334 2652 2424 2694 Ρῶ-

1335 2699 1459 2740 cipium
1479 2712 1493 2726 ι
1513 2708 1581 2730 11011
1606 2697 1784 2740 legendum
1808 2703 1866 2735 est,
1891 2703 1927 2729 ut
1950 2703 2116 2730 corrector
2140 2697 2276 2730 Parisini
2304 2698 2341 2731 15
2354 2696 2394 2730 81

1335 2753 1394 2775 seu
1422 2742 1623 2775 Godefridus
1653 2742 1695 2775 de
1725 2743 1886 2775 Fontibus
1915 2742 1996 2781 vult,
2031 2742 2126 2774 Unde
2153 2751 2228 2780 sua,
2255 2742 2313 2774 sed
2339 2747 2378 2774 ut

1338 2788 1433 2821 Unde
1447 2793 1480 2820 et
1493 2798 1566 2821 sua.
1583 2788 1739 2820 Similiter
1753 2788 1819 2820 hoe
1833 2787 1912 2820 loco
1933 2797 2074 2821 erroneo
2093 2801 2108 2816 e
2127 2787 2250 2830 duplex
2267 2787 2423 2830 sapientie

1335 2833 1483 2866 officium
1498 2834 1664 2866 invenitur
1678 2834 1712 2865 in
1731 2834 1836 2865 verbis
1851 2833 2030 2875 propositis
2053 2833 2296 2866 demonstratur
2310 2845 2326 2861 ι
2351 2841 2423 2864 non

1334 2879 1512 2920 legendum
1536 2884 1585 2911 est
1610 2878 1871 2911 demonstr-arum
1894 2887 1972 2910 cum
1998 2877 2119 2910 eoda-
2144 2876 2342 2915 correctore.
2363 2875 2423 2912 sed

1334 2923 1592 2966 expungendum
1615 2923 1784 2956 invenitur
1805 2931 1883 2955 eum
1907 2921 1939 2963 β,
1954 2932 2024 2955 11011
2048 2923 2312 2966 qius-correctio
2334 2920 2357 2963 β
2370 2921 2423 2959 ins

1333 2969 1500 3010 geniosior
1524 2979 1594 3001 esse
1618 2968 1756 3007 videtur,
1779 2968 1837 3000 sed
1864 2968 2056 3010 simpliciter
2081 2968 2160 3010 quia
2181 2973 2232 3000 est
2254 2966 2286 3008 β,
2309 2977 2329 2999 a
2350 2975 2422 3009 quo

1334 3013 1512 3046 favorabile
1528 3013 1768 3055 praeiudicium
1779 3014 1820 3045 ab
1832 3014 1863 3046 A
1874 3018 2048 3054 acceptum
2059 3013 2200 3055 separari
2216 3021 2285 3045 non
2301 3016 2421 3054 pos-t.

1390 3068 1446 3100 44.
1461 3076 1485 3083 -
1497 3059 1562 3091 Ubi
1574 3058 1706 3091 codices
1721 3059 1775 3100 ρΑ
1791 3064 1824 3091 et
1836 3057 1856 3098 β
1869 3057 1910 3090 ad
1925 3058 2137 3100 corrigendos
2151 3057 2299 3091 defectus
2311 3065 2336 3089 e
2349 3065 2421 3090 non

1333 3103 1550 3141 sufficiebant,
1587 3103 1783 3136 methodum
1816 3109 1962 3135 nostram
1996 3103 2167 3145 antiquam
2201 3101 2419 3135 servavimus:

1333 3148 1540 3191 adoptamus,
1564 3149 1714 3191 periculo
1733 3153 1859 3186 nostro,
1882 3148 2062 3181 lectionem
2077 3146 2260 3181 conditioni
2282 3154 2419 3179 casuum

1333 3193 1600 3236 respondentem.
1624 3194 1657 3226 in
1682 3202 1899 3235 quocumque
1914 3192 2032 3226 codice
2045 3192 2099 3225 vel
2124 3199 2336 3234 quacumque
2351 3189 2420 3223 edi-

1333 3240 1424 3271 tione
1448 3239 1604 3271 obtineat.
1629 3239 1786 3280 Legimus
1809 3247 1888 3279 ergo
1911 3246 2012 3280 saepe
2033 3245 2112 3270 eum
2133 3236 2350 3279 paucissimis,
2366 3236 2420 3269 val

1334 3293 1411 3316 curn
1439 3293 1524 3316 uno:
1549 3284 1590 3321 D,
1615 3284 1655 3320 X,
1678 3283 1718 3321 Y,
1743 3284 1779 3321 P,
1801 3283 1832 3320 ὸ,
1855 3283 1888 3319 d,
1915 3283 1968 3316 vel
1994 3290 2074 3315 cum
2103 3281 2246 3323 quadam
2274 3279 2420 3313 secunda

1333 3337 1445 3365 manu,
1469 3339 1539 3360 non
1563 3330 1656 3370 quasi
1679 3329 1824 3370 aliquam
1847 3328 2086 3364 anaor-itatem.
2109 3335 2194 3369 quae
2221 3335 2283 3358 nos
2306 3324 2420 3358 defen-

1334 3374 1433 3411 deret,
1462 3374 1581 3405 talibus
1610 3373 1755 3406 fontibus
1781 3373 1887 3405 inesse
1915 3371 2133 3408 crederemus,
2159 3370 2217 3402 sed
2244 3371 2322 3412 quia
2349 3376 2420 3402 acta

1334 3429 1428 3460 agere
1452 3429 1520 3450 non
1547 3419 1663 3460 placet,
1687 3423 1720 3450 et
1744 3424 1780 3450 ut
1802 3418 1853 3449 ius
1877 3425 1974 3449 auum
1998 3417 2120 3458 cuique
2143 3416 2312 3448 tribuatur.
2339 3414 2420 3447 Pro-

1333 3470 1445 3505 pterea
1469 3465 1568 3495 etiam
1591 3464 1652 3495 sub
1674 3468 1776 3499 textu,
1805 3462 1874 3494 sive
1904 3470 2058 3503 praesens
2081 3461 2122 3492 sit
2143 3461 2175 3493 A
2197 3461 2266 3492 sive
2291 3461 2418 3497 absens,

1334 3509 1403 3539 illas
1427 3509 1584 3540 solitarias
1608 3516 1791 3550 paucorum
1818 3507 2040 3539 correctiones
2067 3505 2141 3538 data
2168 3515 2270 3547 opera
2297 3505 2420 3537 releva—

1335 3554 1451 3590 vimus,
1476 3562 1627 3595 expresse
1649 3551 1797 3584 notando
1816 3552 1874 3592 qui
1897 3560 1974 3583 cum
1998 3551 2028 3582 Α
2050 3551 2159 3592 legant
2183 3550 2232 3582 vel
2257 3561 2275 3582 a
2299 3550 2419 3592 quibus

1334 3596 2420 3682 111,1111111,ξίἳζξιῗ“ξ.ἳζῑ,·ἷ“ρίῑῖξὶῑῖἳ.ἑῖῗ3;;ῑῒῖὲ
