2756 4322
73 361 83 372 ¹
98 359 152 382 Vid.
169 358 199 382 ad
214 359 260 382 loc.

71 618 82 628 ·
97 602 154 639 vid.
167 616 196 639 ια
211 617 257 639 100.

69 768 182 801 ,ὁτιὴ

64 2784 178 2819 ‚evim

71 3709 100 3740 36
110 3716 124 3732 v
139 3710 154 3731 b
166 3716 286 3739 ¹⁴--P34·‘⁴

1291 175 1558 213 APPENDIX

317 250 368 281 vel
390 257 545 281 movente
569 252 603 282 in
630 251 748 282 effectu
781 253 828 283 vel
859 259 951 284 moto
981 264 1047 285 non
1080 262 1206 286 tantum
1233 255 1395 296 dependet

316 311 376 331 actu
395 311 414 332 a
430 312 526 333 causa
550 309 663 343 agente
687 308 734 333 sed
752 316 769 333 a
790 309 848 341 disp
868 306 924 336 sed
941 307 1038 336 etiarn
1055 317 1072 337 a
1089 307 1277 338 conditione
1294 308 1394 348 ipsius

315 353 399 383 moti
413 357 497 384 velet
509 355 526 371 ⁴*
538 356 722 395 recipientis
736 359 899 388 actionem
912 359 1044 398 agentis,
1059 359 1111 389 cui
1123 359 1171 389 vel
1185 359 1276 389 nullo
1293 359 1394 390 modo

316 405 400 435 inest
416 407 562 445 potentia
578 407 618 437 ad
636 411 816 443 recipiendam
832 415 912 438 talem
931 414 1064 439 actionem
1084 409 1308 450 recipiendum
1325 410 1394 440 talis

315 457 452 486 actionis
476 457 639 495 effectum,
656 460 739 490 sicut
762 473 791 490 ce
810 461 901 492 lanae
918 468 953 492 ut
970 472 1007 493 ex
1025 472 1061 492 ea
1078 462 1132 492 fiat
1152 472 1252 498 serra;
1277 463 1327 493 vel
1349 469 1395 492 est

315 509 463 549 potentia
490 509 646 550 impedita
671 521 728 551 per
748 516 888 541 contrarias
910 512 1081 554 (contraria
1109 514 1235 553 agentia
1263 515 1312 544 vel
1337 524 1394 555 per

316 560 491 590 contrarias
504 559 733 600 dispositiones
746 563 948 594 inhaerentes
960 564 1072 594 mobili
1086 564 1153 605 aut)
1164 564 1282 595 formas
1297 569 1396 594 motori

315 611 430 642 maiori
447 612 716 652 *impedimento
742 624 839 654 quam
864 617 903 646 sit
929 617 1026 646 virtus
1050 618 1172 656 agentis
1196 617 1228 646 in
1258 616 1393 656 agend0‚

315 663 399 694 sicut
422 662 544 694 ferrum
569 674 636 694 non
653 665 780 705 liquefit
797 677 814 696 a
837 667 934 697 debili
952 668 1056 698 caldo.
1074 668 1213 708 Oportet
1228 669 1324 708 igitur
1341 692 1348 698 .
1363 692 1370 698 .
1386 691 1394 698 .

315 714 356 745 ad
368 715 562 746 contrariam
575 715 833 756 dispositionem.
847 718 887 748 Et
900 719 925 748 si
936 719 1067 759 quidem
1083 719 1215 750 effectus
1225 724 1394 751 ,introductus

317 765 550 807 (consequens)
573 768 607 797 in
633 777 762 807 passum
781 779 817 799 ex
839 771 972 800 victoria
990 771 1112 810 agentis
1135 772 1151 787 ⁴*
1168 781 1263 811 supra
1287 773 1393 811 ipsum

315 815 412 847 fuerit
427 819 608 849 contrarius
624 820 759 850 naturali
778 820 982 861 dispositioni
998 823 1158 862 patientis,
1171 823 1229 852 erit
1247 827 1318 851 actio
1338 832 1393 852 ne—

316 868 445 898 cessitas
470 868 654 906 violentiae‚
679 871 761 901 sicut
786 881 862 901 cum
893 872 973 912 lapis
1004 873 1172 913 proiicitur
1197 882 1334 903 sursum.
1361 873 1394 903 Si

314 928 392 949 vero
408 942 434 949 ..
447 942 454 949 .
469 919 591 950 ordinis
605 922 768 952 naturalis.
786 922 876 953 Sicut
895 927 995 953 accidit
1014 930 1060 954 est
1077 926 1109 954 in
1126 931 1220 954 motu
1233 924 1322 960 caeli,
1336 925 1393 964 qui

315 976 363 1001 est
386 981 404 1001 a
424 972 585 1013 principio
610 979 724 1014 agente
741 975 933 1012 extrinseco,
950 986 1018 1006 non
1042 983 1148 1006 tamen
1174 982 1221 1006 est
1240 980 1394 1005 contrarius

314 1029 427 1054 contra
451 1027 502 1058 dis,
522 1032 650 1054 naturam
666 1038 710 1056 mo
728 1027 906 1058 naturalem
925 1028 1171 1067 dispositionem
1197 1028 1336 1064 mobilis,
1362 1034 1393 1058 et

313 1074 390 1105 ideo
414 1085 481 1107 non
508 1083 556 1107 est
582 1084 691 1108 motus
716 1079 878 1109 violentus
901 1079 957 1110 sed
982 1079 1144 1110 naturalis.
1170 1079 1321 1110 Similiter
1346 1086 1393 1110 est

313 1126 348 1156 in
368 1133 441 1156 motu
461 1127 650 1159 alteratione
667 1139 844 1170 corporum
860 1129 1051 1161 inferiorum
1073 1141 1090 1160 a
1115 1131 1305 1171 corporibus
1322 1140 1392 1160 cae-

313 1178 460 1210 lestibus:
486 1190 561 1211 nam
578 1182 730 1213 naturalis
747 1186 817 1216 incli,
830 1189 887 1219 apt,
906 1183 1072 1214 inclinatio
1090 1189 1136 1213 est
1153 1183 1185 1213 in
1202 1183 1393 1223 corporibus

313 1229 522 1262 inferioribus
541 1232 581 1262 ad
597 1234 816 1274 recipiendam
833 1235 1080 1275 impressionem
1097 1234 1273 1274 corporum
1298 1243 1393 1274 supe-

314 1282 448 1312 riorum.
463 1283 515 1314 Sic
533 1285 628 1316 etiam
643 1291 690 1315 est
704 1309 710 1315 .
722 1309 746 1315 ..
761 1287 899 1316 existens
911 1292 958 1316 est
970 1286 1186 1326 generationis
1200 1285 1392 1315 subiectum.

260 1333 589 1375 ἶκᾹξΛῖΞὶι-ρὶέῐιῐάἰθῖίε
614 1337 710 1377 igitur
734 1344 821 1378 patet
851 1337 942 1378 quod
972 1338 1144 1368 necessitas
1173 1347 1266 1364 causae
1293 1339 1393 1372 agentis

313 1383 413 1427 (quae
427 1393 474 1417 est
488 1397 524 1418 ex
538 1397 635 1419 causa
652 1394 766 1428 agente
785 1387 1038 1430 in-quibusdam)
1059 1387 1220 1428 dependet
1234 1397 1271 1418 ex
1284 1387 1393 1428 dispo-

265 1453 269 1456 -
313 1438 432 1469 sitione
456 1439 579 1479 agentis
603 1445 741 1476 tantum,
759 1441 791 1471 in
809 1440 1005 1481 quibusdam
1021 1449 1099 1470 vero
1116 1449 1153 1470 ex
1179 1439 1392 1479 dispositione

308 1490 437 1529 ‘agentis
461 1495 493 1520 et
523 1491 683 1530 patientis.
709 1491 740 1522 Si
773 1491 869 1531 igitur
885 1514 893 1521 .
909 1515 915 1521 .
931 1513 938 1521 .
956 1491 1015 1521 erit
1046 1490 1218 1520 necessitas
1247 1489 1393 1519 absoluta

314 1550 353 1572 ex
377 1551 473 1573 causa
497 1549 612 1582 agente
639 1542 734 1583 (sicut
757 1544 790 1574 in
816 1543 865 1574 his
889 1553 973 1584 quae
1004 1549 1103 1583 agunt
1135 1552 1172 1572 ex
1204 1542 1393 1572 necessitate

313 1597 346 1622 et
361 1592 514 1634 semper.)
531 1593 564 1624 Si
581 1600 689 1624 autem
705 1618 711 1624 .
728 1618 734 1624 .
751 1618 757 1624 .
775 1594 815 1624 ad
831 1593 1005 1633 agendum.
1023 1592 1119 1635 (sicut
1137 1593 1169 1623 in
1186 1593 1235 1623 his
1249 1617 1256 1623 .
1267 1616 1291 1622 ..
1306 1591 1362 1622 sed
1382 1604 1394 1620 s

312 1649 350 1674 ut
365 1644 399 1674 in
411 1644 585 1685 pluribus.)
602 1645 621 1684 §
636 1645 683 1675 Ex
697 1655 792 1676 causa
806 1651 914 1676 autem
927 1644 1014 1676 finali
1029 1645 1241 1684 consequitur
1252 1645 1284 1674 in
1299 1644 1394 1674 rebus

312 1696 486 1726 necessitas
503 1695 684 1736 dupliciter.
703 1696 779 1727 Uno
796 1695 929 1736 quidem
946 1696 1048 1726 modo
1062 1699 1207 1725 secundum
1222 1702 1322 1724 motum
1338 1700 1395 1724 eius

312 1751 411 1787 prout
429 1751 450 1780 fi
468 1751 516 1776 est
540 1746 716 1790 (primum)
740 1748 773 1778 in
797 1747 979 1777 intentione
1003 1748 1126 1787 agentis
1149 1750 1186 1775 sic
1209 1751 1279 1775 enim
1306 1755 1395 1775 movet

311 1806 443 1835 agentem.
462 1797 504 1828 Et
528 1804 687 1838 quantum
718 1798 759 1830 ad
782 1799 846 1830 hoc
865 1803 958 1828 endem
978 1798 1109 1839 (eodem
1131 1797 1245 1839 modo)
1268 1804 1315 1829 est
1338 1809 1394 1829 ne-

313 1849 444 1880 cessitas
468 1859 506 1880 ex
530 1849 596 1880 fine
615 1855 646 1880 et
670 1850 709 1880 ab
733 1857 859 1890 agente.
880 1851 989 1891 Agens
1015 1851 1101 1881 enim
1120 1873 1126 1880 .
1142 1874 1171 1880 ..
1196 1850 1392 1880 voluntariis.

314 1900 350 1932 In
377 1902 474 1932 rebus
497 1903 583 1932 enim
609 1902 808 1933 naturalibus
835 1903 973 1934 intentio
998 1902 1071 1933 finis
1096 1906 1217 1940 sequitur
1236 1902 1392 1942 competit

313 1954 421 1994 agenti
446 1953 626 1984 secundum
652 1963 743 1983 suam
769 1953 919 1989 formam,
949 1963 1006 1994 per
1034 1963 1133 1994 quam
1160 1953 1232 1984 finis
1259 1959 1306 1983 est
1333 1954 1391 1983 sibi

313 2006 523 2036 conveniens.
543 2005 637 2036 Unde
655 2011 786 2046 oportet
804 2030 810 2036 .
826 2030 833 2036 .
848 2029 854 2036 .
873 2005 913 2036 ad
937 2006 1093 2037 medium.
1112 2006 1146 2036 In
1171 2007 1266 2036 rebus
1283 2011 1392 2036 autem
1409 2020 1416 2035 -‚

312 2056 503 2088 voluntariis
523 2061 571 2086 hoc
591 2068 632 2086 est
652 2061 735 2094 magis
755 2061 932 2092 manifestum,
947 2069 1010 2086 nam
1030 2061 1174 2087 secundum
1191 2062 1303 2087 eandem
1320 2068 1391 2086 men-

311 2118 415 2142 suram,
435 2115 562 2140 tantum
581 2114 652 2138 enim
667 2110 816 2140 voluntas
830 2110 963 2141 inclinat
975 2110 1014 2140 ad
1027 2110 1189 2151 agendum
1206 2121 1236 2139 ea
1249 2121 1317 2146 quae
1332 2118 1393 2138 sunt

312 2165 447 2200 propter
473 2159 573 2191 finem
605 2167 764 2203 quantum
784 2166 920 2191 inclinatur
939 2166 971 2191 ad
990 2164 1069 2204 finem
1099 2161 1249 2204 (intendit
1277 2160 1390 2196 finem)

312 2215 354 2240 vel
374 2215 447 2248 quod
459 2222 500 2240 est
513 2214 582 2247 finis,
596 2217 732 2250 contingit
749 2214 825 2245 licet
842 2223 908 2244 non
926 2223 1054 2254 semper
1069 2219 1196 2244 tantum
1220 2212 1392 2247 inclinetur

313 2261 353 2293 ad
369 2262 532 2303 agendum
549 2264 628 2295 haec
642 2265 692 2295 vel
709 2265 763 2295 illa
775 2275 859 2306 quae
876 2271 950 2296 sunt
968 2270 1099 2305 propter
1115 2263 1214 2294 finem
1232 2268 1391 2304 quantum

312 2316 435 2355 appetit
458 2315 569 2352 finem,
595 2316 727 2357 quando
752 2316 825 2347 finis
849 2327 916 2347 non
941 2317 1049 2347 solum
1081 2326 1138 2356 per
1161 2317 1241 2346 haec
1264 2315 1315 2345 vel
1339 2314 1392 2344 illa

300 2366 423 2402 ⁴haberi
447 2373 555 2407 potest
571 2367 627 2398 sed
651 2368 798 2408 pluribus
822 2368 938 2399 modis.
963 2368 1038 2398 Alio
1055 2377 1132 2398 vero
1155 2366 1258 2398 modo
1283 2372 1330 2397 est
1354 2376 1391 2396 ex

313 2416 378 2448 fine
402 2419 575 2449 necessitas
599 2419 782 2450 secundum
805 2431 881 2448 suam
906 2423 1018 2448 formam
1041 2428 1068 2448 et
1092 2423 1229 2452 rationem,
1253 2427 1279 2447 et
1302 2422 1339 2446 sic
1364 2421 1390 2446 in

305 2473 366 2506 fine
377 2481 408 2499 ex
420 2473 472 2498 fine
483 2475 665 2499 consideratur
677 2474 820 2500 necessitas
838 2476 864 2500 in
877 2475 918 2500 his
931 2483 1000 2508 quae
1015 2481 1077 2500 sunt
1089 2480 1196 2507 propter
1207 2473 1286 2499 finem
1297 2474 1391 2499 imme-

312 2524 380 2550 diate
395 2533 448 2550 non
463 2526 594 2551 mediante
608 2531 701 2559 agente
718 2522 872 2573 quodtest
884 2523 1045 2564 posterius
1057 2523 1090 2553 in
1105 2531 1184 2553 esse.
1199 2522 1238 2552 Et
1253 2522 1333 2552 haec
1344 2545 1351 2551 .
1365 2545 1371 2551 .
1383 2544 1390 2551 .

313 2580 417 2602 serrae
442 2582 536 2613 opus.
562 2576 701 2610 §Materia
719 2582 807 2618 autern
827 2582 853 2603 et
878 2577 963 2603 forma
989 2586 1043 2603 non
1068 2583 1129 2603 sunt
1154 2578 1241 2603 solum
1265 2576 1391 2610 principia

313 2628 426 2659 essendi,
447 2628 493 2652 sed
513 2629 590 2653 etiam
610 2628 697 2654 fiendi.
718 2629 793 2655 Unde
811 2629 844 2655 ab
863 2630 901 2655 eis
921 2635 1009 2663 potest
1027 2630 1184 2655 considerari
1204 2630 1346 2655 necessitas
1365 2628 1392 2653 in

313 2678 394 2704 rebus
413 2687 466 2704 non
485 2679 572 2705 solum
593 2680 713 2706 absoluta
738 2682 884 2706 secundum
909 2681 980 2714 quod
1004 2687 1064 2706 sunt
1083 2681 1188 2706 essendi
1212 2681 1343 2713 principia,
1363 2685 1392 2704 ut

314 2738 393 2766 supra
413 2731 510 2756 di’ctum
533 2737 581 2763 est,
599 2733 649 2757 sed
666 2730 748 2758 etiani
767 2733 955 2758 condistonata
974 2733 1119 2758 secundum
1142 2733 1214 2765 quod
1230 2736 1293 2758 sune
1305 2732 1404 2766 fiendi·

310 2781 449 2814 principia
468 2782 516 2807 sed
535 2783 616 2808 modo
634 2783 764 2808 consimili
783 2784 868 2817 agenti
889 2790 914 2809 et
938 2783 991 2813 fini,
1015 2792 1083 2817 quae
1111 2783 1179 2809 sunt'
1195 2783 1273 2809 fiendi
1293 2784 1307 2798 *
1323 2783 1393 2816 prin—

314 2833 388 2866 cipia.
408 2834 505 2859 Forma
524 2833 618 2868 (enim)
638 2840 678 2859 est
696 2834 754 2860 finis
774 2835 962 2867 generationis:
982 2836 1052 2860 unde
1078 2836 1109 2860 ab
1136 2836 1194 2869 ipsa
1218 2836 1328 2860 trahitur
1347 2843 1392 2860 ne-

314 2885 424 2910 cessitas
440 2886 466 2910 in
485 2885 595 2910 factione
614 2893 703 2910 rerum
722 2886 788 2911 sicut
807 2894 822 2911 a
841 2885 900 2911 fine.
916 2887 1022 2911 Materia
1037 2895 1109 2917 vero,
1129 2893 1206 2920 prout
1226 2892 1265 2911 est
1284 2894 1392 2919 genera-

313 2939 392 2963 tionis
412 2938 568 2967 subiectum,
588 2938 768 2963 consideratur
787 2943 816 2962 ut
834 2938 860 2963 in
881 2939 997 2971 potentIa
1021 2938 1157 2971 <tanturn>
1185 2938 1308 2964 existens.
1327 2938 1392 2963 Pos-

314 2989 390 3015 sibile
409 2995 495 3015 autem
516 2989 667 3014 huiusmodi
685 2989 827 3023 opponitur
846 2989 878 3014 ad
898 2997 1015 3018 necesse,
1035 2998 1096 3014 nam
1120 2990 1192 3023 quod
1212 2990 1249 3014 sic
1268 2989 1393 3022 possibile

314 3046 355 3066 est
373 3049 442 3072 esse,
462 3040 587 3073 possibile
606 3046 647 3065 est
665 3048 718 3065 non
737 3048 806 3065 esse.
826 3040 901 3065 Unde
919 3047 950 3065 ex
965 3048 995 3065 ea
1014 3048 1066 3065 non
1085 3046 1126 3065 est
1145 3040 1286 3065 necessitas
1305 3040 1393 3073 aliqua

314 3093 340 3117 in
353 3100 440 3117 rerum
455 3091 623 3124 generatione
638 3092 690 3116 nisi
708 3099 746 3116 ex
764 3099 795 3117 ea
814 3091 895 3116 simut
913 3094 939 3116 et
957 3096 1062 3125 agente,
1078 3092 1134 3124 ipsa
1148 3092 1218 3116 enirn
1237 3099 1290 3116 non
1304 3097 1392 3116 movet

314 3150 343 3168 se
362 3143 394 3168 ad
413 3142 536 3172 fflrmam,
554 3143 601 3167 sed
622 3147 742 3167 movetur
760 3142 792 3167 ab
813 3147 913 3175 agente.
937 3142 1013 3167 Unde
1038 3142 1071 3166 Et
1090 3142 1148 3167 ideo
1168 3149 1198 3167 ex
1217 3149 1248 3167 ea
1266 3142 1346 3167 sirnul
1366 3147 1392 3166 et

313 3201 406 3228 agente
425 3199 512 3228 potest
531 3194 618 3227 aliqua
638 3194 780 3219 necessitas
794 3194 862 3218 sumi
883 3193 914 3218 nd
928 3193 1066 3225 effectumg
1086 3200 1123 3223 ut,
1137 3194 1158 3218 si
1173 3194 1206 3218 sit
1224 3194 1282 3218 talis
1301 3199 1390 3219 motus

313 3247 414 3280 agentis
433 3254 464 3271 ex
482 3246 526 3271 tali
547 3246 653 3271 materia
676 3246 813 3278 proveniet
837 3245 895 3270 talis
919 3244 1034 3270 effectus.
1060 3245 1142 3277 Magis
1166 3250 1252 3269 autem
1280 3244 1306 3268 in
1335 3245 1390 3277 ipsa

314 3299 423 3324 materia
440 3299 570 3323 inducitur
588 3286 732 3322 necessitas
757 3305 787 3322 ex
807 3298 891 3322 forma
913 3302 938 3322 et
958 3296 1022 3324 fine:
1043 3297 1063 3321 si
1084 3297 1155 3322 enim
1174 3297 1232 3321 talis
1255 3297 1338 3321 forma
1358 3297 1391 3322 sit

313 3350 408 3380 futura,
427 3358 537 3375 necesse
557 3354 596 3374 est
616 3349 751 3374 materiam
771 3350 851 3373 talem
871 3356 940 3373 esse.

383 3480 464 3520 Cap.
490 3479 603 3510 XXXI.
621 3479 718 3517 Quor>
742 3488 806 3508 NON
831 3488 884 3508 asr
909 3488 1118 3508 sacassaamm
1143 3488 1320 3508 cammaris

726 3540 842 3560 samaa
866 3539 978 3559 rutssa.

730 3606 976 3647 Fragmentum.

360 3708 461 3750 Quod
485 3717 552 3738 non
578 3712 645 3738 est.
661 3731 686 3737 ..
701 3706 808 3737 fuisse.
827 3724 847 3729 -
863 3708 880 3745 ἓ
898 3706 944 3736 Ex
969 3706 1149 3746 praemissis
1166 3711 1274 3736 autem
1295 3711 1390 3736 restat

315 3759 485 3791 ostendere
503 3758 593 3800 quod
610 3768 678 3788 non
691 3763 737 3789 est
750 3758 965 3788 necessarium
983 3767 1031 3787 res
1044 3755 1190 3798 (creatas)
1203 3757 1242 3787 ab
1259 3763 1389 3787 aeterno

315 3811 414 3843 fuisse
433 3823 448 3840 a
465 3814 523 3840 Deo
541 3815 567 3840 in
585 3822 646 3839 esse
665 3814 813 3847 productas.
833 3810 865 3840 Si
891 3810 977 3840 enim
1002 3814 1218 3839 creaturarum
1236 3809 1391 3838 universi-

315 3869 415 3894 tatem
430 3864 482 3894 vel
499 3872 744 3904 quamcumque
760 3872 860 3893 unam
878 3867 1054 3892 creaturam
1072 3870 1202 3890 necesse
1219 3865 1266 3890 est
1286 3871 1391 3896 semper

315 3918 398 3944 fuisse
409 3913 505 3957 (esse)
519 3923 623 3952 oportet
635 3918 706 3951 quod
719 3917 852 3950 (absolute
864 3915 1064 3949 consideratam)
1079 3914 1231 3940 huiusmodi
1248 3912 1392 3951 (oportet

317 3965 421 4007 quod)
445 3967 670 3996 necessitatem
694 3966 788 3995 istam
811 3965 927 3995 habeat
946 3973 1062 3992 creatura
1083 3973 1120 3993 ex
1137 3972 1170 3992 se
1187 3962 1237 3992 vel
1262 3972 1298 3992 ex
1316 3962 1389 3992 alio.

2452 183 2524 232 49*

1451 261 1559 287 autern
1583 267 1651 288 non
1675 257 1771 288 habet
1795 268 1863 289 esse
1879 269 1897 290 a
1912 269 1955 296 se,
1972 261 2170 300 impossibile
2196 266 2242 291 est
2266 261 2356 302 quod
2378 263 2516 293 necessi-

1450 314 1548 338 tatem
1568 309 1693 340 essendi
1714 312 1842 348 (semper)
1861 321 1878 341 a
1895 321 1928 342 se
1944 312 2069 348 habeat,
2087 325 2144 342 cum
2164 324 2267 349 semper
2280 318 2475 350 sempiternitas
2490 319 2526 342 six

1451 370 1510 387 esse
1530 364 1706 388 continuarum
1734 373 1839 397 semper
1860 363 1949 402 (quia
1974 363 2064 403 quod
2086 374 2218 395 necesse
2234 370 2281 395 est
2305 375 2383 401 esse,
2400 366 2522 406 impos-

1451 411 1540 441 sibile
1558 418 1605 442 est
1629 422 1696 443 non
1718 423 1796 450 esse,
1822 420 1852 444 et
1872 415 1915 444 sic
1934 438 1940 444 .
1957 439 1962 444 .
1979 439 1984 444 .
2004 415 2092 454 quod
2110 416 2148 446 sit
2165 415 2245 458 ens.)
2262 416 2295 447 Si
2311 422 2419 447 autem
2443 417 2523 447 haec

1417 477 1426 496 ς
1450 465 1624 494 necessitas
1659 476 1712 501 qua
1730 476 1838 494 necesse
1857 474 1897 494 est
1924 475 2068 496 creaturam
2087 479 2192 504 semper
2219 471 2300 496 fuisse
2331 467 2521 509 (creaturae)

1414 551 1421 558 ,
1449 521 1518 543 esset
1536 522 1583 546 est
1600 517 1638 545 ab
1655 517 1730 552 alio,
1752 522 1881 556 oportet
1898 517 1987 557 quod
2011 519 2049 548 sit
2073 519 2111 547 ab
2136 519 2242 559 aliqua
2261 524 2414 548 extrinseca
2427 529 2523 550 causa

1451 574 1533 604 quae
1547 567 1585 595 sit
1599 567 1776 597 extrinseca
1797 571 1839 602 <et
1851 572 1939 603 quod>
1960 571 2061 604 (quae)
2081 572 2144 598 haec
2163 579 2250 598 autem
2263 569 2353 610 (quia
2366 569 2523 610 quicquid

1450 618 1626 657 accipiatur
1649 619 1861 649 intrinsecum
1886 619 2078 662 [creaturae]
2103 622 2197 651 habet
2221 631 2289 652 esse
2313 622 2351 651 ab
2376 622 2448 652 alio.
2475 633 2522 651 nec

1450 673 1542 698 eadem
1562 675 1666 700 ratione
1689 670 1796 701 Causa
1820 677 1928 702 autem
1953 672 2139 713 extrinseca)
2163 679 2209 703 est
2234 673 2281 703 vel
2308 673 2447 704 efficiens
2473 674 2522 704 vel

1450 719 1532 750 finis.
1568 721 1615 750 Ex
1652 721 1810 752 efficiente
1829 745 1834 751 .
1851 746 1857 751 .
1874 746 1880 752 .
1899 722 2068 762 dependet.
2095 724 2127 753 Si
2152 724 2247 762 igitur
2281 730 2428 763 agentem
2455 734 2521 754 non

1449 781 1580 802 necesse
1605 773 1643 803 sit
1672 783 1765 813 agere
1797 777 1923 810 (semper)
1954 773 1993 803 ad
2018 774 2267 814 productionem
2292 775 2434 811 effectus,
2461 785 2522 806 nec

1449 822 1600 853 effectum
1625 834 1755 855 necesse
1783 830 1830 855 est
1865 835 1934 855 esse
1965 837 2070 862 semper
2093 825 2276 866 (absolute.)
2302 827 2389 857 Deus
2413 833 2521 857 autem

1450 880 1545 915 (non)
1570 876 1633 915 agit
1657 874 1709 917 (ex
1734 877 1841 916 aliqua
1866 875 2069 915 necessitate)
2093 877 2132 907 ad
2150 884 2367 908 creaturarum
2382 878 2522 918 produc-

1449 925 1571 955 tionem
1593 938 1639 962 per
1665 938 1741 955 suam
1754 931 1924 960 voluntatem,
1945 934 1980 957 ut
1997 937 2091 967 supra
2109 935 2274 958 ostensum
2291 935 2347 959 est.
2373 934 2426 958 Nec
2444 933 2523 958 refert

1449 980 1480 1004 ad
1504 968 1668 1014 propositum
1694 987 1781 1007 utrum
1802 988 1860 1016 agat
1879 983 1964 1015 aliqua
1985 983 2085 1008 actione
2103 984 2188 1008 media
2214 985 2254 1008 vel
2278 991 2329 1009 non
2356 986 2423 1009 sicut
2441 985 2520 1009 homo

1411 733 1435 748 10

1409 989 1431 1009 ¹5

1449 1032 1492 1064 qui
1513 1032 1643 1058 voluntate
1663 1038 1752 1058 movet
1772 1033 1892 1058 baculum
1915 1034 2045 1059 mediante
2069 1035 2162 1059 virtute
2189 1035 2293 1063 motivav
2317 1036 2357 1060 vel
2377 1036 2449 1060 nulla
2472 1035 2521 1060 alia

1450 1082 1549 1108 actione
1569 1084 1662 1114 media,
1682 1085 1728 1109 sed
1748 1093 1826 1109 suum
1840 1086 1907 1110 velle
1920 1085 1953 1110 sit
1966 1085 2021 1110 eius
2041 1086 2133 1115 facere,
2149 1086 2216 1110 sicut
2230 1093 2310 1118 supra
2322 1091 2458 1110 ostensum
2472 1091 2520 1110 est.

1449 1135 1557 1159 Constat
1576 1134 1668 1168 (enirn)
1688 1137 1760 1169 quod
1780 1137 1916 1162 voluntate
1934 1141 2054 1162 cessante
2073 1143 2191 1162 cessante
2215 1138 2297 1170 prima
2326 1137 2432 1168 actione,
2453 1145 2521 1170 quae

1449 1192 1489 1210 est
1507 1187 1586 1211 volun
1607 1187 1694 1220 ipsum
1713 1188 1789 1219 velle,
1803 1188 1915 1213 cessabit
1930 1189 1995 1213 actio
2010 1190 2102 1214 media.
2119 1190 2144 1214 Si
2159 1190 2235 1222 igitur
2250 1195 2393 1214 creaturam
2414 1198 2521 1215 necesse

1409 1246 1435 1261 20
1449 1242 1488 1262 est
1507 1245 1566 1262 esse
1582 1238 1719 1271 (semper)
1739 1244 1843 1272 oportet
1857 1240 1927 1272 quod
1943 1240 2026 1264 Deum
2040 1240 2088 1265 hoc
2101 1241 2168 1265 velle
2181 1241 2214 1265 sit
2226 1248 2342 1266 necesse.
2357 1240 2415 1266 Non
2434 1246 2520 1266 autem

1449 1293 1488 1313 est
1507 1296 1615 1314 necesse
1635 1290 1754 1315 absolute
1772 1290 1857 1315 Deum
1876 1291 1944 1316 velle
1963 1293 2034 1324 quod
2054 1297 2169 1317 creatura
2189 1292 2230 1323 sit,
2249 1297 2278 1317 ut
2299 1293 2325 1317 in
2344 1292 2430 1325 primo
2454 1292 2521 1317 libro

1447 1344 1585 1365 ostensum
1606 1346 1654 1365 est.
1688 1338 1764 1368 Non
1790 1345 1836 1369 est
1867 1339 1962 1379 igitur
1989 1338 2161 1380 (absolute)
2188 1350 2318 1371 necesse
2344 1346 2520 1370 creaturam

1448 1389 1575 1425 (semper)
1597 1398 1676 1424 esse,
1693 1390 1881 1420 necessitate
1906 1390 2067 1430 pendente
2092 1401 2109 1420 a
2129 1400 2224 1421 causa
2241 1390 2408 1421 efficiente.
2426 1391 2521 1421 Simi-

1449 1439 1519 1469 liter
1535 1449 1595 1469 nec
1618 1441 1808 1470 necessitate
1825 1441 1985 1481 pendente
2003 1451 2019 1471 a
2037 1451 2132 1472 causa
2155 1441 2252 1472 finali.
2270 1442 2316 1472 Ea
2333 1442 2419 1472 enim
2437 1451 2520 1481 quae

1448 1496 1524 1520 sunt
1539 1490 1580 1520 ad
1594 1490 1692 1521 finem
1718 1492 1940 1522 necessitatem
1957 1502 1975 1522 a
1991 1492 2055 1523 fine
2071 1502 2139 1523 non
2155 1493 2314 1532 recipiunt
2330 1493 2390 1522 nisi
2406 1502 2521 1523 secun-

1448 1540 1527 1571 dum
1545 1541 1634 1580 quod
1650 1540 1723 1571 finis
1745 1543 1811 1572 sine
1829 1543 1873 1572 eis
1890 1543 1939 1573 vel
1957 1553 2022 1573 non
2047 1549 2154 1583 potest
2179 1553 2246 1574 esse
2270 1547 2311 1572 vel
2330 1554 2380 1572 non
2401 1547 2439 1572 ita
2457 1547 2522 1572 bene

1449 1602 1512 1621 esse.
1534 1595 1609 1620 Finis
1627 1598 1717 1621 autem
1737 1597 1782 1621 div
1806 1594 1888 1623 sicut
1912 1595 2114 1624 conservatio
2146 1594 2227 1624 vitae
2259 1595 2326 1624 sine
2355 1595 2445 1630 cib03
2470 1595 2520 1625 vel

1450 1651 1516 1671 non
1541 1642 1583 1671 ita
1607 1642 1690 1672 bene
1707 1652 1785 1678 esse,
1811 1644 1892 1673 sicut
1915 1645 1974 1674 iter
1991 1645 2059 1674 sine
2083 1654 2180 1684 equo.
2199 1645 2215 1660 ⁴*
2239 1644 2326 1674 Finis
2350 1650 2457 1674 autem
2475 1644 2521 1673 di-

1450 1693 1542 1723 vinae
1567 1693 1750 1729 voluntatis,
1776 1704 1812 1724 ex
1839 1703 1902 1733 qua
1926 1704 1974 1724 res

1408 1504 1431 1523 ²5

1410 1760 1435 1780 30

1772 1796 1792 1817 tii
1874 1796 1894 1817 21²³
1977 1796 1996 1817 'ii
2078 1796 2098 1818 ²⁸²
2179 1796 2199 1817 ²3²

1449 1934 1530 1973 Cap.
1557 1933 1699 1962 xxxlit.
1730 1933 1890 1962 Rauoxas
1915 1942 2092 1962 vouzsrnm
2121 1943 2260 1963 PROBARE
2285 1943 2520 1962 aa'raaximram

1632 1994 1729 2014 muxm
1754 1993 1892 2014 sumana
1918 1994 1955 2014 ax
1980 1985 2336 2014 warahamum-utun.

1863 2055 2109 2096 Fragmentum.

1450 2176 1465 2191 t<
1495 2175 1510 2191 »κ
1540 2175 1555 2191 ,κ
1582 2161 1683 2198 Quod
1708 2166 1816 2191 autern
1848 2160 1937 2190 aliter
1966 2170 1998 2190 se
2027 2161 2122 2190 habet
2146 2170 2233 2191 nunc
2262 2166 2292 2190 et
2319 2161 2417 2200 prius,
2447 2170 2519 2190 mo-

1448 2219 1548 2243 vetur.
1574 2213 1660 2252 Ergo
1684 2218 1814 2252 oportet
1838 2218 1910 2242 ante
1931 2216 1977 2240 illa
1993 2219 2119 2243 motum
2145 2213 2199 2252 qui
2221 2211 2260 2242 de
2284 2221 2371 2242 novo
2397 2212 2519 2252 incipit,

1447 2265 1546 2295 alium
1563 2270 1692 2294 motum
1709 2263 1900 2304 praecedere
1917 2265 1948 2294 in
1967 2263 2079 2294 mobili
2092 2263 2143 2294 vel
2155 2264 2188 2293 in
2205 2269 2367 2294 movente.
2382 2263 2519 2303 Oportet

1446 2317 1602 2356 igitur...
1620 2325 1747 2356 semper
1771 2314 1910 2346 fuerunt.
1938 2315 2039 2352 (Deus
2073 2316 2159 2345 enim
2184 2315 2320 2345 omnino
2344 2314 2518 2344 immobilis

1447 2373 1504 2403 est,
1522 2368 1603 2398 utin
1617 2367 1723 2407 primo
1737 2372 1904 2396 ostensum
1917 2365 1988 2405 est.)
2007 2366 2213 2405 §Praeterea
2232 2365 2338 2396 Omne
2355 2375 2451 2406 agens
2466 2389 2471 2395 .
2488 2389 2494 2395 .
2511 2389 2517 2395 .

1446 2419 1509 2449 sint
1534 2423 1718 2458 perpetuae.
1743 2418 1760 2455 §
1776 2416 1902 2447 Adhuc.
1921 2417 1952 2447 Si
1970 2422 2099 2457 tempus
2115 2422 2163 2447 est
2179 2422 2372 2457 perpetuum
2391 2440 2397 2446 .
2413 2440 2438 2446 ..
2457 2416 2519 2446 sint

1447 2471 1486 2501 ab
1503 2475 1646 2500 aeterno.
1671 2471 1688 2508 ἓ
1707 2469 1795 2499 [tem.
1821 2473 1908 2498 Omne
1927 2473 1990 2498 illud
2009 2477 2112 2505 oportet
2131 2480 2191 2497 esse
2215 2477 2371 2505 perpetuum
2394 2473 2425 2497 ad
2445 2472 2519 2497 cuius

1405 2277 1432 2296 ,ςο

1405 2537 1430 2557 ⁴5
1443 2527 1525 2559 priva
1553 2526 1644 2551 destru
1669 2526 1842 2550 remotionem
1867 2526 1986 2558 sequitur
2009 2526 2064 2550 eius
2084 2525 2212 2558 <positio>
2233 2523 2316 2558 (esse)
2337 2525 2362 2549 ²¹⁸.
2383 2520 2519 2559 Oportet

1446 2579 1516 2604 enim
1535 2574 1584 2605 vel
1603 2573 1759 2604 affirmare
1776 2574 1825 2604 vel
1842 2584 1968 2614 negare.
1986 2574 2019 2605 Si
2034 2575 2130 2614 igitur
2147 2597 2153 2603 .
2170 2598 2175 2603 .
2191 2597 2198 2603 .
2217 2573 2376 2613 posterius
2392 2570 2431 2602 ad
2451 2581 2518 2601 esse

1447 2627 1526 2657 eius.
1552 2626 1642 2656 Prius
1659 2630 1768 2655 autem
1784 2630 1815 2655 et
1839 2625 1999 2665 posterius
2015 2634 2082 2655 non
2107 2630 2213 2665 potest
2231 2627 2337 2659 intelligi
2357 2622 2452 2664 (esse)
2471 2631 2519 2652 se-

1447 2677 1591 2708 cundum
1609 2676 1812 2707 durationem
1827 2676 1887 2706 nisi
1904 2681 2033 2716 tempus
2049 2676 2088 2706 sit
2107 2682 2134 2713 et
2150 2679 2189 2704 sic
2207 2678 2339 2711 oportebit
2358 2681 2461 2709 tempus
2478 2683 2520 2701 ess

1446 2738 1522 2759 nam
1546 2737 1702 2759 numerus
1726 2727 1850 2767 prioris,
1869 2732 1900 2757 et
1928 2727 2112 2767 posterioris
2143 2733 2271 2767 tempus
2296 2732 2351 2756 est.
2376 2730 2454 2755 Relin
2479 2726 2520 2756 Et

1407 2794 1433 2815 50
1447 2782 1492 2811 sic
1509 2779 1673 2821 oportebit
1687 2802 1692 2809 .
1709 2803 1715 2808 .
1732 2802 1737 2808 .
1752 2787 1820 2808 esse
1841 2783 2018 2809 aeternum.
2041 2778 2186 2818 Tempus
2203 2784 2310 2808 autem
2328 2777 2476 2808 accidens
2491 2778 2518 2813 ἦ

1448 2831 1538 2872 quod
1561 2831 1631 2861 sine
1654 2831 1802 2860 subiecto
1819 2839 1887 2860 esse
1910 2839 1977 2860 non
1997 2835 2112 2870 potest.
2131 2829 2319 2860 Subiectum
2344 2835 2452 2859 autem
2466 2852 2473 2859 .
2489 2852 2495 2858 .
2511 2852 2517 2859 .

1447 2891 1483 2915 ut
1501 2895 1514 2912 s
1526 2884 1566 2913 'in
1580 2883 1685 2923 primo
1699 2882 1871 2922 probatum
1885 2887 1941 2911 est.
1957 2882 2162 2921 Relinquitur
2174 2882 2269 2921 igitur
2289 2885 2360 2917 quod
2379 2881 2518 2921 aliquam

1447 2935 1658 2966 substantiam
1675 2933 1813 2964 creatam
1845 2938 2007 2963 aeternam
2036 2942 2114 2963 esse.
2139 2935 2157 2972 ἓ
2173 2933 2332 2972 Amplius.
2354 2937 2458 2962 Multae
2476 2944 2519 2962 ve-

1448 2992 1542 3016 ritates
1560 2992 1668 3016 creatae
1687 2989 1776 3013 Multa
1795 2988 1939 3013 veritatum
1959 2985 2079 3014 Multae
2096 2985 2336 3024 propositiones
2352 2985 2398 3015 sic
2414 2994 2447 3015 se
2464 2985 2519 3014 ha-

1407 3053 1429 3072 55
1447 3042 1524 3071 bent
1546 3038 1636 3079 quod
1661 3039 1717 3078 qui
1743 3047 1795 3068 eas
1819 3043 1924 3078 negat,
1950 3043 2080 3077 oportet
2104 3037 2194 3077 quod
2218 3047 2270 3067 eas
2294 3043 2405 3077 ponat.
2430 3038 2520 3068 Sicut

1447 3093 1503 3132 qui
1520 3095 1635 3130 negat.
1652 3113 1658 3119 .
1674 3113 1680 3119 .
1695 3094 1873 3119 aeternum.
1894 3090 1911 3127 ἓ
1929 3089 1998 3118 Hae
2015 3089 2111 3128 igitur
2126 3093 2157 3118 et
2175 3087 2362 3118 huiusmodi
2379 3089 2518 3119 rationes

1446 3144 1531 3174 sumi
1555 3146 1692 3182 possunt
1716 3150 1754 3170 ex
1779 3145 1867 3180 parte
1886 3146 2101 3170 creaturarum
2128 3139 2217 3178 quod
2242 3146 2404 3170 creaturae
2422 3144 2456 3168 ab
2474 3144 2520 3169 aet

1446 3195 1565 3225 fuerint
1589 3201 1726 3232 semper.

1405 3303 1432 3323 ⁶⁰
1447 3306 1527 3345 Cap.
1552 3304 1696 3335 XXXIV.
1722 3303 1883 3332 Rarxomzs
1902 3312 1942 3331 AD
1959 3311 2149 3331 PROBANDUM
2166 3311 2402 3331 ΑΕΤΕΒΝΙΤΑΤΕΜ
2418 3311 2518 3331 Muxm

1803 3364 1840 3383 ax
1866 3363 1963 3383 naara
1988 3363 2160 3383 Faertoms.

1490 3450 1644 3480 Rationes
1659 3472 1665 3478 .
1681 3471 1688 3478 .
1704 3471 1710 3477 .
1726 3446 1884 3476 factionis.
1902 3464 1922 3467 —
1939 3446 1957 3484 ἓ
1974 3445 2113 3475 Possunt
2137 3445 2232 3475 etiam
2257 3446 2340 3475 sumi
2365 3445 2444 3475 aliae
2468 3454 2516 3474 ra-

1446 3503 1551 3532 tiones
1583 3510 1620 3530 ex
1654 3504 1742 3540 parte
1774 3498 1875 3537 ipsius
1907 3496 2054 3526 factionis
2086 3496 2124 3526 ad
2154 3496 2239 3526 idem
2267 3496 2515 3526 ostendendum.

1404 3560 1429 3586 ες
1446 3551 1546 3590 Quod
1579 3551 1666 3581 enim
1694 3550 1732 3579 ab
1761 3549 1913 3578 omnibus
1928 3571 1934 3577 .
1950 3571 1956 3577 .
1973 3571 1978 3577 .
1993 3547 2118 3577 accidit.
2145 3546 2298 3577 Defectus
2322 3553 2430 3577 autem
2460 3556 2517 3586 per

1446 3603 1596 3633 accidens
1621 3607 1706 3636 sunt,
1738 3601 1812 3640 quia
1830 3610 1881 3635 per
1902 3605 2027 3639 praeter
2051 3606 2176 3627 naturam
2202 3604 2333 3629 naturae
2364 3599 2516 3628 intentio-

1446 3664 1532 3685 nem.
1557 3652 1658 3690 Quod
1686 3657 1794 3682 autem
1819 3657 1865 3680 est
1890 3659 1947 3690 per
1970 3650 2117 3680 accidens
2136 3674 2142 3680 .
2159 3674 2165 3680 .
2181 3674 2187 3680 .
2205 3651 2268 3680 hoc
2297 3660 2364 3680 esse
2393 3659 2514 3679 verum.

1446 3705 1508 3736 *Si
1532 3704 1629 3744 igitur
1653 3702 1774 3742 aliquid
1800 3711 1852 3730 non
1873 3702 1911 3731 sit
1936 3700 2066 3737 factum,
2092 3707 2221 3741 oportet
2251 3711 2289 3731 ex
2314 3701 2423 3741 aliquo
2449 3710 2516 3730 csse

1447 3756 1579 3787 factum.
1597 3754 1698 3792 Quod
1714 3755 1739 3784 si
1756 3754 1852 3783 etiam
1932 3752 2055 3783 infinita
2076 3753 2219 3782 transire.
2241 3755 2413 3788 Relinquitur·
2431 3755 2517 3788 igitur

1405 3821 1432 3842 70
1447 3807 1585 3847 Oportet
1597 3806 1695 3846 igitur
1712 3804 1861 3834 devenire
1876 3827 1900 3833 ..
1914 3827 1920 3834 .
1935 3804 2108 3844 probatum
2127 3809 2183 3834 est.
2201 3803 2406 3843 Relinquitur
2423 3803 2517 3842 igitur

1447 3857 1537 3899 quod
1554 3855 1676 3896 aliquid
1701 3862 1786 3886 extra
1804 3855 1910 3885 Deum
1930 3856 1969 3885 sit
1984 3856 2170 3892 aeternum,
2187 3855 2308 3886 scilicet
2323 3855 2426 3894 prima
2449 3863 2516 3883 ma-

1446 3910 1525 3939 teria
1545 3917 1570 3936 et
1588 3918 1634 3943 per
1654 3917 1820 3942 consequens
1834 3909 1890 3939 alia,
1911 3917 1970 3934 cum
1991 3909 2098 3934 materia
2112 3917 2165 3934 non
2179 3909 2262 3941 possit
2276 3916 2335 3933 esse
2354 3908 2410 3932 sine
2426 3908 2516 3932 forma.

1447 3962 1464 3999 §
1482 3959 1640 4000 AmpliuS.
1666 3958 1698 3989 Si
1716 3957 1839 3998 aliquid
1856 3967 1922 3988 non
1946 3967 1979 3988 se
1996 3958 2092 3988 habet
2117 3957 2232 3987 eodem
2249 3956 2349 3986 modo
2374 3966 2461 3986 nunc
2486 3961 2516 3986 et

316 4018 366 4048 Ex
390 4027 422 4047 se
441 4016 573 4057 quidem
591 4026 662 4046 eam
677 4016 795 4045 habere
820 4025 886 4045 non
905 4020 1021 4055 potest.
1048 4013 1223 4044 Ostensum
1242 4018 1288 4042 est
1305 4013 1391 4042 enim
1447 4011 1545 4052 prius,
1571 4015 1702 4050 oportet
1725 4009 1806 4039 illud
1830 4018 1897 4039 esse
1922 4008 2127 4048 (aliqualiter)
2154 4013 2331 4038 mutatum:
2349 4008 2412 4037 hoc
2430 4008 2516 4037 enim

316 4078 412 4108 supra
425 4067 515 4108 quod
529 4077 627 4097 omne
641 4076 697 4097 ens
710 4071 840 4106 oportet
856 4075 924 4096 esse
944 4070 977 4094 ab
997 4077 1013 4093 a
1034 4076 1049 4095 a
1068 4065 1172 4104 primo
1191 4069 1273 4093 ente.
1292 4063 1391 4100 Quod
1407 4077 1429 4097 ῖς
1449 4061 1522 4103 (est)
1547 4062 1670 4092 moveri
1690 4065 1809 4095 dicimus,
1828 4071 1895 4091 non
1921 4060 2037 4091 eodem
2067 4059 2167 4090 modo
2198 4069 2231 4088 se
2260 4068 2346 4088 nunc
2376 4064 2407 4088 et
2430 4059 2516 4098 prius

461 4130 555 4154 §mnu
574 4128 685 4152 Cos-rm
706 4127 839 4152 Gan-rimas
861 4128 890 4152 i).
910 4129 1024 4153 'summ-1
1045 4127 1114 4151 Ton.
1136 4126 1151 4149 l.
2340 4121 2371 4143 82

2548 1645 2575 1674 36
2587 1652 2598 1665 v
2610 1646 2623 1667 b
2640 1645 2681 1667 ult.

2546 2166 2592 2188 37¹·
2606 2159 2756 2188 ai-p.34611

2546 2194 2586 2212 40-

2547 2524 2553 2530 “
2572 2522 2623 2543 Vid.
2640 2522 2667 2543 ad
2683 2523 2726 2543 loc.
2754 2541 2756 2544 .

2546 2779 2554 2787 ““
2570 2777 2632 2799 casu
2649 2783 2696 2799 om.
2716 2780 2752 2798 est

2542 3447 2568 3469 37
2579 3447 2590 3462 Γ
2604 3447 2616 3462 ³
2627 3447 2756 3469 44-p·3⁴7·

2649 3497 2666 3507 ο

2544 3702 2579 3722 lb.
2595 3702 2608 3722 b
2622 3708 2640 3723 ι.
