2814 4290
33 682 65 712 ει·
79 678 93 699 b
109 683 157 705 mg.
172 677 211 699 lat.

36 1354 103 1372 av·
117 1348 153 1371 ιδ.

42 1708 120 1736 '‘vu.
129 1717 154 1734 ι.
163 1710 194 1733 ad
207 1711 255 1732 loc.

241 1348 259 1351 ί
282 1334 388 1377 num.)
414 1336 431 1351 ὓ
448 1334 534 1375 Ergo
551 1343 684 1364 necesse
709 1340 756 1364 est
780 1334 923 1374 aliquem
948 1340 1110 1366 motorem
1135 1345 1204 1366 esse
1228 1336 1365 1367 alicuius

1244 123 1510 178 APPEanx
1576 149 1581 153 ,
2453 116 2498 164 7*

272 213 366 242 ventia.
385 213 453 236 sicut
471 211 559 236 omnia
578 211 699 236 animalia
718 213 825 242 oportet
843 216 911 243 quae
930 214 991 234 sunt
1010 207 1194 241 corruptibilia,
1213 215 1229 240 q
1248 211 1352 240 oportet
1406 207 1523 232 turam.
1549 200 1657 231 Omne
1682 200 1769 231 enim
1787 223 1793 230 .
1809 223 1816 230 .
1831 223 1838 230 .
1855 199 1936 230 nihil
1960 200 1992 230 in
2018 209 2058 230 eo
2083 209 2152 230 esse
2171 205 2280 240 potest
2303 199 2482 230 violentum

274 263 347 296 quod
365 268 483 287 motores
498 262 627 295 ipsorum,
645 268 713 294 quae
732 266 793 286 sunt
811 261 922 292 animae,
945 265 989 285 aut
1010 260 1062 285 sint
1087 258 1285 292 <corruptibiles
1309 264 1352 283 aut
1407 262 1516 293 neque
1539 258 1666 292 praeter
1688 257 1847 282 naturam.
1866 255 2021 291 §Amplius
2032 257 2060 281 ln
2073 263 2106 281 eo
2119 257 2190 289 quod
2203 264 2256 281 non
2270 262 2310 281 est
2320 262 2409 282 natum
2422 257 2483 290 pati,

273 313 500 346 incorruptibiles>
515 311 632 347 (semper
645 318 689 338 aut
701 311 775 347 non),
790 320 851 337 nam
865 313 936 345 plato
950 311 1157 344 incorruptibiles
1176 318 1237 335 esse
1255 309 1352 343 posuit.
1408 307 1553 332 violentum
1571 307 1670 339 aliquid
1688 308 1730 332 vel
1749 307 1894 332 innaturale
1913 314 1973 331 esse
1992 314 2044 331 non
2061 312 2155 340 potest,
2174 308 2244 332 unde
2263 313 2289 332 et
2306 308 2417 332 violenta
2430 308 2484 332 vim

275 354 386 390 Constat
403 370 493 389 autem
511 364 583 397 quod
602 364 624 389 si
644 364 794 389 huiusmodi
818 368 935 388 motor-es
955 371 1007 387 non
1027 367 1088 387 sunt
1107 369 1224 395 corpora,
1245 367 1272 386 ut
1292 369 1352 394 pro·
1410 365 1488 391 passa
1506 357 1637 383 dicuntur.
1656 357 1711 382 Pati
1730 363 1818 383 autem
1837 366 1889 383 non
1911 363 1999 391 potest
2021 358 2119 391 aliquid
2143 359 2192 383 nisi
2213 359 2392 392 <secundum>
2412 359 2485 392 quod

275 415 350 440 batur
370 415 395 439 in
415 414 482 439 libro
501 415 534 439 de
553 415 648 444 anima,
667 414 738 446 quod
757 413 836 438 etiam
856 414 878 437 si
897 420 950 436 non
963 419 1068 444 semper
1081 416 1149 442 sunt,
1169 418 1222 435 non
1242 415 1353 443 possunt
1378 427 1386 446 5
1410 415 1450 434 est
1469 410 1495 434 in
1509 410 1635 443 potentia.
1648 410 1715 434 Cum
1728 410 1805 442 igitur
1818 410 1889 434 Deus
1904 410 1977 434 nullo
1991 410 2070 435 modo
2089 411 2123 435 sit
2141 410 2166 435 in
2185 411 2300 443 potentia
2313 411 2341 436 vi
2352 418 2381 436 ut
2397 417 2485 436 osten-

276 466 391 498 incipere
410 471 453 490 aut
472 465 591 490 desinere
606 472 667 490 esse
687 465 721 490 ita
739 465 811 497 quod
825 472 872 497 per
884 471 914 488 se
926 468 1084 496 generentur
1097 467 1122 487 et
1141 467 1352 494 corrumpantur,
1411 469 1471 487 sum
1491 467 1539 492 est,
1560 461 1727 486 manifestum
1747 467 1788 486 est
1806 462 1831 486 in
1851 469 1883 486 eo
1906 462 2005 494 aliquid
2027 462 2172 487 violentum
2195 463 2236 487 vel
2260 462 2403 488 innaturale
2426 471 2486 488 esse

277 518 323 542 sed
343 525 390 550 per
408 516 537 545 accidens,
557 524 618 541 nam
638 515 700 540 nihil
720 523 778 548 per¹
793 523 822 539 se
842 519 962 539 movetur
981 514 1030 538 nisi
1057 521 1160 546 corpuS,
1179 518 1207 537 ut
1232 513 1356 545 probatur
1412 523 1464 540 non
1483 523 1573 547 posse.
1592 514 1723 548 §Adhum
1742 514 1851 539 Nullum
1864 515 2007 539 violentum
2021 515 2063 539 vel
2078 507 2221 540 innaturale
2234 520 2320 548 potest
2338 524 2398 541 esse
2417 524 2486 542 sem-

277 570 302 594 in
322 577 348 594 vt
366 568 435 602 phiS.
454 568 491 593 Ex
510 575 565 601 quo
584 572 672 600 potest
690 567 770 600 accipi
789 568 860 600 quod
884 567 919 591 illi
945 571 1060 591 motores
1087 566 1248 590 moventium
1269 565 1355 597 seipsa
1412 566 1551 598 piternum‚
1571 572 1631 589 nam
1645 564 1799 590 huiusmodi
1813 572 1859 597 per
1869 565 1990 589 accidens
2004 565 2100 595 insunt¹
2114 574 2181 598 quae
2200 571 2287 591 autem
2302 574 2349 599 per
2367 568 2487 593 accidens

278 621 323 654 qui
342 625 482 645 moventur
499 626 547 652 per
565 618 685 643 accidens
705 626 757 643 non
776 626 882 649 semper
901 623 971 642 sunt.
985 618 1036 642 Sed
1056 624 1164 642 necesse
1183 621 1223 641 est
1242 616 1356 648 aliquem
1412 621 1481 646 sunt,
1501 623 1554 640 non
1574 620 1636 640 sunt
1655 615 1803 640 necessaria
1822 623 1907 648 neque
1926 616 2092 648 sempiterna.
2105 616 2173 641 Cum
2192 617 2269 650 igitur
2281 618 2352 642 Deus
2371 618 2405 643 sit
2417 625 2487 643 sem·

278 677 409 697 motorem
421 670 531 695 alicuius
542 670 672 694 moventis
685 670 802 702 seipsum
816 677 876 694 esse
886 670 931 702 qui
944 677 1050 702 semper
1063 671 1104 696 sit.
1116 666 1132 681 ἢῆ
1144 665 1232 707 (Non
1247 671 1355 695 autem
1374 686 1398 699 ,ο
1412 668 1530 701 piternus
1555 674 1602 692 nec
1626 667 1652 692 in
1678 674 1709 692 eo
1724 667 1813 699 possit
1836 667 1941 700 aliquid
1958 672 1987 692 ut
2005 673 2142 694 ostensum
2162 674 2202 694 est
2230 678 2277 695 nec
2296 670 2321 694 in
2341 678 2373 695 eo
2391 670 2489 703 aliquid

277 725 387 762 potest
417 719 481 750 dici
512 718 603 759 quod
627 724 764 759 utraque
788 728 860 759 pars
885 726 1054 750 moveatur
1077 744 1082 749 .
1099 743 1107 750 .
1122 743 1128 750 .
1149 720 1205 750 sed
1234 719 1357 749 ratione
1412 727 1473 745 esse
1491 719 1577 752 possit
1597 727 1649 743 non
1669 718 1869 751 sempiternum,
1883 720 1943 751 quia
1962 719 2072 751 simplex
2085 726 2133 749 est,
2153 721 2180 745 υἱ
2193 720 2255 745 nihil
2274 722 2300 746 in
2319 729 2351 745 eo
2364 729 2424 747 esse
2442 729 2489 754 po-

277 772 386 812 partis.
410 770 619 810 Relinquitur
642 779 719 810 ergo
749 770 841 810 quod
871 771 1031 801 moventi:
1056 771 1200 811 seipsum
1228 775 1357 810 oportet
1413 770 1472 795 terit
1489 770 1634 795 violentum
1653 770 1694 794 vel
1713 769 1866 794 innaturale.
1882 767 1899 782 ⁴*
1917 766 1947 807 (5
1964 767 2124 807 Amplius,
2150 768 2329 799 Necessitas
2346 770 2488 800 coactio-
2517 779 2553 801 ιιι·
2567 779 2579 794 ⁸
2595 778 2642 800 ιπε-
2658 771 2697 794 inf.

278 831 379 854 unam
403 827 528 862 partem
545 830 614 851 esse
631 821 836 851 immobilem
853 827 884 851 et
900 827 1088 852 moventem
1109 822 1203 852 aliam
1221 828 1356 861 partem.
1370 827 1382 838 ’
1414 821 1462 850 nis
1543 825 1590 849 est
1615 824 1776 849 coactum.
1801 820 1818 858 ἓ
1837 819 1962 849 Adhuc.
1981 819 2188 859 Ubicumque
2207 827 2254 850 est
2275 821 2397 860 aliquid
2421 821 2490 851 vio-

278 875 297 913 ἓ
313 873 378 904 Sed
394 874 471 913 quia
486 873 521 902 in
538 872 745 902 moventibus
762 882 796 902 se
820 882 903 912 quae
928 879 1003 903 sunt
1027 873 1114 913 apud
1141 882 1212 909 nos,
1237 873 1358 903 scilicet
1414 871 1549 907 lentum,
1574 871 1618 900 ibi
1642 877 1682 899 est
1695 874 1824 906 possibile
1839 876 1948 910 potest
1964 879 2033 900 esse
2050 870 2173 911 aliquid
2197 877 2322 911 praeter
2345 872 2377 902 id
2401 872 2491 912 quod

278 926 312 956 in
337 924 540 960 animalibus,
557 933 629 964 pars
645 933 783 954 movens
801 924 936 964 [scilicet
952 924 1072 964 anima]
1095 925 1154 955 etsi
1177 925 1216 954 sit
1240 925 1358 954 immo·
1375 948 1396 966 ις
1414 923 1459 952 rei
1481 926 1627 951 secundum
1646 932 1674 950 se
1698 931 1755 961 per
1778 931 1811 951 se
1836 922 2000 952 convenit.
2025 922 2109 952 Nam
2127 946 2133 951 .
2149 946 2155 952 .
2172 946 2178 952 .
2197 928 2232 952 ut
2249 929 2417 954 ostensum
2434 930 2491 954 est,

279 976 352 1006 bilis
375 985 433 1016 per
449 984 493 1011 se,
509 980 661 1005 movetur
677 980 786 1004 tamen
806 984 863 1015 per
886 975 1047 1011 accidens,
1065 975 1198 1005 ulterius
1219 975 1359 1005 ostendit
1413 973 1489 1003 Non
1509 979 1548 1002 ese
1568 978 1675 1013 potest
1691 973 1787 1012 igitur
1799 973 1832 1003 in
1846 982 1887 1003 eo
1904 982 1972 1003 esse
1987 973 2109 1013 aliquid
2121 973 2327 1016 violentum.)
2343 976 2359 991 ⁴*
2371 976 2388 1013 §
2402 975 2491 1005 Item.
2520 980 2555 1002 lb·
2570 986 2603 1009 35·

280 1026 372 1067 quod
407 1033 514 1063 oportet
542 1026 637 1066 primi
668 1026 831 1056 moventis
863 1026 1006 1066 seipsum
1031 1036 1103 1067 pars
1126 1035 1263 1056 movens
1291 1036 1359 1056 non
1415 1024 1522 1054 Omne
1539 1024 1572 1053 in
1590 1033 1657 1064 quo
1675 1031 1722 1054 est
1735 1024 1857 1064 aliquid
1869 1024 2050 1055 violentum
2069 1047 2075 1054 .
2092 1049 2098 1055 .
2114 1049 2120 1055 .
2139 1025 2320 1056 violentum
2336 1025 2385 1056 vel
2403 1026 2494 1056 inna-

279 1083 432 1109 movetur
456 1086 564 1117 neque
580 1085 638 1116 per
662 1086 696 1106 se
715 1085 824 1116 neque
843 1086 901 1117 per
924 1077 1083 1108 accidens.
1109 1081 1178 1112 Quia
1197 1082 1267 1106 enim
1287 1078 1359 1108 Mo·
1416 1075 1527 1105 turale.
1553 1079 1569 1111 ξ
1589 1080 1656 1104 Hinc
1678 1085 1718 1104 est
1736 1080 1809 1112 quod
1827 1079 2001 1113 philosophus
2021 1081 2081 1105 dicit
2099 1080 2124 1105 in
2144 1088 2160 1104 v
2179 1081 2294 1115 metaph.
2316 1082 2388 1115 quod
2409 1082 2435 1106 in
2454 1082 2496 1107 his

280 1129 388 1159 Ventia
412 1126 532 1170 [enim]
556 1137 590 1157 se
622 1136 707 1168 quae
735 1133 810 1158 sunt
833 1127 921 1168 apud
952 1137 1024 1164 nos,
1053 1129 1175 1159 scilicet
1199 1129 1359 1164 ammana,
1416 1139 1484 1164 quae
1503 1137 1566 1156 sunt
1581 1132 1740 1165 sempiterna
1753 1137 1779 1156 et
1793 1131 1946 1162 immobilia,
1965 1131 2028 1157 nihil
2042 1138 2082 1158 est
2100 1132 2124 1156 vi
2146 1140 2232 1166 neque
2246 1139 2349 1166 praeter
2367 1139 2496 1162 naturam.

281 1190 358 1211 cum
382 1181 446 1210 sint
462 1179 694 1219 corruptibilia,
711 1188 784 1219 pars
800 1188 938 1209 movens
953 1181 985 1210 in
1004 1180 1049 1210 eis
1065 1186 1216 1211 movetur
1235 1190 1293 1221 per
1309 1190 1360 1210 ac·
1378 1206 1402 1219 2„
2142 1172 2148 1176 ¹

282 1232 403 1263 cidens.
421 1231 562 1262 Necesse
579 1236 627 1261 est
650 1236 760 1261 autem
783 1232 949 1261 moventia
968 1241 1002 1262 se
1019 1232 1242 1273 corruptibilia
1260 1244 1320 1262 cum
1340 1237 1363 1262 si
1597 1230 1678 1271 Cap.
1704 1231 1773 1261 XX.
1799 1231 1896 1269 Quon
1921 1231 2007 1261 Dans
2032 1241 2095 1262 sos
2121 1242 2174 1262 asr
2200 1242 2326 1263 coarus.

282 1283 394 1315 reduci
411 1282 610 1323 adaliquod
635 1283 779 1322 primum
802 1292 939 1313 movens
963 1293 996 1313 se
1017 1283 1107 1324 quod
1131 1285 1170 1314 sit
1195 1285 1363 1325 sempiter-
1632 1297 1834 1338 Fragmenta
1859 1297 1891 1326 i„
1916 1301 2076 1337 quaterno
2101 1298 2294 1328 auxiliario·

282 1387 446 1418 moventis
474 1387 619 1426 seipsum
648 1386 706 1426 qui
728 1394 837 1425 neque
861 1395 919 1426 per
943 1395 976 1416 se
1000 1395 1108 1427 neque
1132 1396 1190 1427 per
1217 1388 1366 1419 accidens
1466 1385 1599 1424 §Quod
1624 1391 1733 1416 autem
1753 1390 1878 1421 potentia
1902 1387 1935 1416 in
1959 1387 2182 1426 magnitudine
2199 1387 2288 1418 finita
2305 1398 2373 1419 non
2397 1389 2499 1429 possit
2527 1394 2538 1410 ²
2554 1394 2567 1409 v
2582 1388 2596 1409 b
2614 1394 2631 1409 ¹·
2649 1397 2659 1403 ·
2675 1392 2697 1414 Ρ·
2713 1391 2738 1414 ⁵²

282 1444 464 1469 moveatur.
489 1439 507 1476 §
523 1436 625 1475 Quod
649 1443 759 1467 autem
782 1445 914 1467 necesse
932 1438 972 1467 sit
991 1442 1105 1474 aliquem
1125 1446 1256 1467 motorem
1274 1442 1363 1468 huius·
1382 1459 1404 1478 ,ς
1422 1446 1490 1467 esse
1515 1437 1661 1476 potentia
1686 1435 1820 1473 infinita,
1838 1437 1883 1467 sic
1900 1437 2064 1477 probatur.
2084 1439 2264 1478 Aequalem
2283 1462 2290 1469 .
2305 1462 2312 1469 .
2328 1463 2334 1470 .
2352 1441 2499 1480 potentia

283 1493 355 1520 modi
377 1488 574 1530 (secundum
591 1497 684 1518 suam
700 1488 911 1528 positionem,
928 1488 1062 1529 aliquod
1079 1499 1216 1521 movens
1230 1490 1277 1530 se)
1298 1501 1367 1522 csse
1423 1487 1522 1518 finita.
1547 1487 1634 1527 Ergo
1652 1493 1782 1527 oportet
1799 1487 1890 1528 quod
1906 1489 1938 1518 in
1956 1490 2075 1519 minori
2090 1498 2211 1526 tempore
2226 1491 2242 1506 θ’
2263 1490 2408 1530 perficiat
2425 1491 2499 1522 effe-
2528 1495 2537 1504 ·
2553 1493 2607 1515 Vid·
2623 1492 2652 1514 ‘d
2669 1492 2712 1513 ¹0⁶·

283 1541 531 1581 sempiternum,
559 1545 658 1579 patet.
683 1539 717 1569 Si
742 1539 829 1568 enim
858 1545 969 1569 motus
997 1546 1044 1570 est
1075 1541 1303 1580 sempiternus,
1331 1548 1367 1572 ut
1423 1545 1512 1570 ctum
1530 1539 1675 1569 velocius
1692 1540 1857 1570 movendo
1875 1550 1974 1580 quam
1991 1542 2137 1580 potentia
2155 1552 2383 1583 quaecumque
2400 1543 2500 1574 finita.

283 1593 353 1632 Ipse
381 1592 549 1632 supponit,
578 1594 709 1630 oportet
733 1589 823 1629 quod
849 1591 1016 1629 generatio
1042 1594 1135 1619 horum
1163 1593 1368 1623 moventium
1424 1591 1492 1621 Nec
1517 1596 1625 1630 potest
1649 1600 1765 1621 esse..
1781 1592 1834 1621 .in
1859 1591 1902 1621 Vl
1927 1592 2008 1632 phis.
2038 1592 2138 1629 Quod
2163 1599 2271 1624 autem
2302 1603 2370 1624 non
2400 1595 2502 1634 possit

282 1643 388 1683 seipsa
407 1645 507 1670 scillcet
525 1644 646 1669 animalia
663 1641 761 1680 (quae
780 1645 856 1670 sunt
871 1641 1065 1680 generabilia
1083 1647 1115 1671 et
1131 1642 1366 1684 corruptibilia)
1424 1643 1569 1682 potentia
1594 1641 1717 1672 infinita
1743 1643 1974 1682 magnitudinis
1997 1643 2106 1674 finitae
2132 1654 2264 1675 movere
2288 1646 2320 1675 in
2344 1651 2502 1686 tempore,

283 1694 324 1725 sit
335 1698 502 1735 perpetua.
521 1691 584 1723 Sed
597 1692 711 1722 huius.
722 1714 729 1721 .
740 1714 747 1721 .
762 1692 882 1721 omnia.
897 1691 986 1722 Tum
999 1693 1075 1732 quia
1088 1692 1212 1724 infinita
1226 1701 1331 1725 essent
1341 1696 1367 1731 *,
1386 1715 1409 1733 ³0
1424 1693 1468 1723 sic
1485 1693 1603 1723 iterum
1628 1694 1793 1733 probatur.
1819 1693 1866 1724 Sit
1882 1694 1898 1710 Ξ
1911 1695 2057 1734 potentia
2074 1704 2158 1735 quae
2184 1701 2229 1725 est
2254 1696 2293 1726 A.
2318 1697 2505 1737 Accipiatur
2532 1699 2541 1707 '
2558 1696 2611 1719 Vid·
2626 1695 2654 1718 ⁸⁶
2671 1696 2717 1717 ¹⁰0·

283 1751 355 1776 tum
371 1745 449 1786 quia
465 1753 534 1774 non
551 1742 647 1774 simul
668 1748 753 1772 sunt.
779 1742 986 1783 Relinquitur
1008 1745 1105 1784 igitur
1125 1745 1216 1785 quod
1238 1751 1368 1785 oportet
1424 1755 1496 1786 pars
1521 1746 1591 1776 eius
1608 1756 1691 1786 quae
1710 1752 1757 1776 est
1772 1746 1846 1776 AB.
1865 1747 1940 1777 Pars
1956 1747 2052 1787 igitur
2068 1748 2127 1778 ista
2143 1749 2288 1779 movebit
2303 1749 2336 1779 in
2356 1755 2506 1791 tempore

260 1814 262 1816 v
284 1806 354 1829 esse
370 1795 504 1836 aliquod
529 1796 674 1835 seipsum
690 1803 827 1824 movens
842 1800 1039 1834 perpetuum
1057 1796 1147 1835 quod
1167 1802 1276 1827 causat
1297 1806 1367 1837 per-
1424 1798 1549 1828 maiori.
1576 1797 1750 1837 Oportebit
1767 1804 1876 1828 tamen
1898 1807 1966 1829 esse
1983 1798 2125 1838 aliquam
2144 1801 2392 1840 proportionem
2410 1802 2506 1832 huius

284 1849 476 1891 petuitatem
492 1846 711 1887 generationis
730 1846 763 1876 in
781 1846 848 1876 istis
864 1846 1070 1877 inferioribus
1086 1848 1294 1878 moventibus
1319 1858 1366 1878 se:
1424 1850 1581 1889 temporis
1594 1849 1633 1880 ad
1647 1855 1776 1889 tempus
1789 1851 1821 1880 in
1836 1859 1903 1890 quo
1917 1856 2028 1881 movet
2041 1856 2107 1881 tota
2122 1853 2277 1892 potentia,
2292 1862 2367 1883 cum
2381 1859 2505 1884 utrum-

285 1908 318 1934 et
343 1902 389 1932 sic
413 1906 523 1931 motor
547 1900 616 1930 eius
636 1903 684 1926 erit
698 1906 842 1935 perpetuus
866 1899 948 1939 <non
965 1906 1117 1929 movetur
1134 1909 1240 1940 neque
1261 1909 1318 1941 per
1334 1910 1368 1931 se
1424 1912 1488 1942 quc
1506 1903 1664 1943 (tempus)
1682 1903 1722 1933 sit
1738 1902 1867 1933 finitum
1885 1913 1911 1932 et
1929 1906 1993 1932 finiti
2011 1908 2130 1933 eius-iem
2149 1910 2252 1942 generis
2272 1918 2382 1935 necesse
2401 1912 2434 1936 sit
2447 1919 2506 1937 esse

285 1961 395 1994 neque
407 1961 468 1992 ,per
485 1947 660 1991 accidens.)
687 1952 814 1989 §Quarta
827 1955 868 1979 vla
882 1959 922 1979 est
941 1955 1003 1987 quia
1022 1951 1054 1991 (ξ
1071 1951 1164 1990 Item)
1183 1952 1214 1981 in
1233 1961 1367 1982 moven-
1385 1974 1406 1993 33
1424 1959 1538 1991 aliquam
1559 1960 1768 1992 proportionem.
1795 1955 1866 1986 Sint
1890 1956 1988 1996 igitur
2011 1957 2090 1987 haec
2120 1956 2187 1987 duo
2212 1963 2361 1998 tempora
2389 1959 2421 1989 in
2451 1959 2505 1990 de-

253 2036 259 2039 ,
285 2004 372 2036 tibus
395 2012 429 2034 se
453 2002 602 2034 videmus
626 2002 718 2043 quod
741 2002 850 2043 aliqua
874 2002 1035 2043 incipiunt
1058 2001 1097 2032 de
1126 2012 1215 2033 novo
1244 2005 1367 2034 moveri
1424 2005 1519 2046 cupla
1544 2006 1758 2046 proportione
1783 2016 1816 2036 se
1842 2006 1882 2037 ad
1905 2007 2046 2038 invicem
2074 2008 2240 2038 habentia:
2266 2018 2334 2039 non
2360 2011 2447 2041 enim
2467 2021 2506 2039 se-

50 2895 88 2918 4r
101 2894 159 2912 na.

54 3420 93 3442 41·
105 3419 189 3436 ιι-ιι.

59 3978 94 4000 rb.
107 3983 274 4006 qap-5121.

284 2060 420 2097 propter
443 2054 588 2095 aliquem
619 2061 748 2085 motum
772 2059 818 2091 qui
842 2063 909 2094 quo
941 2064 1010 2084 non
1040 2061 1190 2084 movetur
1219 2065 1236 2085 a
1260 2055 1367 2095 seipso
1423 2062 1539 2087 cundum
1561 2063 1720 2098 quantum
1738 2058 1777 2089 ad
1794 2059 1878 2089 hanc
1902 2059 2062 2090 rationem
2080 2059 2188 2090 differt
2207 2072 2287 2090 unam
2308 2061 2429 2102 (istam)
2454 2063 2505 2093 vel

287 2106 418 2143 animal,
441 2106 526 2136 sicut
549 2105 624 2136 cibo
649 2105 774 2146 digesto
799 2112 854 2135 aut
877 2114 949 2135 aere
973 2105 1117 2142 alterato,
1142 2115 1209 2146 quo
1235 2106 1368 2146 quidem
1424 2109 1483 2139 alia
1501 2110 1516 2125 θ’·
1542 2110 1790 2149 proportionem
1807 2109 1924 2140 dicere.
1942 2109 1975 2141 Si
1991 2116 2101 2141 autem
2118 2111 2252 2142 addatur
2269 2111 2309 2142 ad
2325 2114 2505 2152 potentiam
2533 2118 2747 2147 “mammonam

287 2162 382 2188 motu
405 2157 475 2198 ipse
498 2162 609 2187 motor
633 2166 770 2187 movens
787 2157 931 2196 seipsum
956 2162 1106 2187 movetur
1127 2167 1183 2197 per
1207 2156 1366 2188 accidens.
1425 2160 1622 2201 praedictam
1647 2160 1782 2197 finitam,
1801 2160 1939 2192 diminui
1964 2163 2129 2202 oportebit
2153 2162 2193 2193 de
2218 2168 2365 2203 tempore
2390 2173 2505 2195 secun-

288 2208 338 2240 Ex
349 2217 418 2250 quo
429 2213 538 2250 potest
558 2213 678 2237 accidens
700 2208 832 2248 (accipi)
850 2206 941 2248 quod
957 2207 1085 2238 nullum
1103 2217 1255 2240 movens.
1271 2231 1277 2238 .
1294 2218 1367 2239 .ne-
1388 2227 1410 2246 ,ο
1425 2212 1503 2243 dum
1527 2213 1775 2252 proportionem
1799 2212 1972 2243 additionis
1999 2213 2039 2244 ad
2063 2215 2252 2254 potentiam,
2273 2227 2304 2244 ex
2323 2227 2377 2253 quo
2399 2214 2502 2259 (cum)

288 2268 355 2301 que
370 2268 428 2300 per
443 2259 604 2290 accidens.
624 2259 643 2298 §
658 2258 728 2289 Nec
745 2264 792 2289 est
809 2264 922 2289 contra
939 2259 1022 2289 hanc
1038 2259 1197 2290 rationem
1221 2264 1237 2294 †
1251 2263 1328 2287 etiam
1348 2264 1370 2287 si
1424 2264 1529 2294 maior
1545 2264 1691 2304 potentia
1708 2263 1741 2293 in
1766 2263 1884 2294 minori
1908 2270 2056 2304 ternpore
2073 2271 2194 2296 movet.
2209 2267 2225 2282 ᾗ
2250 2266 2283 2297 Si
2307 2277 2383 2308 ergo
2402 2292 2408 2298 .
2426 2292 2431 2298 .
2448 2292 2454 2298 .
2471 2269 2504 2299 in
2533 2269 2542 2277 ‘
2558 2267 2618 2289 ‘2²⁵¹'
2634 2272 2679 2297 ¹¹9¹·
2701 2271 2750 2287 ⁰⁰¹³·

289 2311 410 2353 (quod)
444 2315 624 2348 superiores-i·
652 2317 797 2342 motores
827 2316 960 2340 caelorum
993 2310 1196 2352 (inferiorum
1226 2310 1369 2354 orbium)
1426 2322 1575 2355 tempore
1600 2315 1722 2355 aliquo.
2534 2297 2621 2342 25:2¹⁰
2652 2299 2675 2314 m
2704 2298 2750 2314 mo-

289 2369 425 2396 movent
451 2369 581 2395 motum
608 2363 842 2404 sempiternum
873 2369 904 2394 et
931 2369 1039 2395 tamen
1065 2363 1216 2394 dicuntur
1248 2367 1371 2396 moveri

289 2424 349 2457 per
371 2415 532 2446 accidens
557 2414 644 2454 Quia
668 2415 821 2447 dicuntur
843 2417 970 2446 moveri
993 2426 1051 2457 per
1075 2416 1223 2447 accidens
1239 2427 1306 2447 non
1324 2427 1371 2448 ra·
1471 2420 1489 2457 ξ
1514 2422 1607 2446 Potest
1641 2417 1816 2448 Sciendum
1846 2424 1954 2449 tamen
1985 2419 2075 2459 quod
2106 2420 2185 2450 haec
2217 2423 2386 2462 responsio
2418 2432 2508 2453 com·
2537 2428 2570 2443 Π
2585 2421 2607 2443 ¹³·
2625 2427 2659 2449 3¹·
2676 2432 2684 2436 ·
2700 2425 2749 2447 ⁵⁴⁸

290 2467 382 2498 tione
412 2467 462 2498 sui
493 2467 652 2507 ipsorum,
676 2467 734 2498 sed
765 2468 890 2510 ratione
921 2477 1056 2498 suorum
1081 2468 1263 2505 mobilium,
1289 2478 1372 2509 quae
1392 2485 1411 2504 ις
1428 2470 1619 2500 mentatoris
1648 2479 1714 2499 non
1744 2475 1791 2499 est
1818 2469 1991 2500 sufficiens.
2024 2470 2110 2508 Quia
2142 2473 2199 2502 etsi
2232 2472 2325 2503 detur
2356 2474 2446 2514 quod
2475 2475 2509 2505 in
2540 2456 2570 2471 Μ’

292 2524 475 2559 sequuntur
497 2523 627 2549 motum
651 2518 829 2559 superioris
844 2523 954 2548 motoris
973 2517 1145 2560 (mobilisque
1172 2519 1282 2561 orbis).
1429 2530 1567 2561 corpore
1584 2521 1712 2551 caelesti
1729 2518 1853 2551 nonsit
1877 2522 2023 2562 potentia
2039 2533 2106 2557 pass
2125 2524 2216 2562 quasi
2233 2525 2358 2564 passiva
2374 2525 2414 2555 ad
2430 2534 2509 2562 esse,

1430 2582 1513 2614 quae
1535 2578 1582 2603 est
1607 2572 1752 2612 potentia
1777 2573 1940 2609 materiae,
1958 2578 2005 2603 est
2021 2579 2129 2604 tamen
2147 2575 2179 2604 in
2197 2584 2236 2605 eo
2253 2577 2399 2614 potentia
2419 2577 2511 2616 quasi

617 2627 638 2649 ate
719 2627 740 2649 ele
822 2628 844 2650 ae
925 2627 945 2649 ale
1027 2628 1047 2650 >le
1431 2626 1542 2660 activa,
1561 2633 1645 2664 quae
1670 2629 1717 2654 est
1731 2635 1770 2660 po
1790 2624 1889 2654 virtus
1906 2624 2042 2661 essendi,
2061 2634 2136 2655 cum
2157 2635 2305 2666 expresse
2321 2627 2511 2658 Aristoteles

898 2670 909 2680 ⁴
1432 2676 1516 2706 dicat
1533 2675 1565 2706 in
1585 2679 1661 2704 tertio
1681 2675 1788 2715 primo
1806 2674 1886 2705 caeli
1904 2680 1935 2705 et
1954 2675 2068 2706 mundi
2085 2676 2176 2715 quod
2193 2677 2320 2708 caelum
2337 2678 2434 2708 habet
2449 2679 2511 2709 vir—

369 2719 452 2761 Cap.
476 2719 591 2750 xvlll.
616 2719 715 2758 Quon
739 2730 770 2751 m
796 2720 868 2751 Dao
893 2731 994 2751 norm
1019 2731 1072 2752 asr
1097 2731 1295 2752 comosum.
1393 2743 1418 2762 ‚0
1432 2733 1534 2757 tutem
1560 2731 1594 2756 ut
1619 2726 1658 2756 sit
1682 2735 1820 2766 semper.
1841 2726 1882 2756 Et
1905 2725 1980 2756 ideo
2006 2727 2122 2757 melius
2147 2727 2322 2758 dicendum
2340 2735 2387 2759 est
2410 2730 2510 2770 quod,

294 2786 430 2828 Fragm.
452 2787 485 2816 in
501 2790 663 2826 quaterno
679 2787 785 2817 auxil.
802 2787 891 2817 intra
909 2787 991 2818 duas
1007 2787 1210 2818 reductiones
1227 2798 1296 2828 cap.
1315 2798 1375 2818 xix.
1432 2787 1507 2808 cum
1533 2777 1680 2818 potentia
1703 2776 1828 2807 dicatur
1852 2776 1892 2807 ad
1916 2782 2036 2813 aenum
2061 2783 2192 2818 oportet
2215 2783 2265 2808 '¹⁰⁶
2287 2783 2370 2808 m⁰d⁰
2392 2784 2513 2816 *κάμνε

1429 2834 1579 2865 potentiam
1598 2828 1740 2859 iudicare
1757 2828 1796 2858 de
1814 2829 1958 2868 potentia
1975 2829 2155 2859 secundum
2169 2829 2306 2860 modum
2322 2836 2422 2862 actus.
2447 2836 2513 2861 Esse

340 2880 515 2916 §Praeterea-
534 2881 682 2907 Ostensum
705 2887 747 2907 est
765 2889 846 2915 supra
864 2890 925 2907 esse
950 2890 1033 2907 unum
1058 2884 1171 2916 primum
1198 2885 1376 2908 necessarium
1433 2881 1544 2911 Motus
1568 2886 1678 2911 autem
1707 2879 1889 2910 Secundum
1914 2881 1963 2910 Sui
1987 2881 2147 2911 rationem
2173 2882 2386 2922 quantitatem
2417 2884 2513 2915 habet

296 2932 370 2966 quod
388 2939 440 2958 non
458 2932 539 2958 habet
556 2940 620 2958 suae
639 2933 804 2959 necessitatis
822 2941 940 2966 causam,
959 2936 1006 2959 sed
1026 2939 1066 2959 est
1085 2942 1131 2967 per
1149 2935 1267 2967 seipsum
1286 2942 1376 2960 neces·
1433 2939 1463 2962 et
1488 2933 1724 2962 extensionem.
1755 2931 1848 2962 Unde
1873 2931 2001 2962 duratio
2026 2934 2095 2963 elus
2120 2932 2252 2964 infinita
2268 2946 2321 2963 non
2344 2944 2432 2971 potest
2452 2947 2514 2964 esse

296 2986 404 3016 sarium.
423 2991 450 3012 et
467 2985 518 3012 hoc
537 2986 609 3012 Deus
627 2991 676 3012 est.
695 2987 804 3012 Nullum
818 2992 906 3012 autem
924 2988 1101 3021 compositum
1115 2992 1202 3020 potest
1215 2994 1274 3012 esse
1287 2987 1377 3012 huius-
1395 3000 1416 3020 55
1433 2988 1489 3013 sine
1515 2988 1660 3022 quantitate
1684 2987 1791 3019 infinita,
1810 2995 1871 3013 nam
1892 2988 1917 3012 in
1928 2989 2034 3013 [virtute
2056 2995 2178 3014 movente
2198 2990 2336 3023 requiritur
2354 2991 2425 3024 quod
2450 2987 2512 3027 (re-

297 3038 378 3070 modi,
397 3046 458 3064 cum
477 3039 622 3068 necessitas
641 3039 782 3072 compositi
805 3047 836 3064 ex
861 3039 1081 3072 componentibus
1104 3044 1226 3063 causetur
1245 3044 1270 3063 et
1289 3038 1320 3063 ab
1341 3041 1378 3064 eis
1434 3037 1532 3076 quirit
1556 3035 1647 3076 quod
1670 3036 1817 3076 potentia
1848 3034 1999 3077 movens)
2028 3037 2068 3066 sit
2100 3036 2233 3067 infinita.
2266 3037 2344 3068 Esse
2378 3038 2513 3081 (autem)

297 3090 453 3123 dependeat.
472 3089 544 3115 Deus
562 3090 641 3123 igitur
659 3090 822 3123 compositus
842 3099 895 3115 non
914 3097 964 3122 est,
983 3091 1030 3116 sed
1049 3091 1169 3123 simplex.
1434 3098 1499 3118 non
1525 3089 1621 3118 habet
1646 3088 1788 3127 aliquam
1814 3088 2037 3118 extensionem
2060 3089 2256 3127 quantitatis,
2282 3091 2456 3130 praecipue
2480 3091 2513 3121 in

1435 3152 1467 3172 re
1502 3153 1570 3177 quae
1601 3141 1709 3182 (cuius
1743 3139 1827 3182 esse)
1859 3146 1906 3170 est
1941 3144 2087 3169 secundum
2106 3152 2165 3170 esse
2203 3143 2399 3179 invariabile,
2432 3144 2514 3174 sicut

405 3193 486 3234 Cap.
512 3193 595 3224 XIX.
621 3194 719 3232 Quon
743 3205 775 3224 m
801 3195 873 3225 Dao
898 3205 983 3224 >mm
1009 3205 1062 3224 asr
1085 3204 1266 3224 vromx‘rmi
1436 3192 1572 3223 caelum.
1599 3192 1639 3222 Et
1663 3191 1737 3222 ideo
1760 3198 1890 3227 quantum
1910 3201 1978 3222 non
2003 3197 2133 3232 oportet
2157 3193 2247 3233 quod
2264 3194 2363 3224 virtus
2387 3194 2515 3225 essendi

615 3255 720 3276 Nssoun
744 3256 884 3276 paam-na
910 3256 1069 3276 NAwaAM.
1395 3258 1421 3271 ου
1435 3245 1474 3274 sit
1498 3243 1623 3274 infinita
1648 3244 1679 3273 in
1706 3252 1844 3283 corpore
1875 3242 1980 3279 finito,
1996 3243 2072 3273 licet
2088 3244 2121 3273 in
2137 3243 2302 3274 infinitum
2319 3245 2421 3282 duret,
2439 3247 2515 3286 quia

511 3310 700 3352 Capitulum
726 3312 759 3341 in
784 3309 1169 3352 quaterno'auxiliario.
1440 3305 1507 3325 non
1533 3294 1637 3324 differt
1662 3294 1752 3334 quod
1776 3303 1833 3334 per
1857 3294 1945 3324 illam
1970 3294 2121 3325 virtutem
2141 3295 2264 3335 aliquid
2288 3295 2383 3327 duret
2397 3297 2431 3327 in
2446 3307 2514 3328 uno

1437 3345 1566 3376 instanti
1584 3345 1633 3375 vel
1650 3350 1798 3384 tempore
1814 3343 1953 3380 infinito,
1971 3354 2047 3375 cum
2065 3355 2133 3376 esse
2150 3346 2230 3377 illud
2246 3358 2276 3375 ex
2295 3358 2350 3383 quo
2369 3355 2410 3376 est
2427 3348 2515 3378 inva-

343 3406 409 3440 §Ex
427 3406 468 3431 his
486 3411 576 3431 autem
590 3407 696 3431 ostendi
709 3411 799 3440 potest
811 3407 883 3439 quod
895 3407 921 3430 ln
936 3407 991 3430 Deo
1004 3406 1065 3430 nihil
1078 3411 1118 3429 est
1137 3406 1282 3441 violentum
1297 3412 1380 3437 neque
1437 3397 1545 3427 riabile
1570 3407 1636 3426 non
1663 3398 1835 3436 attingatur
1859 3406 1876 3425 a
1900 3402 2048 3436 tempore
2072 3397 2132 3427 nisi
2157 3407 2214 3437 per
2244 3399 2402 3430 accidens.

299 3462 402 3490 praeter
429 3463 559 3484 naturam.
582 3458 693 3484 Nullum
717 3458 788 3483 enim
814 3458 959 3483 violentum
985 3463 1072 3490 potest
1095 3465 1155 3481 esse
1179 3457 1379 3490 sempiternum:
1906 3445 1919 3453 ⁵

300 3516 362 3534 nam
380 3516 412 3534 ea
429 3516 499 3542 quae
517 3517 566 3543 per
582 3510 737 3535 ‘violentiam
756 3515 819 3535 sunt
842 3517 890 3543 per
914 3510 1033 3534 accidens
1057 3510 1207 3539 adveniunt,
1231 3509 1382 3533 hui-amoni
1397 3516 1419 3535 ος
1489 3503 1505 3539 ξ
1529 3501 1629 3529 Aliter
1654 3505 1762 3529 nutem
1787 3499 2003 3539 respondetur
2018 3511 2033 3528 a
2055 3504 2213 3537 quibusdam
2231 3507 2262 3531 et
2285 3502 2403 3532 melius
2427 3502 2516 3543 quod
2544 3510 2577 3532 3¹*
2594 3511 2611 3525 ¹·
2628 3513 2637 3519 ·
2653 3502 2703 3530 541*
2720 3507 2755 3528 3⁴·

300 3565 388 3586 autem
407 3563 556 3586 necessaria
574 3569 634 3587 esse
654 3570 707 3587 non
731 3567 844 3595 possunt
868 3569 954 3594 neque
978 3560 1145 3593 sempiterna.
1169 3560 1196 3584 Sl
1215 3560 1292 3592 igitur
1312 3560 1382 3584 Dens
1439 3553 1564 3582 caelum
1589 3552 1684 3581 habet
1702 3551 1784 3581 duos
1802 3557 1955 3588 motores‚
1974 3562 2076 3582 unum
2093 3553 2281 3592 proximum
2299 3577 2306 3583 .
2322 3577 2328 3583 .
2343 3576 2351 3583 .
2370 3560 2402 3584 et
2417 3554 2516 3585 alium

300 3611 480 3646 sempiternus
499 3617 549 3643 est,
567 3620 617 3648 nec
635 3612 734 3646 aliquid
753 3614 778 3637 in
798 3620 830 3637 eo
849 3620 910 3637 esse
928 3617 1016 3645 potest
1034 3611 1083 3636 nisi
1103 3611 1301 3643 sempiternum.
1322 3612 1382 3642 quia
1439 3609 1602 3633 remotum
1627 3613 1643 3630 a
1662 3613 1715 3638 quo
1734 3605 1813 3631 habet
1833 3603 1889 3642 qui
1912 3608 1958 3632 est
1982 3601 2126 3633 infinitae
2151 3604 2287 3640 virtutis,
2304 3614 2322 3634 a
2338 3613 2405 3644 quo
2422 3605 2518 3635 habet

300 3671 355 3689 non
373 3664 442 3689 cadit
459 3663 510 3689 sub
528 3669 659 3698 tempore,
671 3670 701 3690 ut
713 3671 852 3690 ostensum
871 3670 921 3694 est,
941 3663 1003 3688 nihil
1022 3663 1047 3687 in
1067 3663 1125 3696 ipso
1144 3668 1231 3695 potest
1250 3670 1310 3687 esse
1329 3662 1382 3686 vio·
1440 3654 1528 3694 quod
1554 3659 1663 3684 motus
1687 3654 1757 3683 eius
1785 3654 1887 3693 possit
1911 3663 1980 3684 esse
2007 3653 2152 3685 infinitae
2181 3654 2369 3686 durationis.
2402 3656 2443 3686 Et
2472 3657 2517 3686 sic

300 3718 400 3742 lentum
419 3724 507 3750 neque
525 3722 597 3742 extra
615 3722 744 3742 naturam.
764 3715 937 3751 §Praeter-ea.
953 3715 1080 3740 Violentla
1096 3715 1121 3739 in
1141 3714 1231 3747 aliquo
1250 3722 1310 3739 esse
1330 3722 1381 3739 non
1440 3712 1525 3746 patet
1550 3705 1639 3745 quod
1665 3705 1811 3744 potentia
1826 3704 1953 3735 infinita
1977 3716 2029 3734 non
2050 3713 2139 3735 movet
2156 3716 2256 3742 corpus
2279 3716 2363 3747 quae
2378 3716 2444 3737 non
2470 3712 2517 3737 est

301 3772 390 3800 potest
402 3767 474 3801 quod
493 3767 611 3800 passioni
630 3775 684 3792 non
703 3763 862 3797 sublinitur,
882 3767 951 3792 unde
971 3773 996 3791 ct
1015 3767 1067 3790 vim
1085 3773 1162 3798 passa
1182 3766 1302 3790 dicuntur
1322 3765 1380 3797 (in)
1397 3775 1423 3795 70
1438 3758 1469 3787 in
1494 3756 1729 3796 magnitudine,
1753 3761 1861 3795 potest
1885 3765 2017 3787 movere
2041 3766 2161 3797 corpus
2186 3766 2254 3787 non
2273 3757 2457 3788 immediate
2481 3757 2514 3787 in

301 3818 398 3852 quibus
415 3819 540 3844 violentia
557 3818 595 3845 fit.
613 3819 686 3844 Deus
705 3824 793 3844 autem
813 3827 867 3844 non
886 3823 975 3852 potest
993 3818 1053 3851 pati,
1073 3825 1131 3842 cum
1153 3817 1186 3841 sit
1204 3816 1314 3840 omnino
1332 3816 1380 3840 im·
1437 3815 1586 3848 tempore
1607 3811 1675 3836 uhde
1695 3819 1747 3835 non
1765 3816 1871 3844 oportet
1887 3812 1960 3844 quod
1978 3817 2085 3837 moveat
2102 3812 2129 3837 in
2149 3820 2202 3837 non
2221 3818 2353 3845 tempore:
2373 3808 2429 3838 sed
2453 3817 2512 3847 po-

302 3869 416 3901 mobilis,
436 3874 464 3894 ut
483 3868 624 3901 probatum
643 3874 692 3899 est,
705 3869 756 3901 pati
771 3869 840 3894 enim
855 3868 955 3893 moveri
975 3873 1025 3892 est.
1044 3866 1109 3892 Nihil
1132 3866 1208 3897 igitur
1226 3865 1251 3889 in
1272 3865 1328 3889 Deo
1342 3870 1382 3890 est
1437 3861 1535 3890 tentia
1552 3868 1635 3899 quae
1653 3864 1700 3889 est
1719 3859 1752 3888 in
1773 3858 2007 3899 magnitudine,
2032 3864 2162 3900 oportet
2187 3859 2276 3899 quod
2300 3863 2428 3889 moveat
2451 3859 2511 3888 im-

301 3922 448 3947 violentum
468 3928 555 3954 neque
574 3926 678 3953 praeter
697 3914 828 3946 naturam.
1438 3910 1586 3947 mediate,
1607 3922 1622 3946 q
1643 3920 1718 3941 cum
1735 3910 1863 3941 nullum
1879 3920 1998 3951 corpus
2015 3917 2144 3941 moveat
2161 3911 2220 3940 nisi
2237 3915 2375 3940 motum.
2391 3907 2510 3950 (Unde,

347 3969 363 3985 θ’
379 3969 397 4007 ξ
413 3967 462 3998 Ex
473 3968 538 3998 hoc
555 3972 665 3997 autem
678 3971 787 3996 ulterius
799 3971 946 3996 ostenditur
958 3966 1186 4008 (philosophus
1200 3963 1379 4003 concludit)
1438 3963 1462 3992 si
1490 3967 1646 3998 moveret,
1672 3967 1862 4002 sequeretur
1892 3961 1982 4002 quod
2010 3967 2156 3991 moveret
2184 3962 2215 3991 in
2244 3970 2311 3990 non
2339 3958 2510 4000 tempore.)

303 4019 395 4060 quod
410 4019 443 4049 in
460 4018 532 4048 Deo
555 4018 634 4048 nihil
659 4024 767 4058 potest
790 4028 858 4049 esse
878 4019 1059 4049 violentum
1083 4026 1191 4056 neque
1216 4022 1301 4045 extra
1325 4024 1380 4044 na—
1397 4027 1420 4047 75
1438 4015 1455 4051 ἓ
1472 4013 1580 4043 Potest
1598 4012 1703 4043 adhuc
1719 4013 1836 4043 melius
1852 4013 1914 4043 dici
1929 4035 1936 4043 .
1951 4036 1958 4043 .
1974 4035 1981 4043 .
1995 4022 2070 4042 suae
2088 4012 2220 4042 virtutis.
2238 4011 2384 4040 Potentia
2401 4015 2508 4040 autem
