2664 4120
190 219 249 244 XVI

192 285 289 316 fuerit
304 284 399 318 ratio:
421 295 435 309 ‹
452 281 542 314 Sicut
564 285 674 313 autem
697 287 766 309 non
790 276 919 317 expedit
941 275 1075 308 cuilibet
1097 274 1224 306 bomini
1248 283 1265 304 a

191 328 401 361 matrimonio
418 326 587 361 abstinere,
600 325 644 354 ita
660 323 758 354 etiam
774 331 843 353 non
859 320 990 362 expedit
1001 319 1266 359 omnitempore,

192 373 325 415 quando
353 370 531 406 necessaria
562 374 611 399 est
636 366 867 408 multiplicatio
890 366 1016 406 generis
1039 373 1074 400 ›;
1098 365 1142 395 ita
1164 364 1205 399 A,
1235 368 1266 393 et

193 420 275 460 (sine
290 415 401 456 etiam)
417 423 532 446 omnes
548 419 623 444 ante
646 421 770 444 annum
789 410 890 451 1480;
914 423 932 444 ,α
948 410 1039 441 Sicut
1063 414 1172 440 autem
1196 417 1265 438 non

192 462 320 504 expedit
344 460 476 492 cuilibet
499 458 591 493 omni
614 463 763 498 tempore
791 456 878 488 actui
900 454 1118 496 generationis
1137 461 1265 488 -vacare,

191 509 234 538 ita
257 516 317 537 nec
341 503 471 545 expedit
494 503 534 535 ab
563 512 604 533 eo
630 502 722 533 omni
752 507 901 541 tempore
929 500 1100 535 abstinere,
1123 498 1265 528 maxime

191 550 323 593 quando
346 549 526 581 necessaria
549 552 615 580 erat
643 546 872 586 multiplicatio
894 543 1112 585 generationis
1129 554 1161 579 ›;
1186 543 1229 573 ita
1245 541 1267 572 d

190 602 222 627 et
245 604 361 627 omnes
383 594 581 635 posteriores
602 592 744 623 editores
770 589 815 632 (et
838 590 935 620 etiam
952 588 1116 620 Uecellius
1140 592 1266 628 praeter

189 640 332 671 maxime
347 644 379 670 et
395 637 491 679 erat).
510 637 639 669 Frustra
656 637 816 668 rationem
831 644 936 666 novae
953 633 1150 664 redactionis
1166 641 1265 672 quae-

188 685 308 719 siveris.
337 683 524 716 Honestatis
554 688 663 714 tamen
695 690 792 712 causa
826 678 1067 713 observandum
1095 683 1143 708 est
1170 677 1265 707 nobis

189 729 282 771 quod
303 730 397 760 loeus
421 728 536 761 citatus
558 727 642 760 inter
666 726 727 757 alia
750 725 929 757 tentamina
944 724 1054 755 critica
1077 722 1174 752 huius
1198 721 1265 752 edi-

189 775 287 806 tionis
310 772 481 815 peculiaris
498 777 545 802 est
569 776 601 802 et
624 776 731 805 cetera
754 769 885 800 arbitrio
907 767 1043 804 excedit,
1068 772 1205 807 excepta
1219 766 1265 797 le-

189 820 297 851 ctione
314 828 380 849 non
396 817 553 858 sequitur,
572 815 611 846 de
636 825 700 856 qua
711 823 822 855 vsupra
837 813 926 855 apud
940 810 1167 844 'Bodleianum
1187 811 1263 851 372.

189 865 237 896 Ex
261 864 317 895 illo
341 863 457 903 utique
479 861 501 892 d
525 870 595 891 eam
619 869 688 891 non
714 860 822 891 habet.
850 857 1016 890 Uecellius
1043 857 1076 887 in
1106 856 1263 887 Parisina:

193 923 206 936 «
223 909 313 940 deest
324 917 388 938 vox
401 916 467 937 non
484 907 516 937 in
531 905 604 937 cod.
621 905 647 936 B
663 914 696 940 »3
713 904 747 935 in
762 903 926 935 Romana:
943 915 957 929 ι
973 901 1081 933 Codd.
1098 901 1187 933 ABD
1200 906 1262 931 etc.

189 954 343 985 omittunt
368 961 432 982 non
453 965 480 981 ι».
506 950 584 982 Inde
601 949 735 990 quidam
759 947 990 979 concluserunt
1013 946 1146 978 codices
1166 946 1264 976 etiam

188 997 429 1038 antiquissimos
457 996 541 1027 circa
564 995 772 1035 negationem
796 992 974 1024 dissentire.
999 990 1064 1023 Sed
1087 989 1176 1032 apud
1199 990 1264 1021 Uc—

189 1043 319 1074 cellium
335 1051 403 1072 non
419 1045 527 1081 potest
543 1038 696 1071 concludi
720 1048 758 1069 ex
781 1037 921 1074 silentio,
937 1046 1047 1077 neque
1062 1036 1117 1067 ille
1135 1035 1263 1076 uspiam

188 1085 367 1129 praetendit
382 1085 590 1117 contrarium.
608 1102 629 1106 -
644 1083 819 1123 Aliquibus
835 1082 926 1119 locis,
942 1081 1035 1112 valde
1051 1082 1138 1118 raris,
1151 1089 1265 1111 sensus

186 1132 375 1174 perversitas
387 1130 598 1172 typographis
615 1128 724 1159 deberi
740 1127 877 1160 videtur.
902 1127 974 1158 Lib.
991 1126 1045 1158 IV.
1065 1126 1118 1167 37.
1142 1126 1263 1167 princ.:

189 1177 277 1209 «hic
299 1176 415 1212 homo,
442 1173 533 1215 quod
555 1179 682 1214 praeter
702 1173 904 1214 hypostasim
931 1172 984 1203 vel
1006 1180 1182 1213 personam
1206 1171 1266 1212 hy-

185 1221 341 1264 postasim
365 1226 398 1252 et
420 1228 594 1259 personam
610 1217 757 1259 designat
775 1231 804 1249 ι.
829 1217 882 1250 Sic
897 1217 1002 1249 lectus
1025 1222 1073 1248 est
1095 1221 1203 1248 textus
1225 1216 1266 1248 ab

186 1276 273 1299 anno
294 1265 388 1304 1480.
406 1273 511 1304 usque
526 1263 558 1294 in
575 1263 772 1295 hodiernum
785 1262 884 1294 diem.
897 1261 994 1294 Tolle
1010 1267 1154 1303 quatuor
1169 1264 1266 1295 verba

184 1316 258 1352 post
285 1309 383 1351 quod,
415 1314 447 1339 et
466 1317 563 1349 ⁴potia
591 1308 692 1349 paulo
723 1307 877 1340 inferius:
911 1320 927 1335 e
945 1317 988 1339 ne
1011 1313 1208 1348 cogerentur
1230 1309 1265 1340 in

185 1355 316 1387 Christo
339 1362 463 1396 ponere
479 1353 624 1394 aliquam
639 1353 843 1395 hypostasim
865 1352 918 1384 vel
940 1361 1116 1394 personam
1140 1359 1267 1395 praeter

182 1399 385 1443 hypostasim
407 1403 439 1429 et
461 1407 637 1439 personam
659 1398 759 1430 Verbi
778 1411 807 1435 »,
834 1397 923 1430 unde
953 1407 1062 1430 errore
1089 1408 1265 1440 operarum

240 1446 247 1452 '
369 1449 392 1475 t.
417 1442 470 1474 cf.
495 1443 592 1475 etiam
616 1453 661 1484 70
677 1453 695 1475 a
711 1443 742 1474 8.

238 1489 407 1523 Editiones
422 1497 444 1519 a
457 1488 479 1520 b
492 1497 511 1520 c
525 1489 708 1520 necessario
725 1498 765 1520 ex
779 1487 913 1520 diversis
935 1488 1165 1530 manuscriptis
1179 1494 1266 1520 tran-

183 1540 333 1576 sumptae
365 1538 451 1566 sunt.
476 1533 600 1565 Textus
623 1533 646 1565 d
668 1533 824 1574 tantisper
847 1534 1089 1565 contaminatus
1117 1539 1166 1565 est
1188 1543 1266 1566 cum

184 1581 285 1613 desse
307 1579 363 1611 ΝΖ
386 1584 420 1610 et
434 1578 500 1609 hoc
515 1578 643 1610 tramite
661 1588 738 1610 cum
761 1578 829 1619 pA;
854 1577 896 1610 cf.
922 1586 960 1609 21
981 1588 1000 1609 a
1018 1578 1049 1615 5,
1072 1579 1093 1610 b
1114 1579 1171 1617 13;
1189 1580 1266 1611 aab

186 1636 245 1666 273
276 1633 318 1664 24
335 1634 352 1655 a
370 1624 405 1660 3;
439 1623 480 1655 33
498 1623 519 1654 b
538 1623 597 1660 31;
631 1631 694 1663 144
710 1633 728 1654 a
745 1623 874 1664 9;150
891 1633 910 1654 a
930 1631 980 1662 14,
1008 1624 1064 1660 15;
1093 1624 1192 1664 ¹79b
1210 1624 1264 1662 32,

184 1681 243 1711 47;
270 1679 335 1710 240
352 1679 370 1699 a
390 1668 440 1699 18.

215 1734 218 1737 -
240 1715 331 1747 Haec
355 1713 396 1745 de
421 1713 619 1745 editionibus
645 1712 816 1745 sufficiant.
848 1712 944 1744 Circa
968 1712 1100 1745 codices
1127 1713 1266 1746 dicenda

183 1759 358 1791 &eudimus
380 1759 413 1789 in
437 1764 515 1790 octo
539 1757 774 1799 paragr-aphes:

326 1807 350 1833 ιο
373 1802 413 1834 de
437 1809 527 1835 textu
550 1803 604 1844 pA
627 1803 661 1834 in
685 1802 871 1839 traditione;

314 1852 350 1878 11⁰
374 1848 414 1879 de
438 1847 627 1879 affiliatione
651 1847 806 1880 codicum
828 1848 913 1879 inter
936 1857 971 1878 se
995 1853 1028 1878 et
1051 1853 1204 1889 respectu
1218 1848 1266 1885 A;

302 1896 350 1924 111⁹
373 1892 414 1924 de
438 1893 600 1924 erroribus
623 1892 721 1932 primi
743 1891 924 1934 apographi
946 1892 1013 1923 sive
1041 1902 1082 1930 ας

305 1941 354 1969 rv⁰
374 1937 414 1969 de
437 1937 764 1979 interpolationibus;

315 1986 349 2012 νο
372 1981 413 2013 de
437 1988 527 2014 textu
551 1980 570 2021 β
597 1987 747 2022 respectu
773 1991 796 2012 οι
820 1986 853 2012 et
874 1982 924 2018 A;
1117 2011 1119 2014 ,

304 2031 349 2058 vr’
372 2026 412 2058 de
436 2028 531 2068 petiis
555 2026 748 2067 exemplaris
771 2026 958 2057 parisiensis
981 2032 1015 2058 et
1037 2025 1111 2058 Can
1134 2025 1201 2063 cin

293 2075 350 2103 vrr‘
373 2071 414 2103 de
436 2072 604 2112 principiis
628 2071 828 2103 recensionis
851 2076 999 2108 nostram

270 2120 341 2148 vrrr’
365 2116 404 2147 de
429 2117 593 2158 aliquibus
615 2116 697 2148 locis
720 2116 900 2158 speciatim.

300 2207 318 2245 ἓ
343 2206 365 2237 1.
389 2224 432 2230 —-
456 2206 515 2238 DE
539 2206 691 2238 TEXTU
715 2189 769 2247 pA
792 2206 835 2237 IN
860 2205 1147 2238 TRADlTloNE.

245 2303 269 2325 1.
294 2312 316 2318 -
339 2295 467 2327 Accidit
496 2295 696 2337 quandoque
727 2302 765 2327 ut
792 2306 908 2328 omnes
938 2295 1069 2328 codices
1100 2295 1262 2338 quaedam

182 2341 218 2373 in
238 2340 269 2372 A
292 2338 397 2372 deleta
419 2341 634 2373 nihilominus
657 2341 839 2378 exhibeant.
865 2351 914 2373 ex.
937 2351 985 2383 gr.
1009 2341 1047 2373 L.
1065 2341 1088 2379 1,
1112 2351 1185 2383 cap.
1207 2341 1262 2379 60,

187 2385 247 2425 ¹73
260 2385 286 2417 b.
297 2386 315 2418 5
338 2399 352 2414 α
371 2391 408 2417 ut
426 2391 515 2427 patet
531 2395 590 2427 per
603 2386 842 2427 Philosophum
863 2387 896 2418 in
916 2386 960 2417 VI
985 2386 1229 2428 Metaphysicae
1243 2399 1258 2415 ι

181 2430 247 2470 ρΑ,
268 2430 453 2462 secundum
473 2430 714 2472 Philosophum>
734 2431 792 2469 aa,
813 2431 997 2463 secundum
1021 2431 1263 2473 Philosophum

182 2475 217 2507 i-
227 2474 273 2506 Vl
288 2475 530 2517 Metaphysicae
542 2486 577 2507 α.
590 2476 720 2508 Eodem
734 2476 833 2508 Libro
846 2486 917 2518 cap.
935 2477 991 2518 69.
1008 2485 1066 2508 201
1085 2477 1107 2508 b
1123 2476 1177 2518 37,
1192 2477 1264 2509 Au-

183 2524 253 2551 ctor
268 2521 359 2552 tenui
375 2521 460 2552 linea
476 2521 595 2553 delevit
610 2531 730 2552 novem
747 2521 867 2553 litteras
883 2521 1030 2554 dicentes
1048 2535 1062 2549 ‹
1079 2527 1182 2563 prout
1203 2523 1264 2554 scit

182 2574 266 2605 quae
282 2575 351 2597 non
374 2571 450 2598 sunt
465 2579 494 2603 ι,
509 2566 569 2598 sed
583 2566 712 2598 traditio
729 2575 767 2598 ea
782 2566 981 2608 reproducit.
1006 2567 1043 2598 L.
1062 2566 1100 2604 11,
1117 2576 1189 2609 cap.
1205 2577 1262 2608 42,

183 2609 245 2641 ³65
260 2620 279 2642 a
293 2619 333 2651 27
354 2624 369 2639 ‹
390 2611 491 2642 virtus
515 2611 624 2643 divina
639 2621 708 2644 non
723 2611 883 2644 limitatur
903 2611 945 2644 ad
968 2621 1074 2644 unum
1095 2611 1262 2650 effectum,

181 2659 214 2687 et
233 2654 298 2686 hoc
313 2665 356 2686 ex
371 2656 441 2687 eius
455 2656 663 2698 simplicitate
684 2657 837 2689 convenit
851 2670 866 2685 ι
892 2657 957 2698 pA,
973 2657 1044 2688 eius
1057 2657 1263 2699 simplicitati

181 2700 333 2731 eonvenit
354 2701 416 2738 sA;
433 2701 586 2733 dictionis
601 2701 790 2734 reformatio
811 2702 925 2743 paucis
940 2702 1057 2735 calami
1080 2703 1199 2735 ictibus
1215 2702 1262 2735 ef-

181 2743 264 2776 fecta
294 2750 359 2783 est;
388 2755 503 2778 omnes
535 2746 665 2778 codices
695 2747 760 2779 hoc
788 2747 865 2779 loco
895 2746 1006 2779 collati
1028 2747 1174 2780 referunt
1196 2748 1261 2789 pA.

181 2788 232 2821 cf.
251 2790 349 2822 etiam
367 2790 429 2822 366
445 2801 464 2822 a
479 2800 511 2831 4,
537 2791 601 2832 367
614 2792 634 2823 b
650 2792 704 2832 45.
720 2810 745 2816 -
759 2791 887 2824 Accidit
903 2792 1001 2825 etiam
1025 2798 1062 2824 ut
1083 2792 1185 2825 lectio
1198 2798 1262 2825 ua-

181 2833 311 2866 ditionis
339 2835 503 2876 quandam
528 2845 566 2867 ex
590 2837 643 2877 pA
674 2842 706 2868 et
729 2837 774 2868 sA
804 2837 1076 2870 commixtionem
1100 2837 1262 2870 ostendat.

181 2878 381 2921 Exemplum·
400 2880 528 2912 adduco
546 2891 584 2912 ex
607 2882 645 2913 L.
671 2881 723 2913 111.
748 2891 819 2923 cap.
837 2882 895 2914 65:
918 2895 933 2910 ι
951 2892 986 2914 se
1002 2882 1120 2914 habeat
1134 2882 1176 2915 ad
1190 2891 1261 2925 spe-

180 2924 242 2956 ciei
270 2926 553 2957 conservationem
572 2939 587 2954 ι
613 2927 677 2968 pA,
707 2927 829 2968 species
859 2936 972 2959 rerum
995 2927 1052 2965 sA.
1083 2937 1262 2960 conseru-

182 2968 307 3001 tr'onem:
325 2970 507 3011 specierum
530 2981 656 3002 omnes.
680 2989 705 2995 -
727 2972 777 3004 De
800 2972 918 3004 talibus
941 2981 1022 3004 vero
1044 2973 1097 3005 hic
1119 2982 1191 3005 non
1213 2979 1262 3006 est

183 3023 300 3046 sermo.
331 3015 448 3055 Agitur
483 3015 524 3046 de
553 3016 757 3057 longioribus
788 3018 999 3058 portionibus¹
1030 3022 1138 3050 textus
1164 3018 1200 3050 in
1230 3018 1261 3051 A

181 3057 292 3090 deletis
309 3065 342 3091 et
356 3060 570 3092 nihilominus
592 3070 651 3102 per
670 3061 831 3102 quosdam
847 3063 1022 3103 scriptores
1045 3062 1261 3104 reproductis,

182 3103 263 3135 dum
291 3105 454 3136 viceversa
483 3105 610 3147 aliquae
637 3107 815 3148 scripturae
846 3116 946 3149 supra
974 3108 1156 3149 marginem
1187 3118 1261 3140 exa-

182 3154 266 3179 ratae
289 3158 359 3180 non
381 3150 555 3191 rescriptae
579 3157 666 3188 sunt,
682 3161 719 3182 ac
743 3152 770 3182 si
793 3152 931 3184 Summa
953 3152 1017 3184 iam
1042 3153 1169 3194 publici
1182 3153 1261 3185 iuris

183 3191 266 3224 facta
287 3193 399 3225 fuisset
426 3201 500 3226 ante
532 3195 682 3227 ultimam
714 3197 783 3227 eius
814 3198 1022 3229 revisionem.
1057 3197 1175 3230 Codex
1202 3208 1260 3230 au-

182 3239 356 3278 tographus
378 3245 426 3270 sat
441 3240 546 3271 salvus
562 3246 610 3271 est
624 3246 660 3271 ut
676 3241 785 3282 ipsum
801 3251 861 3282 pro
884 3242 1049 3283 aliquibus
1064 3243 1260 3275 lectionibus

183 3282 358 3314 habeamus
374 3285 419 3315 rei
434 3290 565 3321 testem;
582 3284 727 3317 feliciter.
744 3286 828 3318 Nam
852 3287 958 3318 multo
975 3287 1124 3328 pluribus
1147 3289 1181 3320 in
1197 3293 1259 3320 tra-

184 3326 307 3358 ditione
320 3334 445 3360 tantum
463 3330 673 3362 existentibus
690 3340 730 3362 eo
747 3333 932 3373 promptior
947 3331 1029 3363 fides
1047 3333 1258 3365 concedetur.

184 3370 248 3402 Sed
270 3372 334 3403 iam
358 3382 417 3413 per
437 3384 472 3405 se
495 3375 580 3406 solas
610 3375 777 3416 inspectae
805 3377 944 3408 omnino
973 3377 1144 3410 dissimiies
1167 3387 1261 3419 repe-

185 3416 310 3447 riuntur
331 3419 524 3450 variantibus
549 3419 730 3458 ordinariis,
747 3426 780 3452 et
802 3422 941 3453 omnino
965 3422 1086 3454 similes
1110 3422 1261 3455 differen-

184 3460 234 3491 tiis
256 3461 340 3492 inter
362 3463 514 3494 Auctoris
536 3470 666 3496 textum
678 3466 879 3506 primitivum
904 3472 937 3498 et
959 3468 1112 3499 revisum.
1137 3468 1259 3500 Distin-

183 3511 328 3544 suuntur
349 3516 367 3537 a
390 3508 574 3548 vulgaribus
600 3510 799 3550 scriptorum
823 3512 1060 3543 mutationibus
1084 3513 1178 3553 quasi
1201 3522 1259 3554 per

183 3550 348 3625 waiam
374 3552 557 3584 audientiae
585 3563 715 3592 sonum,
743 3556 796 3587 cui
824 3555 954 3587 difficile
982 3562 1066 3588 esset
1096 3567 1164 3589 non
1189 3567 1260 3589 cre-

1374 273 1534 314 Exempla
1549 273 1689 307 citamus
1711 278 1800 305 extra
1814 274 1857 311 A,
1872 282 1912 305 ex
1935 273 2037 305 Libro
2051 272 2104 304 Ill.
2129 273 2194 304 Per>
2206 273 2407 307 characteres

1318 318 1464 350 minores
1487 316 1607 350 deletio
1637 317 1839 359 significatur
1868 327 1970 359 quam
1997 318 2218 358 supponimus
2243 318 2280 350 in
2305 319 2337 350 Α
2358 319 2406 351 af-

1319 361 1428 398 fuisse,
1445 371 1504 402 per
1519 363 1730 402 parentheses
1743 372 1860 404 margo
1875 364 1948 395 eius
1959 362 2133 394 indicatur.
2154 362 2191 394 si
2205 372 2287 403 ergo
2299 369 2407 396 textus

1320 412 1409 439 extra
1431 406 1573 439 uncinos
1599 406 1717 448 legitur
1745 409 1936 445 continuus,
1963 408 2053 448 prior
2080 407 2227 439 redactio
2250 407 2403 446 hebetum

1319 453 1345 483 si
1360 451 1548 484 continuus
1570 452 1642 483 sine
1664 453 1851 484 charactere
1872 461 1986 494 parvo,
2010 452 2127 484 ultima
2147 452 2292 484 resultat.

1375 496 1458 536 Cap.
1474 496 1490 527 5
1509 494 1562 537 (al.
1571 495 1618 537 6).
1631 509 1645 523 ‹
1656 497 1714 529 Est
1725 502 1836 529 tamen
1848 498 1972 529 malum
1986 497 2094 530 sinon
2105 498 2222 529 habeat
2234 506 2367 529 manus.
2378 522 2386 529 .
2397 522 2404 529 .

1318 541 1421 580 Quod
1438 552 1545 571 rursum
1565 540 1705 582 (tamen)
1721 551 1794 574 non
1815 548 1863 575 est
1879 542 2006 574 malum
2029 543 2082 574 avi
2099 546 2123 572 ai
2142 554 2196 572 nen
2211 546 2311 577 *habeat
2331 556 2359 573 ».

1375 585 1455 618 lbid.
1483 599 1498 614 ‹
1517 585 1594 618 Non
1617 591 1727 627 potest
1756 586 1857 629 (esse)
1883 596 1969 628 aqua
1983 599 2042 616 -nm
2059 590 2158 617 habere
2176 587 2252 629 (nisi
2275 587 2406 628 habeat)

1319 629 1459 662 formam
1484 640 1588 672 aquae
1608 644 1636 661 ι.
2095 662 2098 666 ,

1372 675 1451 708 lbid.
1480 690 1493 703 «
1510 676 1633 707 Natura
1655 675 1755 716 igitur
1784 685 1854 707 non
1884 676 2025 708 intendit
2051 676 2153 708 finem
2185 678 2406 718 corruptionis

1319 730 1469 752 seorsum
1492 731 1511 752 a
1539 720 1604 752 fine
1633 720 1863 762 generationis,
1894 721 1952 752 sed
1982 721 2083 754 sirnul
2110 727 2300 763 utrumque.
2329 722 2406 754 Non

1319 766 1408 797 enim
1425 771 1473 798 est
1489 765 1530 797 de
1545 765 1729 797 intentione
1745 770 1880 798 nanu-ae
1895 765 2046 798 absolun
2060 766 2156 808 quod
2167 775 2237 799 eon
2253 767 2295 799 sit
2308 776 2406 808 aqua,

1319 810 1375 842 sed
1400 810 1494 852 quod
1517 823 1571 840 non
1590 815 1718 840 aristeum
1731 821 1808 848 ,aqua
1826 810 1868 842 sit
1890 820 1946 842 aer
1969 809 2053 852 (quo
2083 812 2244 844 existente
2264 819 2406 847 non-est

1319 855 1420 897 aqua)
1439 869 1467 886 s.
1800 872 1803 875 ·

1375 900 1458 942 Cap.
1484 901 1503 932 6
1531 900 1583 943 (al.
1609 899 1655 943 7).
1685 914 1699 928 ‹
1720 900 1846 933 Malum
1873 900 1972 941 igitur
2002 909 2080 933 cum
2102 900 2144 932 sit
2170 904 2296 931 ιιιιωίι
2323 900 2406 944 (eius

1318 945 1410 987 quod
1425 952 1474 977 est
1489 945 1652 987 naturale)
1673 946 1825 988 privatio,
1847 955 1918 978 non
1941 951 2052 987 potest
2073 954 2144 977 esse
2166 946 2313 981 naturale
2331 959 2360 977 ».

1370 990 1457 1032 Cap.
1484 1001 1515 1022 2.
1543 1005 1559 1020 ‹
1578 991 1710 1028 Adhuc,
1724 991 1760 1023 ‘m
1783 991 1939 1023 omnibus
1954 990 2128 1032 agentibus
2150 995 2286 1031 propter
2304 989 2405 1024 finem

1318 1036 1383 1067 hoc
1400 1046 1470 1067 esse
1486 1034 1667 1079 (ultimum)
1685 1035 1788 1067 finem
1809 1035 1960 1072 dicimus,
1977 1040 2050 1073 quod
2064 1047 2125 1066 mm
2139 1039 2312 1073 cans-qnam:
2325 1047 2407 1074 ομ..

1318 1093 1371 1110 non
1390 1085 1503 1111 ulterius
1515 1085 1584 1111 acrio
1596 1084 1738 1118 porriv'mr
1755 1079 1856 1123 (ultra
1868 1080 1961 1122 quod
1980 1090 2081 1122 agens
2102 1090 2183 1114 non.
2197 1081 2326 1122 quae-it
2347 1080 2407 1112 ali-

1319 1125 1432 1168 quid);
1458 1126 1543 1158 sicut
1567 1126 1652 1157 actio
1672 1125 1794 1157 medici
1810 1130 1859 1158 est
1874 1135 1981 1167 usque
2006 1125 2047 1158 ad
2067 1127 2252 1164 sanitatem,
2271 1135 2311 1158 ea
2327 1135 2407 1160 vero

1319 1177 1499 1203 consecuta
1527 1180 1598 1203 non
1628 1177 1767 1202 conatur
1798 1170 1839 1203 ad
1869 1170 1997 1212 aliquid
2027 1171 2174 1204 ulterius.
2193 1175 2238 1200 ste
2255 1169 2348 1214 (Sed)
2370 1171 2405 1203 in

1318 1217 1450 1248 actione
1473 1216 1649 1249 cuiuslibet
1667 1216 1794 1258 agentis
1811 1221 1861 1247 est
1882 1216 2033 1248 ‘mveaire
2053 1215 2180 1258 aliquid
2201 1220 2234 1246 ιι1
2251 1221 2327 1254 quod
2344 1228 2408 1248 eu-

1318 1266 1439 1300 pervenfit
1462 1266 1573 1293 nono-d
1597 1266 1698 1300 aliquid
1722 1265 1836 1292 ulta-im
1859 1265 1943 1292 nen&
1961 1260 2060 1304 (uina
2087 1260 2179 1302 quod
2207 1271 2307 1302 agens
2334 1271 2407 1295 non

1319 1307 1446 1350 quaerit
1462 1306 1611 1348 aliquid).
1627 1307 1718 1339 Alias
1730 1307 1821 1340 enim
1835 1308 1983 1340 “tiones
1998 1307 2033 1339 in
2051 1306 2058 1313 '
2133 1307 2140 1313 '
2234 1311 2409 1345 pmcn-r

1318 1351 1530 1396 (tenderent).
1554 1352 1657 1392 Quod
1679 1351 1815 1394 quidem
1839 1358 1888 1384 est
1910 1348 2127 1393 impossibile,
2144 1352 2337 1392 quin„mn
2356 1351 2407 1384 in·

1318 1397 1410 1429 finita
1426 1407 1495 1429 non
1510 1398 1552 1429 sit
1574 1398 1779 1439 pertransire,
1803 1407 1904 1439 agens
1920 1406 2016 1438 agere
2031 1406 2102 1428 non
2124 1397 2295 1439 inciperet.
2308 1396 2408 1430 mm

1320 1443 1410 1474 enim
1433 1449 1587 1474 movetur
1610 1442 1650 1474 ad
1674 1442 1708 1474 id
1738 1442 1780 1474 ad
1803 1442 1896 1484 quod
1925 1441 2130 1484 impossibile
2153 1447 2203 1474 est
2225 1442 2406 1483 pervenire.

1321 1492 1397 1518 Unde
1415 1500 1464 1518 nec
1482 1499 1565 1525 agens
1585 1491 1712 1525 inciperet
1737 1491 1854 1518 actiones
1878 1499 1948 1525 qun
1966 1498 2022 1519 nen
2045 1495 2161 1524 peneum
2177 1489 2279 1525 perfici.
2296 1486 2407 1520 Ome

1319 1533 1418 1574 igitur
1441 1543 1540 1574 agens
1563 1533 1630 1575 agit
1651 1538 1787 1574 propser
1809 1531 1913 1565 finem
1930 1546 1960 1564 n.
2083 1562 2085 1564 .

1375 1578 1485 1610 Huius
1507 1578 1636 1620 generis
1651 1579 1812 1610 variantes
1826 1578 1911 1610 inter
1933 1578 1988 1619 pA
2011 1582 2045 1609 et
2065 1577 2114 1609 sA
2129 1586 2233 1619 supas
2246 1581 2408 1610 nee-nn

1319 1632 1360 1655 ex
1381 1623 1454 1656 sola
1466 1622 1641 1656 trafitione
1656 1623 1863 1664 collegimus.
1885 1623 1963 1655 Non
1982 1623 2099 1664 utique
2121 1622 2218 1655 onai
2237 1621 2319 1655 loce
2339 1621 2406 1654 ela-

1318 1678 1393 1700 rum
1417 1674 1466 1700 est
1489 1674 1601 1701 utrum
1624 1667 1806 1701 differenda
1828 1667 1990 1710 pertinent
2015 1667 2060 1700 ad
2086 1667 2343 1709 anteventum.
2362 1674 2406 1700 ιι

1319 1713 1362 1745 ad
1382 1713 1473 1745 solos
1495 1714 1684 1755 scriptores,
1699 1712 1757 1746 aed
1780 1723 1843 1755 pro
1865 1718 2060 1745 teramum
2081 1711 2246 1745 evidmtia
2266 1712 2314 1744 rei
2332 1721 2404 1745 non

1318 1757 1626 1790 admittitdubium.
1642 1757 1837 1800 Subeapite
1859 1759 1914 1800 pA
1931 1757 2406 1791 momine-seuu-

1318 1809 1384 1835 τω
1406 1809 1442 1835 et
1463 1812 1524 1845 par
1544 1813 1580 1835 se
1603 1802 1738 1836 iudicet.
2141 1831 2144 1835 .
2407 1835 2409 1838 .

1376 1857 1408 1879 2.
1422 1848 1586 1880 -Prioeis
1603 1847 1838 1889 publio-tionis
1858 1848 1995 1880 maid
2016 1846 2198 1888 fragne-ta
2219 1851 2406 1888 mm

1317 1892 1447 1925 Statum
1460 1893 1509 1925 rei
1521 1893 1573 1925 sie
1584 1892 1725 1925 breviter
1737 1892 1938 1925 edumhum
1949 1892 2044 1924 Ereta
2055 1891 2408 1933 wne-amlech-

1317 1946 1376 1970 nes
1393 1938 1448 1978 pA
1463 1937 1653 1970 ostenderet
1665 1937 1795 1970 nulium
1811 1938 1898 1970 inter
1910 1937 2066 1978 antiquos
2083 1936 2281 1975 imefflus
2296 1943 2407 1978 αφ*

1317 1983 1401 2013 inter
1427 1981 1574 2013 iuniores
1607 1981 1714 2014 ullum
1745 1983 1803 2024 qui
1836 1982 1995 2014 continue
2026 1987 2059 2013 et
2088 1987 2266 2024 perpetuo.
2294 1989 2407 2023 nequ

1316 2027 1429 2069 plures
1451 2026 2002 2068 qumN,z.Ycetmisditimes.
2018 2026 2060 2065 D,
2081 2031 2125 2065 a,
2149 2036 2209 2069 per
2230 2026 2406 2060 mixtur-n

1317 2081 1396 2104 cum
1418 2071 1486 2110 ΝΖ,
1510 2072 1624 2113 patinis
1645 2071 1730 2104 locis
1753 2071 1837 2111 Can,
1861 2071 1925 2110 ch,
1953 2071 2041 2110 Clm,
2064 2071 2326 2110 Bononiensem,
2347 2070 2405 2108 W.

1316 2117 1346 2154 b,
1371 2116 1394 2148 d
1417 2116 1555 2158 eiusque
1579 2117 1764 2159 progenies.

1374 2162 1438 2193 Pro
1462 2162 1566 2194 Libro
1587 2162 1600 2193 1
1623 2168 1723 2194 testes
1745 2161 1919 2195 sentN.et
1931 2161 1969 2200 Z,
1989 2162 2091 2194 simul
2111 2161 2169 2194 vel
2187 2161 2330 2200 cliviam,
2352 2170 2406 2194 ca-

1318 2207 1431 2249 pitulis
1458 2215 1538 2247 1-4,
1556 2213 1589 2239 et
1617 2207 1668 2245 13,
1690 2217 1815 2240 novem
1836 2207 1935 2246 locis;
1959 2206 2046 2245 deira
2062 2207 2097 2240 Α,
2111 2212 2294 2249 Μαι,
2317 2206 2407 2248 eapi-

1317 2253 1394 2284 tulis
1419 2252 1554 2294 54-1οο
1577 2252 1660 2285 locis
1682 2253 1811 2285 circiter
1832 2252 2056 2294 quadraginta
2175 2283 2178 2286 .
2306 2282 2311 2286 .

1373 2297 1442 2330 Pro
1461 2297 1565 2330 Libro
1586 2297 1614 2330 u
1636 2297 1797 2330 iubemus
1820 2297 1908 2340 pAD
1929 2297 2084 2339 capitulis
2108 2304 2171 2338 109
2194 2297 2277 2330 locis
2292 2295 2407 2329 sende·

1317 2343 1399 2380 cim;
1423 2342 1510 2381 dein,
1534 2342 1564 2374 A
1588 2349 1770 2384 praesente,
1793 2342 1945 2385 capitulis
1964 2350 2078 2384 11-19
2093 2342 2176 2374 locis
2196 2348 2287 2374 octo.
2310 2341 2407 2375 Pne-

1316 2394 1406 2420 terea
1428 2387 1500 2420 sola
1514 2387 1534 2419 17
1549 2388 1584 2419 in
1608 2387 1677 2420 fine
1697 2388 1834 2430 cqimli
1850 2387 1908 2427 58,
1925 2397 1996 2430 quo
2019 2386 2137 2420 codice
2158 2387 2328 2419 mediante
2346 2395 2406 2419 ne·

1316 2433 1453 2471 scinne,
1473 2432 1563 2465 addit
1585 2438 1712 2465 textum
1735 2433 1838 2466 tt‘nsm
1865 2433 2027 2466 linearum
2053 2432 2090 2465 in
2115 2433 2155 2465 A.
2172 2431 2323 2465 deletum
2348 2430 2405 2475 (cf.

1317 2478 1379 2510 sub
1402 2478 1457 2520 pA
1472 2478 1504 2509 in
1530 2477 1712 2520 appendice
1735 2487 1809 2520 pag.
1826 2477 1915 2521 60⁹).
1940 2477 2005 2510 Hic
2019 2477 2114 2510 locus
2136 2477 2156 2509 b
2179 2476 2409 2511 condiacon-

1316 2521 1581 2564 lragmentariam
1600 2524 1785 2565 superstitis
1797 2523 1981 2556 mdin‘onia
2003 2523 2059 2565 pst
2071 2522 2260 2556 luculenter
2271 2522 2405 2564 prebat:

1317 2567 1418 2600 debet
1437 2567 1617 2610 anquando
1645 2569 1809 2601 exstiti-e-
1826 2568 1956 2610 pl-ior
1984 2577 2086 2610 qmm
2107 2566 2154 2600 adv
2171 2577 2235 2600 nos
2257 2567 2408 2609 perp-⁰

1316 2622 1377 2655 per
1399 2613 1532 2646 codices
1554 2618 1702 2646 mati-os.
2360 2628 2366 2646 ;

1373 2658 1422 2691 Ex
1438 2658 1540 2691 Libro
1552 2658 1596 2691 111
1607 2659 1751 2691 maxima
1766 2663 1800 2691 et
1823 2657 2042 2700 ponderosior
2056 2658 2332 2700 pars-lectionum
2351 2657 2407 2699 ‚A

1317 2703 1456 2736 collecta
1478 2708 1539 2741 est,
1555 2709 1588 2735 et
1603 2703 1739 2746 quidem
1755 2713 1796 2735 en
1818 2703 1888 2736 NZ.
1903 2703 2056 2744 capitulis
2083 2702 2185 2743 ¹·43»
2205 2708 2250 2742 et,
2265 2702 2296 2735 Α
2311 2711 2407 2744 peae-

1316 2754 1421 2787 sente,
1444 2748 1596 2790 capitulis
1619 2757 1676 2789 44,
1698 2749 1760 2789 45;
1783 2748 1873 2780 exY
1896 2748 2172 2790 capitolin-253
2195 2757 2236 2780 ex
2258 2747 2405 2790 Demir-

1316 2793 1389 2826 tuio
1413 2793 1809 2835 annnam-Postcap.
1833 2794 1891 2834 45,
1912 2799 1946 2825 et
1966 2793 2003 2825 in
2021 2792 2279 2825 moubnow
2301 2792 2407 2834 ph·-

1316 2838 1491 2871 traditione
1513 2843 1611 2871 tacet.
2059 2867 2062 2870 .

1373 2883 1462 2916 Cum
1477 2884 1564 2917 mala
1586 2882 1719 2916 tonum
1733 2883 1876 2915 voluerit
1892 2889 1929 2915 ut
1944 2892 2005 2925 per
2019 2883 2232 2915 amissionem
2247 2881 2413 2915 folioru-

1315 2929 1513 2970 autographi
1534 2929 1692 2962 mterierit
1714 2929 1878 2971 scriptam-e
1891 2928 2086 2960 authentica·
2279 2935 2407 2960 ser-t·

1316 2983 1398 3006 num
1415 2975 1474 3015 qui
1495 2979 1563 3007 tam
1586 2979 1664 3016 epte
1686 2978 1719 3006 et
1741 2974 1855 3015 pulcre
1874 2973 2023 3015 simulo·
2039 2973 2159 3005 Libros
2177 2972 2406 3010 iamed-nunt.

1316 3018 1520 3051 reductiones
1543 3019 1598 3060 pA
1627 3029 1646 3051 e
1669 3019 1784 3060 primis
1805 3019 1960 3060 apianis
1985 3028 2046 3060 per
2066 3017 2280 3051 auditionem
2297 3017 2407 3050 dne

1316 3064 1448 3096 Lectori
1472 3063 1609 3096 fortasse
1632 3063 1840 3106 peculiariter
1863 3064 2053 3105 placebunt.

1374 3109 1407 3141 3.
1420 3126 1443 3132 -
1459 3108 1665 3146 Dolendum,
1678 3108 1775 3150 quod
1787 3109 1963 3150 scriptores
1977 3108 2008 3140 N
2019 3108 2051 3140 Y
2061 3107 2092 3140 Z
2101 3107 2202 3140 nimis
2217 3106 2407 3148 ‘aequm

1316 3153 1572 3191 hallucinatum
1597 3153 1692 3195 quod
1705 3154 1846 3196 scriptor
1867 3153 1908 3192 Y.
1928 3153 2073 3186 consib-
2092 3151 2289 3185 cormaci·
2303 3156 2342 3183 ut
2355 3151 2405 3183 ἢ·

1316 3198 1422 3236 detur,
1445 3204 1522 3240 post
1544 3199 1635 3231 Libri
1650 3198 1693 3231 111
1712 3208 1784 3240 cap.
1806 3199 1859 3231 15.
1881 3199 1950 3231 alio
1969 3197 2151 3240 examplari
2170 3196 2223 3229 uu
2241 3196 2404 3237 coeperiea

1315 3243 1408 3285 quod
1431 3243 1462 3276 N
1489 3244 1634 3276 duorum
1661 3244 1821 3276 foliorum
1848 3244 2010 3276 hctnmm
2173 3246 2236 3279 est,
2257 3240 2338 3273 dum
2365 3241 2406 3274 ’-

1315 3288 1429 3321 medio
1443 3294 1535 3322 textu
1551 3290 1606 3331 pA
1620 3289 1824 3326 versabam:
1837 3286 2162 3329 tandemquodNeet
2177 3285 2404 3328 praesertin-z

1315 3343 1375 3375 per
1398 3333 1567 3375 quandam
1581 3335 1875 3367 continuaturumv
1887 3341 1969 3366 cum·
1989 3341 2026 3370 e..
2046 3332 2228 3373 aeapective
2244 3340 2324 3363 cim
2345 3330 2403 3368 sk.

1315 3388 1414 3420 saepe
1428 3378 1603 3412 deformati
1617 3385 1709 3412 sunt.
1722 3379 1826 3412 secus
1847 3378 1880 3410 si.
1890 3376 2072 3415 accidisset,
2093 3375 2189 3409 facile
2213 3375 2326 3408 fuisset
2341 3385 2406 3417 pm

1314 3424 1421 3465 prima
1433 3429 1548 3466 quarta
1565 3430 1660 3466 parte·
1671 3424 1764 3456 Libri
1773 3422 1817 3455 lu
1826 3428 1955 3454 tenum
1969 3422 2025 3463 pA
2038 3430 2241 3463 tempsere.
2254 3421 2302 3454 Ut
2313 3429 2404 3453 nune

1315 3474 1373 3506 est,
1393 3469 1504 3501 multis
1527 3469 1611 3501 locis
1634 3478 1721 3501 unus
1736 3474 1769 3500 et
1791 3467 1861 3499 duo
1876 3468 1974 3499 trium
1992 3466 2146 3499 codicum
2169 3465 2405 3503 desiderantur,

1313 3513 1364 3545 vel
1381 3513 1559 3545 lectionem
1583 3513 1756 3555 proferunt
1773 3511 2011 3554 impooeibilem
2031 3517 2075 3550 et,
2090 3511 2187 3544 nobis
2209 3511 2336 3548 saltem,
2353 3510 2402 3542 in·

1312 3558 1502 3591 sanabilem.
1526 3559 1576 3590 De
1600 3559 1650 3590 his
1665 3567 1728 3590 suo
1743 3557 1828 3590 loco·
1841 3557 2046 3598 particularia
2061 3556 2327 3598 aas'gnabuntun
2349 3555 2403 3587 liic

1312 3602 1407 3634 liceat
1430 3609 1544 3635 notare
1569 3602 1731 3645 quaedam
1755 3602 1962 3635 notabiliora.
1986 3602 2114 3634 mter
2130 3600 2279 3634 funditus
2300 3600 2405 3633 rator·
