2768 4134
38 1418 51 1430 ⁸
59 1416 96 1441 Cf.
107 1422 160 1445 up.
169 1423 207 1439 ιι.

38 1523 123 1575 :faa
138 1530 159 1550 ις
173 1530 193 1547 s.
208 1523 254 1547 Th.

37 2003 122 2054 '‘nui’'
143 2009 171 2031 u,
188 2009 214 2030 4:
234 2008 254 2026 ι.

48 3383 102 3407 'Cf-
109 3383 265 3406 Avernlllde

26 3432 29 3438 ,
49 3410 145 3439 Ans-ua,
152 3413 211 3433 text.
219 3410 254 3433 ¹8.

760 264 950 302 SUMMA
979 264 1201 302 CONTRA
1230 263 1505 310 GENTILES,
1534 267 1628 303 LIB.
1653 267 1694 312 ΙΙ,
1725 267 1836 304 CAP.
1857 269 2023 306 LXXIII.
2409 272 2481 318 46‘1

288 350 452 380 tasmata
476 342 648 379 hominis
676 342 991 392 multiplicentur,
1019 343 1083 378 vel
1114 341 1154 378 in
1182 353 1264 378 uno
1293 341 1363 378 ho·
1473 344 1579 380 Item.
1596 343 1876 392 Dispositiones
1894 346 2177 395 praedictarum
2197 347 2384 386 virtutum
2399 358 2488 386 sunt

288 396 395 433 mine
414 397 478 433 vel
497 395 537 432 in
556 395 730 442 diversis,
750 395 969 433 secundum
988 395 1142 432 diversa
1160 393 1364 431 individua
1419 407 1466 431 ex
1484 403 1592 444 parte
1612 396 1761 443 obiecti,
1786 398 1926 436 scilicet
1943 400 2232 448 phantasmatis,
2262 402 2370 451 quod
2398 415 2487 452 pro-

288 449 471 495 hominis,
487 461 660 499 quorum
675 448 831 499 proprie
855 456 946 485 sunt
963 449 1244 498 phantasmata.
1261 448 1363 484 Mul-
1419 455 1503 497 pter
1530 448 1742 486 bonitatem
1775 451 1917 488 harum
1945 451 2132 490 virtutum
2159 463 2411 504 praeparatur
2437 457 2486 493 ad

286 502 469 553 tiplicatio
502 502 616 551 igitur
646 503 965 552 phantasmatum
998 513 1079 539 non
1115 509 1242 551 potest
1279 512 1362 537 esse
1419 502 1496 538 hoc
1523 502 1632 550 quod
1659 502 1816 539 faciliter
1834 503 1902 540 fiat
1920 504 2148 554 intelligibile
2169 515 2256 544 actu
2283 520 2353 557 per
2379 509 2486 546 intel-

289 567 407 594 causa
435 557 544 605 quod
573 555 849 604 multiplicetur
867 555 998 604 ipsum
1019 554 1226 603 intelligere
1255 553 1362 591 intel·
1385 574 1394 593 s
1419 555 1563 590 lectum
1582 562 1771 602 agentem.
1801 556 2081 606 Dispositiones
2109 567 2239 597 autern
2268 573 2368 610 quae
2397 571 2486 599 sunt

289 611 409 647 lectus
441 609 634 659 possibilis
670 617 847 658 respectu
882 608 999 645 unius
1035 607 1188 658 speciei.
1226 608 1274 644 Et
1309 607 1362 644 sic
1418 618 1465 643 ex
1484 614 1592 656 parte
1611 607 1866 656 obiectorum,
1887 622 1967 646 non
1987 619 2076 647 sunt
2104 613 2268 660 habitus,
2288 615 2356 651 sed
2385 627 2485 664 quae

287 663 418 700 adhuc
446 661 662 700 remanebit
689 673 769 698 una
797 661 897 699 actio
919 673 1086 699 numero
1116 661 1361 698 diversorum
1418 667 1508 696 sunt
1540 673 1586 697 ex
1622 668 1730 709 parte
1759 662 2039 710 potentiarum:
2074 676 2153 701 non
2186 666 2291 703 enim
2325 667 2485 717 disposi-

286 715 508 753 hominum.
1416 713 1540 750 tiones
1573 713 1716 763 quibus
1744 714 1924 752 terribilia
1951 715 2051 752 fiunt
2078 719 2286 766 toleranda,
2311 729 2400 757 sunt
2418 722 2485 758 ha-

339 770 446 806 Item.
464 767 674 817 Proprium
688 768 908 805 subiectum
927 767 1082 805 habitus
1106 766 1285 809 scientiae
1305 775 1362 804 est
1416 766 1518 804 bitus
1537 767 1783 811 fortitudinis;
1809 768 1877 805 sed
1896 767 2096 818 dispositio
2116 782 2194 819 qua
2212 784 2301 820 pars
2319 773 2483 820 animae,

286 821 501 859 intellectus
529 821 737 871 possibilis:
768 821 861 871 quia
889 821 973 859 eius
1008 829 1116 858 actus
1151 828 1207 857 est
1235 820 1360 858 consi·
1376 840 1402 856 ω
1416 819 1557 857 scilicet
1584 820 1793 868 irascibilis,
1823 821 2042 871 disponitur
2075 823 2124 860 ad
2161 824 2339 862 terribilia
2376 827 2485 864 susti-

286 875 422 913 derare
451 875 671 912 secundum
699 874 911 912 scientiam.
937 874 1128 911 Accidens
1155 882 1299 920 autem,
1329 873 1360 910 si
1415 874 1556 910 nenda.
1587 875 1690 922 Ergo
1719 874 1966 912 manifestum
1986 883 2042 912 est
2065 877 2174 925 quod
2193 877 2346 915 habitus
2366 879 2485 916 scien-

285 928 333 965 sit
359 941 499 975 unum,
519 940 602 966 non
629 928 906 977 multiplicatur
933 927 1006 964 nisi
1029 927 1249 964 secundum
1268 927 1359 964 sub·
1415 926 1489 964 tiae
1509 939 1590 964 non
1607 935 1663 964 est
1682 927 1722 964 in
1741 927 1933 966 intellectu
1953 928 2120 978 passivo,
2137 937 2179 966 ut
2193 930 2486 969 Commentator

285 981 441 1019 iectum.
473 981 513 1019 Si
551 981 664 1030 igitur
700 981 912 1018 intellectus
944 979 1137 1030 possibilis
1175 980 1222 1017 sit
1256 992 1359 1017 unus
1414 981 1633 1029 praedictus
1653 981 1753 1028 dicit,
1784 982 1852 1019 sed
1871 982 1992 1031 magis
2012 982 2051 1020 in
2080 982 2272 1021 intellectu
2301 985 2483 1033 possibili.

285 1035 468 1074 omnium
496 1034 717 1080 hominum,
747 1046 904 1071 necesse
933 1033 1003 1070 erit
1034 1033 1143 1083 quod
1179 1033 1358 1071 scientiae
1468 1035 1574 1071 Item.
1597 1034 1637 1071 Si
1666 1046 1769 1071 unus
1789 1043 1844 1072 est
1863 1035 2076 1073 intellectus
2094 1036 2287 1085 possibilis
2306 1037 2485 1075 omnium

284 1089 440 1126 habitus
468 1088 574 1126 idem
602 1087 820 1125 secundum
855 1086 1038 1137 speciem,
1073 1094 1169 1137 puta
1203 1087 1358 1125 habitus
1374 1087 1634 1133 15hominum‚
1664 1096 1815 1137 oportet
1833 1101 1979 1138 ponere
2007 1089 2242 1127 intellectum
2261 1090 2485 1140 possibilem

283 1141 568 1191 grammaticae,
589 1141 636 1178 sit
653 1140 756 1178 idem
778 1152 946 1178 numero
966 1139 1006 1177 in
1025 1140 1211 1178 omnibus
1230 1141 1358 1178 homi·
1414 1153 1570 1190 semper
1596 1141 1724 1187 fuisse,
1754 1141 1785 1178 si
1813 1142 1993 1179 homines
2017 1155 2172 1192 semper
2194 1144 2359 1191 fuerunt,
2389 1144 2485 1182 sicut

283 1194 411 1233 nibus.
433 1195 555 1242 Quod
573 1202 630 1231 est
648 1193 897 1243 inopinabile.
921 1194 1016 1231 Non
1035 1202 1091 1231 est
1109 1193 1224 1243 igitur
1250 1194 1358 1232 intel·
1413 1202 1581 1243 ponunt:
1622 1202 1659 1231 et
1695 1196 1820 1232 multo
1858 1196 1979 1244 magis
2017 1196 2251 1234 intellectum
2293 1206 2481 1246 agentem,

283 1250 404 1286 lectus
431 1247 624 1298 possibilis
651 1260 757 1285 unus
785 1247 825 1285 in
853 1247 1050 1285 omnibus.
1413 1247 1505 1297 quia
1533 1260 1652 1298 agens
1680 1254 1731 1285 est
1767 1250 2022 1287 honorabilius
2050 1252 2223 1300 patiente,
2262 1259 2304 1288 ut
2341 1251 2483 1288 Aristo—

337 1301 417 1340 Sed
445 1302 495 1339 ad
529 1302 618 1338 hoe·
639 1301 774 1339 dicunt
806 1301 915 1351 quod
949 1300 1169 1338 subiectum
1202 1300 1357 1338 habitus
1413 1302 1506 1338 teles
1525 1301 1624 1346 dicit,
1649 1302 1694 1338 111
1714 1303 1760 1339 de
1777 1303 1918 1340 Anima
1933 1303 1963 1339 ²⁸.
1986 1303 2063 1340 Sed
2083 1303 2114 1340 si
2142 1315 2258 1352 agens
2282 1312 2338 1342 est
2365 1312 2483 1342 aeter·
2511 1316 2520 1324 ·
2547 1321 2559 1335 a
2591 1322 2603 1336 v
2619 1322 2630 1336 2
2654 1322 2664 1336 s

279 1354 462 1393 scientiae
490 1367 573 1392 non
601 1362 658 1393 est
684 1354 898 1392 intellectus
920 1354 1124 1404 possibilis,
1154 1355 1222 1391 sed
1251 1354 1359 1392 intel·
1374 1373 1400 1388 ω
1414 1366 1523 1400 num,
1553 1362 1590 1391 et
1617 1354 1805 1404 recipiens
1825 1363 2037 1402 aeternum,
2059 1364 2210 1406 oportet
2229 1365 2382 1407 recepta
2401 1369 2482 1395 esse

283 1410 404 1447 lectus
430 1408 610 1458 passivus
638 1416 676 1445 et
702 1408 825 1446 virtus
853 1407 1057 1457 cogitativa
1069 1407 1101 1445 ²³.
1414 1415 1580 1445 aeterna.
1620 1409 1722 1457 Ergo
1760 1408 1907 1458 species
1943 1409 2193 1458 intelligibiles
2235 1410 2284 1447 ab
2326 1418 2482 1448 aeterno

317 1462 459 1510 ·Quod
496 1461 659 1512 quidem
697 1474 781 1499 esse
818 1474 900 1499 non
936 1469 1074 1512 potest.
1113 1462 1231 1508 Nam,
1261 1461 1359 1499 sicut
1413 1461 1569 1498 fuerunt
1591 1461 1631 1498 in
1651 1461 1843 1499 intellectu
1862 1462 2044 1511 possibili.
2067 1464 2159 1500 Non
2178 1463 2291 1512 igitur
2308 1464 2357 1501 de
2377 1476 2483 1502 novo

281 1516 423 1566 probat
441 1515 674 1562 Aristoteles,
693 1515 733 1552 in
762 1516 792 1552 lI
810 1517 1030 1552 Ethicorum
1045 1515 1076 1561 ²⁸,
1106 1527 1156 1552 ex
1178 1515 1359 1552 similibus
1414 1515 1547 1565 recipit
1575 1514 1722 1565 aliquas
1745 1515 1892 1564 species
1920 1515 2179 1565 intelligibiles.
2206 1517 2266 1554 Ad
2295 1516 2389 1554 nihil
2416 1530 2483 1554 au-

282 1571 424 1608 actibus
439 1571 546 1618 fiunt
561 1570 700 1608 similes
726 1570 883 1615 habitus,
904 1574 938 1605 el
964 1569 1102 1606 similes
1121 1570 1232 1606 etiam
1255 1575 1358 1606 actus
1414 1576 1493 1606 tem
1521 1581 1658 1606 sensus
1677 1577 1714 1606 et
1732 1569 1934 1617 phantasia
1962 1578 2051 1606 sunt
2075 1569 2288 1607 necessaria
2308 1571 2357 1607 ad
2377 1569 2483 1607 intel·

282 1623 452 1661 reddunt.
482 1623 542 1660 Ex
570 1622 719 1660 actibus
751 1629 882 1659 autem
919 1621 1131 1659 intellectus
1166 1621 1358 1672 possibilis
1373 1640 1397 1660 ις
1414 1621 1612 1670 ligendum
1641 1621 1714 1659 nisi
1733 1630 1775 1659 ut
1794 1622 1843 1659 ab
1864 1622 1917 1659 eis
1945 1622 2182 1672 accipiantur
2203 1622 2350 1672 species
2378 1622 2484 1660 intel-

281 1675 326 1717 fit
357 1675 512 1714 habitus
553 1675 734 1713 scientiae
776 1675 816 1712 in
857 1675 987 1713 nobis:
1031 1683 1069 1712 et
1109 1675 1159 1712 ad
1197 1676 1358 1713 eosdem
1414 1675 1583 1724 ligibiles.
1619 1676 1764 1713 Sensus
1792 1675 1906 1723 igitur
1937 1688 2018 1713 non
2056 1676 2125 1713 erit
2161 1676 2399 1713 necessarius
2435 1676 2485 1713 ad

281 1737 391 1767 actus
417 1736 596 1779 potentes
623 1741 762 1767 sumus
785 1729 1005 1766 secundum
1030 1729 1207 1766 habitum
1236 1729 1356 1767 scien·
1412 1728 1715 1777 intelligendum,
1739 1741 1868 1778 neque
1887 1729 2100 1778 phantasia.
2122 1730 2170 1766 Et
2192 1729 2329 1766 redibit
2352 1729 2484 1779 opinio

280 1782 368 1821 tiae.
393 1782 560 1821 Habitus
579 1782 694 1832 igitur
711 1782 892 1820 scientiae
911 1791 968 1820 est
995 1782 1035 1819 in
1055 1782 1248 1821 intellectu
1267 1796 1356 1833 pos-
1412 1781 1600 1828 Platonis,
1643 1783 1751 1832 quod
1793 1782 1993 1819 scientiam
2026 1795 2106 1820 non
2144 1782 2380 1832 acquirimus
2417 1794 2487 1832 per

282 1835 392 1883 sibili,
420 1849 503 1874 non
529 1836 699 1886 passivo.
1412 1848 1561 1881 sensus,
1582 1836 1649 1872 sed
1678 1836 1728 1872 ab
1752 1835 1806 1872 eis
1825 1835 2039 1873 excitamur
2065 1836 2114 1873 ad
2140 1835 2486 1873 rememorandum

334 1890 488 1927 Adhuc.
520 1889 687 1928 Scientia
706 1897 762 1927 est
781 1890 830 1926 de
848 1889 1172 1926 *conclusionibus
1192 1889 1356 1926 demon·
1372 1903 1398 1923 ιο
1411 1889 1518 1938 prius
1546 1888 1638 1925 scita
1651 1888 1683 1924 ²¹².

281 1942 528 1981 strationum:
553 1955 647 1980 nam
667 1942 945 1980 demonstratio
964 1950 1020 1979 est
1037 1942 1281 1992 syllogismus
1288 1943 1356 1991 sa·
1466 1942 1544 1979 Sed
1572 1941 1622 1978 ad
1657 1942 1735 1978 hoc
1769 1941 1977 1990 respondet
2006 1941 2303 1978 Commentator
2333 1941 2483 1991 praedi-

281 1998 383 2035 ciens
400 1999 508 2043 scire,
528 2004 572 2034 ut
599 1996 820 2034 Aristoteles
845 1995 935 2033 dicit
960 1995 1000 2032 in
1021 1996 1035 2032 I
1055 1996 1308 2032 Posteriorum
1323 1995 1354 2032 *.
1411 2002 1495 2031 ctus
1513 1994 1534 2016 ’¹‘
1571 1994 1678 2044 quod
1714 1994 1860 2043 species
1887 1994 2137 2043 intelligibiles
2169 1994 2313 2031 habent
2340 1995 2483 2044 duplex
2512 2005 2527 2051 *i
2587 2002 2653 2024 oc-ci
2666 2002 2723 2050 3¹14·

283 2050 566 2089 Conclusiones
593 2057 725 2088 autem
753 2048 1133 2087 demonstrationum
1154 2057 1244 2086 sunt
1271 2049 1356 2086 uni·
1412 2047 1646 2085 subiectum:
1668 2059 1715 2084 ex
1735 2059 1816 2085 uno
1845 2059 2017 2097 quorum
2036 2047 2181 2084 habent
2208 2047 2482 2094 aeternitatem,

281 2106 461 2150 versales‚
476 2103 574 2141 sicut
588 2111 625 2141 et
638 2103 838 2153 principia.
855 2102 936 2140 Erit
950 2102 1064 2151 igitur
1081 2101 1120 2139 in
1141 2102 1203 2139 illa
1215 2101 1356 2139 virtute
1412 2101 1552 2138 scilicet
1580 2101 1629 2139 ab
1658 2100 1850 2138 intellectu
1878 2100 2066 2150 possibili3
2087 2100 2136 2138 ab
2165 2100 2240 2138 alio
2265 2109 2396 2138 autem
2415 2102 2482 2138 ha-

282 2169 384 2208 quae
419 2165 476 2195 est
512 2156 774 2206 cognoscitiva
810 2155 1102 2193 universalium.
1143 2157 1357 2193 Intellectus
1372 2168 1395 2189 ³5
1412 2155 1504 2192 bent
1518 2154 1742 2198 novitatem,
1759 2154 1900 2191 scilicet
1914 2167 1936 2191 a
1950 2155 2235 2203 phantasmate;
2256 2153 2354 2191 sicut
2367 2154 2483 2191 etiam

282 2219 415 2250 autem
442 2211 622 2261 passivus
649 2222 731 2248 non
760 2217 816 2246 est
844 2208 1129 2258 cognoscitivus
1158 2208 1356 2246 universa·
1412 2207 1553 2258 speciei
1581 2207 1739 2245 visibilis
1767 2206 1985 2244 subiectum
2013 2215 2069 2244 est
2091 2207 2245 2257 duplex,
2266 2207 2405 2245 scilicet
2423 2220 2483 2245 res

282 2264 391 2311 lium,
429 2264 497 2302 sed
535 2263 826 2314 particularium
863 2262 1135 2300 intentionum.
1173 2263 1266 2300 Non
1302 2270 1358 2300 est
1412 2269 1518 2299 extra
1546 2261 1718 2298 animam
1738 2269 1774 2298 et
1792 2261 1963 2310 potentia
1981 2260 2115 2297 visiva.

282 2317 397 2368 igitur
423 2318 644 2356 subiectum
671 2316 826 2355 habitus
855 2316 1046 2354 scientiae.
1467 2315 1575 2352 Haec
1602 2322 1734 2351 autem
1762 2314 1964 2364 responsio
2000 2322 2098 2351 stare
2132 2325 2213 2350 non
2245 2321 2381 2363 potest.
2411 2315 2484 2350 Im-

284 2402 289 2409 .
317 2407 319 2410 .
335 2373 551 2410 Praeterea.
577 2371 724 2409 Contra
741 2371 818 2408 hoc
837 2378 927 2408 sunt
946 2372 1076 2420 plures
1105 2369 1272 2407 rationes
1291 2369 1357 2406 ad-
1413 2367 1595 2418 possibile
1623 2367 1729 2405 enim
1748 2375 1804 2404 est
1823 2367 1931 2417 quod
1951 2367 2050 2405 actio
2069 2375 2107 2404 et
2133 2366 2314 2416 perfectio
2342 2366 2486 2404 aeterni

282 2425 422 2463 ductae
450 2437 579 2475 supra,
608 2436 701 2462 cum
729 2424 778 2461 de
814 2424 960 2461 unione
994 2423 1204 2461 intellectus
1236 2422 1358 2472 possi·
1373 2438 1400 2459 4⁰
1414 2422 1632 2472 dependeat
1659 2421 1709 2458 ab
1730 2421 1860 2470 aliquo
1889 2420 2104 2470 temporali.
2125 2420 2399 2457 phantasmata
2418 2433 2486 2457 au-

282 2478 371 2517 bilis
397 2478 447 2516 ad
474 2478 680 2516 hominem
708 2485 884 2526 ageretur
895 2477 927 2514 ³⁸.
1413 2484 1494 2513 tem
1520 2474 1749 2524 temporalia
1777 2482 1877 2520 sunt,
1897 2474 1946 2511 de
1974 2486 2081 2511 novo
2105 2473 2277 2523 quotidie
2305 2473 2345 2510 in
2372 2473 2485 2510 nobis

337 2531 501 2570 Videtur
527 2539 660 2570 autem
688 2543 735 2568 ex
763 2531 840 2568 hoc
866 2530 982 2568 fuisse
1010 2529 1187 2580 deceptio
1220 2529 1261 2567 in
1288 2541 1359 2579 po·
1413 2530 1511 2566 facta
1539 2540 1586 2565 ex
1614 2540 1742 2564 sensu.
1772 2526 2012 2576 Impossibile
2041 2534 2097 2563 est
2124 2526 2238 2574 igitur
2264 2526 2372 2575 quod
2400 2539 2485 2575 spe-

284 2585 416 2623 nendo
432 2584 610 2622 habitum
623 2583 804 2622 scientiae
823 2583 863 2621 in
877 2584 1069 2621 intellectu
1088 2583 1244 2633 passivo
1264 2595 1358 2628 esse,
1414 2582 1491 2620 cies
1519 2580 1781 2629 intelligibiles,
1810 2580 1953 2629 quibus
1984 2580 2196 2617 intellectus
2223 2578 2414 2628 possibilis
2441 2579 2486 2616 fit

284 2638 378 2689 quia
395 2638 578 2676 homines
595 2637 850 2675 inveniuntur
867 2636 1127 2687 promptiores
1146 2638 1209 2673 vel
1227 2635 1360 2673 minus
1415 2643 1503 2672 actu
1531 2642 1568 2671 et
1596 2641 1789 2683 operatur,
1818 2633 2063 2683 dependeant
2090 2645 2113 2669 a
2140 2632 2483 2681 phantasmatibus,

283 2691 457 2743 prompti
489 2691 541 2729 ad
577 2691 825 2729 scientiarum
859 2690 1188 2728 considerationes
1222 2689 1359 2726 secun²
1373 2700 1398 2721 ⁴5
1415 2688 1512 2725 sicut
1531 2687 1678 2736 species
1697 2686 1854 2724 visibilis
1873 2686 2067 2735 dependet
2085 2698 2108 2722 a
2127 2685 2242 2722 rebus
2270 2697 2371 2734 quae
2395 2693 2485 2722 sunt

284 2746 384 2784 dum
400 2744 606 2782 diversam
634 2743 930 2794 dispositionem
957 2743 1107 2780 virtutis
1134 2742 1359 2791 cogitativae
1415 2749 1520 2779 extra
1547 2740 1732 2778 animam.

286 2807 323 2837 et
350 2797 632 2847 imaginativae.
1469 2793 1660 2843 Amplius.
1691 2791 1798 2830 Nihil
1826 2792 1958 2842 recipit
1986 2791 2094 2841 quod
2122 2791 2200 2828 iam
2227 2791 2359 2828 habet:
2393 2790 2485 2840 quia

290 2887 294 2892 .
341 2852 420 2890 Sed
447 2851 518 2888 ista
546 2849 814 2900 promptitudo
843 2850 1038 2899 dependet
1065 2849 1114 2886 ab
1143 2848 1214 2886 illis
1242 2848 1360 2885 virtu÷
1417 2847 1604 2897 recipiens
1632 2853 1784 2896 oportet
1811 2857 1894 2883 esse
1923 2845 2166 2883 denudatum
2187 2857 2210 2881 a
2234 2852 2400 2893 recepto,
2427 2856 2484 2881 se-

285 2905 389 2943 tibus
407 2904 506 2942 sicut
523 2916 572 2941 ex
590 2902 906 2953 dispositionibus
926 2902 1099 2940 remotis:
1116 2909 1233 2951 prout
1246 2901 1362 2939 etiam
1417 2900 1594 2938 cundum
1626 2899 1870 2936 Aristotelem
1889 2898 1920 2935 ²⁸.
1956 2898 2034 2936 Sed
2062 2898 2208 2947 species
2236 2896 2485 2946 intelligibiles

287 2958 482 3008 dependet
509 2970 532 2995 a
560 2957 732 2995 bonitate
764 2964 887 2994 tactus
915 2964 952 2993 et
986 2955 1160 3005 corporis
1192 2956 1362 3004 comple·
1378 2962 1505 2992 suante
1533 2965 1670 2990 meum
1689 2952 1828 2990 sentire
1846 2953 1909 2989 vel
1927 2959 2041 2989 tuum
2059 2951 2214 2988 suerunt
2232 2950 2271 2987 in
2295 2950 2485 2987 intellectu

287 3012 420 3058 xione;
450 3011 670 3049 secundum
697 3010 807 3060 quod
826 3008 917 3047 dicit
943 3009 1175 3054 Aristoteles,
1205 3008 1246 3045 in
1268 3009 1299 3045 ll
1318 3008 1364 3045 de
1418 3006 1608 3057 possibili:
1638 3018 1719 3043 non
1748 3005 1854 3043 enim
1882 3005 1950 3055 qui
1977 3005 2132 3042 fuerunt
2164 3012 2250 3041 ante
2278 3016 2351 3040 nos
2378 3003 2486 3040 intel-

287 3067 430 3103 Anima
443 3065 475 3112 ²⁸²,
509 3063 690 3102 homines
725 3062 819 3100 boni
851 3069 973 3100 tactus
1005 3069 1043 3099 et
1077 3061 1204 3099 mollis
1238 3061 1364 3099 carnis
1418 3060 1607 3106 lexissent‚
1626 3059 1698 3097 nisi
1717 3059 1929 3096 intellectus
1947 3057 2138 3108 possibilis
2156 3057 2286 3094 fuisset
2305 3056 2486 3093 reductus

289 3131 373 3156 esse
401 3120 495 3156 bene
513 3123 619 3168 aptos
637 3122 770 3154 mente.
800 3117 860 3154 Ex
879 3114 1014 3153 habitu
1033 3122 1165 3152 autem
1183 3114 1363 3152 scientiae
1419 3114 1459 3151 in
1494 3121 1625 3151 actum
1659 3125 1730 3162 per
1761 3111 1908 3162 species
1940 3110 2200 3160 intelligibiles.
2237 3111 2322 3147 Nec
2362 3117 2487 3159 potest

290 3173 389 3210 inest
406 3172 564 3209 facultas
583 3169 854 3208 considerandi
874 3168 971 3206 sicut
990 3180 1037 3205 ex
1059 3168 1240 3217 proximo
1259 3167 1363 3217 prin-
1418 3167 1496 3204 dici
1518 3167 1627 3216 quod
1646 3165 1794 3216 species
1813 3165 1897 3203 illae
1916 3164 2023 3214 prius
2043 3172 2217 3213 receptae
2237 3163 2277 3200 in
2295 3163 2487 3200 intellectu

290 3225 393 3276 cipio
421 3232 545 3262 actus:
575 3231 728 3274 oportet
755 3223 862 3260 enim
882 3222 990 3272 quod
1010 3221 1165 3258 habitus
1183 3220 1364 3258 scientiae
1379 3239 1403 3259 55
1418 3219 1602 3271 possibili,
1630 3231 1714 3257 esse
1742 3225 2005 3256 cessaverunt:
2035 3217 2127 3266 quia
2160 3217 2371 3254 intellectus
2398 3223 2487 3265 p'os-

290 3278 464 3329 perficiat
490 3277 704 3328 potentiam
723 3288 802 3326 qua
829 3274 1086 3323 intelligimus,
1106 3280 1144 3311 ut
1167 3280 1259 3324 agal
1277 3287 1364 3311 cum
1420 3273 1537 3311 sibilis
1565 3285 1647 3310 non
1666 3273 1796 3310 solum
1820 3270 1966 3320 recipit,
1987 3271 2054 3308 sed
2074 3278 2277 3308 conservat
2295 3270 2402 3318 quod
2430 3281 2488 3306 re·

291 3333 448 3370 voluerii
465 3332 646 3380 faciliter,
671 3330 769 3367 sicut
797 3336 834 3367 et
852 3328 913 3366 alii
943 3327 1096 3365 habitus
1115 3326 1306 3376 potentias
1324 3327 1365 3364 in
1420 3326 1527 3376 cipit;
1554 3326 1660 3364 unde
1690 3326 1730 3363 in
1758 3326 1804 3362 III
1832 3325 1878 3361 de
1904 3325 2046 3361 Anima
2059 3323 2079 3345 ’¹‘
2107 3323 2244 3360 dicitur
2277 3335 2358 3359 esse
2387 3323 2490 3359 locus

291 3385 436 3435 quibus
463 3393 554 3422 sunt
566 3384 598 3421 ²⁸.
1419 3382 1639 3430 specierum.
1669 3378 1784 3427 Igitur
1811 3390 1857 3415 ex
1886 3376 2220 3427 phantasmatibus
2242 3375 2380 3413 nostris
2408 3387 2501 3419 non>

348 3480 379 3500 ιι
399 3473 528 3498 Accidens
548 3473 590 3498 Ita
609 3472 789 3502 EYsGZde;
807 3476 880 3496 actus
899 3470 989 3496 ceteri.
1064 3476 1095 3494 η
1114 3468 1207 3502 unum]
1226 3476 1294 3494 unus
1313 3469 1346 3499 D,
1363 3477 1448 3494 unum
1465 3468 1612 3494 secundum
1630 3467 1746 3500 speciem
1765 3467 1794 3491 P.
1877 3464 1908 3490 15
1928 3465 1997 3489 idem
2018 3465 2060 3489 Ita
2079 3464 2139 3493 EG;
2158 3464 2192 3498 (si
2211 3464 2241 3496 P)
2261 3464 2295 3488 sit
2312 3463 2382 3488 idem
2399 3462 2491 3488 ceteri.

292 3509 364 3544 putu]
384 3508 456 3542 quod
474 3514 537 3541 pum
554 3508 590 3537 Z;
608 3508 644 3542 cs.
662 3515 721 3533 var.
737 3507 864 3540 praeced.
970 3512 998 3530 21
1022 3510 1048 3530 et
1064 3506 1106 3529 An
1126 3504 1268 3537 legendum
1287 3503 1348 3529 vel?
1444 3503 1478 3536 34
1497 3504 1605 3529 sicut...
1627 3502 1657 3528 35
1678 3502 1864 3527 universalium
1883 3500 1944 3525 hom
1963 3507 2007 3526 om
2026 3499 2135 3524 aowx.
2225 3497 2289 3532 Erit]
2308 3499 2357 3524 Est
2374 3499 2422 3529 Pc;
2437 3505 2491 3530 pro

293 3544 477 3578 cognoscifiva,
496 3543 626 3578 cognitiva
641 3543 697 3568 ΥΡ.
786 3542 817 3568 53
837 3540 933 3574 autem]
953 3542 1030 3566 etiam
1050 3540 1136 3564 «WX.

347 3580 365 3606 8
383 3579 527 3613 toleranda]
546 3580 629 3612 magis
647 3578 782 3604 toleranda
801 3577 946 3603 aDWXPc.
1020 3583 1053 3609 ¹7
1072 3575 1182 3608 ponunt]
1202 3575 1275 3607 ponit
1291 3575 1424 3607 Aves-mys
1443 3575 1473 3600 Z.
1557 3580 1589 3607 19
1607 3573 1630 3598 si
1648 3572 1738 3605 agens]
1758 3572 1781 3597 si
1799 3571 1849 3596 hoc
1867 3578 1947 3604 agens
1966 3570 2107 3595 EGNYZb.
2190 3569 2223 3594 23
2241 3568 2340 3603 recipit]
2359 3568 2407 3594 erit
2419 3569 2492 3602 quod

293 3616 400 3649 recipiat
413 3616 462 3647 Pa.
533 3621 565 3647 41
588 3614 629 3648 de]
649 3620 676 3640 et
693 3615 726 3639 de
745 3614 793 3639 Pa.
865 3612 898 3645 45
918 3612 1025 3637 visibilis
1046 3612 1089 3636 Ita
1107 3610 1216 3642 EGNY;
1235 3618 1278 3635 om
1292 3609 1400 3641 aDwx,
1413 3609 1579 3642 intelligibilis
1591 3609 1615 3640 b,
1635 3608 1749 3633 visibiles
1768 3607 1838 3638 ZPc;
1853 3614 1907 3639 pro
1920 3607 2057 3639 dependet,
2071 3605 2219 3639 dependent
2230 3605 2332 3631 WZPc.
2403 3604 2439 3637 48
2451 3612 2492 3638 ref

295 3657 370 3684 cepto
390 3651 432 3676 Ita
452 3651 570 3681 DWYz;
588 3650 728 3683 recipiente
745 3649 837 3675 ceteri.

2513 2908 2521 2916 ¹
2539 2905 2570 2927 111
2589 2906 2619 2927 de
2632 2905 2725 2930 Anima,

2514 2940 2544 2959 iv,
2553 2939 2577 2960 3:
2590 2939 2609 2953 s.
2618 2931 2662 2953 Th.
2679 2931 2694 2952 1.
2704 2937 2726 2958 7.

2517 3340 2525 3348 ’
2541 3338 2608 3364 Ibid.,
2624 3344 2680 3364 ¹¹-4-
