2768 4134
743 280 934 318 SUMMA
963 280 1187 318 CONTRA
1214 282 1490 331 GENTILES,
1520 284 1631 322 CAP.
1652 286 1821 333 XXXIII,
1841 287 2012 324 XXXIV.

336 361 478 394 Adverte
502 360 594 402 quod
615 362 699 396 inter
721 370 802 402 pura
826 359 1038 400 aequivocata
1059 360 1149 390 nulla
1177 366 1224 391 est
1246 362 1357 393 simili-

278 406 373 443 tudo,
398 415 482 447 quae
513 406 635 437 scilicet
666 415 725 446 per
754 413 878 436 nomen
907 405 1127 445 aequivocum
1153 406 1357 445 importetur,

280 457 436 492 tanquam
459 450 492 488 id
515 461 534 481 a
557 460 625 492 quo
649 455 698 484 est
719 458 842 480 nomen
864 449 1067 491 impositum.
1091 448 1156 479 Sed
1171 450 1254 480 bene
1271 450 1357 480 simi-

279 495 384 528 litudo
408 495 517 535 aliqua
539 496 622 526 inter
644 496 714 536 ipsa
736 493 884 524 absolute
908 502 977 523 esse
999 498 1118 533 potest.

336 541 388 572 111.
417 539 538 571 Tertio.
561 538 612 571 Ex
634 537 673 570 iis
697 547 781 579 quae
803 538 838 568 in
860 538 931 568 aliis
953 537 1050 568 rebus
1079 537 1299 574 inveniuntur,
1323 537 1357 567 in

277 585 468 617 divinorum
491 585 716 625 cognitionem
730 581 932 614 devenimus.
956 582 1043 622 Ergo
1056 582 1142 612 inter
1156 581 1211 612 illa
1225 591 1295 612 non
1311 587 1358 612 est

278 640 362 671 pum
383 629 623 673 aequivocatio.
638 647 662 651 -
676 628 836 661 Probatur
852 627 1096 667 consequentia.
1121 626 1209 665 Quia
1225 625 1356 666 quando

279 683 385 708 mum
408 675 450 708 de
467 674 620 717 pluribus
642 672 826 706 secundum
847 681 965 712 puram
988 671 1294 712 aequivocationem
1311 670 1358 701 di-

278 720 371 755 citur,
396 729 435 750 ex
458 728 527 750 uno
551 727 667 749 eorum
690 727 759 748 non
782 726 959 757 possumus
980 716 1055 747 duci
1077 716 1111 746 in
1135 715 1357 756 cognitionem

276 764 422 795 alterius:
447 772 524 794 cum
547 771 656 794 rerum
679 763 824 802 cognitio
848 771 917 792 non
940 771 979 792 ex
1002 761 1149 797 vocibus,
1166 760 1223 791 sed
1238 770 1277 791 ex
1297 770 1357 791 no-

278 809 375 840 minis
397 808 524 839 tatione
547 806 740 848 dependeat.

333 852 580 884 Advertendum
595 852 648 883 hic
665 861 800 892 quoque
816 850 908 892 quod
931 850 1078 881 absolute
1103 848 1236 890 quidem
1252 859 1357 880 unum

276 898 570 939 aequivocatorum
592 902 701 937 potest
715 897 749 927 in
766 896 895 926 alterius
915 895 1034 926 ducere
1058 895 1291 935 cognitionem,
1307 894 1357 924 in-

276 948 440 984 quantum
462 943 497 973 in
521 942 632 982 aliquo
657 942 721 972 alio
745 941 862 971 similia
885 949 955 971 esse
978 945 1125 980 possunt.
1150 938 1214 970 Sed
1237 938 1357 970 forma-

276 988 350 1019 liter
370 986 552 1028 loquendo,
577 985 769 1027 accipiendo
793 986 974 1026 aequivoca
1003 990 1041 1015 ut
1068 984 1248 1024 aequivoca
1269 989 1356 1020 sunt,

276 1038 315 1064 ut
337 1033 460 1064 scilicet
476 1032 545 1066 2illis
574 1031 684 1062 solum
715 1039 838 1061 nomen
870 1035 917 1061 eat
947 1038 1135 1065 commune,
1160 1038 1264 1059 unum
1287 1038 1356 1059 non

274 1082 387 1120 potest
400 1078 443 1108 in
465 1077 596 1108 alterius
617 1075 769 1107 notitiam
792 1074 921 1109 ducere.
951 1074 984 1105 Si
1008 1074 1095 1104 enim
1119 1073 1187 1104 duo
1210 1074 1274 1104 sint
1296 1073 1356 1104 ho-

274 1123 382 1154 mines
403 1122 463 1163 qui
490 1131 510 1152 a
538 1130 618 1152 casu
646 1120 797 1151 dicantur
826 1119 948 1156 Sortes,
974 1128 1012 1149 ex
1044 1119 1232 1159 cognitione
1258 1119 1355 1149 unius

274 1176 393 1199 eorum
415 1168 612 1207 inquantum
636 1170 684 1196 est
706 1164 826 1199 Sortes,
850 1173 919 1195 non
941 1168 1051 1204 potest
1078 1164 1112 1194 in
1143 1163 1272 1194 alterius
1294 1173 1355 1194 no-

274 1212 380 1244 titiam
395 1211 541 1242 ‹1er1
554 1219 596 1241 ex
611 1219 652 1241 eo
669 1209 760 1250 quod
776 1210 874 1240 etiam
888 1210 958 1250 ipse
982 1208 1107 1240 dicauit
1130 1208 1253 1239 Sortes:
1279 1218 1354 1239 cum

273 1257 311 1288 in
325 1256 424 1288 nullo
445 1260 584 1296 excepto
599 1255 735 1286 nomine
746 1260 784 1285 ut
798 1254 855 1290 sic,
869 1254 1080 1290 conveniant3
1097 1262 1136 1283 ex
1150 1253 1229 1283 solis
1245 1258 1354 1283 autem

274 1301 573 1341 weibuffireimn
593 1300 751 1331 habeatur
773 1299 928 1339 cognitio,
953 1307 1062 1339 neque
1085 1297 1207 1338 aliquid
1228 1298 1354 1328 realiter

256 1346 323 1378 ‘ni
335 1345 519 1379 ‘conveniat
538 1354 581 1376 ex
600 1344 674 1375 sola
694 1344 933 1375 nominatione.

331 1391 385 1422 IV.
406 1390 552 1427 Quam.
576 1389 774 1430 sequeretur
795 1389 919 1420 nullam
943 1387 1256 1428 argumentationem
1283 1386 1353 1417 fieri

273 1444 372 1477 pue
394 1434 605 1476 procedendo
629 1443 668 1465 ex
692 1434 844 1465 creaturis
867 1433 909 1464 ad
924 1433 1042 1464 Deum.
1058 1451 1082 1455 -
1099 1432 1258 1463 Probatur
1274 1441 1353 1462 con-

273 1481 454 1522 sequentia.
485 1479 572 1518 Quia
601 1479 745 1510 nominis
779 1478 1006 1519 aequivocatio
1038 1486 1230 1518 processum
1259 1486 1353 1516 argu-

272 1525 485 1558 mennn'onis
507 1524 654 1565 impedit.

320 1567 616 1602 .-Considmndum
639 1567 731 1609 quod
755 1568 790 1599 in
813 1568 903 1598 omni
926 1567 1207 1607 argumentatione
1223 1571 1354 1607 oportet

274 1620 418 1648 auom
431 1615 466 1646 in
482 1623 552 1647 uno
569 1612 680 1647 medio
703 1613 879 1646 convenire
895 1617 928 1642 et
943 1612 1033 1642 unita
1049 1621 1128 1642 esse.
1153 1611 1228 1642 Hoc
1244 1616 1352 1642 autem

275 1668 316 1692 ux
331 1660 476 1691 nominis
493 1659 767 1700 aequivocatione
781 1657 915 1688 tollitur.
940 1656 974 1687 Si
993 1657 1081 1687 enim
1097 1655 1228 1692 ὤκει-0,·
1239 1655 1353 1687 Omnis

273 1705 368 1736 unis
389 1705 504 1741 latrat,
520 1703 677 1735 Caeleote
698 1703 790 1734 sidus
813 1707 860 1733 est
881 1701 983 1737 canis,
1004 1701 1102 1743 Ergo
1129 1701 1240 1736 latrat,
1265 1706 1355 1741 patet

273 1754 418 1781 extrema
439 1759 509 1780 non
523 1749 610 1780 uniri
625 1749 660 1779 in
674 1747 800 1779 medio:
826 1756 903 1778 cum
925 1755 1049 1777 nomen
1073 1750 1276 1786 assumptum
1292 1755 1352 1786 pro

273 1794 385 1826 medio
408 1795 443 1825 in
467 1794 528 1825 alia
542 1792 787 1834 significatione
810 1791 986 1832 accipiatur
999 1791 1034 1821 in
1050 1791 1175 1826 maiori,
1190 1795 1224 1820 et
1243 1790 1277 1820 in
1291 1790 1354 1820 alia

2406 291 2477 328 103

1410 363 1443 394 in
1463 364 1595 413 minori.
1620 363 1780 401 Similiter,
1802 365 1829 395 si
1851 365 2002 402 dicerem,
2022 365 2135 398 Omnis
2149 368 2278 408 sapiens
2293 369 2479 400 considerat

1410 407 1585 457 alus-struas
1608 417 1734 444 causas,
1757 409 1847 443 Deus
1870 414 1917 440 est
1938 410 2076 450 sapiens,
2099 411 2193 453 Ergo
2218 413 2404 444 considerat
2429 415 2478 451 al-

1411 456 1551 488 tzsszmas
1574 461 1700 488 causas,
1724 452 1751 482 si
1773 453 1901 492 sapiens
1918 463 2000 493 pure
2020 455 2198 495 aequivoce
2214 455 2347 494 dicatur,
2363 458 2398 488 in
2417 458 2478 489 alia

1410 494 1644 545 significatione
1661 496 1834 536 accipietur
1855 498 1890 527 in
1912 498 2028 528 maiori
2051 504 2082 528 et
2103 499 2137 529 in
2161 500 2220 531 alia
2242 502 2276 532 in
2299 503 2428 539 minori,
2446 508 2477 533 et

1410 548 1456 569 sic
1479 549 1548 570 non
1572 545 1631 569 ont
1652 540 1733 570 unio
1755 546 1974 571 extremorum
1995 542 2030 572 in
2051 543 2171 574 medio.

1465 583 1505 614 V.
1529 583 1660 615 Ultimo.
1685 583 1880 624 Sequeretur
1902 584 1994 625 quod
2016 585 2130 618 frustra
2148 587 2304 621 diceretur
2324 596 2380 622 aut
2401 600 2476 631 pro—

1411 628 1540 658 baretur
1569 626 1691 668 aliquid
1721 628 1761 658 de
1791 629 1873 659 Deo.
1896 647 1920 651 -
1941 629 2097 661 Probatur
2121 634 2360 673 consequentia.
2391 635 2477 673 Quia

1410 672 1490 702 nihil
1512 682 1570 713 per
1591 672 1646 704 illa
1669 673 1803 703 nomina
1834 673 2012 713 aequivoca
2041 674 2289 716 intelligeremus
2320 678 2359 709 de
2389 679 2475 710 Deo:

1411 726 1487 746 cum
1520 715 1769 757 significationes
1801 718 1974 748 nominum
2005 718 2135 749 illorum
2165 721 2227 750 sint
2256 722 2349 752 nobis
2380 728 2476 754 notae

1410 761 1517 791 solum
1541 761 1722 792 secundum
1746 760 1837 802 quod
1860 761 1900 792 de
1924 763 2073 792 creaturis
2090 762 2253 801 dicuntur;
2277 766 2405 802 scilicet,
2422 773 2477 798 aut

1409 806 1596 846 simpliciter
1608 812 1663 836 aut
1674 806 1972 847 proportionaliter;
1990 806 2081 843 idest,
2093 807 2287 847 inquantum
2299 810 2478 850 significant

1409 856 1465 880 aut
1488 850 1722 890 perfectionem
1745 856 1918 887 creaturae,
1943 856 1997 881 aut
2021 851 2142 891 aliquid
2164 852 2204 882 ad
2227 859 2388 884 creaturae
2406 864 2477 894 per-

1410 894 1585 925 fectionem
1608 896 1870 936 proportionem·
1888 895 2018 926 habens.
2049 895 2178 926 Frustra
2207 902 2315 928 autem
2347 898 2479 938 aliquod

1408 949 1532 970 nomen
1556 939 1596 970 de
1619 941 1729 981 aliquo
1753 940 1954 981 praedicatur
1969 940 2031 970 nisi
2045 949 2103 980 per
2117 940 2197 972 illud
2219 951 2342 972 nomen
2358 942 2479 983 aliquid

1409 984 1449 1015 de
1474 994 1514 1015 eo
1537 985 1763 1025 intelligamus.

1465 1029 1498 1060 Si
1521 1029 1645 1060 dicatur
1667 1029 1759 1070 quod
1780 1039 1839 1070 per
1860 1029 1915 1060 illa
1937 1029 2071 1059 nomina
2095 1031 2323 1070 cognoscimus
2347 1030 2386 1063 de
2405 1031 2477 1063 Deo

1408 1074 1516 1105 solum
1540 1074 1631 1114 quod
1652 1084 1721 1105 non
1745 1080 1806 1110 est3
1830 1079 1877 1110 ut,
1901 1074 1990 1104 verbi
2012 1075 2121 1114 gratia,
2141 1074 2264 1106 dicatur
2279 1075 2387 1106 vivens
2403 1077 2479 1116 quia

1408 1128 1476 1149 non
1493 1124 1540 1149 est
1555 1119 1595 1149 de
1611 1129 1728 1159 genere
1744 1128 1852 1149 rerum
1867 1119 2129 1150 inanimatarum:
2146 1137 2170 1142 —
2188 1120 2352 1160 oportebit
2366 1120 2478 1152 saltem

1408 1163 1499 1204 quod
1522 1164 1632 1194 vivens
1655 1163 1694 1194 de
1718 1164 1790 1194 Deo
1815 1169 1847 1194 et
1870 1164 2020 1197 creaturis
2044 1163 2167 1195 dictum
2186 1165 2358 1197 conveniat
2372 1165 2406 1195 in
2421 1174 2478 1195 ne-

1407 1209 1537 1249 gatione
1559 1209 1736 1240 inanimati.
1761 1209 1803 1239 Et
1825 1209 1872 1238 sic
1894 1217 1964 1240 non
1988 1209 2047 1239 erit
2068 1218 2150 1249 pure
2174 1209 2399 1249 aequivocum.

1463 1253 1652 1285 Notandum
1684 1252 1774 1294 quod
1805 1253 1906 1293 aliqui
1937 1252 2099 1289 dixerunt,
2130 1258 2166 1284 ut
2200 1254 2311 1284 recitat
2341 1253 2477 1285 Sanctus

1407 1297 1552 1328 Thomas
1575 1298 1682 1328 Prima
1704 1298 1806 1334 Parte,
1831 1307 1863 1337 q.
1879 1307 1944 1334 xm,
1969 1307 1997 1328 a.
2016 1307 2046 1334 2,
2062 1303 2095 1328 et
2107 1298 2268 1334 Potentia,
2286 1308 2316 1338 q.
2334 1308 2387 1334 vu,
2403 1308 2431 1329 a.
2446 1298 2476 1333 5.

1406 1343 1541 1373 nomina
1564 1342 1648 1374 dicta
1663 1342 1704 1373 de
1720 1342 1792 1373 Deo
1816 1352 1873 1383 per
1895 1341 2034 1373 modum
2056 1343 2236 1382 negationis
2252 1342 2292 1374 de
2308 1343 2379 1373 Deo
2396 1342 2476 1374 dici:

1405 1393 1443 1418 ut
1465 1387 1575 1418 nivens
1602 1388 1679 1427 quia
1708 1396 1778 1419 nou
1810 1392 1858 1418 est
1889 1387 2093 1422 inanimatus,
2118 1392 2149 1417 et
2171 1387 2216 1418 sic
2240 1386 2280 1418 de
2303 1387 2381 1419 aliis.
2414 1386 2478 1418 Sed

1405 1432 1485 1462 illud
1507 1433 1697 1472 reprobatur
1719 1431 1850 1462 ibidem.
1875 1431 1963 1462 Tum
1986 1432 2063 1471 quia
2085 1432 2130 1462 sic
2154 1441 2251 1462 omne
2274 1441 2396 1463 nomen
2412 1431 2477 1462 for·

1405 1476 1530 1507 maliter
1552 1476 1711 1507 diceretur
1727 1475 1767 1507 de
1782 1476 1870 1507 Deo:
1896 1486 1936 1507 eo
1960 1475 2051 1516 quod
2073 1476 2200 1507 nullum
2223 1485 2346 1507 nomen
2366 1476 2405 1507 sit
2420 1485 2478 1515 per

1406 1521 1497 1562 quod
1518 1531 1588 1552 non
1611 1526 1816 1552 removeatur
1839 1521 1955 1560 aliquis
1978 1520 2095 1552 modus
2119 1521 2176 1560 qui
2200 1521 2271 1551 Deo
2295 1530 2363 1550 non
2386 1530 2477 1550 com-

1405 1566 1496 1606 petit.
1512 1566 1601 1596 Tum
1616 1566 1702 1607 quia,
1719 1575 1795 1597 cum
1813 1566 1919 1596 omnis
1934 1565 2064 1605 negatio
2087 1574 2144 1605 per
2167 1564 2387 1596 affirmativam
2402 1574 2478 1605 pro-

1405 1611 1510 1647 betur,
1533 1620 1603 1641 non
1626 1615 1738 1651 posset
1759 1610 1941 1641 intellectus
1965 1609 2088 1650 aliquid
2111 1609 2151 1640 de
2175 1609 2246 1641 Deo
2270 1619 2387 1649 negare
2416 1609 2476 1641 nisi

1406 1655 1529 1696 aliquid
1552 1655 1592 1686 de
1615 1656 1688 1695 ipso
1711 1654 1898 1686 affirmative
1922 1659 2144 1695 cognosceret.
2174 1654 2268 1684 Hanc
2291 1663 2367 1693 ergo
2390 1654 2478 1693 posi-

1406 1700 1531 1731 tionem
1553 1709 1623 1730 non
1644 1704 1792 1739 acceptat
1814 1700 1878 1730 hoc
1901 1699 1977 1731 loco
2005 1699 2140 1730 Sanctus
2164 1698 2323 1730 Thomas:
2347 1697 2414 1734 sed,
2442 1707 2479 1729 ea

1407 1745 1505 1775 etiam
1528 1744 1677 1781 admissa,
1701 1744 1771 1775 vult
1792 1744 1910 1774 habere
1933 1743 2024 1784 quod
2039 1744 2173 1774 nomina
2187 1753 2256 1774 non
2271 1752 2353 1783 pure
2369 1743 2479 1782 aequi-

1378 1799 1381 1825 ι
1406 1799 1488 1820 voce
1513 1788 1553 1820 de
1576 1789 1649 1820 Deo
1673 1794 1706 1819 et
1728 1789 1880 1820 creaturis
1903 1788 2060 1821 dicantur.

1336 1911 1410 1955 Q.

636 2071 1120 2132 offlruwn
1155 2069 1678 2129 TRIGESIMUM
1716 2067 2122 2146 QUARTUM

1166 2189 1198 2219 A
1213 2199 1232 2229 7
1246 2198 1266 2218 v
1294 2188 1365 2219 b38
1391 2189 1460 2219 sine
1482 2188 1590 2218 titulo.

517 2282 694 2336 QUOD
740 2282 822 2323 EA
872 2281 1045 2334 QUAE
1094 2280 1416 2322 DICUNTUR
1465 2280 1550 2320 DE
1598 2278 1724 2319 DEO
1776 2279 1855 2319 ET
1905 2276 2252 2318 CREATURIS

1022 2351 1343 2394 DICUNTUR

296 2518 306 2535 ‚.
331 2512 339 2517 -
359 2500 507 2538 ,25::ss1c
535 2487 651 2537 igitur
678 2499 726 2524 ex
754 2485 864 2525 dictis
878 2485 898 2508 ³⁸
924 2483 1155 2535 relinquitur
1173 2483 1283 2534 quod
1311 2496 1357 2521 ea

282 2541 317 2568 ι’
336 2574 341 2577 μ
360 2532 458 2586 “³12⁴
491 2553 593 2591 quae
622 2541 672 2578 de
700 2541 787 2578 Deo
823 2548 861 2578 et
893 2539 1011 2578 rebus
1044 2538 1128 2576 aliis
1161 2537 1355 2583 dicuntur,

303 2602 307 2612 ‘
414 2590 462 2640 ’ἲν
491 2594 767 2645 praedicantur
784 2606 914 2643 neque
938 2592 1107 2630 univoce
1135 2603 1265 2640 neque
1294 2603 1356 2628 ae-

305 2676 308 2677 r
425 2647 459 2680 >13
492 2648 674 2698 quivoce,
694 2648 763 2685 sed
783 2646 996 2696 analogice:
1027 2647 1105 2683 hoc
1131 2652 1198 2691 est,
1219 2657 1356 2682 secun-

277 2703 376 2741 dum
405 2701 585 2740 ordinem
612 2702 676 2739 vel
702 2709 925 2750 respectum
958 2700 1008 2737 ad
1041 2697 1187 2748 aliquid
1214 2709 1354 2735 unum.

332 2756 455 2805 Quod
473 2755 635 2806 quidem
654 2754 859 2805 dupliciter
886 2753 1081 2802 contingit.
1111 2752 1201 2789 Uno
1220 2751 1355 2799 modo,

246 2848 249 2851 ,
277 2810 499 2848 secundum
526 2809 637 2859 quod
665 2809 788 2847 multa
818 2807 963 2845 habent
982 2813 1202 2855 respectum
1221 2805 1270 2842 ad
1291 2804 1355 2841 ali·

277 2863 375 2914 quid
393 2876 538 2901 unum:
568 2862 667 2900 sicut
684 2861 905 2899 secundum
925 2868 1145 2910 respectum
1165 2858 1214 2895 ad
1234 2870 1356 2895 unam

278 2917 482 2955 sanitatem
501 2916 647 2954 animal
661 2915 800 2952 dicitur
813 2927 949 2952 sanum
963 2921 1007 2951 ut
1025 2913 1108 2950 eius
1123 2911 1354 2958 subiectum,

279 2969 474 3008 medicina
500 2977 544 3007 ut
571 2969 655 3006 eius
684 2967 920 3014 effectivum,
941 2967 1051 3005 cibus
1079 2974 1122 3003 ut
1150 2977 1356 3002 conserva-

279 3023 419 3068 tivum,
447 3022 562 3060 urina
589 3029 631 3059 ut
659 3021 827 3070 signum.

334 3076 421 3114 Alio
459 3076 594 3123 modo,
628 3075 847 3112 seeundum
884 3073 994 3123 quod
1031 3073 1203 3110 duorum
1235 3079 1356 3108 atten-

278 3130 385 3168 ditur
403 3130 502 3167 ordo
521 3131 584 3166 vel
602 3136 812 3178 respectus,
833 3139 915 3164 non
933 3127 983 3163 ad
1007 3125 1153 3175 aliquid
1176 3127 1355 3171 alterum,

281 3185 351 3222 sed
383 3184 435 3221 ad
462 3195 591 3220 unum
619 3182 812 3232 ipsorum:
843 3180 941 3218 sicut
970 3192 1035 3216 ens
1061 3180 1111 3216 de
1144 3178 1357 3216 substantia

281 3245 320 3276 et
346 3237 544 3275 accidente
565 3236 704 3274 dicitur
723 3234 940 3272 secundum
963 3233 1072 3283 quod
1101 3233 1279 3270 accidens
1307 3232 1357 3269 ad

283 3290 538 3331 substantiam
581 3297 802 3339 respectum
844 3287 972 3334 habet,
1015 3299 1096 3324 non
1139 3286 1358 3323 secundum

282 3345 394 3395 ‚quod
428 3343 642 3382 substantia
674 3351 712 3381 et
739 3341 918 3380 accidens
947 3341 995 3379 ad
1024 3339 1171 3389 aliquid
1202 3339 1359 3378 tertium

283 3399 509 3437 referantur.

338 3451 578 3490 Huiusmodi
601 3451 715 3500 igitur
733 3449 895 3487 nomina
913 3448 962 3485 de
982 3448 1068 3484 Deo
1088 3454 1125 3484 et
1143 3446 1260 3484 rebus
1279 3445 1360 3483 aliis

341 3567 355 3593 3
375 3567 557 3601 praedicantur
576 3566 672 3599 neque]
692 3574 746 3591 non
764 3565 946 3599 praedicantur
965 3563 986 3588 N
1006 3562 1100 3595 (spat.)
1119 3569 1207 3594 neque
1225 3561 1336 3585 univoce
1354 3560 1397 3586 hic
1415 3559 1571 3594 D(N)WZI7;
1587 3561 1652 3591 post
1670 3564 1755 3589 neque
1773 3554 1923 3588 aequivoce.

598 3609 632 3627 10
651 3601 908 3627 conservativum...
927 3598 1042 3632 signum]
1063 3598 1118 3622 eius
1138 3597 1362 3622 conservativum.

885 3642 917 3661 12
938 3633 1014 3668 sicut]
1039 3634 1077 3658 sic
1096 3633 1129 3664 P3
1153 3637 1194 3658 est
1212 3635 1278 3664 post
1301 3632 1374 3665 prior
1392 3631 1453 3656 aPc.

285 3602 361 3629 omni
370 3603 506 3638 flexione.

341 3637 356 3663 5
375 3637 455 3672 idem]
475 3638 622 3663 secundum
645 3638 715 3662 idem
734 3637 783 3661 αΕ.

285 3674 380 3700 ceta-1¹.
480 3681 513 3707 ²7
532 3675 571 3699 rei
588 3675 611 3699 Α
629 3674 716 3704 solus;
734 3680 787 3698 om.
880 3671 913 3697 18
932 3671 1005 3704 quod
1024 3669 1073 3703 est]
1095 3669 1203 3702 quidem
1222 3673 1263 3693 est
1281 3668 1328 3692 aZ.

1389 2349 1750 2391 ANALOGICE

1411 2495 1494 2520 non
1521 2481 1705 2519 dicuntur
1732 2480 1929 2529 analogice
1957 2479 2175 2516 secundum
2203 2478 2376 2529 primum
2397 2490 2482 2515 mo-

1412 2537 1522 2583 dum,
1552 2542 1747 2585 oporteret
1775 2534 1879 2572 enim
1909 2533 2054 2583 aliquid
2081 2533 2166 2570 Deo
2192 2544 2339 2582 ponere
2357 2531 2480 2581 prius:

1412 2590 1480 2627 sed
1509 2589 1631 2627 modo
1659 2588 1846 2625 secundo.

1465 2645 1508 2680 In
1537 2641 1766 2680 huiusmodi
1800 2649 1931 2679 autem
1966 2639 2163 2687 analogica
2197 2638 2481 2688 praedicatione

1378 2712 1387 2731 ς
1412 2697 1510 2734 ordo
1530 2695 1738 2733 attenditur
1756 2694 1861 2732 idem
1880 2693 2098 2731 secundum
2121 2704 2267 2730 nomen
2289 2699 2325 2728 et
2346 2703 2481 2728 secun-

1411 2750 1509 2789 dum
1528 2761 1612 2787 rem
1631 2748 1882 2799 quandoque,
1898 2747 2136 2796 quandoque
2149 2757 2244 2783 vero
2263 2756 2344 2782 non
2362 2744 2478 2781 idem.

1411 2804 1517 2840 Nam
1546 2803 1644 2840 ordo
1673 2801 1843 2840 nominis
1880 2800 2053 2849 sequitur
2088 2799 2265 2837 ordinem
2297 2796 2480 2845 cognitio-

1410 2857 1487 2894 nis:
1521 2856 1615 2906 quia
1647 2863 1704 2892 est
1740 2855 1895 2904 signum
1931 2852 2169 2901 intelligibilis
2206 2849 2478 2899 conceptionis.

1411 2910 1584 2957 Quando
1613 2909 1727 2958 igitur
1751 2909 1790 2946 id
1810 2908 1918 2957 quod
1947 2915 2003 2944 est
2024 2906 2130 2956 prius
2149 2904 2365 2942 secundum
2385 2915 2478 2949 rem,

1371 2979 1396 2994 ιο
1410 2963 1608 3001 invenitur
1635 2962 1751 3000 etiam
1779 2960 1996 3010 cognitione
2024 2959 2142 3010 prius,
2163 2959 2267 2995 idem
2289 2956 2482 2994 invenitur

1409 3017 1518 3067 prius
1547 3024 1583 3054 et
1611 3016 1830 3054 secundum
1862 3013 2032 3051 nominis
2066 3012 2254 3050 rationem
2283 3018 2319 3047 et
2346 3021 2481 3047 secun-

1410 3071 1508 3108 dum
1528 3070 1582 3108 rei
1601 3077 1796 3107 naturam:
1827 3068 1924 3105 sicut
1951 3065 2161 3104 substantia
2181 3072 2236 3102 est
2254 3063 2359 3113 prior
2385 3062 2480 3099 acci-

1411 3124 1524 3161 dente
1554 3131 1590 3160 et
1618 3131 1765 3169 natura,
1786 3121 2019 3170 inquantum
2047 3117 2256 3156 substantia
2284 3124 2338 3152 est
2365 3127 2481 3152 causa

1411 3177 1633 3223 accidentis3
1672 3184 1709 3213 et
1745 3174 1975 3223 cognitione,
2004 3173 2234 3221 inquantum
2272 3167 2481 3206 substantia

1373 3253 1395 3273 ις
1412 3231 1452 3268 in
1475 3230 1700 3268 definitione
1729 3227 1934 3266 accidentis
1962 3226 2128 3276 ponitur.
2159 3225 2207 3261 Et
2235 3223 2322 3259 ideo
2342 3234 2407 3258 ens
2425 3220 2480 3257 di-

1413 3284 1511 3322 citur
1528 3283 1636 3334 prius
1655 3284 1703 3320 de
1723 3281 1934 3319 substantia
1948 3291 2067 3329 quam
2088 3279 2136 3315 de
2156 3275 2349 3314 accidente
2369 3281 2406 3311 et
2423 3285 2480 3310 se-

1413 3338 1590 3376 cundum
1614 3336 1668 3374 rei
1688 3343 1864 3373 naturam
1886 3342 1922 3371 et
1945 3331 2161 3370 secundum
2179 3327 2349 3366 nominis
2368 3326 2480 3363 ratio-

1414 3404 1518 3428 nem.
1534 3413 1560 3418 —
1579 3390 1751 3437 Quando
1766 3400 1861 3426 vero
1880 3387 1919 3424 id
1939 3385 2046 3435 quod
2065 3391 2119 3420 est
2137 3382 2243 3432 prius
2263 3380 2480 3417 secundum

1415 3452 1606 3491 naturam,
1641 3450 1696 3480 est
1731 3441 1921 3491 posterius
1956 3437 2171 3475 secundum
2208 3433 2479 3482 cognitionem,

1994 3559 2012 3583 4
2030 3549 2170 3583 analogice]
2190 3549 2256 3574 anal.
2276 3549 2298 3573 Α
2318 3548 2413 3580 ubique
2426 3554 2482 3580 pro

1371 3614 1393 3620 ..
1413 3596 1469 3620 eius
1489 3595 1593 3627 signum
1613 3593 1662 3618 Pd.

1556 3629 1587 3654 13
1607 3633 1634 3653 et
1651 3633 1741 3652 natura
1758 3627 1781 3650 A
1799 3626 1883 3654 solus;
1907 3622 2055 3648 causalitate
2073 3621 2102 3651 Z,
2122 3620 2137 3635 ὓ
2157 3623 2322 3652 expunctum
2341 3619 2372 3649 N,
2391 3624 2483 3644 namra

1421 3674 1454 3699 19
1473 3671 1513 3690 est
1530 3662 1671 3698 posterius]
1693 3667 1718 3687 et
1736 3661 1867 3694 posterius
1887 3659 1969 3683 awz.
