2768 4134
73 558 83 565 ·
96 554 131 577 Cf.
144 554 175 575 111
187 554 216 575 de
229 554 282 575 Ani-

70 588 116 608 ma,
129 581 180 602 lect.
191 581 212 607 8,
223 586 281 602 vers.

66 1231 75 1234 ’“
90 1229 146 1256 Cap.
162 1234 239 1256 praec.

68 1340 213 1363 'Comment.
220 1339 281 1360 inlll
314 1332 331 1353 ,ji

66 1369 95 1388 de
104 1367 152 1388 Am·
141 1373 196 1393 rma
205 1370 260 1387 text.
269 1372 279 1393 5

67 1383 279 1447 (biacffsimfi

171 1426 198 1441 en
211 1419 279 1447 1562).

65 1499 146 1547 §.Cili
157 1504 172 1546 ἰ’
188 1504 240 1546 ῗ·5’
253 1497 278 1523 ⁶³

66 1665 74 1673 '¹
89 1663 160 1684 Num.
169 1663 194 1687 ὃς
206 1669 224 1684 s,
233 1662 278 1684 Th.

65 1771 74 1779 ·
84 1770 218 1791 Comment.
226 1769 249 1790 in
260 1769 279 1790 11

65 1797 95 1817 de
110 1796 203 1821 Anima,
223 1799 279 1818 text.

64 1829 85 1850 7,
102 1822 119 1844 f.
134 1829 156 1851 5¹
165 1829 186 1843 v.

65 1931 73 1939 '¹
85 1929 155 1951 Num.
165 1929 278 1955 12;s.Th.

64 2141 276 2194 ετξ-ΙΠᾎΠ.9;

66 2744 74 2752 ·
83 2742 215 2764 Comment.
226 2741 248 2763 in
260 2742 279 2763 11

66 2768 95 2790 de
115 2769 208 2795 Anima,
223 2772 278 2790 text.

64 2802 98 2819 21.
114 2795 130 2817 f.
141 2801 176 2823 59.

69 3306 78 3314 ·
93 3303 129 3326 Cf.
149 3304 281 3326 Comment.

70 3336 121 3357 cap.
132 3337 179 3357 ux,
195 3337 217 3353 n.
229 3337 259 3352 ιν.

70 3363 78 3371 ·
94 3361 130 3383 ef.
145 3368 167 3383 ιι.
179 3369 208 3383 iv.

314 294 391 342 428

313 371 433 402 scilicet
457 368 547 409 quod
569 368 750 398 intellectus
773 367 930 406 intelligat
948 366 1140 396 substantias
1156 370 1316 405 separatas
1331 374 1390 405 per

313 416 375 445 hoc
398 413 490 453 quod
513 422 562 443 res
586 412 751 443 sensibiles
775 411 933 450 intelligit.

368 468 397 487 2.
410 456 665 492 Attendendum,
682 457 758 496 quia
774 455 910 486 Sanctus
923 455 1068 485 Thomas
1089 453 1217 484 videtur
1232 454 1296 485 hoc
1312 454 1388 484 loco

311 511 433 541 ponere
456 501 580 541 species
595 500 811 540 intelligibiles
832 505 988 539 tanquam
1003 499 1036 529 id
1054 498 1145 539 quod
1168 499 1388 539 cognoscitur,

312 555 387 576 cum
410 550 519 576 tamen
543 545 646 575 alibi*
670 550 772 585 ponat
796 554 848 575 eas
873 549 1030 584 tanquam
1052 543 1086 574 id
1114 553 1181 583 quo
1205 543 1388 574 intellectus

311 590 487 630 cognoscit,
505 589 596 629 quod
608 588 778 629 dupliciter
794 598 970 629 possumus
987 589 1056 619 eius
1072 593 1217 619 mentem
1232 589 1387 628 interpre-

310 635 377 664 tari.
401 634 510 664 Primo
528 633 628 673 quod,
653 634 727 664 licet
743 634 867 674 species
884 643 902 664 a
920 633 1197 674 phantasmatibus
1213 633 1387 663 abstractae

310 688 378 709 non
396 679 459 708 sint
474 677 508 708 id
521 677 612 718 quod
626 678 814 718 intelligitur
826 679 933 718 primo
946 682 978 708 et
991 677 1120 713 directe,
1134 677 1191 708 sed
1203 686 1237 707 se
1249 677 1388 707 habeant

310 728 346 753 ut
362 723 563 762 principium
586 732 650 763 quo
674 723 884 763 intelligendi,
909 728 1018 753 tamen
1041 721 1233 752 secundario
1251 727 1282 751 et
1305 720 1388 751 indi-

309 772 394 797 recte
417 767 650 807 intelliguntur.
679 767 720 798 Et
744 768 789 798 sic
813 767 852 798 de
875 768 952 807 ipsis
977 766 1124 807 procedit
1147 771 1386 806 argumentum.

770 290 958 326 SUMMA
988 288 1210 325 CONTRA
1239 287 1514 332 GENTlLES,
1543 287 1637 324 LIB.
1659 288 1700 332 II,
1731 287 1843 324 CAP.
1863 288 1946 333 LX,
1965 289 2064 325 LXI.

1500 365 1663 402 Secundo,
1689 365 1780 406 quod
1802 375 1860 406 per
1875 367 1999 407 species
2015 377 2033 397 a
2048 368 2323 407 phantasmatibus
2346 369 2518 400 abstractas

1443 410 1512 440 vult
1523 410 1701 450 intelligere
1714 415 1852 442 naturas
1865 411 2066 442 universales
2079 421 2188 442 rerum
2203 413 2413 449 sensibilium,
2423 423 2517 454 quae,

1443 460 1480 485 ut
1489 455 1686 485 universales
1701 460 1786 491 sunt,
1803 465 1822 486 a
1837 456 2114 495 phantasmatibus
2126 456 2352 487 abstrahuntur
2363 463 2395 488 et
2409 458 2519 498 singu-

1443 499 1572 529 laribus.
1598 499 1685 530 Cum
1709 500 1797 530 enirn
1820 500 1884 530 sint
1900 499 2024 531 diversa
2042 500 2165 531 scibilia
2181 500 2358 532 formaliter
2372 502 2519 532 substan-

1443 544 1506 573 tiae
1530 549 1693 583 separatae
1710 549 1741 574 et
1763 554 1813 575 res
1837 545 2014 581 sensibiles,
2033 554 2094 575 nec
2108 545 2143 577 in
2167 554 2233 575 una
2251 544 2380 576 formali
2394 546 2519 577 ratione

1443 588 1563 618 obiecti
1586 589 1792 625 conveniant,
1823 589 1928 620 multo
1955 590 2064 620 minus
2088 595 2227 629 possunt
2258 589 2356 620 simul
2384 589 2519 630 intelligi

1443 633 1482 662 ab
1506 632 1672 663 intellectu
1689 633 1835 672 possibili
1851 642 1951 674 quam
1967 633 2051 665 duae
2066 643 2117 664 res
2140 634 2317 670 sensibiles,
2333 634 2396 664 nisi
2414 643 2519 665 unum

1443 686 1559 707 eorum
1582 686 1640 717 per
1663 677 1800 708 alterum
1822 678 2027 718 intelligatur.

1496 720 1678 759 Quomodo
1703 727 1813 752 autem
1836 722 2019 753 intellectus
2034 722 2197 763 possibilis
2213 732 2282 753 non
2298 723 2400 763 possit
2415 722 2519 753 multa

1442 766 1539 796 simul
1561 766 1749 806 intelligere,
1774 771 1942 797 ostensum
1965 772 2014 798 est
2035 767 2070 798 in
2093 768 2314 807 superioribus
2325 768 2353 798 ἦ

1143 852 1683 896 —fflssffl—

670 993 1155 1050 CAPITULUM
1192 993 1803 1050 SEXAGESIMUM
1838 993 2166 1050 PRIMUM

342 1115 515 1167 QUOD
550 1112 907 1154 PRAEDICTA
940 1111 1181 1153 POSITIO
1217 1111 1334 1191 EST
1368 1112 1623 1153 CONTRA
1658 1112 2060 1154 SENTENTIAM
2092 1111 2500 1154 ARISTOTELIS

490 1238 552 1263 En
581 1225 673 1275 quia
701 1224 793 1262 huic
820 1223 1038 1284 positioni*
1057 1226 1250 1262 Averroes
1278 1237 1387 1274 prae-

492 1313 495 1316 ,
481 1285 616 1316 stare
645 1278 766 1315 robur
799 1277 1032 1338 auctoritatis
1065 1277 1198 1315 nititur
1228 1285 1388 1338 propter

453 1384 489 1418 45
519 1385 770 1423 ostendemus
807 1384 1007 1422 manifeste
1045 1385 1154 1434 quod
1191 1385 1387 1434 praedicta

308 1440 441 1491 opinio
471 1447 526 1477 est
554 1447 688 1476 contra
707 1438 938 1475 sententiam
966 1438 1189 1475 Aristotelis.

361 1493 493 1531 Primo
509 1492 681 1543 quidem,
697 1491 789 1542 quia
804 1491 1058 1538 Aristoteles,
1048 1504 1088 1529 1n
1103 1493 1134 1529 II
1144 1492 1190 1528 de
1202 1493 1345 1529 Anima
1354 1492 1385 1539 ³¹²,

308 1547 442 1585 definit
462 1546 634 1584 animam
654 1545 787 1583 dicens
807 1545 915 1595 quod
935 1553 992 1582 est
1010 1551 1114 1583 actus
1126 1546 1272 1595 primus
1285 1546 1385 1596 phy-

306 1603 375 1639 sici
401 1602 570 1651 corporis
599 1601 778 1650 organici·
798 1600 966 1649 potentia
994 1600 1109 1636 vitam
1133 1600 1321 1644 habentis,·
1349 1606 1386 1636 et

307 1662 442 1705 postea
470 1653 667 1702 subiungit
680 1653 700 1674 ‘³‘
719 1653 828 1702 quod
847 1653 946 1690 haec
966 1659 1022 1689 est
1041 1652 1216 1689 definitio
1236 1654 1385 1690 univer-

306 1709 433 1746 saliter
452 1708 549 1744 dicta
573 1707 619 1744 de
637 1708 744 1744 omni
760 1707 909 1750 anima‚·
937 1717 1029 1751 non,
1050 1705 1147 1742 sicut
1166 1705 1385 1755 praedictus

308 1763 500 1798 Averroes
528 1759 638 1808 fingit
651 1760 682 1805 ³²,
703 1759 776 1796 sub
805 1758 1045 1796 dubitatione
1070 1760 1147 1796 hoc
1165 1759 1384 1808 proferens;

308 1822 350 1852 ut
377 1822 480 1864 patet
508 1826 555 1851 ex
584 1812 869 1863 exemplaribus
897 1812 1042 1861 graecis
1075 1820 1111 1849 et
1139 1812 1385 1850 translatione

308 1867 443 1906 Boetii.

361 1920 620 1958 Postmodum
649 1927 792 1965 autern,
821 1918 861 1956 in
881 1918 1023 1955 eodem
1051 1918 1220 1967 capitulo
1235 1918 1265 1965 ⁵⁸,
1294 1918 1385 1956 sub-

307 1973 427 2022 iungit
460 1986 537 2010 esse
570 1973 751 2032 quasdam
784 1978 914 2022 partes
953 1973 1106 2008 animae
1143 1973 1382 2032 separabiles.

307 2028 419 2074 Quae
435 2039 516 2063 non
533 2033 623 2063 sunt
638 2025 710 2062 nisi
726 2024 988 2062 intellectivae.
1006 2024 1253 2074 Relinquitur
1272 2025 1385 2073 igitur

306 2081 415 2130 quod
443 2080 527 2117 illae
556 2086 683 2129 partes
712 2086 801 2116 sunt
829 2086 937 2116 actus
966 2077 1152 2128 corporis.

358 2135 444 2171 Nec
472 2141 528 2170 est
556 2140 690 2170 contra
723 2133 800 2169 hoc
832 2131 941 2181 quod
969 2139 1106 2181 postea
1133 2131 1380 2181 subiungit*:

306 2189 364 2224 De
392 2187 574 2224 intellectu
603 2192 726 2224 autem
756 2192 789 2223 et
820 2187 1055 2235 perspectiva
1088 2188 1256 2235 potentia
1293 2186 1385 2223 nihil

306 2247 356 2278 est
384 2241 507 2278 adhuc
534 2241 786 2288 manifestum,
806 2239 873 2276 sed
889 2239 1034 2276 videtur
1053 2241 1206 2276 animae
1223 2239 1382 2276 alterum
1399 2255 1426 2269 ιο

305 2306 426 2344 genus
454 2306 540 2331 esse.
570 2293 665 2330 Non
694 2292 800 2329 enirn
829 2304 899 2342 per
927 2293 1004 2329 hoc
1032 2293 1115 2329 vult
1148 2292 1385 2330 intellectum

307 2346 472 2384 alienare
501 2359 523 2383 a
556 2346 759 2383 communi
795 2345 1022 2383 definitione
1059 2345 1225 2405 animae,
1261 2346 1328 2384 sed
1362 2358 1385 2383 a

306 2399 472 2450 propriis
500 2399 646 2437 naturis
675 2398 838 2436 aliarum
858 2398 1046 2448 partium:
1077 2398 1174 2436 sicut
1203 2398 1271 2449 qui
1295 2398 1385 2436 dicit

307 2454 415 2503 quod
444 2454 603 2491 alterum
630 2465 751 2502 genus
779 2453 955 2490 animalis
974 2458 1025 2490 est
1051 2447 1201 2490 volatile
1228 2466 1252 2490 a
1279 2465 1384 2503 gres-

307 2507 414 2553 sibili,
457 2518 538 2544 non
580 2506 702 2544 aufert
743 2518 766 2543 a
808 2506 952 2543 volatili
989 2517 1247 2543 communem
1290 2505 1385 2543 defi-

308 2560 497 2597 nitionem
526 2558 714 2597 animalis.
746 2559 869 2605 Unde,
900 2567 943 2596 ut
978 2559 1198 2597 ostenderet
1229 2559 1269 2596 in
1303 2571 1384 2609 quo

307 2612 443 2650 dixerit
471 2614 643 2658 alterum,
670 2612 883 2661 subiungit:
904 2615 952 2650 Et
971 2613 1042 2650 hoc
1059 2613 1181 2650 solum
1204 2614 1386 2663 contingit

306 2667 479 2717 separari
504 2668 596 2704 sicut
618 2672 843 2716 perpetuum
864 2679 888 2704 a
916 2666 1159 2716 corruptibili.
1181 2687 1205 2694 -
1226 2666 1311 2703 Nee
1330 2674 1386 2703 est

307 2719 466 2757 intentio
499 2719 722 2766 Aristotelis,
757 2727 799 2756 ut
833 2719 1130 2757 Commentator
1165 2719 1385 2769 praedictus

1443 1225 1637 1262 intellectu
1669 1232 1803 1262 utrum
1836 1225 2049 1264 intellectus
2084 1226 2131 1263 sit
2162 1225 2304 1272 anima,
2340 1225 2438 1263 sieut
2471 1226 2520 1264 de

1443 1278 1524 1316 aliis
1561 1277 1769 1328 principiis.
1808 1280 1903 1317 Non
1939 1278 2046 1316 enirn
2082 1286 2207 1317 textus
2241 1291 2359 1317 verus
2393 1279 2520 1327 habet,

1444 1332 1536 1369 nihil
1563 1338 1615 1370 est
1643 1332 1888 1379 declaratum,
1917 1331 2010 1378 sive,
2040 1333 2133 1370 nihil
2167 1339 2218 1370 est
2253 1333 2404 1379 dictum,
2439 1332 2520 1379 sed,

1444 1386 1536 1423 nihil
1549 1391 1601 1422 est
1619 1387 1878 1433 manifestum:
1891 1386 2001 1435 quod
2020 1385 2312 1434 intelligendum
2327 1393 2384 1424 est
2397 1397 2521 1435 quan—

1409 1449 1418 1470 ς
1442 1446 1528 1475 turn
1556 1439 1606 1475 ad
1635 1438 1674 1476 id
1703 1439 1812 1489 quod
1841 1447 1898 1476 est
1923 1439 2130 1489 proprium
2149 1439 2196 1486 ei,
2226 1451 2308 1477 non
2327 1447 2522 1489 quantum

1442 1492 1492 1530 ad
1512 1503 1768 1530 communem
1788 1491 2069 1530 definitionem.
2090 1515 2116 1520 -
2136 1492 2177 1531 Si
2205 1500 2348 1539 autern,
2377 1500 2421 1530 ut
2438 1491 2521 1543 ipse

1441 1544 1533 1583 dicit
1546 1545 1577 1592 ²¹²,
1607 1547 1737 1584 anima
1765 1545 1980 1596 aequivoce
2010 1545 2148 1583 dicitur
2176 1546 2226 1584 de
2262 1545 2456 1584 intellectu
2483 1553 2522 1584 et
2547 1560 2559 1571 ·
2572 1559 2632 1583 isia.

1441 1598 1536 1645 aliis,
1563 1598 1693 1648 primo
1723 1598 1953 1638 distinxisset
1980 1599 2357 1649 aequivocationem,
2385 1606 2522 1650 postea

1441 1651 1690 1699 definivisset‚
1720 1652 1818 1690 sicut
1843 1660 1900 1690 est
1926 1653 2172 1691 consuetudo
2196 1665 2278 1691 sua.
2299 1651 2403 1691 Alias
2429 1664 2520 1703 pro·

1402 1720 1427 1735 ιο
1441 1705 1594 1743 cederet
1621 1705 1661 1742 in
1689 1706 1919 1756 aequivoco.
1951 1706 2072 1757 Quod
2092 1718 2173 1744 non
2201 1713 2258 1744 est
2285 1706 2325 1744 in
2353 1705 2520 1744 scientiis

1441 1759 1766 1796 demonstrativis.

1494 1813 1601 1849 Item.
1637 1813 1680 1849 In
1713 1813 1743 1850 11
1772 1813 1818 1850 de
1850 1813 1992 1851 Amma
2011 1812 2033 1835 ’¹‘
2067 1812 2303 1851 intellectum
2340 1820 2522 1851 numerat

1442 1864 1540 1902 inter
1567 1865 1758 1914 potentias
1786 1865 1952 1904 animae.
1991 1866 2042 1904 Et
2075 1865 2115 1903 in
2151 1865 2375 1905 auctoritate
2403 1862 2520 1905 etiam

1441 1917 1671 1967 praedicta*
1689 1918 1867 1956 nominat
1880 1921 2154 1969 perspectivam
2176 1921 2396 1969 potentiam.
2425 1919 2521 1959 Non

1401 1987 1423 2007 ις
1441 1979 1498 2008 est
1521 1971 1634 2020 igitur
1652 1971 1864 2009 intellectus
1884 1979 1989 2009 extra
2008 1972 2182 2010 animam
2202 1973 2432 2019 humanam,
2451 1971 2521 2010 sed

1441 2032 1496 2062 est
1524 2024 1721 2074 quaedam
1749 2025 1921 2075 potentia
1950 2025 2044 2063 eius.

1493 2078 1600 2115 Item.
1623 2077 1664 2116 ln
1683 2079 1730 2116 111
1749 2078 1795 2116 de
1812 2078 1990 2125 Anima*,
2011 2077 2199 2128 incipiens
2217 2078 2327 2129 loqui
2345 2077 2394 2116 de
2413 2077 2521 2117 intel-

1440 2133 1542 2170 lectu
1567 2131 1754 2182 possibili,
1778 2131 1956 2183 nominat
1984 2144 2078 2170 eum
2105 2140 2258 2182 partem
2276 2131 2444 2180 animae,
2463 2130 2520 2175 di-

1440 2197 1547 2223 cens:
1568 2186 1628 2222 De
1641 2191 1754 2235 parte
1772 2192 1896 2224 autem
1915 2187 2069 2224 animae
2083 2199 2158 2236 qua
2177 2187 2371 2237 cognoscit
2388 2187 2520 2225 anima

1440 2245 1474 2276 et
1500 2241 1607 2289 sapit.
1637 2240 1680 2276 In
1708 2251 1790 2288 quo
1819 2238 2020 2277 manifeste
2049 2239 2217 2277 ostendit
2238 2240 2348 2289 quod
2376 2238 2520 2277 intelle·

1441 2300 1524 2330 ctus
1552 2291 1744 2342 possibilis
1773 2292 1819 2330 sit
1848 2292 1994 2343 aliquid
2023 2293 2188 2331 animae.

1495 2346 1637 2384 Adhuc
1661 2354 1793 2384 autem
1819 2345 2059 2384 manifestius
2082 2358 2153 2397 per
2180 2346 2219 2384 id
2248 2346 2357 2397 quod
2384 2353 2520 2397 postea

1441 2398 1637 2448 subiungit
1650 2399 1682 2446 *,
1711 2399 1911 2437 declarans
1939 2407 2121 2438 naturam
2152 2398 2365 2438 intellectus
2395 2397 2519 2450 possi·

1441 2452 1536 2499 bilis,
1561 2453 1711 2491 dicens:
1732 2454 1829 2491 Dico
1848 2459 1973 2492 autem
1994 2453 2217 2492 intellectum
2243 2466 2318 2504 quo
2343 2455 2520 2504 opinatur

1402 2512 1475 2543 τεεί
1503 2507 1672 2557 intelligit
1700 2508 1841 2544 anima.
1876 2508 1919 2544 ln
1951 2519 2034 2556 quo
2069 2507 2270 2545 manifeste
2305 2506 2521 2544 ostenditur

1442 2558 1677 2597 intellectum
1712 2571 1796 2596 esse
1833 2559 1979 2610 aliquid
2012 2559 2166 2598 animae
2200 2561 2408 2607 humanae,
2437 2569 2519 2611 quo

1442 2612 1573 2650 anima
1601 2613 1776 2650 humana
1805 2611 1986 2662 intelligit.

1495 2666 1564 2704 Est
1592 2665 1706 2716 igitur
1732 2665 1928 2716 praedicta
1956 2666 2097 2716 positio
2126 2674 2261 2706 eontra
2288 2665 2519 2707 sententiam

1441 2718 1666 2766 Aristotelis,
1698 2727 1736 2757 et
1770 2726 1905 2757 eontra
1937 2719 2149 2758 veritatem.
2189 2720 2302 2758 Unde
2330 2727 2520 2770 tanquam

307 2772 415 2822 fingit
424 2773 459 2819 ³⁸,
489 2773 616 2811 dicere
645 2773 754 2822 quod
783 2773 963 2810 nondum
983 2781 1039 2810 est
1067 2773 1317 2810 manifestum
1336 2773 1385 2810 de
1402 2788 1427 2809 ιο
1441 2771 1572 2810 fictitia
1600 2772 1844 2823 repudianda
1871 2779 1938 2811 est.

362 2883 375 2908 5
395 2882 492 2916 opinio]
513 2882 608 2916 positio
627 2883 671 2909 Ρε.

362 2927 375 2944 2
395 2923 482 2944 textus
499 2918 587 2952 verus]
607 2923 692 2944 textus
711 2923 788 2943 vetus
808 2918 920 2949 NsGPd,
938 2924 1015 2944 vetus
1033 2923 1119 2944 textus
1138 2919 1171 2944 Y.

307 2954 416 2988 claraus]
438 2954 613 2980 determinans
632 2954 665 2985 G,
685 2954 799 2980 declarat
818 2954 910 2980 NYPc.

762 2882 779 2907 8
798 2884 913 2916 potentia
933 2883 976 2908 Ita
994 2883 1074 2914 Yzl>3
1094 2888 1120 2908 et
1138 2884 1253 2916 potentia
1271 2883 1363 2909 ceteri.

1247 2925 1279 2944 10
1298 2919 1324 2944 in
1343 2919 1489 2952 aequivoco
1508 2919 1552 2944 Ba
1570 2918 1680 2949 DWl’c3
1699 2919 1725 2944 in
1739 2918 1955 2952 aequivocatione
1972 2918 2050 2950 NYZ,
2063 2919 2090 2944 in
2102 2918 2245 2952 aequivoca
2256 2918 2347 2944 caeri-

1003 2954 1036 2979 30
1055 2954 1225 2988 repudianda]
1245 2955 1390 2988 reputanda
1408 2954 1487 2985 ENY,
1506 2954 1668 2988 repudienda
1686 2954 1766 2980 ze.

1456 2890 1489 2917 ²9
1508 2882 1681 2916 perspectiva]
1700 2882 1840 2916 perfectiva
1857 2882 1907 2908 ΡΑ.
1999 2890 2033 2916 ²7
2053 2882 2178 2916 contingit
2195 2889 2240 2908 om
2259 2883 2334 2908 oeDX.

2421 2917 2521 2944 23⁶0-

1071 3042 1409 3076 commentaria
1439 3043 1754 3076 Fen-ariensis

382 3132 518 3154 sranstm
547 3127 595 3153 est
623 3121 806 3153 efficacibus
834 3122 1014 3152 rationibus
1042 3123 1253 3162 positionem,
1282 3124 1385 3154 immo

310 3132 557 3198 Ofictionem
588 3167 740 3197 Averrois
771 3166 1008 3207 impossibilem
1040 3176 1119 3197 esse.
1155 3167 1268 3204 Nunc,
1309 3169 1385 3208 quia

308 3212 466 3243 Averroes
490 3220 583 3242 suam
606 3210 774 3242 fictionem
799 3211 891 3242 dictis
915 3211 1098 3242 Aristotelis
1119 3211 1314 3243 confirmare
1336 3213 1385 3243 ni-

309 3256 443 3293 tebatur,
460 3256 576 3297 probat
599 3255 736 3286 Sanctus
753 3255 899 3286 Thomas
923 3256 1027 3296 ipsam
1052 3256 1149 3286 etiam
1166 3262 1279 3287 contra
1294 3266 1386 3288 men-

309 3306 374 3331 tem
397 3300 579 3332 Aristotelis
604 3309 672 3331 esse
689 3301 715 3337 ⁴⁶,
740 3300 850 3331 multis
874 3300 975 3340 ipsius
999 3300 1181 3330 Aristotelis
1205 3300 1307 3331 dictis.

365 3345 387 3375 1.
404 3345 448 3375 Et
458 3345 568 3386 primo
585 3345 701 3386 arguit
715 3344 762 3375 sic
778 3346 804 3375 ’ἢ
823 3344 1012 3375 Aristoteles
1029 3343 1142 3375 definit
1158 3345 1300 3376 animam
1317 3355 1385 3376 esse

310 3394 416 3419 actum
434 3390 580 3430 primum
604 3389 753 3430 corporis
779 3389 912 3430 physici
936 3389 1090 3430 organici
1113 3390 1262 3429 potentia
1287 3390 1386 3420 vitam

310 3433 471 3470 habentis,·
494 3440 526 3464 et
548 3434 655 3474 inquit
678 3434 761 3464 hanc
777 3433 1002 3464 definitionem
1021 3433 1251 3464 universaliter
1267 3434 1385 3465 dictam

311 3487 377 3508 esse
400 3478 439 3508 de
472 3478 561 3509 omni
591 3478 720 3515 anima,·
752 3488 819 3509 non
851 3478 911 3509 sub
946 3478 1148 3508 dubitatione
1172 3478 1322 3518 loquens,
1350 3485 1386 3510 ut

312 3521 468 3552 Averroes
494 3522 594 3562 fingit,
619 3528 655 3553 ut
679 3533 717 3553 ex
742 3528 831 3553 textu
854 3532 972 3563 graeco
992 3528 1024 3553 et
1047 3522 1255 3553 translatione
1279 3523 1386 3554 Boetii

312 3565 479 3597 manifeste
497 3572 637 3607 apparet.
656 3567 761 3598 Immo
781 3567 850 3598 vult
866 3576 938 3598 eam
962 3567 1002 3598 ad
1018 3567 1219 3598 intellectum
1240 3566 1385 3598 extendi.

313 3614 347 3638 ut
371 3615 458 3648 patet
481 3620 519 3640 ex
544 3620 584 3641 eo
609 3611 699 3651 quod
723 3613 756 3642 in
773 3611 890 3642 eodem
907 3612 1012 3652 capite
1036 3611 1211 3652 subiungit,
1236 3612 1386 3652 inquiens

312 3653 436 3684 animae
456 3663 554 3694 quam
578 3655 754 3692 definierat,
771 3665 838 3687 esse
861 3656 1018 3697 quasdam
1036 3661 1151 3696 partes
1174 3656 1389 3696 separabiles;

1441 3123 1532 3164 quod
1555 3133 1623 3154 non
1647 3123 1709 3154 nisi
1726 3122 1767 3154 de
1789 3123 1958 3154 intellectu
1980 3122 2117 3164 intelligi
2139 3127 2257 3164 potest.
2281 3122 2369 3164 Ergo
2391 3120 2517 3157 intene-

1442 3174 1512 3199 ctus
1535 3177 1605 3199 non
1628 3173 1677 3199 est
1699 3168 1876 3199 substantia
1899 3173 2053 3209 separata.

1497 3211 1530 3244 Si
1547 3211 1672 3243 dicatur
1687 3211 1779 3253 quod
1794 3212 1848 3244 illa
1864 3211 2012 3244 definitio
2027 3221 2096 3244 non
2113 3212 2268 3243 convenit
2283 3210 2375 3243 omni
2389 3210 2518 3242 animae

1440 3257 1501 3288 nisi
1526 3258 1722 3298 aequivoce3
1740 3262 1772 3288 et
1788 3256 1879 3298 quod
1902 3257 1966 3288 hoc
1983 3255 2125 3288 ostendit
2142 3255 2333 3287 Aristoteles
2348 3263 2426 3285 cum
2441 3254 2517 3286 sub-

1440 3301 1554 3342 iungit,
1578 3301 1630 3333 De
1653 3301 1817 3333 intellectu
1845 3306 1954 3332 autem
1981 3306 2013 3332 et
2033 3299 2238 3342 perspectiva
2260 3299 2411 3340 potentia
2435 3299 2518 3330 nihil

1441 3351 1488 3377 est
1511 3345 1618 3376 adhuc
1641 3345 1868 3388 manifestum:
1891 3345 2105 3386 respondetur
2127 3342 2218 3384 quod
2240 3352 2299 3383 per
2318 3343 2397 3374 haec
2420 3343 2518 3374 verba

1441 3400 1510 3421 non
1541 3390 1610 3421 vult
1642 3390 1862 3431 Philosophus
1896 3390 2099 3421 intellectum
2127 3387 2267 3419 alienare
2298 3397 2317 3418 a
2347 3388 2518 3420 communi

1441 3435 1568 3465 animae
1591 3434 1792 3471 definitione,
1809 3434 1866 3466 sed
1882 3444 1900 3465 a
1914 3433 2054 3475 propriis
2067 3432 2190 3464 naturis
2206 3431 2340 3463 aliarum
2358 3433 2516 3473 partium3

1441 3479 1525 3510 sicut
1548 3480 1605 3520 qui
1629 3479 1707 3510 dicit
1730 3478 1823 3520 quod
1844 3479 1985 3510 alterum
2006 3485 2112 3519 genus
2135 3476 2289 3507 animalis
2313 3481 2361 3507 est
2382 3476 2517 3508 volatile

1442 3533 1462 3554 a
1477 3523 1652 3565 gressibili,
1668 3533 1737 3554 non
1753 3522 1858 3554 aufert
1875 3532 1894 3553 a
1909 3520 2031 3553 volatili
2047 3530 2260 3552 communem
2275 3521 2422 3552 animalis
2437 3520 2516 3552 defi-

1441 3569 1612 3599 nitionem.
1629 3567 1725 3600 Unde
1741 3573 1773 3599 et
1787 3566 1953 3606 subiungit
1968 3565 2166 3602 Aristoteles,
2182 3565 2226 3596 Et
2240 3566 2302 3596 hoc
2316 3565 2423 3597 solum
2439 3574 2516 3597 con-

1442 3612 1540 3654 tingit
1562 3612 1713 3664 separari
1733 3612 1818 3643 sicut
1833 3615 2028 3651 perpetuum
2049 3619 2070 3640 a
2086 3610 2300 3651 corruptibili.
2325 3610 2374 3641 Ex
2397 3609 2516 3650 quibus

1443 3662 1568 3688 constat
1591 3658 1699 3698 ipsum
1727 3664 1851 3696 ponere
1878 3654 2080 3686 intellectum
2111 3663 2180 3685 esse
2211 3655 2348 3686 alterum
2377 3654 2417 3685 ab
2446 3654 2516 3686 aliis

2545 747 2555 757 '¹
2578 745 2630 768 Lib.
2651 746 2671 772 1.
2693 745 2763 768 Com·

2546 776 2618 796 ment.
2635 777 2734 801 etp-u.

2547 1825 2762 1881 :Cff‘1¹¹;.⁰‘¹³

2547 1931 2651 1959 ‘Sum-a,
2662 1929 2711 1953 Nec
2719 1931 2762 1952 ent.

2647 2087 2672 2104 ιν
2698 2087 2722 2104 ιι.
2738 2086 2763 2109 ιε

2547 2081 2632 2131 ‘a
2639 2107 2656 2130 1.
2672 2097 2687 2130 ’.

2546 2411 2557 2421 ·
2571 2409 2643 2432 Num.
2652 2415 2674 2439 3.
