2664 4120
2405 313 2464 338 XL1

1336 414 1390 457 4⁰-

379 511 464 551 DE
499 511 971 554 COMMENTARIIS
1006 514 1330 558 FRANCISCI
1364 518 1449 559 DE
1484 519 1860 565 SYLVESTRIS
1896 525 2338 571 FERRARIENSIS

309 622 501 654 Franciscus
524 623 565 654 de
593 623 775 665 Sylvestris‚
805 634 843 655 ex
866 626 943 656 loco
972 628 1080 663 natali,
1110 629 1238 659 civitate
1261 629 1338 660 Fer-

249 667 362 704 rariae,
394 668 607 699 Ferrariensis
637 668 755 705 dictus,
786 676 882 700 natus
913 678 960 701 est
991 682 1078 703 anno
1111 682 1205 713 ¹474-
1237 674 1336 705 Anno

249 712 362 743 aetau's
377 712 627 754 decimoquarto
643 714 808 754 ingressus
825 722 873 745 est
889 715 1049 747 Ordinem
1072 717 1337 749 Praedicatorum

250 757 285 787 in
311 759 417 797 patrio
449 763 618 789 conventu
649 758 681 790 S.
710 759 832 790 Mariae
862 761 1080 801 Angelorum,
1112 763 1338 795 observantiae

250 801 466 834 Lombardae.
495 803 645 834 Moribus
673 804 781 834 statim
813 804 928 835 claruit
956 812 988 836 et
1015 807 1161 846 ingenio,
1186 808 1220 838 in
1245 809 1336 839 omni

249 855 370 887 genere
385 847 569 879 studiorum
586 848 796 888 praecellens.
813 850 913 880 Anno
932 850 1015 890 1498
1033 851 1203 883 Mantuam
1219 854 1337 884 missus

251 897 300 922 est
315 897 352 922 ut
368 892 516 923 officium
532 893 663 924 lectoris
679 892 870 934 iungeretur
898 895 931 925 in
948 902 1115 927 conventu
1139 896 1249 928 Sancti
1267 898 1337 929 Do-

250 937 375 967 minici.
407 938 455 968 lbi
486 938 635 978 quinque
665 947 771 969 annos
802 940 931 976 mansit,
963 950 1032 980 quo
1063 947 1213 982 tempore
1243 944 1336 983 spiri-

250 981 374 1013 tualem
389 982 606 1014 directionem
629 983 773 1023 suscepit
795 990 926 1015 sanctae
941 986 1072 1026 virginis
1088 986 1208 1017 Beatae
1232 987 1336 1018 Osan-

250 1036 312 1057 nae
342 1027 384 1058 de
414 1027 608 1067 Andreanis,
637 1029 692 1059 cui
722 1029 877 1060 morienti
907 1029 1028 1061 adstitit
1057 1041 1146 1062 auno
1180 1034 1263 1063 1505
1297 1042 1335 1064 ex

250 1071 442 1104 Mediolano
469 1073 654 1110 accersitus,
683 1074 777 1104 cuius
808 1075 906 1105 etiarn
937 1075 1083 1116 elogium
1111 1078 1336 1116 pronuntiavit

251 1122 282 1147 et
305 1118 405 1149 vitam
428 1119 565 1159 scripsit,
581 1118 659 1149 alias
675 1119 774 1149 etiam
797 1128 858 1160 pro
876 1120 945 1150 eius
963 1120 1067 1161 gloria
1089 1122 1267 1162 posthuma
1290 1123 1335 1153 la-

250 1161 380 1193 borans.
403 1163 504 1194 Anno
531 1163 613 1194 1503
647 1173 686 1195 ex
715 1165 850 1196 Mantua
878 1165 1106 1197 Mediolanum
1133 1167 1251 1198 missus
1275 1174 1333 1204 est,

250 1211 283 1238 et
305 1216 394 1238 anno
414 1209 499 1249 1507
523 1209 723 1247 Bononiam,
748 1211 805 1241 ubi
829 1210 937 1241 laurea
960 1211 1137 1251 magisterii
1159 1212 1334 1253 insignitus

250 1257 299 1282 est
313 1261 403 1283 anno
432 1253 526 1291 1516,
543 1255 608 1286 13111
624 1256 804 1286 terminatis
827 1256 894 1286 suis
918 1255 1182 1294 Commentariis,
1204 1257 1245 1288 de
1262 1258 1334 1298 qui-

249 1296 312 1327 bus
333 1297 576 1339 infra-,dicetun
601 1301 686 1331 Dein
710 1301 892 1341 prioratum
908 1302 1052 1332 exercuit
1075 1308 1146 1332 tum
1170 1303 1196 1333 F
1199 1304 1334 1334 errariae

192 1372 195 1373 γ
219 1366 230 1369 s
247 1342 536 1382 tum-Bononiae,
569 1351 601 1376 et
631 1355 720 1377 311110
747 1347 832 1386 1519
864 1347 1062 1377 constitutus
1092 1346 1154 1377 fuit
1185 1348 1334 1379 Vicarius

248 1395 328 1418 suae
358 1390 632 1430 congregationis.
662 1390 817 1428 Demum,
849 1400 938 1422 anno
971 1393 1066 1431 1524,
1091 1391 1171 1422 dum
1193 1393 1227 1423 in
1253 1403 1333 1425 con-

248 1437 351 1462 ventu
373 1433 578 1466 Bononiensi
601 1435 700 1466 simul
723 1435 826 1473 Prior,
850 1437 980 1477 Regens
1004 1442 1036 1467 et
1059 1436 1235 1476 inquisitor
1256 1444 1333 1476 erat,

247 1485 268 1507 a
286 1476 462 1510 Clemente
481 1479 541 1510 Vll
556 1486 694 1512 vocatus
718 1487 766 1512 est
790 1481 830 1512 ad
854 1481 1054 1512 vicariatum
1070 1480 1266 1514 Generalem
1283 1485 1333 1514 sui

248 1521 393 1562 Ordinis,
419 1532 479 1565 per
501 1525 624 1556 litteras
649 1526 731 1556 Cum
756 1526 882 1567 Nuper,
908 1535 949 1567 29
975 1526 1033 1557 lul.
1064 1528 1163 1566 1524;
1189 1533 1220 1558 et
1244 1538 1332 1559 311110

247 1568 400 1608 sequenti
433 1569 469 1600 in
504 1570 651 1611 capitulo
681 1571 825 1611 generali
859 1571 986 1602 Romae
1018 1572 1192 1608 celebrato,
1223 1574 1332 1613 primo

247 1613 406 1644 scrutinio
429 1619 463 1645 et
485 1615 634 1646 unanimi
664 1625 829 1647 consensu
859 1616 982 1647 electus
1006 1622 1054 1647 est
1077 1618 1110 1647 in
1140 1617 1331 1657 Magistrum

247 1655 445 1689 Generalem
470 1658 614 1697 Ordinis,
630 1660 917 1702 quadragesimum
942 1662 981 1691 ab
1005 1661 1103 1693 huius
1127 1661 1331 1695 fundatione.

247 1701 284 1733 ln
306 1703 436 1734 socium
459 1706 637 1747 assumpsit
663 1706 852 1737 Leandrum
882 1707 1065 1743 Albertum,
1093 1716 1242 1747 quocum
1266 1708 1332 1739 Bo·

246 1747 368 1788 noniae
391 1747 592 1781 familiariter
609 1751 742 1788 vixerat,
759 1752 817 1792 qui
840 1751 902 1792 ipsi
926 1751 1044 1791 exinde
1066 1761 1197 1792 semper
1220 1762 1332 1785 comes

246 1791 350 1823 affiiit.
374 1792 462 1825 Inter
484 1795 547 1826 alia
563 1804 649 1836 quae
665 1796 706 1827 ad
729 1797 903 1828 utilitatem
919 1802 952 1827 et
968 1796 1070 1827 decus
1094 1796 1226 1828 Ordinis
1243 1797 1331 1836 fecit,

245 1837 383 1869 multam
411 1839 667 1872 sollicitudinem
695 1851 757 1882 pro
781 1841 896 1873 studiis
919 1841 1155 1883 promovendis
1179 1843 1331 1875 ostendit.

245 1880 475 1915 visitationem
497 1886 599 1917 totius
624 1885 756 1918 Ordinis
781 1887 934 1928 suscepit,
957 1887 1015 1918 sed
1039 1893 1114 1927 post
1129 1894 1331 1928 peragratam

245 1926 371 1959 Italiam
394 1929 644 1962 meridionalem
668 1937 700 1962 et
725 1931 875 1970 Galliam,
900 1931 980 1963 dum
996 1933 1057 1963 iter
1080 1932 1114 1962 in
1138 1932 1331 1973 Hispaniam

244 1971 472 2011 meditabatur,
484 1975 631 2006 Redonis
642 1976 676 2006 in
689 1976 868 2008 Brittannia
878 1977 999 2008 Minori
1006 1984 1211 2018 praematura
1222 1984 1331 2010 morte

245 2025 265 2047 e
286 2017 368 2048 vivis
391 2018 538 2051 sublatus
561 2026 619 2058 est,
643 2019 698 2052 die
717 2029 757 2062 19
781 2022 974 2062 septembris
994 2022 1089 2059 1528,
1105 2024 1218 2054 aetatis
1233 2024 1329 2064 quin-

245 2063 439 2103 quagesimo
462 2070 580 2105 quarto
603 2075 692 2097 anno
714 2066 865 2098 nondum
889 2067 1031 2107 expleto.

301 2107 504 2141 Praeclaram
527 2110 673 2151 Magistri
700 2110 864 2143 Francisci
891 2111 1038 2143 indolem
1069 2112 1110 2143 ad
1137 2113 1249 2143 vivum
1272 2111 1328 2143 de-

241 2151 347 2192 pinxit
369 2153 554 2193 praedictus
570 2155 719 2187 Leander
733 2156 768 2187 in
784 2165 846 2188 suo
869 2156 953 2188 libro
973 2157 1025 2188 De
1045 2157 1131 2188 Viris
1146 2157 1330 2188 illustribus

246 2194 384 2229 ordinis
413 2199 699 2238 Praiedicatorum,
727 2201 888 2242 impresso
915 2201 1088 2233 Bononiae
1111 2211 1200 2232 anno
1232 2203 1327 2242 1517,

243 2246 277 2272 01
297 2242 378 2283 quia
399 2244 497 2275 simul
521 2244 562 2276 de
586 2246 689 2286 ipsius
712 2244 967 2277 Commentariis
990 2246 1148 2287 loquitur,
1164 2247 1328 2286 integrum

241 2285 356 2318 locum
378 2289 634 2321 transcribimus.
659 2290 695 2321 111
719 2291 803 2321 libro
827 2296 944 2331 quarto
968 2292 1076 2332 igitur,
1099 2290 1193 2331 fingit
1216 2300 1328 2322 coram

241 2332 376 2364 transire
397 2340 476 2375 post
491 2344 624 2366 currum
640 2335 872 2376 triumphalem
888 2335 999 2367 Sancti
1019 2336 1170 2368 Th0mae
1194 2342 1328 2367 coetum

241 2375 418 2409 doctorum
439 2380 491 2410 sui
507 2379 650 2417 Ordinis,
667 2381 700 2411 in
716 2381 820 2411 varias
835 2386 958 2411 turmas
981 2380 1133 2418 divisum,
1158 2380 1238 2412 dum
1258 2381 1328 2411 No-

240 2422 424 2454 menclator
445 2425 596 2456 assistens
611 2425 817 2466 singulorum
832 2435 957 2456 nomen
977 2431 1009 2457 et
1032 2426 1203 2468 qualitates
1223 2435 1328 2457 enun-

240 2467 309 2498 tiat.
333 2467 371 2499 111
393 2470 552 2501 comitatu
580 2483 595 2497 ε
614 2470 769 2502 Virorum
793 2470 968 2502 illustrium
990 2471 1100 2502 nodos
1126 2470 1328 2511 theologales

241 2511 442 2545 solventium
460 2527 490 2552 ι,
514 2520 649 2556 apparet
663 2520 776 2547 noster
791 2514 1054 2556 Commentator‚
1070 2516 1112 2547 de
1127 2525 1195 2556 quo
1219 2515 1327 2546 statim

240 2555 489 2597 Nomenclator,
520 2560 705 2591 Matthaeus
735 2560 926 2592 Bandellus:
961 2574 976 2587 «r
1003 2561 1124 2602 Aspice
1148 2573 1176 2598 υ,
1207 2560 1326 2601 11191111,

243 2614 259 2629 ‹
279 2611 380 2644 quam
403 2604 560 2642 alacriter,
583 2605 730 2637 iucunde
760 2614 798 2636 ac
821 2604 937 2636 festive
960 2606 1090 2637 incedat
1112 2605 1167 2636 ille
1194 2604 1326 2636 Franci-

239 2656 315 2678 scus
330 2648 554 2687 Ferrariensis,
569 2655 701 2682 nostrae
717 2650 830 2682 aetatis
847 2649 986 2688 delitiae,
1002 2652 1052 2682 vir
1066 2651 1184 2691 optimi
1202 2651 1325 2690 ingenii

240 2698 273 2723 et
295 2693 337 2724 ad
359 2703 512 2736 quaeque
535 2695 748 2737 intelligenda
777 2695 1015 2737 prodendaque
1039 2695 1257 2727 accomodati.
1282 2695 1325 2726 Ut

239 2735 340 2775 vides,
364 2747 435 2770 non
458 2740 505 2771 illi
529 2741 679 2781 corporis
695 2740 822 2782 optima
837 2740 996 2772 habitudo
1016 2747 1072 2772 aut
1096 2740 1201 2771 forma
1225 2739 1324 2780 deest,

238 2790 308 2813 non
331 2782 479 2821 facilitas,
502 2794 572 2816 11011
595 2786 793 2822 humanitas,
810 2795 876 2826 qua
892 2786 933 2817 ad
957 2795 991 2816 se
1007 2785 1186 2816 amandum
1208 2794 1325 2815 omnes

239 2826 369 2860 alliciat.
397 2829 505 2861 Callet
529 2830 618 2861 enim
646 2830 768 2861 litteras
796 2840 928 2871 graecas
959 2837 991 2861 et
1013 2831 1146 2867 latinas,
1170 2830 1323 2870 logicam,

237 2870 484 2914 philosophiam
508 2881 541 2906 et
561 2875 777 2916 theologiam.
803 2875 894 2914 Quid
916 2875 1035 2916 loquar
1058 2875 1099 2906 de
1123 2875 1322 2915 eloquentia,

239 2926 325 2959 quae
348 2918 379 2949 ei
401 2919 576 2960 peculiaris
593 2917 663 2951 est?
686 2919 777 2959 Quid
793 2920 834 2952 de
849 2921 986 2958 musica,
1011 2930 1077 2961 qua
1095 2921 1243 2961 apprime
1267 2919 1323 2950 de-

239 2962 394 2995 lectatur?
423 2964 538 2996 Unum
564 2963 660 3006 (absit
688 2965 811 2996 invidia
836 2964 951 3007 verbo)
978 2965 1125 3002 dixerim,
1153 2974 1242 2995 rarus
1265 2969 1324 3001 est,

240 3009 309 3040 imo
332 3009 513 3040 rarissimus
533 3010 649 3047 homo,
676 3010 769 3041 soleo
793 3009 901 3042 dicere
925 3011 961 3041 in
987 3011 1098 3051 ipsum
1121 3008 1324 3051 procreando

242 3062 358 3085 omnes
380 3063 455 3085 suas
477 3055 562 3085 vires
584 3059 734 3085 naturam
750 3056 946 3096 congesisse.
971 3055 1081 3086 Edidit
1095 3055 1190 3096 plura
1213 3063 1324 3095 opera,

241 3105 274 3130 et
287 3099 449 3140 imprimis
464 3099 549 3142 stylo
566 3099 632 3130 alto
648 3099 748 3130 vitam
765 3099 1038 3140 praeclarissimae
1055 3099 1201 3131 Mulieris
1220 3098 1325 3130 Osan-

240 3144 516 3182 nae'Mantuanae
533 3155 572 3176 ex
587 3145 684 3175 tertio
698 3144 822 3175 Ordine
834 3150 959 3182 nostro,
976 3154 1042 3186 qua
1053 3154 1127 3176 vere
1143 3144 1325 3176 ostenditur

239 3197 317 3220 eum
338 3198 408 3220 esse
431 3189 580 3227 latinum,
605 3198 658 3220 sex
689 3189 778 3220 libris
808 3189 993 3221 distinctam
1021 3189 1160 3231 digessit.
1189 3189 1325 3230 Scripsit

239 3234 275 3265 in
297 3234 398 3266 libros
419 3244 505 3275 quos
529 3234 623 3266 divus
639 3234 788 3265 Thomas
811 3235 960 3275 Aquinas
984 3235 1150 3266 contexuit
1173 3233 1324 3264 adversus

242 3277 363 3310 Gentes
393 3280 627 3311 commentaria
653 3280 778 3320 egregia
805 3285 836 3310 et
865 3278 1022 3316 fusisima,
1047 3289 1132 3320 quae
1155 3288 1198 3309 ne
1220 3277 1323 3309 modo

240 3323 466 3364 procudantur
487 3325 707 3355 Horatianum
730 3323 811 3355 illud
835 3325 952 3360 obstat,
975 3323 1127 3355 videlicet
1157 3323 1257 3354 editio
1281 3332 1323 3353 ne

239 3369 481 3410 praecipitetur,
498 3369 556 3400 sed
573 3379 698 3400 nonum
716 3373 894 3410 prematur
909 3369 942 3399 in
959 3377 1094 3399 annum.
1120 3368 1196 3399 Cito
1212 3373 1322 3398 tamen

241 3423 280 3444 ea
302 3414 403 3445 visuri
425 3423 550 3446 sumus.
573 3415 745 3445 Praetereo
779 3414 918 3444 scholias
945 3418 978 3444 et
1004 3413 1200 3453 glossemata
1229 3421 1322 3443 more

239 3459 483 3500 paraphrastice
500 3460 541 3490 ab
563 3460 638 3500 ipso
655 3459 741 3490 edita
756 3459 790 3489 in
814 3459 915 3489 libros
931 3458 1166 3494 Posteriorum‚
1191 3463 1224 3488 et
1237 3457 1324 3487 mul—

240 3503 358 3543 tiiugas
381 3504 547 3535 orationes
564 3509 636 3540 etc.,
654 3513 739 3544 quae
759 3503 903 3534 hominis
926 3503 1096 3543 ingenium
1113 3511 1150 3533 ac
1166 3502 1322 3532 litteratu-

241 3557 310 3579 ram
334 3548 512 3579 ostendunt
531 3562 546 3576 »
576 3547 654 3590 (Op.
680 3549 733 3579 cit.
759 3548 816 3579 fol.
846 3556 902 3588 ¹4¹
924 3546 971 3589 v).

297 3592 377 3623 Post
398 3593 522 3624 multos
545 3603 661 3630 annos,
686 3593 727 3624 de
750 3594 826 3624 viris
849 3593 1027 3624 illustribus
1051 3591 1187 3622 civitatis
1211 3591 1322 3621 Ferra—

242 3638 307 3668 riae
323 3637 477 3675 scribens,
494 3637 625 3669 easdem
648 3638 760 3669 laudes
784 3638 936 3668 Albertus
959 3637 1103 3677 replicat,
1131 3649 1145 3663 ‹
1166 3635 1323 3676 quemad-

242 3681 382 3712 modum
404 3683 519 3723 scripsi
542 3683 576 3713 in
601 3688 717 3723 quarto
741 3683 825 3713 libro
849 3683 1003 3713 Virorum
1030 3681 1204 3712 illustrium
1227 3680 1322 3710 Prae-

1392 631 1575 664 dicatorum
1595 648 1623 672 ι,
1648 635 1828 676 adiungens
1852 638 1943 677 quod
1970 651 1983 664 ‹
2003 639 2043 669 ad
2072 649 2181 670 veram
2208 642 2306 672 vitam
2330 644 2462 680 transiit,

1391 686 1469 708 cum
1492 688 1613 718 magno
1638 679 1758 711 damno
1783 682 1883 712 totius
1900 682 2030 713 Ordinis
2047 683 2307 716 Praedicatorum
2330 687 2363 717 in
2387 689 2463 718 civi—

1391 727 1456 752 tate
1480 722 1520 753 de
1544 724 1675 754 Rennes
1698 725 1731 755 in
1756 726 1920 763 Brittania,
1952 727 2031 758 dum
2063 729 2279 760 visitationem
2309 732 2463 771 praedicti

1392 766 1524 798 Ordinis
1540 767 1687 806 faciebat,
1705 779 1792 800 anno
1813 771 1908 808 1528,
1926 771 1977 802 die
1998 780 2035 812 19
2061 772 2257 813 Septembris
2276 787 2290 802 ›
2320 775 2463 816 (Descri-

1390 811 1486 852 {ione
1509 813 1543 843 di
1566 818 1650 844 tutta
1675 813 1816 851 I'Italia,
1841 815 1971 847 Bonon.
2001 818 2095 853 1550,
2120 817 2141 848 f.
2168 817 2258 859 313).

1447 857 1559 888 Simile
1584 858 1728 899 elogium
1753 860 1831 890 texit
1861 860 1942 891 alius
1971 867 2166 892 coaetaneus
2196 863 2343 903 scriptor,
2367 864 2464 895 Seba-

1391 901 1513 932 stianus
1537 902 1577 933 de
1602 902 1751 940 Olmeda,
1775 905 1809 934 in
1832 905 1898 935 suis
1923 904 2105 943 Chronicis,
2121 907 2155 936 in
2171 912 2260 946 parte
2283 909 2464 947 posteriori,

1390 946 1424 976 in
1449 956 1513 987 qua
1538 947 1578 978 de
1602 957 1635 978 se
1659 954 1794 979 testatus
1812 954 1876 979 est:
1897 963 1910 976 «
1931 949 1998 980 Iam
2015 959 2092 990 ergo
2112 960 2196 990 quae
2212 951 2362 983 viderunt
2378 954 2465 984 oculi

1390 992 1491 1021 nostri
1509 998 1540 1022 et
1555 1002 1671 1023 manus
1684 1000 1814 1024 nostrae
1827 1000 2109 1026 contrectaverunt
2120 1005 2246 1026 narrare
2259 997 2432 1037 incipimus
2447 1010 2462 1026 s

1392 1035 1428 1076 (f.
1446 1046 1497 1066 mx
1515 1037 1634 1079 verso).
1651 1038 1784 1068 Narrata
1799 1038 1961 1070 electione
1977 1039 2010 1070 in
2027 1040 2170 1080 capitulo
2194 1041 2346 1072 Romano
2370 1041 2463 1079 facta,

1389 1081 1435 1111 sic
1446 1083 1664 1122 prosequitur:
1676 1096 1690 1109 ‹
1705 1083 1922 1114 Concorditer
1933 1084 2030 1124 igitur
2042 1091 2150 1115 creato
2164 1084 2314 1116 Generali
2327 1096 2364 1117 ex
2377 1086 2465 1117 ltalia

1388 1126 1555 1166 praedicto
1576 1127 1730 1168 Magistro
1746 1128 1930 1165 Francisco,
1947 1129 2148 1169 complacuit
2163 1138 2298 1170 quoque
2313 1130 2465 1162 Pontifici

1388 1171 1422 1200 111
1446 1170 1543 1208 facto,
1568 1173 1625 1212 qui
1650 1172 1808 1203 Ordinem
1831 1174 1864 1204 in
1889 1174 2064 1204 visceribus
2088 1174 2248 1204 charitatis
2271 1175 2464 1206 multimode

1387 1224 1422 1246 se
1445 1225 1556 1256 gerere
1581 1217 1831 1248 demonstrabat.
1857 1218 1932 1249 Fuit
1955 1219 2065 1259 itaque
2088 1218 2279 1249 Franciscus
2301 1220 2365 1256 hic,
2389 1226 2464 1260 post

1386 1270 1558 1301 proceram
1583 1263 1812 1303 egregiamque
1837 1263 2002 1294 exterioris
2025 1263 2167 1294 hominis
2195 1263 2344 1301 formam,
2372 1274 2464 1304 prae-

1387 1305 1480 1336 claris
1505 1307 1603 1337 etiam
1621 1313 1755 1338 naturae
1779 1307 1910 1338 dotibus
1940 1308 2074 1338 interius
2103 1307 2242 1339 donatus
2265 1319 2284 1339 a
2307 1309 2463 1346 Domino,

1387 1356 1420 1381 et
1443 1360 1550 1382 sermo
1575 1352 1646 1382 eius
1669 1361 1798 1392 semper
1820 1352 1854 1383 in
1878 1354 1979 1392 gratia
2008 1352 2258 1393 prudentiaque,
2287 1363 2325 1384 ac
2355 1364 2464 1385 rerum

1387 1396 1586 1436 experientia
1609 1402 1718 1427 tantus
1743 1402 1902 1436 quantum
1927 1396 2035 1428 Officii
2058 1397 2194 1437 dignitas
2225 1397 2352 1438 exigere
2374 1399 2464 1430 vide-

1386 1441 1491 1478 batur,
1515 1441 1678 1472 maximus
1701 1447 1841 1472 sectator
1864 1441 1930 1471 divi
1953 1442 2106 1472 Doctoris
2129 1442 2289 1479 Th0mae,
2313 1443 2347 1473 in
2371 1444 2464 1474 cuius

1387 1485 1483 1516 etiam
1508 1485 1680 1517 Summam
1704 1491 1817 1517 contra
1834 1485 1980 1516 Gentiles
1994 1495 2081 1516 nova
2097 1487 2329 1517 commentaria
2346 1487 2464 1518 cudere

1386 1535 1524 1561 conatus
1541 1536 1589 1561 est
1607 1544 1622 1558 ›
1645 1530 1755 1571 (Nova
1777 1530 1945 1561 Chronica
1964 1530 2099 1561 Ordinis
2114 1531 2396 1568 Praedicatorum,
2414 1532 2462 1563 ed.

1386 1580 1537 1606 correcta
1561 1580 1592 1606 et
1607 1575 1680 1606 sola
1696 1575 1889 1616 approbata,
1911 1575 2006 1612 1550,
2026 1574 2083 1606 fol.
2109 1586 2202 1606 cxxw
2216 1585 2320 1613 verso,
2337 1576 2404 1607 MS.
2429 1578 2464 1607 in

1386 1620 1517 1650 Archiv.
1542 1620 1628 1660 Mag.
1653 1619 1737 1650 Gen.
1762 1619 1841 1650 Ord.
1864 1618 2005 1661 Praed.).

1442 1664 1492 1695 De
1515 1665 1585 1695 istis
1609 1663 1862 1695 Commentariis
1885 1674 1974 1695 nunc
1991 1664 2164 1705 agendum.
2182 1664 2249 1695 lam
2273 1674 2359 1695 anno
2380 1666 2463 1705 1517

1385 1709 1557 1740 terminata
1580 1708 1679 1740 fuisse
1697 1719 1735 1739 ex
1759 1708 1910 1740 Leandro
1935 1719 2032 1750 supra
2054 1709 2185 1740 laudato
2202 1708 2384 1740 didicimus.
2408 1709 2465 1741 Se-

1385 1754 1533 1785 cundum
1556 1754 1766 1785 traditionem
1782 1763 1800 1784 a
1815 1753 1932 1784 Plodio
1953 1754 2107 1795 (Michele
2130 1752 2203 1794 Pio)
2229 1755 2379 1794 sequenti
2395 1764 2464 1785 sae-

1385 1799 1463 1830 culo
1474 1799 1618 1836 relatam,
1630 1799 1783 1830 inchoata
1798 1798 1926 1829 fuerant
1937 1804 2012 1839 post
2023 1808 2171 1829 mensem
2183 1798 2261 1829 Maii
2276 1799 2352 1829 anni
2370 1799 2464 1836 1508,

1385 1852 1454 1884 quo
1477 1844 1642 1884 publicata
1666 1843 1798 1875 fuerunt
1821 1843 2066 1874 Commentaria
2094 1843 2240 1874 Caietani
2263 1844 2296 1874 in
2323 1843 2464 1874 Primam

1385 1888 1514 1919 Partem
1537 1888 1694 1920 Summae
1717 1887 1922 1928 Theologiae
1938 1887 2048 1919 Sancti
2064 1888 2224 1918 Th0mae.
2252 1888 2358 1928 Vulgo
2376 1889 2463 1919 enim

1384 1932 1548 1964 ferebatur
1571 1933 1663 1974 quod
1687 1934 1879 1964 Franciscus
1903 1943 1921 1963 a
1943 1933 2106 1973 principio
2136 1942 2233 1973 super
2260 1932 2348 1963 idem
2378 1942 2463 1973 opus

1383 1979 1554 2016 scribebat,
1579 1978 1636 2009 sed
1658 1979 1727 2009 visa
1749 1978 1977 2010 lucubratione
2001 1977 2148 2008 Caietani
2172 1977 2211 2007 ab
2235 1977 2390 2018 incoepto
2407 1978 2463 2009 de-

1383 2023 1462 2053 stitit
1489 2029 1522 2053 et
1545 2023 1586 2054 ad
1609 2022 1896 2054 commentandam
1921 2022 2090 2054 Summam
2119 2027 2231 2052 contra
2261 2021 2406 2053 Gentiles
2429 2032 2463 2053 se

1383 2068 1554 2100 convertit.
1581 2067 1691 2109 (Delle
1719 2068 1787 2098 Vite
1816 2067 1907 2109 degli
1933 2067 2098 2099 Huomini
2129 2066 2253 2097 illustri
2278 2066 2312 2097 di
2335 2066 2368 2097 S.
2392 2067 2463 2097 Do-

1382 2112 1521 2145 menico.
1546 2112 1696 2144 Seconda
1719 2113 1821 2149 Parte,
1845 2112 1942 2143 Pavia
1962 2112 2057 2149 1613,
2073 2121 2106 2152 ρ.
2132 2110 2220 2152 144).
2244 2111 2336 2142 Licet
2353 2117 2461 2142 autem

1383 2157 1453 2188 eius
1485 2157 1730 2188 Commentaria
1760 2157 1826 2188 iam
1857 2167 1944 2188 anno
1981 2158 2063 2197 1517
2098 2156 2262 2196 completa
2296 2161 2395 2192 erant,
2429 2162 2462 2187 et

1381 2201 1530 2233 Leander
1553 2202 1710 2243 exprimat
1733 2211 1826 2243 spem
1842 2212 1879 2233 ea
1903 2203 1969 2233 cito
1987 2200 2128 2237 videndi,
2145 2210 2203 2241 per
2225 2200 2334 2240 plures
2357 2210 2461 2231 annos

1380 2247 1603 2288 manuscripta
1625 2247 1811 2283 manebant,
1835 2252 1867 2278 et
1889 2247 1924 2277 in
1950 2246 2006 2277 illa
2029 2245 2229 2282 conditione,
2252 2250 2351 2285 prout
2373 2245 2461 2276 idem

1380 2291 1516 2322 Plodius
1539 2290 1712 2322 traditione
1735 2290 1846 2322 referri
1870 2290 1958 2327 dicit,
1981 2301 2000 2321 a
2023 2290 2181 2321 Caietano
2205 2290 2277 2330 ipso
2300 2290 2368 2319 visa
2390 2288 2460 2320 fue-

1381 2342 1458 2366 runt
1481 2335 1614 2376 quando
1638 2345 1726 2366 anno
1748 2335 1831 2366 1518
1855 2344 1914 2376 per
1937 2335 2123 2366 Bononiam
2152 2334 2306 2372 transivit,
2339 2333 2396 2373 qui
2423 2343 2461 2365 ea

1381 2381 1529 2421 impense
1555 2380 1708 2420 laudavit,
1736 2386 1769 2411 et
1800 2380 1908 2411 Patres
1937 2379 1978 2411 ad
2008 2389 2123 2410 eorum
2152 2378 2399 2419 impressionem
2427 2379 2461 2409 in

1380 2425 1547 2466 publicam
1563 2425 1736 2456 utilitatem
1753 2426 1846 2456 enixe
1862 2426 2009 2456 hortatus
2028 2429 2085 2455 est.
2102 2423 2251 2454 Tandem
2268 2432 2355 2453 anno
2376 2423 2460 2462 1524

1380 2471 1536 2511 impressa
1559 2469 1692 2501 fuerunt
1714 2470 1870 2506 Venetiis,
1886 2479 1952 2500 una
1968 2478 2044 2500 cum
2067 2474 2157 2499 textu
2178 2467 2210 2499 S.
2227 2468 2386 2504 Th0mae,
2403 2477 2461 2507 per

1380 2515 1506 2546 Lucam
1521 2515 1705 2546 Antonium
1721 2514 1825 2551 Iunta,
1843 2519 1975 2545 curante
1994 2514 2103 2544 Fratre
2123 2512 2262 2543 Iordano
2279 2511 2319 2542 de
2342 2512 2458 2548 Brixia,

1379 2559 1512 2591 Ordinis
1538 2559 1811 2591 Praedicatorum.
1841 2559 1986 2590 Durante
2009 2558 2234 2598 impressione,
2258 2557 2458 2593 Franciscus,

1380 2604 1468 2645 apud
1491 2605 1676 2635 Bononiam
1693 2604 1823 2644 degens,
1843 2604 1990 2634 Vicarius
2005 2603 2056 2633 sui
2072 2602 2202 2633 Ordinis
2227 2602 2391 2632 institutus
2411 2606 2459 2632 est

1379 2659 1398 2680 a
1421 2649 1594 2680 Clemente
1610 2649 1668 2680 V11
1692 2658 1751 2690 per
1768 2649 1889 2680 litteras
1905 2648 2003 2687 datas,
2020 2653 2056 2679 ut
2072 2647 2221 2683 diximus,
2241 2645 2294 2677 die
2317 2654 2357 2685 29
2375 2645 2456 2684 Iulii,

1380 2704 1465 2735 quae
1497 2703 1573 2725 cum
1603 2694 1788 2725 Bononiam
1819 2703 1887 2724 non
1915 2692 2105 2724 advenerint
2134 2690 2266 2731 quando
2296 2690 2376 2730 ipse,
2404 2689 2457 2720 die

1378 2739 1483 2780 prima
1498 2739 1648 2780 Augusti,
1665 2747 1759 2769 suam
1775 2737 2015 2768 dedicationem
2031 2737 2166 2776 scripsit,
2182 2736 2216 2766 in
2232 2735 2286 2765 illa
2308 2734 2397 2765 nulla
2420 2733 2457 2764 fit

1378 2784 1503 2815 mentio
1534 2784 1631 2814 huius
1662 2783 1770 2814 officii.
1802 2783 1998 2813 Nominatur
2028 2790 2105 2811 vero
2137 2781 2171 2811 in
2198 2779 2394 2818 frontispitio
2424 2784 2457 2809 et

1379 2829 1585 2870 colophone:
1615 2828 1786 2869 impressio
1811 2828 1898 2858 enim
1922 2836 1990 2857 non
2014 2831 2062 2856 est
2084 2825 2252 2856 terminata
2267 2823 2328 2854 nisi
2343 2832 2455 2853 mense

1379 2874 1541 2905 Octobris.

1435 2918 1529 2959 Opus
1553 2923 1680 2949 constat
1703 2917 1803 2948 unico
1819 2916 1987 2947 volumine
2003 2916 2037 2946 in
2052 2923 2152 2955 parvo
2176 2912 2268 2949 folio,
2293 2912 2455 2942 characte—

1377 2963 1466 2994 ribus
1481 2963 1620 3004 gothicis
1639 2963 1798 3003 impresso
1807 2971 1815 2998 3
1841 2959 2085 2992 Commentaria
2099 2963 2223 2989 textum
2239 2956 2347 2988 Sancti
2363 2955 2454 2986 Tho-

1378 3017 1452 3039 mae
1475 3007 1688 3039 circumdant.
1714 3006 1887 3047 Occupant
1910 3005 1989 3035 folia
2013 3004 2087 3040 525,
2116 3012 2174 3033 seu
2201 3001 2333 3042 paginas
2356 3001 2451 3031 1050.

1378 3053 1581 3084 Praecedunt
1608 3052 1675 3083 duo
1706 3057 1863 3092 quaterna
1891 3059 1975 3090 quae
2006 3053 2137 3089 portant
2164 3045 2397 3086 frontispitium
2421 3050 2453 3075 et

1378 3099 1440 3129 alia
1463 3098 1504 3129 de
1528 3098 1647 3138 quibus
1671 3097 1788 3127 statim.
1814 3095 1902 3136 Siglo
1927 3094 1957 3125 A
1979 3099 2132 3124 notamus
2155 3093 2272 3131 ipsum.
2373 3134 2379 3140 ι

1433 3143 1692 3183 Frontispitium,
1710 3142 1809 3172 rubro
1830 3146 1862 3171 et
1884 3140 1978 3179 nigro
1995 3139 2198 3178 impressum,
2216 3139 2349 3166 ornatur
2371 3143 2451 3164 11113-

1377 3188 1506 3228 ginibus
1522 3187 1755 3226 theologorum
1771 3191 1803 3216 et
1826 3183 2110 3225 philosophorum.
2130 3181 2240 3211 Portat
2254 3179 2378 3218 insigne
2401 3183 2451 3218 ty-

1377 3233 1577 3273 pographiae
1601 3232 1759 3267 luminae,
1789 3230 1894 3260 lilium
1922 3237 1998 3258 cum
2020 3227 2133 3257 litteris
2155 3225 2192 3255 L.
2215 3224 2254 3254 A.
2281 3223 2450 3262 Inscriptio

1378 3284 1426 3308 est
1449 3277 1616 3317 sequentis
1639 3276 1775 3306 tenoris:

1437 3335 1451 3348 ‹
1475 3320 1613 3363 (Rubro)
1641 3320 1672 3351 S.
1697 3320 1784 3350 Tho.
1810 3323 1922 3349 contra
1945 3315 2101 3347 Gentiles.
2127 3313 2213 3344 Cum
2240 3319 2404 3342 commen.
2427 3328 2451 3333 -

1380 3365 1509 3408 (Nigro)
1529 3367 1566 3396 B.
1579 3366 1726 3396 Thomas
1742 3364 1888 3404 Aquinas
1901 3371 1939 3392 ex
1955 3359 2187 3401 praedicatoria
2202 3356 2323 3387 familia
2339 3360 2451 3385 contra

1379 3411 1525 3442 Gentiles
1549 3411 1663 3441 acriter
1685 3414 1809 3450 pugnat
1824 3408 1888 3438 hoc
1905 3405 2028 3441 codice,
2045 3410 2077 3434 et
2099 3403 2240 3443 gloriose
2263 3400 2450 3440 triumphat.

1377 3455 1482 3487 Cuius
1498 3456 1594 3486 nobis
1617 3455 1723 3485 iacula
1740 3453 1779 3484 ad
1796 3450 1977 3483 consimilia
1992 3448 2167 3480 certamina
2182 3446 2373 3476 Franciscus
2389 3443 2451 3474 fer-

1377 3501 1525 3532 rariensis
1549 3500 1684 3530 solerter
1707 3497 1846 3539 expedit.
1874 3496 1962 3526 Huic
1993 3493 2147 3524 Clemens
2174 3490 2233 3521 VII
2256 3490 2339 3520 Pon.
2364 3488 2449 3519 Max.

1376 3553 1451 3587 post
1467 3545 1634 3586 egregium
1649 3544 1793 3584 regimen
1810 3539 2041 3574 observantiae,
2055 3546 2139 3577 quae
2155 3534 2354 3566 lombardiae
2363 3543 2451 3584 nun-

1378 3597 1525 3631 cupatur,
1557 3589 1679 3629 regenti
1711 3591 1910 3618 conventum
1943 3590 1974 3614 et
2002 3581 2211 3623 gymnasium
2245 3581 2451 3611 bonomense

1379 3636 1477 3678 (quae
1501 3635 1568 3665 duo
1585 3642 1721 3664 munera
1744 3640 1815 3661 raro
1833 3630 1971 3671 contigit
1986 3638 2091 3659 unum
2107 3626 2205 3657 simul
2221 3623 2324 3666 obire)
2350 3623 2451 3654 totius

1377 3680 1499 3711 ordinis
1525 3688 1635 3709 curam
1660 3677 1775 3707 merito
1800 3674 1972 3705 commisit.
1998 3673 2096 3703 Anno
2120 3671 2231 3702 salutis
2255 3667 2450 3700 MDXXIIII.
