2768 4134
27 824 37 834 ·
53 821 90 844 Cf.
105 821 154 843 init.
170 819 243 842 Com-

29 852 100 872 ment.

23 2337 32 2346 ·
47 2336 98 2357 Art.
109 2341 122 2364 3
133 2334 195 2363 (Vol.
205 2340 236 2361 iv,

24 2369 47 2390 p.
71 2368 119 2390 277,
147 2361 237 2383 Turon.

24 2389 96 2418 ¹903)-

22 2564 32 2572 ·
47 2561 82 2584 cf.
94 2561 147 2587 11³..
157 2567 206 2585 xxi,
218 2567 237 2587 ις

23 2587 54 2611 IV
62 2588 136 2613 Sene..
146 2587 169 2609 d.
178 2593 238 2614 xcvi,

23 2621 47 2643 q.
59 2621 75 2641 ι,
86 2621 106 2636 ι.
119 2622 137 2641 ι,
150 2615 178 2642 q³
191 2622 208 2636 ι.

23 2828 32 2837 ·
49 2826 95 2854 Qu.
107 2832 155 2851 xxi.
169 2834 186 2849 ι.

275 295 351 332 256

273 379 303 404 te
317 381 448 402 manum
465 375 525 400 etc.
542 369 650 399 Iacobi
667 376 800 408 quoque
813 377 834 403 1,
854 366 920 403 Qui
935 365 993 396 dat
1008 364 1155 395 omnibus
1171 363 1347 404 affluenter

272 423 303 448 et
325 426 390 446 non
416 415 625 455 improperat.

327 460 463 498 Quint0,
481 458 520 489 de
537 457 673 488 veritate
689 456 773 497 quae
796 461 843 486 est
865 455 979 486 virtus.
1002 454 1122 484 Omnia
1138 461 1222 493 quae
1238 462 1257 483 a
1272 452 1345 483 Deo

272 514 339 535 esse
357 503 529 543 accipiunt,
547 503 616 533 eius
632 500 877 532 similitudinem
899 505 1025 540 gerunt,
1042 499 1238 538 inquantum
1258 498 1346 527 bona

271 555 344 580 sunt
361 554 392 578 et
407 548 552 589 proprias
568 547 708 577 rationes
730 546 764 576 in
788 545 953 576 intellectu
978 543 1087 573 divino
1111 542 1239 572 habent.
1257 542 1344 582 Ergo

270 596 303 625 in
326 595 399 633 ipso
423 598 471 623 est
493 592 622 623 veritas:
648 591 787 632 pertinet
810 590 898 621 enim
918 589 958 619 ad
974 588 1125 618 virtutem
1141 588 1292 623 veritatis,
1309 593 1345 617 ut

270 638 387 669 dicitur
402 637 445 668 1v
460 637 576 672 Ethic„
594 642 630 667 ut
646 637 680 666 in
696 636 761 666 suis
778 634 869 666 factis
894 640 924 664 et
949 633 1041 663 dictis
1064 632 1181 672 aliquis
1197 641 1231 663 se
1246 631 1344 662 talem

270 683 417 714 exhibeat
434 682 537 722 qualis
553 687 610 712 est.
627 699 650 703 -
666 679 886 711 Confirmatur
910 678 1099 708 auctoritate
1122 676 1285 717 Apostoli,
1301 676 1346 707 ad

270 728 364 758 Rom.
385 737 430 762 111,
453 727 515 757 Est
537 732 644 757 autem
668 726 758 756 Deus
781 734 885 756 verax
908 729 988 759 etc.;
1013 728 1045 753 et
1068 722 1197 759 Psalmi,
1225 721 1345 752 Omnes

271 773 343 803 viae
366 777 442 802 tuae
466 771 596 803 veritas.

326 817 378 848 111.
404 816 573 855 Quantum
596 815 637 846 ad
659 815 789 845 tertium
805 815 832 850 *,
857 812 933 843 dicit
957 812 1074 852 primo,
1097 810 1188 851 quod
1211 811 1344 841 virtutes

270 872 355 904 quae
379 862 568 892 ordinantur
591 860 631 891 ad
654 860 797 890 actiones
822 867 906 898 quae
929 861 1004 887 sunt
1027 855 1219 886 inferiorum
1235 854 1276 886 ad
1291 865 1344 886 su-

268 907 422 948 periores,
438 912 475 937 ut
491 905 685 940 obedientia,
701 904 800 939 latria,
822 908 854 933 et
876 900 1074 937 huiusmodi,
1091 901 1164 931 Deo
1180 910 1248 931 non
1265 909 1344 931 con-

268 952 414 983 veniunt.

326 996 413 1027 Dicit
428 994 573 1026 secundo
590 992 691 1035 quod,
709 993 734 1023 si
750 993 905 1022 virtutum
922 999 1006 1030 quae
1030 990 1102 1021 Deo
1127 989 1344 1020 attribuuntur

269 1046 344 1072 sunt
367 1041 467 1080 aliqui
491 1045 580 1070 actus
604 1036 795 1079 imperfecti,
819 1035 1001 1066 secundum
1018 1035 1091 1066 illos
1106 1035 1196 1075 ipsae
1211 1034 1344 1064 virtutes

269 1086 340 1116 Deo
357 1094 424 1115 non
441 1084 649 1115 conveniunt.
674 1081 768 1113 Unde
791 1080 962 1121 prudentia
986 1086 1146 1121 quantum
1170 1079 1211 1110 ad
1234 1084 1344 1110 actum

268 1131 350 1161 bene
375 1128 565 1160 consiliandi
588 1128 647 1158 sibi
669 1136 737 1157 non
754 1126 920 1157 convenit:
946 1134 1022 1156 cum
1046 1125 1220 1156 consilium
1235 1124 1344 1164 inqui-

268 1175 340 1205 sitio
365 1172 525 1214 quaedam
541 1173 591 1208 sit,
609 1178 644 1202 ut
660 1171 776 1202 dicitur
792 1170 836 1201 VI
851 1170 968 1206 Ethic„
986 1179 1071 1210 quae
1086 1170 1121 1200 in
1138 1169 1210 1200 Deo
1230 1168 1344 1200 locum

266 1229 335 1250 non
351 1219 456 1249 habet.
470 1217 564 1249 Unde
577 1217 636 1247 Iob
647 1226 721 1247 xxv1
734 1215 860 1252 dicitur,
876 1215 939 1246 Cui
954 1214 1071 1246 dedisti
1082 1214 1256 1245 consilium
1270 1219 1342 1250 etc.;

267 1270 298 1294 et
314 1263 423 1294 Isaiae
433 1273 482 1298 xn,
499 1262 580 1292 Cum
597 1271 660 1302 quo
678 1261 752 1291 iniit
766 1259 940 1292 consilium
953 1266 1014 1290 etc.
1028 1259 1217 1291 Secundum
1233 1264 1343 1290 autem

266 1308 358 1339 illum
383 1313 490 1338 actum
515 1307 571 1347 qui
595 1311 643 1337 est
666 1305 706 1336 de
731 1305 905 1336 consiliatis
928 1305 1012 1335 bene
1035 1304 1188 1340 iudicare,
1205 1309 1237 1334 et
1259 1303 1343 1334 iudi-

266 1359 335 1384 cata
351 1352 478 1393 eligere,
495 1351 575 1382 nihil
590 1350 740 1391 prohibet
755 1349 960 1391 prudentiam
977 1349 1017 1380 de
1034 1349 1106 1380 Deo
1123 1349 1196 1380 dici.
1209 1367 1232 1371 -
1243 1348 1344 1379 Addit

266 1403 374 1428 autem
390 1397 527 1428 Sanctus
539 1396 684 1426 Thomas
701 1395 792 1436 quod
809 1394 971 1426 interdum
986 1399 1095 1425 tamen
1113 1393 1286 1425 consilium
1303 1393 1343 1424 de

266 1443 338 1473 Deo
354 1441 575 1482 metaphorice
592 1440 721 1471 dicitur:
746 1440 798 1471 vel
822 1445 955 1481 propter
970 1439 1214 1470 similitudinem
1231 1439 1343 1469 occul-

265 1487 406 1523 tationis,
430 1492 466 1517 ut
489 1491 577 1526 patet
607 1485 717 1516 Isaiae
739 1495 811 1521 xxv,
839 1484 1020 1516 secundum
1048 1485 1214 1525 antiquam
1242 1490 1343 1514 trans-

265 1532 430 1567 lationem,
459 1531 514 1562 ubi
542 1530 669 1566 dicitur,
696 1530 879 1561 Consilium
910 1534 1000 1560 tuum
1032 1529 1202 1571 antiquum
1231 1538 1342 1559 verum

255 1577 340 1618 fiat,·
363 1576 414 1607 vel
437 1576 632 1616 inquantum
657 1575 901 1606 consulentibus
924 1573 1086 1611 satisfacit,
1103 1580 1151 1606 est
1170 1574 1258 1606 enim
1274 1574 1342 1604 sine

266 1621 412 1652 discursu
435 1620 643 1660 intelligentis
666 1620 823 1650 instruere
846 1619 1055 1660 inquirentes.
1124 1619 1127 1622 ⁴

322 1666 476 1697 Similiter
508 1665 628 1695 iustitia
663 1670 823 1704 quantum
855 1664 896 1695 ad
933 1663 1199 1695 commutationis
1232 1668 1342 1693 actum

267 1711 338 1742 Deo
369 1720 437 1741 non
469 1710 636 1750 competit,
661 1718 737 1740 cum
769 1709 838 1749 ipse
869 1719 887 1739 a
918 1709 1011 1740 nullo
1035 1709 1172 1749 accipiat
1207 1707 1343 1748 (scilicet

267 1755 358 1796 quod
374 1756 414 1786 sit
430 1760 592 1785 creaturae
609 1759 641 1784 et
656 1763 724 1784 non
741 1753 828 1794 Dei),
844 1759 881 1784 ut
896 1759 984 1794 patet
1000 1753 1095 1784 Rom.
1112 1763 1144 1784 xx
1162 1758 1195 1784 et
1216 1752 1275 1783 Iob
1291 1762 1343 1783 xm

267 1799 537 1837 (similitudinarie
553 1805 662 1829 tamen
678 1798 786 1838 aliqua
802 1798 874 1829 Deo
891 1797 965 1829 dare
982 1798 1130 1834 dicimur,
1147 1798 1343 1838 inquantum

267 1845 356 1875 Deus
378 1849 488 1875 nostra
511 1843 583 1874 data
607 1843 781 1883 acceptat):
807 1842 863 1873 sed
887 1843 969 1874 bene
993 1848 1152 1883 quantum
1176 1841 1215 1872 ad
1239 1842 1343 1873 distri-

266 1889 408 1920 butionis
432 1894 550 1919 actum.
576 1887 671 1919 Unde
695 1887 881 1928 Dionysius,
905 1897 961 1918 vm
985 1897 1055 1928 cap.
1080 1887 1120 1918 de
1139 1887 1215 1917 Diu.
1233 1887 1341 1922 Nom„

266 1934 309 1964 ait
333 1933 423 1974 quod
447 1933 570 1964 iustitia
593 1932 752 1963 laudatur
774 1932 865 1963 Deus
886 1932 972 1963 sicut
995 1932 1143 1962 omnibus
1165 1931 1343 1962 secundum

265 1978 457 2020 dignitatem
482 1977 694 2008 distribuens:
717 1977 804 2006 iuxta
828 1975 908 2007 illud
929 1977 1046 2006 Matth.
1059 1986 1131 2012 xxv,
1148 1976 1248 2006 Dedit
1270 1976 1342 2006 uni-

265 2023 381 2064 cuique
403 2021 580 2053 secundum
599 2021 772 2062 propriam
797 2021 958 2056 virtutem,
983 2026 1044 2051 etc.

322 2068 374 2098 1v.
392 2066 456 2098 Sed
471 2066 607 2097 dubium
624 2066 774 2096 occurrit.
794 2065 878 2096 Nam
895 2065 1087 2106 oppositum
1102 2065 1199 2095 huius
1215 2064 1343 2095 videtur

264 2113 373 2143 haberi
397 2110 547 2143 Secunda
563 2109 743 2146 Secundae,
768 2119 800 2150 q.
816 2120 878 2146 Lxx,
896 2119 924 2141 a.
941 2120 973 2150 4,
990 2109 1031 2141 ad
1052 2118 1078 2141 1.
1103 2109 1150 2140 lbi
1173 2110 1262 2141 enim
1286 2109 1342 2140 ha-

263 2158 357 2188 betur
369 2155 460 2197 quod
466 2156 586 2198 forma
597 2155 701 2186 divini
713 2154 835 2191 iudicii,
844 2159 949 2195 prout
960 2160 1184 2196 recompensat
1188 2154 1341 2196 praemia

264 2201 388 2232 meritis
404 2206 436 2232 et
448 2200 609 2241 supplicia
625 2199 780 2240 peccatis,
793 2199 975 2230 attenditur
985 2199 1162 2230 secundum
1179 2200 1341 2230 rationem

265 2246 515 2278 commutativae
538 2245 690 2276 iustitiae.

322 2300 351 2321 2.
366 2290 418 2321 Ad
429 2291 493 2321 hoc
505 2289 642 2320 dubium
652 2288 779 2319 videtur
790 2288 987 2329 respondere
997 2288 1189 2329 Capreolus
1203 2288 1230 2319 11
1241 2288 1340 2325 Sent„

265 2335 296 2366 d.
313 2345 398 2366 xxvn
410 2336 438 2371 ⁵,
455 2333 556 2375 quod,
581 2334 606 2364 si
630 2334 805 2374 loquamur
827 2333 868 2364 de
891 2334 1016 2364 actibus
1038 2333 1210 2364 meritoriis
1225 2342 1341 2364 secun-

266 2379 345 2411 dum
369 2389 484 2410 eorum
507 2378 718 2409 substantiam
735 2384 767 2409 et
783 2384 819 2408 ut
835 2387 852 2408 a
869 2378 971 2409 libero
993 2378 1123 2408 arbitrio
1147 2378 1340 2419 procedunt,

265 2425 310 2455 sic
326 2425 409 2455 inter
433 2424 540 2454 Deum
564 2428 596 2453 et
618 2423 798 2459 hominem,
815 2422 894 2454 dum
911 2423 1000 2454 Deus
1023 2432 1083 2464 pro
1107 2423 1229 2454 meritis
1252 2423 1342 2454 retri-

266 2470 345 2505 buit,
373 2478 440 2499 non
470 2474 518 2499 est
547 2468 678 2508 proprie
701 2467 820 2498 iustitia
847 2468 1090 2499 commutativa.
1115 2467 1157 2498 Et
1179 2468 1225 2498 sic
1248 2468 1342 2499 intel-

266 2514 374 2555 ligitur
397 2513 488 2553 quod
511 2513 544 2543 in
568 2512 678 2543 multis
701 2512 783 2543 locis
805 2512 912 2553 inquit
931 2512 1068 2543 Sanctus
1085 2511 1242 2548 Thomas,
1259 2513 1342 2543 inter

266 2559 374 2589 Deum
398 2563 430 2588 et
452 2557 620 2588 hominem
644 2566 712 2588 non
737 2566 805 2587 esse
821 2557 976 2588 iustitiam
999 2557 1267 2588 commutativam
1279 2558 1343 2588 ’.-

266 2603 299 2634 Si
323 2609 431 2633 autem
455 2602 630 2642 loquamur
652 2601 692 2632 de
716 2602 840 2632 actibus
863 2602 1035 2632 meritoriis
1059 2607 1158 2643 prout
1181 2611 1219 2632 ex
1242 2603 1342 2643 gratia

266 2653 297 2678 et
312 2647 460 2678 motione
477 2646 614 2687 Spiritus
630 2646 738 2677 Sancti
755 2646 947 2687 procedunt,
965 2647 1010 2677 sic
1026 2647 1109 2678 inter
1125 2646 1233 2678 Deum
1250 2656 1342 2687 prae-

265 2693 419 2722 miantem
443 2697 475 2722 et
497 2691 666 2722 hominem
690 2692 772 2722 bene
795 2692 948 2722 meritum
973 2697 1020 2722 est
1043 2691 1174 2732 proprie
1191 2701 1341 2723 commu-

264 2737 360 2767 tativa
383 2736 517 2766 iustitia:
543 2736 619 2776 quia
642 2735 785 2766 redditur
807 2736 943 2776 aequale
967 2745 1027 2777 pro
1052 2735 1190 2777 aequali.

321 2780 384 2812 Sed
407 2781 471 2811 hoc
494 2789 563 2811 non
586 2780 713 2811 videtur
735 2781 813 2811 mihi
838 2780 878 2811 ad
901 2787 1045 2812 mentem
1066 2781 1175 2812 Sancti
1191 2781 1340 2812 'rhomae

265 2835 344 2856 esse.
372 2825 456 2856 Nam
483 2826 564 2856 ratio
594 2835 693 2866 quam
716 2825 769 2857 hic
797 2824 938 2862 adducit,
962 2832 994 2856 et
1017 2826 1050 2856 in
1075 2826 1181 2857 Prima
1204 2826 1296 2857 Parte
1312 2827 1340 2862 ⁹,

265 2871 342 2911 quia
365 2869 514 2901 videlicet
538 2870 626 2900 Deus
650 2880 668 2900 a
691 2870 782 2901 nullo
807 2871 933 2911 accipit,
950 2870 1066 2902 militat
1085 2871 1200 2902 tamin
1217 2871 1341 2902 actibus

265 2915 436 2945 meritoriis
459 2919 495 2945 ut
519 2924 537 2944 a
560 2914 662 2945 libero
687 2915 817 2946 arbitrio
841 2920 926 2951 sunt,
944 2925 1043 2957 quam
1066 2915 1100 2946 in
1124 2916 1248 2946 actibus
1271 2925 1340 2947 me-

265 2959 382 2990 ritoriis
406 2964 442 2990 ut
465 2958 648 3000 procedunt
671 2969 689 2989 a
712 2960 821 3000 gratia.
846 2960 929 2991 Nam
954 2961 1037 2991 sicut
1061 2970 1079 2991 a
1102 2960 1195 2992 nullo
1223 2961 1341 3002 accipit

265 3009 373 3034 actum
397 3003 576 3034 naturalem
600 3009 756 3044 tanquam
780 3004 833 3035 ille
858 3011 947 3036 actus
971 3005 1071 3036 solius
1094 3005 1238 3036 hominis
1253 3006 1293 3036 sit
1309 3012 1340 3037 et

264 3058 331 3079 non
364 3048 436 3085 Dei,
461 3058 535 3079 cum
567 3049 636 3089 ipse
666 3058 801 3080 omnem
832 3050 983 3081 virtutem
1013 3050 1192 3081 naturalem
1217 3050 1341 3082 dederit

266 3098 428 3124 creaturae
452 3098 484 3124 et
506 3094 610 3134 ipsam
627 3092 666 3124 ad
683 3094 908 3134 operationem
931 3094 1086 3136 applicet;
1111 3095 1164 3132 ita,
1182 3100 1214 3126 et
1233 3096 1339 3127 multo

264 3139 376 3178 magis,
393 3143 502 3168 actum
526 3136 737 3169 informatum
761 3139 860 3179 gratia
882 3149 951 3170 non
975 3140 1093 3180 accipit
1116 3149 1134 3170 a
1157 3140 1252 3171 nobis
1270 3146 1340 3171 tan-

266 3192 364 3223 quam
387 3182 510 3223 aliquid
533 3183 672 3214 omnino
696 3189 854 3219 nostrum,
872 3193 948 3215 cum
972 3185 1041 3225 ipsa
1064 3185 1174 3225 gratia,
1192 3194 1277 3226 quae
1293 3191 1341 3216 est

266 3227 461 3267 principium
493 3227 649 3264 merendi,
674 3228 714 3258 ab
745 3228 816 3268 ipso
847 3229 880 3259 in
911 3229 1053 3260 animam
1083 3228 1281 3261 infundatur.
1306 3229 1340 3261 Si

266 3281 354 3311 ergo,
372 3272 448 3312 quia
463 3281 481 3302 a
497 3272 589 3303 nullo
614 3273 741 3313 accipit,
758 3283 826 3303 non
843 3279 890 3304 est
905 3274 1025 3305 iustitia
1040 3275 1073 3305 in
1090 3275 1163 3315 ipso
1180 3280 1339 3316 quantum

266 3315 306 3346 ad
329 3322 437 3347 actum
461 3317 740 3353 commutationis;
767 3323 896 3358 oportet
920 3318 1025 3350 dicere
1049 3319 1271 3350 universaliter
1285 3329 1339 3350 ve—

267 3370 337 3390 rum
362 3370 430 3391 esse
455 3361 545 3401 quod
568 3362 600 3391 in
625 3361 717 3392 nuno
741 3362 852 3393 divino
882 3363 1005 3394 iudicio
1030 3364 1069 3394 sit
1096 3364 1286 3404 simpliciter
1309 3370 1340 3395 et

267 3406 395 3444 proprie
419 3406 652 3437 commutativa
675 3406 804 3438 iustitia.

324 3449 352 3479 3.
378 3449 513 3489 Propter
539 3450 630 3491 quod
660 3450 752 3482 aliter
781 3451 860 3482 mihi
891 3451 1066 3483 dicendum
1090 3452 1226 3488 videtur,
1251 3453 1340 3484 salvo

268 3502 393 3533 semper
416 3494 543 3525 meliori
568 3494 699 3526 iudicio.

270 3580 276 3587 ⁸
324 3537 374 3567 Ad
403 3539 494 3569 euius
525 3539 729 3576 evidentiam,
755 3540 1027 3571 considerandum
1057 3547 1105 3572 est
1133 3541 1238 3582 quod,
1263 3551 1340 3573 cum

268 3581 386 3611 iustitia
410 3584 640 3614 commutativa
671 3590 772 3624 ponat
802 3585 1028 3626 aequalitatem
1058 3586 1141 3616 inter
1170 3586 1281 3617 datum
1309 3592 1341 3617 et

251 3631 449 3667 acceptum,
473 3627 538 3658 sive
561 3628 644 3659 inter
667 3628 797 3659 dantem
821 3634 853 3660 et
876 3629 1100 3670 accipientem,
1117 3629 1184 3661 duo
1208 3637 1283 3662 sunt
1300 3630 1340 3662 de

268 3669 392 3699 ratione
416 3670 528 3710 ipsius:
554 3672 673 3703 scilicet
697 3673 787 3712 quod
811 3674 850 3704 sit
874 3674 1049 3714 aequalitas
1072 3675 1260 3715 simpliciter
1276 3674 1340 3706 dati

855 287 1044 324 SUMMA
1074 258 1297 323 CONTRA
1326 284 1604 332 GENTILES,
1635 285 1746 322 CAP.
1767 285 1896 323 XCIII.

1401 369 1432 394 et
1448 363 1584 403 accepti,
1597 368 1643 399 ut,
1656 364 1802 403 inquam,
1819 364 1846 394 si
1862 364 2062 404 accipiantur
2078 363 2236 404 quinque,
2250 363 2367 395 dentur
2383 365 2478 405 quin-

1401 417 1483 448 que;
1509 414 1540 438 et
1564 407 1656 448 quod
1676 408 1716 438 sit
1731 408 1776 438 ibi
1791 417 1866 439 vere
1881 408 2004 445 datum,
2021 407 2112 449 quod
2135 409 2249 449 utique
2273 414 2321 439 est
2344 409 2477 450 quando

1400 452 1433 483 id
1457 452 1548 493 quod
1571 452 1688 483 dicitur
1711 452 1779 483 dari
1803 459 1851 484 est
1873 452 1987 490 dantis,
2013 459 2044 484 et
2066 452 2159 484 nullo
2190 452 2292 484 modo
2323 454 2392 484 eius
2424 454 2477 485 cui

1401 497 1503 533 datur,
1534 498 1731 537 inquantum
1761 497 1961 529 huiusmodi.
1993 497 2026 528 Si
2057 507 2135 538 ergo
2165 498 2198 528 in
2230 504 2305 528 actu
2338 498 2477 529 iustitiae

1399 547 1536 581 utraque
1561 542 1676 572 harum
1700 541 1928 573 conditionum
1948 542 2137 583 reperiatur,
2154 542 2272 573 dicitur
2286 542 2331 572 ibi
2346 543 2478 583 proprie

1400 587 1633 617 commutativa
1656 586 1776 617 iustitia
1799 595 1878 617 esse.
1903 587 1937 618 Si
1961 593 2070 618 autem
2094 597 2162 618 non
2186 588 2226 618 sit
2244 592 2382 627 utraque
2398 597 2478 618 con-

1399 630 1490 667 ditio,
1515 631 1571 662 sed
1594 641 1661 663 una
1683 636 1822 667 tantum,
1845 636 1903 662 aut
1924 632 2032 673 aliqua
2056 633 2117 663 alia
2140 633 2210 663 eius
2234 631 2391 668 conditio,
2408 641 2477 663 non

1400 676 1525 707 dicetur
1536 686 1605 707 esse
1618 677 1662 707 ibi
1679 676 1913 707 commutativa
1924 677 2055 714 iustitia,
2067 677 2125 708 sed
2136 677 2253 718 aliquis
2265 678 2335 708 eius
2346 676 2477 708 modus.

1455 721 1581 751 Dicitur
1604 730 1681 761 ergo
1705 721 1824 761 primo,
1842 720 1934 761 quod
1956 722 2144 762 simpliciter
2159 728 2191 753 et
2206 723 2338 763 proprie
2353 722 2388 752 in
2403 722 2476 752 Deo

1399 775 1467 796 non
1492 771 1539 796 est
1562 766 1682 796 iustitia
1706 765 1949 796 commutativa.
1979 766 2065 797 Nam
2089 776 2165 798 cum
2188 766 2332 798 redditur
2355 766 2477 808 aliquid

1399 820 1416 841 a
1441 810 1513 841 Deo
1537 820 1597 851 pro
1622 815 1734 841 nostro
1759 816 1834 841 actu
1861 815 1988 841 tantum
2018 811 2184 843 moraliter
2211 812 2313 848 bono,
2336 821 2405 843 non
2430 817 2478 842 est

1399 855 1443 885 ibi
1467 855 1643 896 aequalitas
1666 855 1868 896 simpliciter:
1894 864 1971 886 curn
1991 855 2081 886 Deus
2097 855 2152 886 det
2166 856 2241 896 plus
2257 865 2357 897 quam
2373 857 2476 887 homo

1398 906 1574 937 mereatur;
1601 906 1632 931 et
1656 900 1790 931 ulterius
1821 909 1921 931 omne
1951 909 2037 941 opus
2067 901 2193 931 bonum
2226 902 2266 932 sit
2289 902 2391 942 magis
2415 901 2478 932 Dei

1399 954 1499 986 quam
1518 951 1692 977 creaturae.
1717 945 1805 976 Cum
1821 950 1931 976 autem
1947 945 2091 976 redditur
2110 945 2243 986 aliquid,
2260 946 2382 978 scilicet
2401 947 2475 978 bea-

1398 990 1515 1027 titudo,
1539 1000 1600 1031 pro
1624 997 1699 1021 actu
1722 990 1890 1022 meritorio
1914 989 1955 1021 de
1979 989 2156 1031 condigno,
2177 990 2320 1022 redditur
2343 991 2477 1032 quidem

1399 1035 1534 1075 aequale
1549 1045 1610 1076 pro
1627 1035 1766 1076 aequali,
1791 1034 1848 1066 sed
1870 1035 1979 1076 ipsum
2003 1035 2157 1066 meritum
2177 1035 2273 1066 etiam
2297 1035 2399 1076 magis
2414 1035 2477 1066 Dei

1399 1085 1447 1110 est
1463 1089 1563 1120 quam
1579 1085 1744 1111 creaturae
1768 1089 1853 1120 quae
1876 1085 2028 1111 meretur.
2053 1079 2095 1110 Et
2110 1079 2186 1110 ideo
2202 1079 2235 1110 in
2251 1079 2345 1111 nullo
2366 1079 2476 1111 divino

1398 1124 1520 1156 iudicio
1544 1130 1612 1156 tota
1635 1125 1716 1156 ratio
1747 1125 1998 1156 commutativae
2029 1125 2169 1156 iustitiae
2199 1124 2348 1156 salvatur.
2372 1124 2414 1155 Et
2437 1123 2477 1156 ad

1398 1170 1486 1200 hunc
1502 1178 1635 1200 sensum
1658 1170 1804 1211 loquitur
1819 1169 1957 1202 Sanctus
1973 1169 2120 1200 Thomas
2142 1170 2177 1200 in
2200 1170 2265 1200 hoc
2287 1169 2364 1200 loco
2389 1175 2421 1200 et
2442 1170 2477 1200 in

1398 1214 1505 1245 Prima
1528 1215 1632 1246 Parte.

1454 1259 1581 1291 Dicitur
1610 1258 1768 1295 secundo,
1800 1258 1893 1300 quod
1921 1259 1954 1290 in
1986 1258 2091 1290 forma
2122 1258 2223 1290 divini
2252 1258 2375 1295 iudicii,
2400 1268 2478 1290 curn

1398 1313 1458 1345 pro
1482 1305 1605 1335 meritis
1628 1304 1784 1341 retribuit,
1806 1309 1854 1335 est
1873 1303 1994 1335 iustitia
2018 1303 2219 1334 distributiva
2242 1303 2431 1344 simpliciter
2445 1309 2478 1334 et

1398 1349 1539 1390 proprie,
1555 1349 1752 1390 inquantum
1777 1348 1870 1380 datur
1891 1348 2072 1389 unicuique
2092 1347 2275 1380 secundum
2290 1357 2477 1379 mensuram

1397 1394 1513 1434 ipsius:
1537 1394 1581 1425 ita
1603 1393 1755 1425 videlicet
1777 1393 1869 1434 quod
1892 1393 1997 1434 qualis
2013 1398 2061 1424 est
2075 1393 2247 1434 proportio
2262 1393 2347 1424 inter
2363 1393 2478 1424 merita

1398 1439 1464 1470 sive
1488 1444 1631 1479 peccata,
1655 1439 1726 1470 talis
1750 1445 1799 1469 est
1825 1438 1997 1480 proportio
2027 1438 2112 1469 inter
2137 1438 2282 1479 praemia
2303 1439 2371 1469 sive
2394 1438 2480 1469 inter

1398 1493 1531 1524 poenas.
1563 1484 1621 1515 Est
1651 1489 1761 1515 tamen
1791 1483 1836 1514 ibi
1865 1482 2000 1524 quidam
2030 1482 2160 1520 modus,
2189 1482 2283 1519 idest,
2316 1483 2477 1524 quaedam

1398 1528 1544 1560 conditio
1561 1529 1700 1560 iustitiae
1720 1528 1988 1560 commutativae:
2013 1528 2209 1569 inquantum
2231 1528 2267 1559 in
2290 1528 2350 1559 ista
2373 1527 2477 1559 distri-

1398 1573 1534 1604 butione
1561 1574 1782 1614 praemiorum
1812 1579 1869 1605 aut
1897 1582 2080 1614 poenarum
2110 1572 2287 1604 attenditur
2316 1571 2478 1614 quaedam

1397 1618 1573 1659 aequalitas
1597 1618 1681 1649 inter
1704 1617 1737 1649 id
1761 1617 1853 1659 quod
1875 1618 1934 1648 uni
1957 1617 2052 1648 datur
2075 1623 2108 1648 et
2131 1618 2200 1649 eius
2223 1617 2392 1654 meritum3
2420 1622 2479 1649 aut

1398 1663 1596 1704 simpliciter,
1612 1663 1808 1704 inquantum
1832 1667 1960 1693 tantum
1983 1661 2128 1693 redditur
2143 1666 2303 1703 quantum
2319 1662 2392 1703 quis
2407 1671 2478 1694 me-

1397 1714 1494 1744 retur,
1511 1708 1595 1739 sicut
1609 1708 1643 1738 in
1659 1707 1866 1739 beatitudinis
1882 1706 2028 1744 datione;
2053 1713 2109 1738 aut
2132 1706 2314 1738 secundum
2338 1716 2477 1748 propor-

1397 1753 1533 1789 tionem,
1557 1753 1754 1794 inquantum
1777 1752 1867 1783 Deus
1891 1751 1944 1782 dat
1967 1751 2149 1783 secundum
2165 1752 2429 1783 convenientiam
2445 1757 2478 1783 et

1397 1797 1579 1829 decentiam
1603 1807 1680 1828 suae
1703 1797 1866 1833 bonitatis,
1883 1802 1915 1827 et
1931 1802 2075 1827 creatura
2098 1795 2280 1828 secundum
2296 1806 2389 1828 suam
2404 1806 2477 1838 par-

1397 1843 1528 1873 vitatem
1550 1847 1712 1882 operatur.
1738 1841 1779 1872 Et
1802 1841 1843 1872 ad
1857 1841 1946 1872 hunc
1962 1850 2094 1872 sensum
2110 1841 2299 1882 intelligitur
2314 1840 2405 1882 quod
2421 1840 2477 1872 ad-

1398 1887 1534 1918 ductum
1551 1891 1598 1918 est
1622 1886 1662 1917 de
1685 1885 1837 1918 Secunda
1851 1885 2032 1917 Secundae.
2056 1885 2134 1916 Non
2150 1886 2239 1916 enim
2253 1885 2324 1916 vult
2339 1885 2477 1920 Sanctus

1398 1931 1544 1962 Thomas
1567 1930 1659 1972 quod
1682 1931 1715 1961 in
1740 1930 1845 1961 forma
1867 1929 1968 1961 divini
1990 1929 2103 1961 iudicii
2126 1939 2195 1971 quo
2213 1929 2320 1961 reddit
2333 1931 2478 1971 prumia

1397 1976 1519 2007 meritis
1535 1981 1567 2006 et
1582 1975 1742 2016 supplicia
1765 1975 1918 2016 peccatis,
1934 1975 1975 2005 sit
1990 1974 2122 2016 proprie
2144 1980 2177 2006 et
2199 1974 2363 2015 complete
2385 1975 2477 2007 iusti-

1397 2021 1459 2051 tiae
1476 2021 1729 2052 commutativae
1745 2025 1852 2050 actus:
1877 2019 1935 2050 sed
1950 2018 2042 2060 quod
2057 2019 2103 2050 ibi
2119 2025 2168 2050 est
2182 2018 2317 2060 quidam
2335 2019 2478 2053 iustitiae

1397 2065 1650 2096 commutativae
1666 2063 1786 2096 modus
1798 2063 2026 2105 quaedamque
2039 2063 2201 2102 conditio;
2217 2069 2255 2096 ut
2266 2069 2355 2106 patet
2366 2073 2406 2096 ex
2417 2063 2478 2096 do-

1397 2110 1498 2141 ctn'na
1513 2110 1615 2150 ipsius
1635 2109 1678 2140 1v
1691 2109 1791 2145 Sent„
1808 2108 1958 2140 d.x1.v1·.
1984 2108 2061 2140 Ideo
2077 2109 2167 2140 nulla
2182 2114 2231 2140 est
2250 2108 2476 2141 contradictio.

1453 2154 1492 2186 V.
1517 2155 1688 2193 Quantum
1711 2154 1752 2185 ad
1775 2159 1929 2195 quartum
1943 2155 1972 2190 “,
1996 2159 2144 2185 removet
2167 2153 2305 2186 Sanctus
2329 2153 2478 2189 Thomas

1396 2199 1545 2231 dubium.
1569 2199 1748 2231 Videbatur
1771 2199 1859 2230 enim
1881 2199 1916 2230 in
1938 2198 2008 2230 eius
2023 2199 2130 2230 verbis
2145 2198 2360 2231 contradictio
2376 2208 2478 2241 quu-

1396 2244 1471 2275 dam
1489 2254 1568 2281 esse,
1586 2244 1666 2275 dum
1682 2244 1841 2285 superius,
1865 2243 1900 2274 in
1922 2243 2128 2284 praecedenti
2151 2244 2267 2285 capite,
2291 2244 2415 2286 absque
2437 2243 2477 2276 ii-

1396 2289 1566 2320 mitatione
1589 2288 1669 2320 dixit
1691 2289 1825 2320 virtutes
1847 2297 1932 2329 quae
1955 2287 1996 2320 ad
2019 2289 2156 2320 activam
2178 2288 2278 2320 vitam
2302 2289 2475 2330 pertinent,

1396 2340 1494 2375 prout
1518 2334 1603 2365 hanc
1626 2334 1726 2364 vitam
1741 2333 1926 2374 perficiunt,
1943 2333 2016 2364 Deo
2039 2342 2110 2365 non
2132 2339 2336 2375 competere;
2361 2334 2395 2364 in
2411 2333 2476 2365 hoe

1396 2384 1506 2409 autem
1530 2379 1634 2419 capite
1658 2379 1808 2419 probavit
1831 2377 1988 2419 quasdam
2012 2387 2124 2413 earum
2147 2378 2209 2419 ipsi
2233 2378 2418 2410 convenire.

1454 2422 1644 2464 Respondet
1666 2423 1765 2463 igitur
1786 2423 1920 2454 virtutes
1942 2422 2132 2454 huiusmodi
2149 2431 2218 2453 non
2235 2431 2304 2454 esse
2327 2422 2475 2455 eiusdem

1395 2468 1529 2500 rationis
1552 2468 1585 2498 in
1610 2468 1682 2498 Deo
1707 2473 1740 2498 et
1766 2467 1800 2498 in
1827 2467 2027 2504 hominibus,
2051 2467 2109 2500 sed
2140 2476 2210 2498 esse
2235 2467 2477 2500 universalioris

1396 2513 1594 2545 extensionis
1609 2513 1644 2543 in
1660 2513 1744 2553 ipso.
1769 2511 1874 2543 Cuius
1895 2512 1978 2543 ratio
2002 2518 2051 2544 est
2073 2513 2150 2554 quia
2173 2512 2319 2544 actiones
2338 2512 2379 2544 ad
2394 2521 2477 2554 quas

1395 2556 1585 2589 huiusmodi
1601 2557 1735 2588 virtutes
1757 2555 1956 2593 ordinantur.
1973 2556 2156 2588 secundum
2180 2566 2253 2588 suas
2277 2557 2418 2590 rationes
2435 2566 2477 2590 ex

1396 2603 1492 2634 rebus
1514 2602 1665 2633 humanis
1689 2611 1758 2632 non
1781 2601 1981 2642 dependent:
2005 2601 2148 2633 iudicare
2171 2602 2259 2633 enim
2275 2601 2316 2633 de
2332 2601 2475 2644 agendis,

1396 2653 1452 2678 aut
1467 2646 1590 2687 aliquid
1606 2646 1681 2678 dare
1697 2651 1730 2677 et
1745 2645 1944 2683 distribuere,
1961 2655 2030 2677 non
2054 2651 2103 2677 est
2124 2646 2226 2678 solius
2249 2646 2402 2684 hominis,
2418 2646 2476 2679 sed

1396 2691 1569 2724 cuiuslibet
1591 2691 1794 2722 intellectum
1818 2691 1975 2722 habentis.
2002 2691 2119 2732 Neque
2134 2692 2233 2732 igitur
2247 2691 2382 2723 virtutes
2395 2692 2475 2724 iane

1396 2737 1436 2768 ad
1459 2735 1648 2767 huiusmodi
1671 2735 1817 2767 actiones
1841 2735 1993 2767 ordinant
2015 2734 2198 2767 secundum
2228 2735 2320 2776 quod
2346 2741 2475 2768 contra-

1395 2782 1519 2812 huntur
1534 2780 1575 2812 ad
1590 2790 1640 2812 res
1656 2781 1826 2817 humanas,
1838 2781 1900 2812 nisi
1916 2780 2098 2812 secundum
2115 2780 2206 2822 quod
2221 2782 2321 2812 vitam
2337 2781 2475 2813 activam

1396 2826 1573 2858 humanam
1596 2825 1758 2856 ordinant.
1791 2824 1887 2858 Unde
1909 2825 1944 2856 in
1968 2825 2041 2857 Deo
2065 2831 2141 2857 sunt
2163 2826 2403 2858 universalioris
2425 2835 2476 2858 ra-

1395 2871 1494 2902 tionis
1517 2880 1617 2912 quam
1640 2870 1674 2901 in
1698 2870 1901 2901 hominibus:
1926 2870 2070 2902 hominis
2093 2870 2182 2902 enim
2204 2871 2326 2902 iustitia
2341 2871 2382 2903 ad
2397 2871 2476 2903 civi·

1395 2921 1494 2947 tatem
1518 2914 1569 2946 vel
1594 2914 1732 2946 domum
1755 2924 1790 2946 se
1813 2915 1920 2951 habet,
1940 2915 2061 2946 iustitia
2085 2921 2194 2946 autem
2218 2915 2279 2947 Dei
2303 2915 2344 2947 ad
2367 2921 2475 2948 totum

1395 2961 1594 2992 universum.

1450 3005 1498 3036 Ex
1522 3005 1571 3036 his
1594 3005 1742 3045 sequitur
1764 3003 1856 3045 quod
1875 3004 2003 3036 divinae
2027 3005 2161 3036 virtutes
2187 3010 2373 3036 nostrarum
2399 3010 2476 3037 sunt

1395 3050 1598 3091 exemplares
1610 3050 1640 3080 ἐ
1667 3050 1743 3090 quia
1759 3058 1844 3090 quae
1867 3054 2032 3081 contracta
2055 3055 2087 3080 et
2109 3049 2245 3080 limitata
2261 3055 2347 3087 sunt,
2363 3049 2476 3083 ω
2500 3054 2511 3065 ·
2556 3070 2562 3077 -

1395 3095 1524 3126 tudines
1539 3100 1615 3126 sunt
1630 3093 1856 3126 absolutorum
1872 3094 1912 3125 ab
1927 3094 2006 3135 ipsis
2021 3093 2213 3135 exemplata,
2229 3094 2314 3126 sicut
2327 3103 2364 3126 se
2378 3094 2475 3126 habet

1395 3140 1507 3171 lumen
1531 3139 1686 3170 candelae
1701 3138 1742 3170 ad
1758 3139 1870 3170 lumen
1887 3138 1975 3170 solis.
1991 3157 2014 3161 -
2029 3139 2122 3170 Aliae
2138 3148 2227 3176 vero,
2243 3148 2328 3180 quae
2342 3139 2474 3181 proprie

1395 3185 1467 3215 Deo
1491 3193 1560 3215 non
1584 3184 1796 3220 conveniunt,
1812 3192 1881 3214 non
1905 3183 2026 3215 habent
2049 3183 2214 3225 exemplar
2236 3184 2270 3215 in
2293 3183 2402 3215 divina
2416 3192 2474 3214 na-

1395 3235 1476 3266 tura,
1493 3228 1549 3260 sed
1565 3229 1673 3260 solum
1697 3229 1731 3259 in
1752 3228 1859 3259 divina
1875 3229 2047 3270 sapientia:
2065 3229 2149 3260 sicut
2164 3234 2197 3260 et
2211 3237 2262 3260 res
2276 3228 2472 3269 corporales.

1453 3283 1483 3305 2.
1501 3274 1597 3305 Circa
1612 3274 1862 3314 responsionem
1878 3273 1973 3310 hanc,
1990 3272 2262 3304 considerandum
2278 3271 2370 3313 quod
2385 3272 2474 3304 aliud

1396 3324 1443 3349 est
1466 3318 1573 3349 dicere
1598 3318 1755 3350 iustitiam
1785 3318 2024 3350 distributivam
2054 3317 2218 3354 absolute3
2249 3322 2281 3348 et
2311 3316 2399 3348 aliud
2426 3323 2474 3349 est

1396 3363 1502 3395 dicere
1526 3363 1683 3394 iustitiam
1707 3363 1947 3394 distributivam
1970 3363 2158 3398 humanam,
2174 3366 2231 3392 aut
2253 3361 2420 3399 divinam5
2441 3368 2474 3394 et

1395 3409 1440 3439 sic
1457 3407 1497 3439 de
1514 3408 1584 3439 aliis
1599 3408 1771 3439 virtutibus
1786 3417 1872 3449 quae
1887 3407 1960 3439 Deo
1983 3407 2213 3438 attribuuntun
2238 3406 2368 3438 Iustitia
2385 3407 2473 3438 enim

1395 3452 1543 3484 absolute
1567 3458 1697 3494 sumpta
1727 3462 1796 3484 non
1826 3447 2019 3484 determinat
2048 3450 2109 3482 sibi
2139 3450 2277 3482 modum
2305 3452 2389 3483 circa
2411 3451 2473 3484 hu-

1395 3507 1507 3528 manas
1531 3497 1783 3533 distributiones,
1799 3496 1855 3528 sed
1876 3495 1954 3528 dicit
1976 3494 2124 3527 ordinem
2149 3495 2189 3526 ad
2213 3494 2472 3527 distributionem

1396 3551 1503 3573 rerum
1520 3550 1751 3583 quaecumque
1769 3541 1842 3578 sint,
1859 3539 2041 3572 secundum
2065 3540 2328 3581 proportionem:
2353 3541 2473 3572 iustitia

1396 3592 1505 3618 autem
1517 3587 1663 3618 humana
1675 3585 1753 3618 dicit
1769 3585 1917 3616 ordinem
1929 3583 1969 3615 ad
1985 3584 2247 3616 distributionem
2263 3594 2372 3616 rerum
2389 3595 2473 3627 quae

1395 3632 1428 3662 in
1452 3640 1550 3662 usum
1569 3631 1743 3662 hominum
1757 3630 1902 3666 veniunt,
1927 3635 1959 3660 et
1982 3629 2021 3660 ab
2044 3629 2083 3660 iis
2106 3628 2322 3671 specificatur.
2339 3630 2382 3661 Et
2396 3631 2472 3672 quia

1395 3675 1435 3706 ad
1465 3674 1655 3706 huiusmodi
1684 3683 1734 3706 res
1763 3683 1831 3705 non
1862 3673 2017 3705 limitatur
2048 3673 2156 3705 divina
2188 3673 2385 3712 distributio,
2416 3675 2474 3707 sed
