2768 4134
885 280 1074 317 SUMMA
1104 281 1325 320 CONTRA
1354 284 1629 329 GENTILES,
1661 287 1772 324 CAP.
1795 289 1929 326 XXIV.

307 364 439 390 naturae
462 367 531 389 non
554 359 744 389 terminetur
766 358 807 389 ad
829 359 1081 399 productionem
1105 360 1228 392 formae
1246 364 1382 403 generis

307 402 364 434 sed
387 403 495 434 solum
519 402 644 434 formae
667 403 797 443 speciei,
821 413 890 434 non
914 405 1060 444 oportuit
1083 415 1206 446 ponere
1226 407 1312 438 ideas
1327 417 1383 448 ge·-

307 457 433 484 nerum,
458 447 515 478 sed
537 448 621 478 bene
645 447 837 488 specierum.
869 448 964 479 Unde
988 449 1078 489 quod
1108 451 1283 491 aliquando
1307 452 1384 482 dicit

263 507 277 517 -›
307 491 445 523 Sanctus
460 491 606 522 Th0mas
617 493 645 528 *,
668 492 838 522 Platonem
861 493 1009 532 posuisse
1033 504 1070 524 ea
1094 504 1178 535 quae
1202 496 1382 527 secundum

272 561 279 574 ‚
306 535 509 567 intellectum
532 536 670 576 separari
693 541 841 576 possunt,
858 546 927 567 esse
943 544 1086 577 separata
1106 539 1286 570 secundum
1303 549 1382 576 esse,

183 587 189 594 ·
211 588 217 600 ’
244 588 250 594 ·
273 589 278 598 ’
306 580 554 621 intelligendum
578 586 626 611 est
649 579 689 611 de
711 580 750 610 iis
766 589 851 620 quae
867 590 926 621 per
941 591 974 612 se
991 588 1066 613 sunt
1081 593 1099 613 a
1114 589 1227 614 natura
1249 585 1381 615 intenta.

306 624 507 656 Huiusmodi
530 630 640 656 autem
663 630 739 655 sunt
761 626 885 665 species
909 627 1165 666 specialissimae,
1190 634 1222 659 et
1245 638 1282 659 ea
1297 638 1382 669 quae

306 669 459 700 omnibus
483 674 558 700 sunt
582 669 781 706 communia,
805 675 841 700 ut
865 680 932 707 ens,
956 681 1060 702 unum
1090 678 1120 703 et
1149 673 1290 709 bonum;
1313 681 1382 703 non

305 719 415 744 autem
437 722 565 754 genera.

362 757 392 789 3.
415 757 661 788 Advertendum
685 758 776 798 quod
806 759 864 789 ista
894 760 1087 800 propositio,
1111 761 1313 800 Impossibile
1336 765 1384 791 est

304 801 431 843 aliquid
445 811 514 833 esse
528 806 604 833 actu
621 802 685 833 nisi
701 803 849 834 omnibus
871 804 1081 835 existentibus
1095 805 1210 845 quibus
1225 814 1294 835 esse
1308 805 1382 834 sub-

303 846 458 877 stantiale
480 846 683 888 designat-ur,
704 847 875 887 dupliciter
898 849 1017 888 exponi
1033 854 1151 888 potest.
1176 848 1252 879 Uno
1267 848 1380 885 modo,

304 897 340 922 ut
362 900 422 931 per
445 900 514 922 esse
537 892 745 922 substantiale
775 892 991 932 intelligamus
1020 893 1125 932 ipsam
1155 893 1326 923 essentiam
1350 899 1382 924 et

304 935 528 976 quidditatem.
553 936 595 966 Et
617 936 663 967 sic
686 937 755 967 sine
779 935 880 967 dubio
903 945 978 967 vera
1001 941 1059 972 est,
1075 942 1112 967 ut
1127 936 1305 968 declaratur
1324 946 1382 978 per

304 980 491 1021 exemplum
515 986 547 1011 et
576 980 720 1011 Platonis
749 980 963 1021 positionem:
987 989 1056 1010 non
1087 981 1175 1011 enim
1205 982 1323 1012 animal
1346 982 1380 1012 in

303 1030 378 1056 actu
394 1034 463 1056 esse
479 1030 588 1066 potest
602 1025 663 1056 nisi
679 1025 743 1056 sint
757 1023 955 1055 differentiae
971 1025 1090 1064 quibus
1105 1030 1219 1056 natura
1235 1026 1381 1057 animalis

303 1068 535 1100 determinatur
559 1069 600 1100 ad
623 1077 724 1100 unam
746 1068 890 1108 speciem
916 1068 1050 1099 ulterius
1081 1070 1290 1101 essentialiter
1312 1080 1380 1101 non

303 1113 592 1145 determinabilem.
620 1112 684 1144 Sed
707 1121 820 1143 sensus
835 1112 895 1143 iste
910 1121 980 1143 non
1004 1112 1132 1144 videtur
1150 1124 1219 1145 esse
1242 1114 1282 1145 ad
1305 1125 1380 1156 pro-

301 1158 462 1199 positum:
490 1158 567 1198 quia
597 1157 650 1188 hic
679 1157 834 1197 loquitur—
856 1156 992 1188 Sanctus
1017 1157 1163 1189 Thomas
1193 1158 1233 1190 de
1263 1160 1380 1191 actuali

303 1203 470 1234 existentia
493 1202 565 1238 Dei,
588 1210 658 1232 non
681 1201 722 1232 de
745 1201 892 1232 essentia.

359 1246 437 1278 ldeo
461 1245 606 1277 secundo
628 1245 731 1279 modo
751 1245 886 1286 intelligi
901 1251 1010 1286 potest
1024 1252 1061 1278 ut
1076 1256 1134 1287 per
1150 1257 1218 1279 esse
1234 1249 1381 1279 substan-

301 1291 377 1323 tiale
399 1290 596 1333 intelligatur
618 1290 689 1330 ipsa
712 1289 877 1321 actualitas
901 1291 1036 1322 essendi.
1064 1291 1106 1323 Et
1129 1298 1208 1323 tunc
1231 1293 1380 1333 probatio

247 1362 255 1364 s
293 1340 436 1376 potes(
433 1335 605 1376 dupliciter
628 1335 763 1375 exponi:
794 1334 917 1366 scilicet
946 1345 1005 1376 per
1031 1337 1117 1367 viam
1147 1337 1380 1375 similitudinis;

302 1385 335 1412 et
357 1389 416 1421 per
438 1380 525 1411 viam
547 1379 699 1420 exempli.
730 1379 791 1410 Per
813 1379 899 1410 viam
930 1380 1161 1412 similitudinis:
1187 1382 1273 1422 quia,
1298 1383 1382 1414 sicut

301 1425 422 1457 animal
444 1434 513 1456 non
535 1429 645 1465 potest
667 1424 801 1454 existere
823 1429 898 1455 actu
928 1425 989 1456 nisi
1019 1425 1175 1457 existente
1197 1426 1267 1467 ipsa
1290 1426 1381 1458 diffe-

302 1470 404 1501 rentia
419 1469 577 1500 limitante
592 1468 812 1504 essentialiter,
828 1469 882 1505 ita,
898 1469 925 1499 si
941 1479 1011 1500 esse
1026 1470 1253 1502 limitationem
1273 1481 1381 1502 essen-

301 1513 412 1546 tialem
434 1522 493 1555 per
515 1512 638 1554 aliquid
668 1512 756 1544 aliud
786 1513 929 1554 recipiat,
952 1523 1021 1544 non
1050 1515 1170 1555 poterit
1199 1516 1280 1556 poni
1306 1521 1381 1547 actu

302 1558 364 1590 nisi
386 1558 441 1590 illa
463 1557 641 1590 differentia
669 1558 825 1588 existente
854 1567 913 1598 per
935 1567 1036 1599 quam
1059 1559 1268 1591 essentialiter
1297 1560 1381 1592 limi-

302 1608 396 1634 tatur.
411 1620 435 1626 —
450 1603 511 1634 Per
534 1602 620 1633 viam
643 1602 741 1633 etiam
761 1602 916 1643 exempli:
941 1604 1099 1643 quoniam
1114 1604 1234 1636 animal
1248 1614 1317 1636 non
1334 1611 1382 1636 est

303 1653 378 1679 actu
392 1647 455 1679 nisi
470 1647 511 1678 sit
526 1647 635 1688 aliqua
659 1647 728 1678 eius
751 1645 930 1678 differentia
945 1656 1004 1688 per
1020 1657 1119 1688 quam
1136 1649 1205 1680 eius
1221 1659 1290 1680 esse
1306 1650 1381 1681 sub·

302 1692 449 1724 stantiale
472 1691 712 1723 determinetur.
737 1691 824 1731 Ergo
849 1697 881 1722 et
903 1692 1048 1724 similiter
1075 1693 1109 1724 in
1137 1694 1290 1725 omnibus
1313 1695 1381 1726 aliis

302 1737 382 1768 nihil
413 1742 461 1768 est
490 1736 524 1768 in
555 1742 630 1768 actu
660 1736 721 1767 nisi
751 1736 960 1768 existentibus
990 1738 1143 1768 omnibus
1171 1739 1289 1779 quibus
1313 1749 1382 1770 esse

302 1781 511 1813 substantiale
543 1781 753 1812 essentialiter
784 1780 1024 1813 determinatur.
1057 1782 1239 1821 Quomodo
1272 1790 1382 1815 autem

302 1835 362 1867 per
374 1826 532 1858 rationale
548 1830 604 1856 aut
618 1825 801 1856 irrationale
825 1834 894 1857 esse
918 1826 1124 1858 substantiale
1140 1827 1381 1865 determinetur,

303 1869 428 1902 dicetur
449 1870 484 1901 in
506 1870 599 1901 tertia
621 1870 746 1901 ratione
758 1870 785 1901 ⁹.

359 1915 398 1946 11.
415 1914 480 1946 Sed
495 1915 637 1946 occurrit
652 1914 800 1945 dubium.
821 1914 908 1953 Quia
922 1924 991 1946 non
1007 1915 1135 1947 videtur
1149 1916 1383 1948 inconveniens

304 1959 447 1991 divinam
470 1959 643 1990 essentiam
666 1968 736 1990 esse
759 1964 833 1990 actu
857 1968 915 2000 per
937 1959 1060 2000 ahquid
1083 1961 1336 2002 superadditum,
1356 1962 1383 1993 si

303 2003 385 2036 illud
408 2004 448 2035 ab
473 2003 610 2034 essentia
633 2003 758 2034 realiter
787 2013 856 2034 non
887 2003 1114 2045 distinguatur:
1138 2006 1221 2036 sicut
1243 2016 1311 2037 non
1336 2012 1383 2037 est

304 2049 538 2080 inconveniens
554 2053 590 2078 ut
608 2057 666 2088 per
684 2048 874 2088 sapientiam
898 2049 1136 2089 superadditam
1160 2051 1326 2087 essentiae,
1343 2051 1382 2081 ab

305 2103 343 2124 ea
358 2102 427 2125 non
443 2093 570 2124 realiter
585 2092 769 2124 distinctam
784 2092 841 2124 sed
862 2093 1043 2125 secundum
1067 2095 1236 2132 rationem,
1255 2096 1383 2137 sapiens

305 2139 355 2169 sit.
379 2138 440 2170 Per
455 2138 519 2168 hoc
536 2137 623 2168 enim
641 2146 711 2168 non
733 2137 858 2168 tollitur
873 2138 953 2178 quin
969 2138 1010 2169 sit
1023 2147 1082 2179 per
1097 2148 1132 2170 se
1146 2148 1278 2171 necesse
1297 2149 1382 2171 esse:

305 2183 388 2214 sicut
403 2191 462 2223 per
476 2182 541 2212 hoc
557 2181 648 2222 quod
663 2191 722 2222 per
745 2182 935 2222 sapientiam
959 2183 1086 2224 sapiens
1102 2189 1159 2220 est,
1176 2193 1243 2215 non
1259 2185 1383 2215 tollitur

305 2228 386 2268 quin
409 2236 468 2268 per
491 2236 524 2257 se
548 2236 585 2257 ac
609 2235 667 2266 per
689 2236 782 2257 suam
805 2227 976 2258 essentiam
1000 2228 1128 2268 sapiens
1151 2229 1201 2259 sit.
1226 2229 1340 2266 Modo,
1356 2230 1383 2260 si

305 2271 475 2303 adderetur
497 2280 567 2302 esse
590 2270 701 2302 divino
725 2270 848 2311 aliquid
871 2271 1079 2303 essentialiter
1101 2273 1209 2314 ipsum
1233 2272 1383 2304 determi-

305 2326 396 2354 nans,
412 2315 493 2347 illud
506 2325 616 2356 neque
631 2316 671 2346 ab
688 2324 757 2346 esse
772 2325 881 2356 neque
905 2317 944 2347 ab
968 2317 1105 2348 essentia
1127 2317 1253 2348 realiter
1272 2317 1383 2349 distin-

304 2366 471 2402 gueretur:
495 2361 580 2391 sicut
602 2369 712 2401 neque
735 2359 913 2392 differentia
936 2362 1130 2393 contrahens
1149 2371 1252 2403 genus
1272 2362 1383 2394 distin-

303 2407 414 2448 guitur
429 2404 555 2436 realiter
570 2414 589 2436 a
603 2414 732 2446 genere.
756 2404 844 2446 Ergo
867 2415 937 2436 non
960 2411 1008 2437 est
1030 2406 1264 2438 inconveniens
1280 2407 1384 2448 ipsam

306 2459 376 2482 esse
398 2455 474 2482 actu
496 2459 556 2490 per
578 2449 702 2490 aliquid
725 2449 970 2490 superadditum
993 2451 1158 2482 essentiae.

361 2493 414 2526 Ad
437 2494 632 2526 evidentiam
658 2494 756 2525 huius
783 2493 885 2531 dubii,
913 2494 1184 2527 considerandum
1216 2502 1263 2527 est
1294 2496 1385 2537 quod

306 2540 397 2571 aliter
418 2538 623 2580 loquendum
646 2543 694 2570 est
717 2538 758 2570 de
785 2545 899 2570 natura
927 2540 1054 2580 generis
1084 2540 1265 2572 secundum
1293 2541 1384 2582 quod

307 2590 355 2615 est
376 2584 411 2615 in
433 2584 542 2625 specie
564 2582 746 2615 secundum
769 2593 853 2621 rem;
877 2589 910 2615 et
932 2584 1023 2615 aliter
1045 2585 1227 2616 secundum
1244 2585 1335 2626 quod
1350 2586 1384 2616 in

307 2629 477 2660 communi
507 2627 729 2659 consideratur
759 2637 817 2668 per
847 2629 1096 2660 abstractionem
1119 2639 1138 2666 a
1159 2631 1330 2671 speciebus
1354 2636 1386 2661 et

307 2672 502 2704 differentiis.
518 2673 628 2704 Primo
641 2673 730 2704 enim
745 2672 859 2710 mod0,
871 2673 959 2704 idem
975 2679 1023 2705 est
1034 2683 1111 2706 cum
1123 2673 1302 2706 differentia
1316 2685 1385 2706 rea-

305 2718 387 2755 liter,
405 2723 437 2748 et
452 2716 630 2748 differenu'a
644 2726 714 2748 non
730 2723 779 2748 est
794 2717 917 2759 aliquid
940 2717 1086 2749 additum
1109 2719 1234 2760 generis
1250 2720 1383 2750 entitati.

306 2761 459 2793 Secundo
476 2759 593 2793 'autem
618 2761 732 2798 modo,
757 2762 979 2794 consideratur
1003 2772 1107 2803 genus
1137 2769 1292 2805 tanquam
1319 2763 1385 2795 for-

305 2807 431 2838 maliter
450 2806 638 2837 distinctum
653 2816 672 2837 a
686 2805 875 2843 differentia,
891 2812 1007 2847 utpote
1021 2817 1091 2839 non
1111 2808 1233 2839 habens
1249 2818 1325 2840 cum
1348 2818 1386 2840 ea

305 2851 449 2892 aliquam
470 2851 672 2883 identitatem
694 2851 757 2881 nisi
779 2851 1001 2892 potentialem,
1018 2852 1140 2883 scilicet
1155 2854 1384 2891 continentiae,

306 2896 502 2936 inquantum
531 2896 618 2936 ipsas
647 2895 840 2926 differentias
870 2897 1088 2937 potentialiter
1119 2898 1275 2929 continet.
1307 2898 1385 2929 Ideo

307 2939 486 2972 differentia
500 2945 580 2971 tunc
596 2939 818 2971 consideratur
832 2946 989 2981 tanquam
1005 2942 1143 2972 omnino
1167 2948 1255 2973 extra
1278 2952 1385 2974 essen-

306 2985 385 3015 tiam
407 2985 544 3025 generis.
573 2984 616 3015 Et
645 2983 721 3015 ideo
745 2993 822 3015 cum
853 2990 987 3016 naturae
1017 2986 1144 3026 generis
1167 2986 1213 3017 sic
1237 2987 1385 3018 conside-

307 3034 392 3060 ratae
416 3028 543 3059 additur
569 3027 758 3066 differentia,
786 3028 914 3060 additur
943 3035 1099 3070 tanquam
1130 3030 1253 3071 aliquid
1284 3037 1385 3062 extra-

306 3082 408 3104 neum
423 3074 463 3104 ab
479 3073 616 3104 essentia
631 3074 767 3113 generis.
783 3073 889 3110 Unde,
902 3074 929 3104 si
940 3083 1043 3114 genus
1059 3081 1236 3116 poneretur
1251 3076 1385 3107 existere

307 3117 489 3149 secundum
504 3117 596 3158 quod
610 3117 808 3158 intelligitur,
822 3124 905 3149 esset
919 3119 989 3150 sine
1000 3118 1187 3151 differentiis
1203 3121 1321 3161 quibus
1337 3120 1385 3152 di-

307 3162 426 3194 viditur
441 3168 473 3194 et
487 3162 529 3193 ad
543 3161 696 3193 inferiora
711 3163 922 3194 contrahitur.
937 3163 1029 3194 Patet
1044 3164 1132 3195 enim
1145 3164 1236 3205 quod
1247 3165 1383 3203 animal,

306 3216 365 3248 per
387 3207 636 3238 abstractionem
663 3216 682 3237 a
708 3206 894 3238 differentiis
921 3208 1171 3246 consideratum,
1195 3209 1273 3240 nihil
1298 3209 1385 3241 aliud

307 3251 517 3283 essentialiter
532 3257 580 3282 est
599 3260 699 3293 quarn
720 3251 901 3283 substantia
924 3253 1072 3284 animata
1094 3254 1271 3284 sensibilis:
1294 3254 1385 3294 quod

307 3296 333 3326 si
357 3295 491 3327 addatur
514 3296 689 3333 rationale,
714 3295 839 3327 dicetur
860 3297 1042 3328 substantia
1065 3298 1211 3328 animata
1225 3298 1385 3329 sensibilis

308 3340 494 3378 rationalis,
510 3341 568 3371 ubi
583 3346 710 3371 constat
726 3341 891 3372 rationale
905 3342 967 3372 toti
983 3343 1138 3373 essentiae
1153 3343 1299 3373 animalis
1315 3352 1384 3374 esse

307 3384 464 3416 additum.
488 3385 531 3416 Et
553 3385 599 3416 sic
622 3384 663 3416 ad
685 3386 750 3416 hoc
773 3391 811 3416 ut
832 3386 952 3417 animal
981 3387 1031 3423 sit,
1055 3387 1229 3427 requiritur
1258 3392 1295 3417 ut
1324 3387 1384 3417 sibi

307 3429 430 3470 aliquid
453 3429 588 3460 addatur
615 3429 706 3471 quod
737 3435 823 3461 extra
853 3431 923 3462 eius
953 3430 1124 3462 formalem
1150 3432 1309 3461 rationem
1333 3432 1382 3468 sit,

307 3473 382 3504 licet
396 3474 431 3504 in
450 3483 491 3504 eo
515 3473 606 3515 quod
629 3469 835 3505 constituitur
857 3484 916 3516 per
938 3476 1017 3516 ipsa,
1041 3485 1143 3515 genus
1159 3481 1191 3506 et
1207 3474 1384 3506 differentia

306 3517 395 3548 idem
417 3518 542 3549 realiter
565 3518 637 3549 sint.
661 3518 757 3550 Unde
781 3519 844 3550 dici
867 3529 936 3550 non
958 3525 1066 3560 potest
1090 3519 1180 3560 quod
1203 3529 1305 3559 genus
1325 3529 1383 3560 per

307 3563 450 3603 seipsum
474 3563 524 3599 sit,
548 3562 604 3594 sed
626 3572 685 3604 per
708 3563 808 3594 aliud:
834 3564 910 3604 quia
933 3573 991 3605 per
1014 3563 1235 3594 differentiam.

364 3606 416 3638 Sic
433 3616 520 3647 ergo,
538 3608 564 3638 si
580 3607 726 3639 divinum
742 3617 823 3644 esse,
837 3607 1014 3639 formaliter
1029 3607 1266 3639 consideratum
1283 3613 1315 3638 et
1333 3617 1382 3638 se-

308 3651 453 3682 cundum
468 3652 633 3692 propriam
649 3653 818 3688 rationem,
836 3659 918 3683 esset
933 3652 1067 3693 aliquod
1083 3661 1259 3683 commune
1275 3661 1382 3683 essen-

2458 305 2505 341 73

1438 365 1553 395 tialiter
1576 367 1786 397 contrahibile
1802 367 1842 398 ad
1858 367 1994 399 modum
2010 370 2145 409 generis,
2163 376 2194 401 et
2209 371 2353 402 similiter
2373 373 2508 404 essentia

1439 408 1545 439 divina
1568 419 1636 440 non
1660 417 1769 450 posset
1801 417 1874 442 actu
1905 422 1973 443 esse
1999 414 2060 443 nisi
2084 423 2141 454 per
2163 415 2285 455 aliquid
2307 417 2444 447 omnino
2467 418 2507 448 ab

1438 453 1508 482 eius
1531 453 1708 497 quidditate
1725 460 1756 484 et
1772 456 1917 492 essentia,
1934 456 2109 488 formaliter
2125 459 2332 497 considerata,
2350 461 2506 492 alienum:

1437 496 1512 526 licet
1534 496 1615 526 illud
1639 497 1783 528 additum
1808 501 1962 531 essentiae
1985 502 2017 531 in
2041 502 2097 532 illo
2114 503 2146 533 in
2168 513 2235 543 quo
2259 505 2403 536 uniretur
2425 511 2509 536 esset

1438 539 1525 570 idem
1548 541 1673 571 realiter
1697 551 1772 572 curn
1797 544 1942 574 essentia.

1494 584 1620 615 Dicitur
1650 594 1726 625 ergo
1760 586 1800 616 ad
1831 587 1966 618 dubium
1997 589 2086 628 quod
2115 599 2182 620 non
2214 592 2320 623 solum
2352 593 2508 624 inconve-

1437 628 1530 658 niens
1554 634 1601 658 est
1625 629 1715 668 quod
1738 631 1874 661 essentia
1890 631 1996 662 divina
2012 632 2052 662 ad
2068 643 2136 664 esse
2152 641 2225 665 actu
2241 636 2381 677 indigeat
2395 639 2507 678 aliquo

1437 681 1456 702 a
1480 681 1513 702 se
1537 672 1662 704 realiter
1685 673 1847 711 distincto,
1871 675 1926 706 sed
1950 677 2047 707 etiam
2076 678 2306 710 inconveniens
2330 687 2376 712 est
2398 688 2434 713 ut
2457 683 2507 713 in-

1437 715 1544 755 digeat
1567 717 1676 757 aliquo
1701 717 1792 758 quod
1815 719 1855 749 sit
1885 725 1971 750 extra
2001 720 2170 752 formalem
2201 723 2268 754 eius
2295 725 2451 757 rationem
2476 733 2507 758 et

1437 759 1663 800 quidditatem:
1688 763 1764 802 quia
1787 768 1866 794 tunc
1889 773 1957 794 non
1981 771 2063 795 esset
2079 775 2116 796 ex
2132 767 2261 807 propria
2285 768 2459 807 quidditate
2475 777 2508 802 et

1437 805 1574 835 essentia
1595 815 1727 837 necesse
1751 816 1830 844 esse,
1855 807 1910 838 sed
1934 808 1973 839 ad
1996 809 2059 839 hoc
2082 815 2119 841 ut
2143 817 2224 841 esset
2245 811 2354 852 aliquo
2370 815 2505 846 omnino

1438 849 1616 880 extn'nseco
1632 851 1672 880 ab
1689 851 1758 881 eius
1774 850 1902 883 formali
1918 858 1950 883 et
1965 853 2174 893 quidditan‘va
2196 856 2320 886 ratione
2341 857 2506 898 indigeret.

1493 893 1594 931 Quod
1616 901 1725 926 autem
1748 895 1875 927 additur
1898 896 1938 927 de
1962 898 2127 938 sapientia,
2150 908 2218 930 non
2242 905 2289 930 est
2312 901 2424 932 simile.
2452 902 2508 933 Sa—

1436 937 1557 977 pientia
1590 939 1676 969 enim
1706 949 1775 970 non
1805 946 1852 971 est
1883 947 1970 972 extra
2001 941 2171 974 formalem
2203 949 2235 974 et
2265 944 2507 984 quidditativam

1436 982 1595 1013 rationem
1626 985 1790 1020 essentiae,
1822 985 1848 1015 si
1878 985 2133 1017 consideraretur
2161 987 2268 1018 divina
2298 990 2433 1020 essentia
2459 1000 2508 1021 se-

1436 1026 1582 1057 cundum
1606 1028 1696 1067 quod
1718 1028 1751 1059 in
1776 1038 1809 1059 se
1833 1035 1894 1060 est:
1925 1030 1981 1061 sed
2010 1036 2136 1062 tantum
2167 1032 2346 1063 secundum
2376 1034 2466 1074 quod
2489 1045 2508 1065 a

1435 1070 1530 1101 nobis
1561 1071 1775 1103 diversimode
1806 1074 1998 1114 concipitur.
2030 1075 2064 1106 Si
2093 1081 2202 1107 autem
2233 1078 2369 1108 essentia
2401 1077 2508 1110 divina

1435 1120 1519 1145 esset
1548 1121 1661 1147 natura
1691 1117 1938 1149 indeterminata
1961 1119 2000 1149 ad
2023 1119 2160 1150 modum
2190 1122 2325 1160 generis,
2350 1127 2382 1152 et
2404 1122 2507 1153 deter-

1435 1159 1611 1190 minaretur
1625 1170 1683 1201 per
1698 1161 1909 1193 differentiam
1933 1164 2145 1201 essentialem,
2161 1165 2215 1195 illa
2230 1164 2407 1197 differentia
2426 1173 2508 1198 esset

1436 1209 1522 1234 extra
1553 1204 1796 1244 quidditativam
1827 1208 1986 1239 rationem
2016 1209 2171 1240 essentiae
2202 1210 2298 1240 etiam
2327 1211 2507 1242 secundum

1436 1247 1527 1288 quod
1549 1249 1583 1279 in
1607 1259 1641 1280 se
1665 1255 1712 1280 est
1735 1251 1964 1289 consideratae,
1988 1262 2056 1284 non
2087 1259 2213 1284 tantum
2243 1255 2423 1286 secundum
2446 1265 2508 1287 no—

1435 1298 1537 1323 strum
1560 1293 1697 1325 modum
1722 1296 1937 1336 concipiendi.

1492 1337 1545 1368 111.
1570 1337 1729 1369 Secundo.
1754 1339 1871 1371 Divina
1893 1342 2069 1372 substantia
2091 1342 2183 1372 nullo
2207 1342 2308 1373 modo
2332 1349 2379 1374 est
2397 1344 2431 1374 in
2446 1353 2507 1384 po-

1435 1382 1549 1412 tentia:
1575 1383 1651 1422 quia
1675 1389 1722 1414 est
1744 1384 1852 1424 ipsum
1876 1394 1955 1421 esse,
1973 1385 2062 1425 quod
2078 1392 2126 1416 est
2141 1387 2402 1418 actualissimum.
2419 1388 2506 1428 Ergo

1435 1435 1504 1457 esse
1528 1426 1674 1458 divinum
1696 1437 1765 1459 non
1788 1434 1896 1469 potest
1919 1429 2076 1469 designari
2092 1431 2298 1462 essentialiter
2313 1441 2370 1472 per
2385 1432 2507 1473 aliquid

1435 1471 1495 1501 sibi
1519 1470 1674 1502 additum.
1689 1491 1712 1495 -
1727 1472 1884 1504 Probatur
1907 1475 2149 1514 consequentia.
2181 1475 2267 1513 Quia
2294 1485 2392 1507 omne
2416 1476 2507 1517 quod

1435 1515 1557 1556 indiget
1580 1516 1691 1556 aliquo
1715 1516 1755 1548 ad
1770 1518 1834 1548 hoc
1850 1524 1886 1549 ut
1906 1518 1955 1554 sit,
1973 1523 2020 1549 est
2034 1519 2068 1549 in
2084 1520 2230 1559 potentia
2244 1525 2391 1560 respectu
2406 1521 2505 1552 illius:

1435 1560 1462 1590 si
1485 1560 1607 1591 scilicet
1629 1560 1771 1601 indigeat
1793 1562 1865 1602 ipso
1884 1567 2039 1602 tanquam
2062 1562 2167 1594 forma
2190 1563 2356 1594 limitante.

1492 1604 1546 1635 IV.
1567 1605 1687 1635 Tertio.
1705 1605 1897 1646 Designatur
1920 1607 2127 1638 essentialiter
2142 1617 2199 1648 per
2215 1607 2336 1648 aliquid
2352 1608 2505 1640 additum.

1436 1648 1523 1689 Ergo
1546 1649 1627 1680 illud
1649 1649 1794 1681 additum
1818 1650 1893 1681 facit
1916 1660 1984 1682 rem
2007 1651 2205 1691 designatam
2228 1661 2297 1683 esse
2312 1658 2396 1689 actu,
2413 1658 2444 1684 et
2460 1659 2507 1684 est

1436 1693 1467 1724 ei
1482 1693 1703 1725 intrinsecum.
1720 1694 1807 1735 Ergo
1819 1695 1870 1726 vel
1882 1701 1929 1726 est
1942 1696 2010 1726 eius
2026 1697 2171 1732 essentia,
2187 1696 2238 1727 vel
2253 1706 2325 1736 pars
2342 1698 2506 1728 essentiae.

1435 1738 1513 1769 Non
1535 1744 1644 1779 potest
1667 1748 1735 1770 esse
1758 1745 1826 1770 tota
1850 1740 1985 1770 essentia
2008 1740 2082 1770 Dei:
2108 1741 2184 1781 quia
2207 1741 2276 1771 eius
2303 1742 2438 1772 essentia
2461 1747 2508 1772 est

1435 1782 1523 1814 idem
1546 1783 1637 1823 quod
1660 1792 1744 1820 esse;
1775 1783 1866 1825 quod
1895 1790 2004 1815 autem
2035 1784 2160 1816 additur
2182 1785 2243 1825 ipsi
2267 1794 2345 1822 esse,
2368 1795 2436 1816 non
2461 1791 2508 1817 est

1435 1833 1543 1859 totum
1559 1837 1639 1865 esse,
1655 1827 1835 1859 secundum
1852 1828 1943 1870 quod
1958 1828 2094 1866 additur,
2110 1829 2186 1860 licet
2200 1829 2403 1860 materialiter
2419 1829 2507 1861 idem

1437 1881 1506 1903 esse
1530 1873 1642 1913 possit.
1666 1873 1753 1913 Ergo
1776 1882 1849 1914 pars
1872 1878 1920 1904 est
1943 1874 2108 1904 essentiae.
2132 1874 2218 1914 Ergo
2242 1874 2331 1905 Deus
2354 1880 2402 1905 est
2417 1884 2507 1905 com-

1436 1917 1571 1957 positus.
1597 1916 1701 1948 Cuius
1724 1918 1914 1958 oppositum
1941 1918 2087 1958 superius
2115 1924 2162 1949 est
2189 1924 2364 1949 ostensum.
2384 1937 2407 1941 —
2428 1919 2507 1949 Pro-

1436 1961 1529 1992 batur
1560 1962 1665 2002 prima
1697 1963 1940 2002 consequentia.
1973 1962 2059 2000 Quia
2091 1962 2181 2003 quod
2213 1962 2356 2003 designat
2385 1963 2507 2003 aliquid

1436 2005 1658 2046 designatione
1681 2007 1850 2043 essentiali,
1875 2005 1951 2037 facit
1973 2016 2042 2037 rem
2066 2016 2134 2037 esse
2157 2012 2241 2043 actu,
2266 2013 2298 2038 et
2321 2013 2368 2038 est
2394 2008 2506 2038 intrin-

1435 2059 1548 2080 secum
1563 2050 1609 2081 rei
1624 2050 1819 2090 designatae.
1831 2069 1854 2074 -
1870 2050 2018 2081 Secunda
2034 2051 2129 2082 etiam
2145 2052 2308 2091 probatur.
2325 2052 2412 2090 Quia
2426 2052 2506 2083 illud

1435 2104 1493 2135 per
1523 2094 1613 2135 quod
1638 2104 1687 2126 res
1715 2101 1763 2126 est
1786 2095 1819 2126 in
1843 2101 1917 2126 actu
1941 2101 1972 2126 et
1996 2101 2043 2126 est
2065 2096 2275 2126 intrinsecum
2301 2097 2357 2133 rei,
2381 2096 2432 2127 vel
2459 2102 2506 2127 est

1436 2139 1573 2170 essentia
1594 2145 1673 2176 tota,
1696 2140 1748 2170 vel
1771 2149 1844 2180 pars
1867 2140 2032 2171 essendae.

1491 2183 1632 2214 Adverte
1656 2183 1747 2224 quod
1765 2184 1845 2215 haec
1860 2185 1940 2215 ratio
1956 2184 2102 2224 procedit
2118 2193 2156 2214 ex
2171 2184 2400 2224 imaginatione
2417 2184 2507 2225 quod

1436 2237 1505 2259 esse
1521 2228 1631 2259 divino
1647 2228 1769 2270 aliquid
1787 2228 1920 2259 addatur
1942 2234 2098 2269 tanquam
2121 2229 2365 2259 constitutivum
2381 2228 2506 2259 divinae

1437 2273 1602 2309 essentiae,
1627 2273 1710 2304 sicut
1731 2273 1841 2313 generi
1865 2272 1986 2314 aliquid
2008 2272 2134 2304 additur
2157 2273 2247 2313 quod
2279 2278 2326 2304 est
2353 2274 2507 2304 constitu·

1436 2317 1539 2347 tivum
1563 2317 1694 2357 speciei.

1492 2361 1556 2392 Sed
1579 2362 1662 2392 circa
1685 2362 1773 2393 illam
1796 2362 2065 2403 propositionem,
2093 2361 2190 2398 Quod
2212 2362 2363 2404 designat
2385 2362 2509 2403 aliquid

1436 2405 1664 2448 designatione
1687 2406 1861 2443 essentiali,
1877 2407 1969 2448 facit
1992 2416 2058 2437 rem
2083 2416 2151 2437 esse
2174 2406 2206 2437 in
2231 2411 2316 2443 actu,
2341 2411 2372 2437 et
2394 2411 2441 2437 est
2459 2406 2508 2436 in-

1437 2451 1612 2481 trinsecum
1644 2451 1693 2481 rei
1722 2451 1922 2492 designatae,
1953 2451 2121 2482 sciendum
2152 2451 2243 2491 quod
2272 2460 2341 2482 esse
2370 2450 2405 2481 in
2435 2456 2508 2487 actu

1437 2495 1607 2536 dupliciter
1630 2496 1733 2536 accipi
1755 2501 1877 2536 potest:
1901 2505 1969 2526 uno
1999 2495 2124 2532 modo„
2135 2496 2169 2525 in
2199 2500 2272 2526 actu
2296 2494 2507 2536 quidditativo

1437 2545 1469 2570 et
1492 2540 1666 2577 essentiali;
1691 2540 1755 2571 alio
1778 2540 1891 2576 modo,
1915 2541 1948 2570 in
1972 2546 2046 2571 actu
2070 2540 2254 2571 existentiae
2273 2539 2413 2571 actualis.
2430 2539 2508 2570 Pro-

1437 2585 1557 2625 positio
1581 2585 1660 2616 haec
1683 2594 1751 2616 non
1775 2590 1901 2615 tantum
1924 2585 2111 2625 intelligitur
2134 2584 2174 2614 de
2190 2593 2259 2615 esse
2275 2585 2309 2614 in
2324 2589 2398 2615 actu
2414 2583 2507 2624 quid-

1438 2628 1582 2665 ditativo,
1605 2639 1719 2660 verum
1749 2630 1846 2660 etiam
1870 2629 1909 2660 de
1940 2638 2007 2659 esse
2038 2630 2072 2659 in
2102 2634 2175 2659 actu
2199 2629 2393 2660 existentiae.
2423 2629 2508 2659 Nam

1438 2674 1517 2704 haec
1547 2673 1724 2704 differentia
1756 2673 1928 2710 rationale,
1952 2672 2058 2704 addita
2087 2673 2233 2708 animali,
2258 2672 2423 2703 constituit
2450 2673 2507 2702 ho-

1438 2719 1566 2753 minem,
1579 2719 1636 2758 qui
1651 2719 1715 2749 hoc
1730 2718 1806 2749 Ioco
1823 2717 1938 2748 dicitur
1954 2727 2005 2748 res
2021 2717 2202 2759 designata,
2215 2717 2248 2747 in
2264 2722 2337 2747 actu
2353 2717 2507 2747 essentiae

1440 2768 1471 2794 et
1494 2762 1694 2803 quidditatis:
1719 2772 1759 2793 eo
1784 2762 1874 2803 quod
1897 2763 1930 2793 in
1954 2762 2090 2793 animali
2110 2762 2333 2792 continebatur
2347 2761 2506 2801 potentia-

1438 2808 1510 2838 liter
1531 2808 1640 2844 homo,
1670 2816 1727 2848 per
1754 2807 1995 2838 adiunctionem
2026 2812 2134 2837 autem
2164 2805 2358 2836 differentiae
2388 2805 2507 2835 consti—

1438 2853 1539 2883 tuitur
1561 2852 1596 2883 in
1618 2858 1692 2883 actu
1716 2852 1842 2883 animal
1865 2852 2036 2887 rationale,
2054 2860 2137 2891 quae
2153 2856 2200 2881 est
2215 2850 2355 2881 hominis
2371 2850 2506 2880 essentia

1440 2902 1472 2928 et
1495 2896 1670 2938 quidditas;
1695 2897 1778 2927 sicut
1792 2906 1850 2937 per
1865 2896 2131 2927 coniunctionem
2147 2894 2270 2928 formae
2286 2903 2361 2925 cum
2375 2894 2506 2924 materia

1439 2940 1476 2972 fit
1490 2942 1524 2972 in
1540 2947 1614 2972 actu
1631 2940 1843 2982 quidditativo
1866 2941 1974 2981 ipsum
1996 2945 2113 2971 totum.
2138 2939 2314 2970 Constituit
2337 2938 2432 2969 etiam
2446 2938 2506 2968 ho-

1438 2986 1563 3017 minem
1584 2986 1618 3016 in
1642 2986 1758 3017 actuali
1782 2985 1960 3016 existentia:
1984 2985 2177 3025 inquantum
2201 2983 2365 3014 constituit
2380 2981 2506 3023 quiddi-

1438 3036 1548 3067 tatem,
1580 3040 1663 3071 quae
1694 3036 1741 3061 est
1770 3030 1939 3070 proprium
1969 3029 2187 3069 susceptivum
2217 3037 2302 3064 esse,
2334 3026 2506 3057 formaliter

1438 3075 1606 3116 loquendo
1631 3081 1662 3105 et
1686 3074 1901 3105 essentialiter.
1933 3074 1980 3108 Ex
2005 3073 2167 3103 additione
2198 3073 2285 3102 enim
2312 3070 2506 3102 differentiae

1437 3119 1608 3160 specificae
1624 3119 1664 3150 ad
1679 3128 1792 3159 genus,
1805 3119 2010 3149 constituitur
2021 3117 2188 3158 proprium
2203 3116 2421 3155 susceptivum
2437 3125 2506 3146 esse

1439 3164 1660 3195 essentialiter:
1685 3164 1761 3204 quia
1783 3163 1906 3203 species
1929 3162 2154 3202 specialissima
2176 3170 2245 3191 non
2259 3159 2380 3199 indiget
2395 3160 2504 3200 aliquo

1439 3208 1566 3239 formali
1589 3209 1763 3239 intrinseco
1787 3207 1827 3237 ad
1851 3208 1914 3238 hoc
1938 3212 1974 3237 ut
1997 3207 2045 3242 sit,
2070 3206 2143 3236 licet
2172 3205 2206 3234 in
2234 3204 2329 3234 rebus
2358 3204 2504 3234 materia-

1438 3253 1522 3283 libus
1545 3253 1747 3293 requirantur
1770 3252 1876 3292 aliqua
1899 3250 2072 3281 materialia
2089 3249 2245 3290 principia
2260 3253 2407 3278 naturam
2422 3247 2505 3278 indi-

1439 3297 1611 3328 viduantia.
1628 3297 1764 3337 Propter
1778 3297 1842 3326 hoc
1857 3295 1963 3335 inquit
1974 3294 2169 3334 Porphyiius
2181 3294 2198 3310 ⁴*
2215 3292 2304 3332 quod
2320 3291 2504 3333 differentia

1438 3342 1591 3373 conducit
1612 3341 1656 3371 ad
1678 3348 1763 3371 esse:
1786 3340 1862 3380 quia
1885 3339 2004 3369 scilicet
2027 3338 2191 3368 constituit
2212 3337 2381 3377 proprium
2397 3346 2504 3367 susce-

1437 3387 1564 3427 ptivum
1588 3385 1756 3416 essentiale
1779 3385 1889 3424 ipsius.

1493 3431 1532 3461 V.
1560 3429 1698 3466 Quarto.
1723 3429 1756 3460 Si
1779 3427 1947 3459 adderetur
1969 3426 2010 3457 ad
2025 3435 2092 3456 esse
2109 3425 2179 3461 Dei,
2196 3424 2364 3456 adderetur
2379 3425 2419 3456 ad
2435 3425 2504 3456 eius

1438 3475 1623 3505 essentiam:
1649 3474 1724 3514 quia
1748 3473 1882 3503 essentia
1906 3477 1937 3501 et
1960 3479 2028 3501 esse
2051 3470 2084 3500 in
2107 3470 2178 3509 ipso
2203 3475 2277 3500 sunt
2295 3468 2391 3499 idem.
2417 3469 2503 3510 Ergo

1437 3524 1602 3559 oporteret
1624 3524 1660 3548 ut
1682 3517 1762 3548 illud
1786 3515 1990 3547 essentialiter
2013 3514 2181 3554 designans
2205 3514 2414 3544 constitueret
2428 3523 2504 3554 pro-

1435 3564 1539 3604 priam
1562 3563 1721 3593 rationem
1744 3567 1874 3592 naturae
1892 3565 1922 3590 et
1938 3557 2121 3599 quidditatis
2138 3557 2273 3588 divinae.
2298 3557 2362 3589 Sed
2376 3558 2440 3588 hoc
2457 3564 2504 3588 est

1436 3613 1548 3638 contra
1571 3607 1729 3637 rationem
1747 3606 1815 3635 eius
1832 3603 1921 3645 quod
1937 3602 2058 3643 aliquid
2075 3602 2282 3633 essentialiter
2298 3602 2501 3633 determinat:

1435 3652 1563 3682 nullum
1596 3651 1682 3681 enim
1712 3650 1774 3680 tale
1804 3648 1969 3679 constituit
1997 3647 2155 3677 rationem
2187 3647 2255 3678 eius
2286 3647 2338 3678 cui
2366 3647 2502 3683 additur,

2532 3296 2541 3306 ·
2555 3295 2670 3350 Ιεαῦἵίε,
2679 3302 2699 3318 c.
2710 3302 2744 3327 1¹¹1,

2531 3322 2569 3371 fida
2643 3325 2743 3349 trenna,
