2768 4134
58 981 68 992 ·
83 979 140 1008 Cap.
155 985 218 1002 nav.

16 1175 20 1180 ‹
57 1192 68 1203 ²
87 1190 126 1215 Cf.
146 1197 197 1221 etp.
221 1199 274 1221 xm,

921 283 1109 320 SUMMA
1138 286 1360 324 CONTRA
1389 289 1663 339 GENTlLES,
1694 293 1803 330 CAP.
1831 295 1874 331 C.

807 439 1341 500 CAPITULUM

2418 301 2490 336 265

1398 447 1995 509 CENTESIMUM

1181 551 1210 580 Α
1247 561 1315 591 291
1353 554 1397 582 bl
1433 555 1500 585 sine
1524 556 1629 586 titulo.

1003 640 1178 694 ouon
1214 642 1377 684 Deus

447 767 479 788 2
514 773 628 798 εετΑτ
664 769 795 798 autem
832 774 878 798 ex
915 762 1136 811 praemissis
1174 764 1376 800 ostendere

316 816 339 857 j
421 854 439 865 <
472 817 490 861 st
526 814 657 851 Deum
687 826 770 852 esse
799 815 970 852 beatum.

367 870 434 924 ζῆ,
452 864 497 915 Ἰ
582 867 796 905 Cuiuslibet
812 869 917 906 enim
937 868 1199 906 intellectualis
1219 878 1377 908 naturae

318 941 323 959 ι
366 926 383 950 ‘-
398 929 444 947 ὕ
472 932 499 955 x.
526 921 732 972 proprium
760 922 912 960 bonum
942 930 997 959 est
1032 921 1242 960 beatitudo.
1274 924 1378 961 Cum

302 973 415 1022 igitur
440 974 548 1012 Deus
572 974 619 1012 sit
647 975 860 1024 intelligens
873 976 905 1021 ²¹²,
934 988 1052 1013 suum
1080 976 1285 1026 proprium
1310 978 1378 1014 bo-

302 1040 400 1065 num
429 1028 499 1066 erit
526 1028 738 1066 beatitudo.
768 1030 863 1067 Non
891 1037 1023 1067 autem
1051 1038 1301 1080 comparatur
1329 1032 1377 1068 ad

301 1081 507 1131 proprium
533 1082 685 1120 bonum
713 1082 810 1120 sicut
829 1083 938 1133 quod
963 1083 1003 1121 in
1022 1084 1174 1121 bonum
1198 1085 1379 1122 nondum

302 1135 479 1172 habitum
505 1135 638 1182 tendit,
661 1137 739 1173 hoc
764 1136 870 1173 enim
896 1145 952 1173 est
979 1145 1138 1175 naturae
1164 1137 1318 1175 mobilis
1343 1146 1380 1175 et

303 1188 342 1225 in
370 1189 542 1238 potentia
568 1189 761 1226 existentis
775 1189 811 1226 *ς
843 1190 910 1227 sed
940 1190 1036 1228 sicut
1065 1191 1173 1240 quod
1203 1190 1281 1228 iam
1310 1191 1378 1229 ob-

302 1241 395 1279 tinet
422 1242 628 1292 proprium
656 1243 821 1280 bonum.
851 1243 967 1292 Igitur
994 1244 1273 1282 beatitudinem
1298 1257 1378 1282 non

302 1297 431 1333 solum
467 1295 670 1342 desiderat,
705 1296 802 1334 sicut
831 1309 914 1344 nos,
945 1299 1012 1335 sed
1045 1310 1092 1335 ea
1125 1298 1272 1335 fruitur.
1312 1300 1379 1336 Est

278 1381 286 1382 7
300 1348 427 1396 igitur
441 1349 590 1386 beatus

356 1402 547 1452 Amplius.
584 1403 679 1440 Illud
716 1411 772 1440 est
809 1404 980 1442 maxime
1017 1404 1280 1443 desideratum
1317 1407 1379 1443 vel

300 1455 465 1506 volitum
485 1456 534 1494 ab
563 1455 807 1495 intellectuali
825 1465 964 1496 natura
983 1459 1091 1508 quod
1113 1466 1169 1495 est
1187 1458 1379 1509 perfectis-

301 1508 447 1557 simum
475 1508 514 1547 in
543 1509 644 1560 ipsa:
675 1519 712 1548 et
740 1511 817 1548 hoc
845 1520 901 1548 est
936 1511 1019 1549 eius
1047 1511 1258 1550 beatitudo.
1289 1514 1378 1550 Per-

299 1562 552 1603 tectissimum
581 1572 715 1601 autem
751 1564 792 1602 in
829 1577 1074 1615 unoquoque
1112 1574 1168 1603 est
1204 1566 1378 1615 operatio

300 1615 576 1667 perfectissima
605 1617 703 1655 eius:
734 1630 828 1656 nam
856 1619 1028 1668 potentia
1057 1627 1093 1656 et
1122 1619 1276 1657 habitus
1309 1632 1380 1670 per

300 1670 570 1720 operationem
599 1671 874 1721 perficiuntur3
909 1673 1015 1710 unde
1049 1681 1085 1710 et
1114 1672 1378 1723 Philosophus

203 1743 240 1775 Ἷ·
265 1745 272 1755 =
299 1723 391 1772 dicit
413 1724 636 1773 felicitatem
665 1738 744 1763 esse
770 1728 1026 1775 operationem
1059 1728 1271 1777 perfectam
1293 1727 1324 1764 *.
1353 1751 1377 1754 -

192 1770 211 1803 ·’
236 1797 244 1803 ·
265 1771 272 1783 '
299 1776 487 1819 Perfectio
506 1786 639 1816 autem
659 1779 895 1829 operationis
914 1780 1109 1830 dependet
1128 1793 1174 1818 ex
1195 1789 1375 1830 quatuor.

297 1831 442 1879 Primo,
465 1844 511 1869 ex
541 1845 614 1871 suo
642 1844 801 1881 genere:
831 1842 874 1870 ut
902 1833 1042 1872 scilicet
1070 1833 1116 1871 sit
1144 1846 1309 1872 manens
1338 1835 1377 1872 in

298 1884 384 1935 ipso
413 1894 611 1935 operante.
641 1885 740 1924 Dico
767 1895 900 1924 autem
928 1887 1197 1937 operationem
1225 1888 1264 1925 in
1291 1888 1376 1938 ipso

298 1947 524 1976 manentem
544 1952 615 1990 per
633 1952 755 1990 quam
775 1952 857 1978 non
879 1940 922 1978 fit
942 1941 1047 1978 aliud
1076 1949 1228 1991 praeter
1251 1942 1375 1992 ipsam

298 1992 583 2042 operationem:
614 1993 712 2032 sicut
740 1993 873 2031 videre
903 2002 939 2031 et
967 1995 1114 2032 audire.
1137 1995 1375 2033 Huiusmodi

297 2044 405 2084 enirn
425 2054 514 2087 sunt
541 2046 796 2097 perfectiones
816 2060 954 2086 eorum
975 2060 1146 2099 quorum
1169 2058 1258 2086 sunt
1282 2062 1375 2100 ope-

298 2099 476 2147 rationes,
507 2109 543 2137 et
571 2109 735 2151 possunt
764 2113 847 2139 esse
876 2101 1075 2140 ultimum:
1097 2101 1190 2152 quia
1213 2115 1294 2140 non
1314 2116 1374 2141 or-

297 2152 481 2191 dinantur
508 2154 557 2192 ad
586 2154 745 2204 aliquod
764 2155 909 2193 factum
936 2156 1044 2206 quod
1074 2155 1119 2193 sit
1147 2156 1247 2194 finis.
1270 2157 1375 2206 Ope-

297 2206 393 2244 ratio
413 2218 508 2244 vero
528 2209 590 2245 vel
609 2207 709 2246 actio
724 2220 771 2246 ex
786 2221 865 2259 qua
885 2209 1060 2259 sequitur
1078 2209 1223 2260 aliquid
1243 2219 1374 2248 actum

294 2263 448 2310 praeter
462 2260 601 2312 ipsam,
621 2269 678 2299 est
692 2262 875 2312 perfectio
891 2263 1052 2314 operati,
1068 2275 1149 2301 non
1165 2264 1373 2314 operantis,

295 2322 333 2352 et
359 2322 611 2366 comparatur
629 2316 679 2353 ad
707 2315 838 2365 ipsum
867 2316 964 2354 sicut
983 2317 1032 2354 ad
1051 2317 1186 2355 finem.
1217 2318 1266 2355 Et
1286 2318 1374 2356 ideo

293 2367 378 2406 talis
406 2368 582 2418 operatio
610 2368 874 2408 intellectualis
902 2379 1062 2408 naturae
1091 2383 1172 2409 non
1201 2380 1258 2409 est
1285 2372 1374 2410 bea-

293 2421 419 2459 titudo
449 2421 530 2460 sive
557 2422 726 2462 felicitas.
763 2425 948 2472 Secundo,
977 2437 1024 2462 ex
1061 2425 1252 2475 principio
1282 2438 1373 2476 ope-

295 2475 470 2513 rationis:
501 2484 544 2513 ut
572 2475 618 2514 sit
645 2477 853 2515 altissimae
873 2478 1080 2528 potentiae.
1102 2479 1216 2517 Unde
1236 2491 1373 2517 secun-

1412 645 1526 685 EST
1560 646 1801 690 BEATUS

1434 765 1594 803 firmiter
1622 777 1657 804 et
1687 769 1954 809 delectabiliter
1981 783 2172 823 operetur.
2194 799 2217 803 -
2238 778 2342 814 Talis
2361 788 2490 818 autem

1434 826 1488 854 est
1504 819 1575 855 Dei
1596 822 1785 869 operatio:
1807 836 1896 861 cum
1918 825 1963 862 sit
1982 827 2207 876 intelligens;
2228 838 2264 866 et
2279 843 2371 868 suus
2386 832 2490 870 intel-

1435 873 1552 908 lectus
1579 874 1758 912 altissima
1784 876 1969 915 virtutum
1998 880 2053 926 sit,
2083 893 2154 918 nec
2187 882 2327 930 indiget
2359 885 2490 923 habitu

1434 924 1667 973 perficiente,
1684 929 1774 977 quia
1794 929 1831 966 in
1852 931 1977 980 seipso
1997 934 2185 982 perfectus
2205 943 2272 982 est,
2289 944 2330 972 ut
2349 939 2491 987 supra*
2518 939 2526 946 '

1401 992 1410 1012 ς
1435 986 1633 1017 ostensum
1660 990 1730 1026 est3
1761 982 1840 1031 ipse
1867 993 1997 1023 autern
2026 987 2196 1036 seipsum
2226 988 2402 1037 intelligit,
2425 992 2491 1040 qui

1435 1039 1490 1068 est
1504 1045 1703 1071 summum
1721 1035 2025 1084 intelligibilium;
2041 1040 2214 1088 perfecte,
2224 1041 2369 1091 absque
2385 1045 2491 1081 omni

1434 1084 1664 1133 difficultate,
1686 1096 1722 1124 et
1741 1089 2018 1131 delectabiliter.
2040 1094 2106 1130 Est
2125 1094 2236 1142 igitur
2254 1095 2398 1133 beatus.

1488 1139 1639 1176 Adhuc.
1680 1142 1752 1178 Per
1788 1142 2061 1182 beatitudinem
2100 1147 2332 1185 desiderium
2375 1162 2491 1188 omne

1435 1191 1640 1240 quietatur:
1672 1194 1773 1243 quia,
1804 1208 1848 1233 ea
1877 1198 2015 1245 habita,
2046 1212 2124 1236 non
2154 1209 2264 1239 restat
2292 1201 2395 1240 aliud
2428 1204 2491 1241 de-

1396 1261 1421 1276 ιο
1435 1244 1702 1292 siderandum;
1723 1260 1813 1285 cum
1834 1249 1878 1286 sit
1897 1251 2054 1289 ultimus
2073 1253 2171 1290 finis.
2194 1255 2354 1304 Oportet
2382 1256 2492 1304 igitur

1435 1310 1527 1335 eum
1557 1312 1639 1336 esse
1668 1301 1823 1338 beatum
1844 1303 1910 1352 qui
1939 1306 2124 1353 perfectus
2144 1316 2198 1344 est
2226 1317 2415 1357 quantum
2443 1312 2490 1347 ad

1435 1352 1567 1390 omnia
1597 1366 1696 1402 quae
1725 1355 1939 1393 desiderare
1968 1367 2105 1407 potest:
2136 1361 2239 1397 unde
2259 1362 2414 1399 Boetius
2437 1363 2491 1400 di-

1435 1405 1518 1442 cit*
1546 1407 1653 1456 quod
1683 1408 1877 1446 beatitudo
1907 1419 1961 1447 est
1988 1418 2098 1449 status
2118 1417 2283 1451 omnium
2310 1417 2491 1453 bonorum

1435 1463 1731 1510 congregatione
1754 1463 1949 1511 perfectus.
1975 1465 2051 1502 Sed
2070 1466 2151 1503 talis
2170 1475 2224 1504 est
2252 1467 2381 1505 divina
2409 1482 2491 1519 per-

1395 1527 1417 1546 15
1434 1513 1545 1550 fectio
1566 1515 1673 1563 quod
1694 1527 1853 1553 omnem
1872 1518 2143 1566 perfectionem
2163 1519 2201 1556 in
2217 1521 2385 1569 quadam
2405 1522 2492 1560 sirn-

1435 1566 1599 1616 plicitate
1629 1570 1933 1618 comprehendit,
1963 1579 2004 1608 ut
2032 1573 2181 1621 supra*
2201 1582 2398 1612 ostensum
2426 1584 2491 1613 est.
2521 1580 2551 1626 ζα

1435 1621 1518 1669 Ipse
1548 1620 1660 1670 igitur
1688 1630 1742 1658 est
1771 1635 1859 1660 vere
1888 1623 2032 1662 beatus.

1488 1675 1594 1711 Item.
1625 1675 1811 1722 Quandiu
1840 1676 1951 1714 alicui
1981 1678 2085 1715 deest
2113 1679 2255 1728 aliquid
2286 1693 2364 1729 quo
2400 1681 2494 1718 indi-

1433 1735 1531 1775 geat,
1562 1729 1740 1766 nondum
1770 1730 1903 1767 beatus
1932 1739 2000 1768 est:
2032 1732 2123 1781 quia
2155 1732 2236 1769 eius
2264 1733 2495 1771 desiderium

1393 1798 1420 1813 ιο
1434 1782 1614 1819 nondum
1643 1791 1699 1819 est
1733 1783 1959 1832 quietatum.
1997 1785 2246 1835 Quicumque
2282 1786 2392 1835 igitur
2427 1787 2496 1825 sibi

1434 1834 1629 1873 sufficiens
1644 1845 1710 1883 est,
1728 1838 1834 1874 nullo
1854 1837 2038 1886 indigens,
2055 1838 2114 1876 ille
2130 1839 2262 1876 beatus
2277 1849 2343 1877 est.
2360 1842 2496 1878 Osten-

1433 1901 1521 1926 sum
1551 1898 1607 1926 est
1635 1898 1765 1927 autem
1795 1891 1946 1940 supra*
1974 1892 2080 1941 quod
2110 1893 2215 1929 Deus
2248 1905 2327 1930 non
2357 1894 2496 1943 indiget

1432 1942 1529 1980 aliis:
1560 1955 1651 1980 cum
1681 1957 1703 1981 a
1732 1945 1837 1981 nullo
1867 1945 2041 1982 exteriori
2062 1958 2131 1983 sua
2150 1946 2328 1995 perfectio
2354 1948 2494 1997 depen-

1432 1996 1538 2043 deat;
1560 2009 1631 2034 nec
1651 1997 1723 2035 alia
1744 1999 1825 2035 vult
1844 2007 2000 2048 propter
2019 2011 2058 2036 se
2079 1999 2175 2036 sicut
2198 2009 2355 2049 propter
2374 2001 2493 2038 finem

1391 2067 1414 2087 ις
1432 2050 1542 2099 quasi
1573 2050 1626 2088 eis
1657 2050 1831 2099 indigeat,
1861 2053 1927 2089 sed
1957 2054 2083 2090 solum
2104 2053 2193 2102 quia
2218 2054 2293 2091 hoc
2321 2062 2376 2090 est
2403 2066 2492 2091 con-

1431 2103 1592 2141 veniens
1621 2117 1712 2142 suae
1742 2105 1910 2143 bonitati.
1942 2107 2007 2143 Est
2036 2106 2146 2155 igitur
2174 2106 2254 2156 ipse
2282 2107 2425 2145 beatus.

1487 2158 1698 2196 Praeterea.
1717 2159 1927 2196 Ostensum
1943 2168 1998 2196 est
2012 2160 2157 2209 supra*
2171 2161 2277 2209 quod
2294 2162 2398 2198 Deus
2414 2173 2492 2198 non

1430 2219 1556 2261 potest
1584 2214 1681 2249 velle
1711 2213 1867 2262 aliquod
1896 2213 2142 2262 impossibile.
2173 2214 2410 2263 Impossibile
2438 2223 2493 2251 est

1431 2273 1562 2302 autem
1583 2266 1617 2303 ei
1646 2265 1790 2315 aliquid
1811 2266 1992 2304 advenire
2012 2267 2118 2316 quod
2139 2268 2315 2304 nondum
2336 2268 2490 2305 habeat:

1391 2335 1416 2354 το
1431 2331 1522 2356 cum
1551 2319 1632 2369 ipse
1662 2321 1767 2357 nullo
1797 2320 1917 2357 modo
1946 2320 1991 2357 sit
2018 2320 2057 2358 in
2085 2321 2265 2370 potentia,
2300 2329 2341 2358 ut
2369 2329 2491 2358 osten-

1430 2385 1519 2410 sum
1540 2381 1595 2410 est
1609 2373 1639 2410 ³¹⁸.
1662 2373 1776 2422 Igitur
1796 2373 1887 2410 nihil
1909 2383 2032 2423 potest
2054 2376 2148 2411 velle
2166 2386 2205 2411 se
2225 2375 2366 2412 habere
2386 2375 2491 2424 quod

1430 2439 1510 2463 non
1549 2427 1698 2464 habeat.
1737 2427 1934 2476 Quicquid
1972 2427 2083 2476 igitur
2118 2429 2208 2475 vult,
2247 2428 2370 2465 habet.
2410 2429 2491 2465 Nec

1429 2480 1573 2530 aliquid
1603 2482 1703 2518 male
1733 2482 1824 2525 vult,
1856 2489 1896 2517 ut
1925 2481 2075 2530 supra*
2103 2489 2301 2518 ostensum
2329 2489 2394 2518 est.
2425 2482 2491 2518 Est

2522 1421 2529 1428 ·
2545 1419 2574 1440 111
2589 1420 2617 1441 de
2625 1420 2729 1448 Consul„

2521 1451 2589 1472 prosa
2605 1452 2624 1468 ².

2554 1579 2609 1606 Cap.
2630 1585 2711 1605 xxviii,

2553 1611 2585 1626 xi.

2524 1899 2531 1907 ⁸
2554 1898 2610 1925 Cap.

2523 1931 2609 1946 Lxxxu.

2635 1905 2711 1925 Lxxxn

2521 2166 2529 2174 ·
2545 2165 2601 2192 Cap.
2612 2171 2703 2187 Lxxxtv.

2521 2380 2528 2387 ·
2544 2378 2599 2405 Cap.
2616 2384 2663 2400 xvi.

2519 2486 2526 2493 '
2542 2483 2598 2511 Cap.
2614 2489 2665 2506 xcv.

295 2529 392 2566 dum
409 2529 678 2579 operationem
694 2543 830 2569 sensus
845 2544 926 2569 non
943 2540 998 2570 est
1018 2531 1056 2569 in
1073 2532 1186 2570 nobis
1205 2533 1371 2579 felicitas,
1429 2533 1541 2582 igitur
1555 2534 1700 2571 beatus:
1718 2534 1934 2570 secundum
1950 2535 2057 2583 quod
2073 2547 2095 2571 a
2110 2534 2342 2583 quibusdam
2358 2535 2490 2571 beatus

295 2583 363 2620 sed
402 2583 621 2622 secundum
659 2585 928 2635 operationem
966 2586 1190 2632 intellectus,
1230 2596 1266 2624 et
1303 2600 1374 2637 per
1389 2606 1410 2626 ³5
1429 2600 1510 2624 esse
1539 2587 1764 2637 perhibetur
1792 2589 1852 2636 qui
1888 2589 1996 2624 hahet
2025 2589 2197 2637 quicquid
2226 2588 2300 2625 vult
2334 2594 2366 2624 et
2401 2588 2491 2624 nihil

294 2636 473 2675 habitum
501 2638 668 2687 perfecti.
704 2641 840 2686 Tertio,
869 2652 915 2677 ex
943 2640 1179 2690 operationis
1206 2641 1370 2678 obiecto.
1428 2642 1526 2678 male
1553 2641 1628 2678 vult
1642 2641 1672 2677 *.

294 2688 343 2728 Et
371 2699 531 2741 propter
558 2692 635 2730 hoc
663 2692 703 2730 in
731 2693 845 2731 nobis
880 2693 1017 2732 ultima
1051 2694 1206 2732 felicitas
1241 2703 1297 2731 est
1332 2694 1370 2731 in
1481 2694 1574 2731 Eius
1603 2694 1717 2731 etiam
1748 2694 2022 2731 beatitudinem
2043 2695 2158 2731 Sacra
2183 2694 2375 2742 Scriptura
2399 2705 2486 2742 pro-

294 2743 542 2794 intelligendo
580 2745 811 2785 altissimum
848 2747 1092 2797 intelligibile.
1129 2750 1286 2794 Quarto,
1324 2761 1370 2785 ex
1425 2756 1592 2794 testatur,
1623 2749 1636 2784 l
1670 2749 1765 2785 Tim.
1795 2749 1860 2784 ult.
1877 2747 1912 2784 *z
1955 2749 2073 2790 Quem
2102 2748 2260 2784 ostendet
2291 2749 2364 2783 suis
2398 2752 2486 2782 tem-

2516 2644 2524 2674 ζ
2541 2643 2610 2673 Aug„
2627 2642 2678 2663 xm
2697 2641 2727 2663 de

2505 2669 2590 2702 ,Γνινῃ1
2606 2675 2628 2695 v,
2644 2668 2682 2689 fin.

2514 2750 2522 2757 “
2538 2748 2603 2769 VerS.
2620 2754 2648 2775 ¹5·

48 3413 59 3425 ⁸
73 3413 111 3437 Cf.
125 3420 175 3444 etp.
190 3422 262 3444 xcvii,

0 3479 9 3506 ἱ
49 3466 60 3478 ·
81 3456 118 3490 ἁ.
138 3468 194 3492 vui
214 3470 262 3492 Me-

48 3494 123 3523 tapa„
136 3501 188 3524 vm,
197 3502 212 3525 9
222 3496 262 3518 fin.

292 2797 418 2837 forma
446 2799 698 2852 operationis:
738 2809 782 2838 ut
818 2794 959 2840 scilicet
995 2802 1174 2852 perfecte,
1203 2801 1368 2847 faciliter,

348 2919 378 2938 n
401 2921 451 2939 nos
469 2913 624 2948 DGNWij
644 2920 670 2939 et
688 2923 746 2940 nos.

294 2947 328 2974 18
346 2949 418 2975 unde
436 2955 462 2975 et
479 2950 503 2974 A
521 2950 608 2982 so!us;
628 2951 706 2976 unde.

287 2992 334 3017 pr.
353 2985 410 3010 Ioco
426 2989 490 3017 post
507 2986 681 3018 perfectiones
701 2987 810 3013 aDEPc.

346 3028 361 3052 7
382 3020 484 3055 beatus]
497 3021 584 3047 bonus
596 3022 620 3052 b,
634 3022 707 3048 Deus
721 3030 800 3048 verus
813 3023 846 3054 G,
859 3024 931 3049 Deus
946 3025 1038 3050 beatus
1052 3025 1100 3050 ΡΑ.

292 3063 361 3088 quae
379 3056 499 3083 snszc.

291 3098 335 3116 om
347 3091 422 3117 EFz.
510 3092 542 3118 25
563 3099 604 3118 est
616 3094 659 3119 hic
670 3094 707 3126 N;
723 3098 788 3127 post
799 3097 967 3122 conveniens.

292 3127 370 3161 male]
390 3128 488 3161 aliquid
506 3129 568 3154 mali
588 3130 665 3162 NYP,
683 3131 790 3164 aliquod
809 3132 908 3156 malum
928 3132 957 3157 Z.

291 3163 407 3190 ostendit
424 3164 500 3197 EXZ,
513 3166 655 3191 ostendere
673 3166 697 3198 b,
715 3168 836 3192 ostendet
855 3168 926 3192 Deus
945 3168 993 3194 Pd.

291 3204 387 3231 potens
406 3199 482 3226 NZP.

1050 3131 1082 3157 36
1102 3131 1179 3165 male]
1200 3132 1260 3156 mali
1280 3131 1350 3156 YhP.

595 3065 626 3091 ¹7
645 3063 687 3084 est
700 3062 766 3092 post
784 3059 877 3084 beatus
897 3061 982 3091 aDPc,
999 3064 1063 3093 post
1081 3061 1139 3093 lpse
1158 3061 1194 3091 N;
1213 3068 1274 3085 vere
1299 3068 1341 3085 om
1361 3061 1390 3085 Z.

1055 3095 1088 3121 28
1107 3097 1212 3129 aliquod
1227 3096 1361 3127 FNYch;
1371 3096 1482 3128 aliquid.

1421 2804 1578 2851 poribus
1606 2803 1732 2838 beatus
1757 2807 1792 2837 et
1813 2807 1955 2851 potens.

849 2915 882 2941 16
900 2917 1018 2949 operatio
1042 2917 1231 2950 perfectissima
1258 2917 1314 2942 eius
1343 2917 1438 2948 ENZb;
1466 2925 1513 2941 sua
1537 2916 1724 2949 perfectissima
1747 2916 1862 2948 operatio
1891 2916 1979 2943 oeDPc3
2004 2915 2058 2939 eius
2082 2922 2124 2939 om
2149 2914 2204 2944 (ΞΥ,
2226 2917 2287 2945 post
2309 2913 2423 2945 operatio
2442 2913 2483 2938 W.

799 2959 832 2986 ¹9
850 2952 1030 2985 operationem
1047 2957 1111 2985 post
1130 2953 1268 2985 perfectam
1289 2953 1349 2983 αΡε,
1370 2952 1585 2985 perfectissimam
1604 2953 1780 2984 operationem
1801 2951 1831 2976 D.

897 2987 930 3013 26
949 2988 1081 3022 ultimum]
1102 2989 1185 3014 ultimi
1206 2989 1289 3020 αΕΡε,
1309 2989 1416 3013 ultimae
1435 2988 1506 3014 DYb.

1185 3023 1201 3049 8
1217 3025 1279 3049 Per.
1289 3044 1296 3050 .
1306 3044 1312 3050 .
1326 3023 1464 3057 quietatur]
1480 3024 1523 3048 NZ
1539 3024 1598 3048 vide
1613 3025 1663 3056 pA.

1922 2958 1951 2975 21
1975 2951 2006 2975 sit
2025 2958 2067 2975 om
2085 2958 2107 2980 c,
2127 2950 2163 2974 sic
2182 2949 2215 2973 sit
2234 2949 2280 2976 ΡΑ,
2371 2948 2402 2972 25
2423 2953 2483 2972 sunt

1593 2995 1625 3021 ²9
1644 2987 1783 3020 operantis]
1803 2987 1915 3020 operatis
1933 2994 1996 3011 casu
2015 2987 2046 3011 Α.
2138 2985 2169 3009 30
2189 2985 2246 3009 ideo
2265 2992 2305 3009 om
2326 2983 2481 3008 EGNWYZ.

1750 3031 1782 3054 ¹4
1796 3021 2002 3055 congregatione]
2018 3021 2199 3054 aggregatione
2213 3020 2270 3044 Wb.
2355 3018 2386 3043 15
2402 3018 2481 3052 quod]

2130 3063 2160 3080 22
2181 3061 2264 3080 autem
2283 3058 2346 3079 ante
2363 3059 2402 3079 est
2420 3054 2482 3085 αΡσ,

2341 3089 2372 3114 33
2386 3089 2481 3121 aliquid

2352 3124 2480 3157 ostendet]

1483 3067 1510 3084 21
1534 3059 1634 3092 beatus]
1655 3067 1732 3084 verus
1752 3059 1784 3088 G,
1802 3066 1863 3082 vere
1882 3058 1972 3082 beatus
1991 3057 2038 3082 Pd-

1569 3095 1597 3120 31
1622 3095 1683 3119 nihil
1697 3094 1752 3125 NZ;
1767 3102 1826 3118 non.
1913 3093 1943 3117 32
1964 3091 2064 3125 habeat]
2080 3091 2156 3116 habet
2173 3091 2254 3116 αΕΡε.

1444 3131 1474 3163 37
1496 3131 1582 3163 etiam]
1603 3131 1671 3155 enim
1691 3130 1734 3155 Pc.
1827 3128 1859 3153 38
1878 3130 1924 3153 ult.
1943 3132 2006 3153 ante
2023 3130 2126 3159 etpost
2144 3126 2227 3156 Quem
2247 3133 2272 3150 α.

1087 3167 1118 3201 39
1145 3167 1236 3192 beatus
1262 3172 1287 3192 et
1311 3167 1412 3200 potens]
1439 3167 1511 3191 solus
1536 3172 1628 3198 potens
1653 3167 1682 3196 D,
1702 3173 1779 3190 verus
1805 3171 1829 3189 et
1854 3170 1945 3196 potens
1970 3164 2002 3194 G,
2027 3164 2097 3187 Deus
2121 3162 2174 3195 (om
2199 3161 2228 3194 Ρ)
2252 3161 2342 3185 beatus
2365 3165 2390 3184 et
2408 3160 2480 3184 solus

1056 3277 1392 3309 Commentaria
1422 3274 1729 3307 Fer-ramensis

346 3372 494 3394 osrauim
518 3364 742 3406 determinavit
765 3366 901 3398 Sanctus
925 3366 1069 3395 Thomas
1100 3364 1139 3395 de
1163 3365 1227 3394 vita
1258 3364 1363 3394 divina

295 3373 504 3445 pabsolute,
521 3418 610 3441 nunc
626 3410 666 3441 de
682 3411 791 3451 specie
806 3411 892 3441 illius
910 3411 993 3440 vitae
1010 3409 1200 3440 determinat
1210 3410 1236 3445 θ,
1257 3414 1364 3439 osten-

290 3452 370 3483 dens
385 3453 474 3484 illam
490 3463 559 3485 esse
574 3455 673 3485 vitam
690 3456 818 3486 beatam
829 3456 856 3485 *.
882 3454 976 3485 Circa
996 3454 1059 3484 hoc
1075 3459 1184 3483 autem
1200 3454 1258 3483 tria
1274 3452 1362 3483 facit:

289 3498 407 3537 primo,
432 3498 574 3530 ostendit
597 3499 688 3540 quod
711 3501 776 3530 vita
799 3501 891 3530 beata
915 3499 986 3529 Deo
1010 3498 1176 3534 convenit;
1208 3497 1362 3533 secundo,

290 3542 380 3583 quod
403 3543 493 3574 Deus
517 3553 574 3574 sua
597 3545 638 3575 sit
661 3544 838 3580 beatitudo,
863 3553 933 3584 cap.
951 3552 1032 3583 seq.;
1057 3542 1162 3577 tertio,
1180 3541 1270 3581 quod
1294 3542 1363 3571 eius

289 3587 456 3618 beatitudo
481 3598 615 3620 omnem
639 3589 872 3619 beatitudinem
896 3587 1037 3623 excedat,
1063 3587 1167 3626 capite
1187 3596 1238 3615 cn.

345 3631 368 3662 1.
392 3631 562 3670 Quantum
579 3633 618 3664 ad
634 3634 788 3674 primum,
812 3633 946 3673 ponitur
968 3633 1047 3662 haec
1072 3631 1254 3661 conclusio:
1272 3630 1363 3659 Deus

289 3681 337 3706 est
358 3677 479 3708 beatus.

433 3739 526 3764 Sinum
546 3739 656 3764 Coum
676 3739 810 3764 Geminas
829 3738 860 3763 D.
880 3738 995 3762 Tuumne
1014 3736 1083 3761 Toni.
1102 3736 1119 3760 I.

1474 3364 1637 3393 Probatur
1654 3362 1774 3402 primo.
1800 3361 1886 3390 Deus
1911 3365 1956 3389 est
1979 3358 2164 3397 intelligens
2197 3356 2281 3395 Ergo
2311 3356 2479 3396 proprium

1419 3408 1486 3438 eius
1511 3409 1634 3437 bonurn
1669 3412 1715 3436 est
1746 3404 1918 3435 beatitudo.
1950 3403 2034 3442 Ergo
2065 3407 2111 3431 est
2135 3401 2254 3430 beatus.
2278 3417 2300 3422 —
2324 3400 2479 3430 Probatur

1417 3453 1520 3491 prima
1544 3450 1785 3490 consequentia.
1810 3448 1893 3486 Quia
1918 3446 2085 3477 cuiuslibet
2108 3450 2237 3474 naturae
2258 3444 2479 3475 intellectualis

1417 3497 1585 3536 proprium
1609 3496 1732 3525 bonum
1749 3499 1794 3523 est
1811 3490 1983 3522 beatitudo.
1998 3507 2021 3512 -
2037 3488 2183 3520 Secunda
2201 3489 2295 3518 etiam
2314 3489 2477 3528 probatur.

1417 3540 1502 3578 Quia
1533 3549 1599 3570 non
1632 3543 1834 3578 comparatur
1861 3536 1947 3565 Deus
1978 3534 2017 3564 ad
2047 3533 2214 3574 proprium
2245 3533 2369 3562 bonum
2397 3533 2479 3564 sicut

1417 3584 1506 3624 quod
1533 3584 1565 3614 in
1590 3585 1713 3613 bonum
1744 3580 1890 3611 nondum
1919 3579 2062 3608 habitum
2093 3576 2203 3612 tendit,
2231 3586 2306 3607 cum
2333 3577 2412 3607 illud
2440 3578 2479 3607 sit

1416 3628 1576 3658 existentis
1593 3628 1625 3657 in
1641 3626 1798 3666 potentia:
1819 3623 1873 3654 sed
1890 3624 1971 3653 sicut
1987 3621 2075 3662 quod
2091 3622 2154 3651 iam
2171 3621 2295 3658 obtinet
2310 3622 2477 3661 proprium

1415 3673 1549 3702 bonum.

2300 3727 2333 3758 34
