2768 4134
0 3862 3 3877 v-
0 3726 7 3854 ‘mmm
0 3527 7 3717 -22-»222—-0-3-v.
0 3481 6 3497 ἡ,
0 3435 5 3472 μμ.
0 3423 1 3427 Α
0 3404 2 3406 .
0 3378 3 3389 -
0 3359 3 3364 .

0 4002 9 4134 m-—z-vo—-v

8 797 18 807 '¹
31 796 89 824 Cap.
102 801 169 818 xxm.

7 1270 224 1347 ffffffiffga·

7 1351 17 1363 “
32 1350 92 1379 Cep.
100 1356 162 1373 mv
171 1357 224 1379 sqq.

8 1594 20 1607 ¹¹
27 1593 164 1621 ub.l.enp.
172 1599 224 1620 xm,

7 1966 20 1976 ⁴
34 1964 94 1993 Cap.
101 1969 170 1986 xxm.

5 2023 21 2036 '¹
34 2021 94 2050 Cap.
103 2027 185 2044 mxi.

8 2500 22 2512 ³
37 2499 73 2522 Cf.
93 2499 228 2522 comment.

14 2532 66 2554 etp.
97 2532 154 2548 xxix
190 2526 226 2552 (al.

14 2554 143 2580 xxviii-rx),
158 2552 210 2575 init.

8 2633 23 2646 ·”
38 2631 95 2660 Cap.
110 2637 184 2653 xxxu.

7 2721 24 2732 ⁴
37 2719 96 2748 Cap.
112 2725 212 2741 xxxvrn.

731 290 920 327 SUMMA
948 288 1171 326 CONTRA
1199 288 1472 336 GENTILES,
1502 293 1596 328 LIB.
1618 294 1658 338 ΙΙ,
1689 293 1799 330 CAP.
1821 295 1957 331 XXXI.

247 378 366 415 turae,
395 368 512 406 habet
540 380 623 406 esse
652 369 701 405 ab
730 368 816 406 alio.
848 368 976 405 Causa
1013 374 1145 404 autem
1180 367 1318 404 extrin-

247 434 335 460 seca
353 430 410 459 est
428 423 491 459 vel
509 422 690 468 efficiens,
710 423 773 459 vel
790 421 902 458 finis>
922 421 981 458 Ex
1009 419 1197 457 efficiente
1223 431 1318 456 vero

248 475 422 525 sequitur
450 475 559 524 quod
587 475 770 512 effectum
799 485 955 511 necesse
975 472 1021 510 sit
1040 485 1134 519 esse,
1154 484 1225 522 per
1243 473 1319 509 hoc

248 528 356 578 quod
385 535 563 577 agentem
591 539 747 565 necesse
776 535 832 564 est
860 538 989 575 agere:
1023 538 1094 576 per
1126 525 1319 563 actionem

249 581 353 619 enim
382 580 527 630 agentis
548 580 708 617 effectus
727 592 750 617 a
769 591 886 617 causa
905 579 1094 617 efficiente
1113 578 1317 628 dependet.

249 634 290 672 Si
318 634 432 682 igitur
458 640 635 681 agentem
663 645 745 669 non
773 644 929 670 necesse
958 632 1004 670 sit
1032 644 1143 680 agere
1162 631 1212 669 ad
1231 643 1320 680 pro-

249 686 472 724 ductionem
494 686 664 731 effeetus,
685 697 758 723 nec
777 685 959 722 effectum
985 697 1143 722 necesse
1162 692 1218 721 est
1237 696 1320 721 esse

249 740 436 777 absolute.
467 739 574 776 Deus
603 746 734 776 autem
754 750 836 775 non
855 737 930 786 agit
958 750 1005 775 ex
1033 738 1162 788 aliqua
1190 749 1321 774 neces-

249 792 357 829 sitate
385 792 434 829 ad
463 799 729 828 creaturarum
757 791 1069 840 productionem,
1099 798 1142 828 ut
1169 802 1288 840 supra
1301 789 1322 811 ²¹¹

249 853 450 883 ostensum
478 852 544 882 est.
584 845 678 881 Non
715 852 771 881 est
805 843 918 892 igitur
954 844 1128 880 absolute
1165 854 1322 880 necesse

249 905 467 935 creaturam
495 909 578 934 esse
607 897 830 935 necessitate
849 896 1044 946 pendente
1063 909 1086 933 a
1105 908 1222 934 causa
1241 895 1321 933 effi-

250 950 384 988 ciente.
420 973 445 978 -
479 950 662 988 Similiter
697 961 771 987 nec
807 949 1031 987 necessitate
1068 949 1263 998 pendente
1300 961 1324 985 a

250 1016 367 1042 causa
394 1003 513 1041 finali.
544 1004 602 1040 Ea
631 1003 736 1040 enim
765 1015 866 1052 quae
899 1010 989 1039 sunt
1017 1002 1067 1039 ad
1094 1002 1227 1048 finem,
1257 1013 1323 1038 ne-

250 1057 466 1094 cessitatem
499 1069 522 1094 a
553 1056 632 1093 fine
668 1067 751 1093 non
779 1055 969 1105 recipiunt
1004 1055 1077 1092 nisi
1105 1055 1324 1092 seeundum

250 1110 359 1160 quod
379 1109 468 1147 finis
487 1109 569 1146 sine
589 1108 643 1145 eis
662 1110 725 1145 vel
747 1121 829 1145 non
856 1116 983 1158 potest
1002 1120 1096 1154 esse,
1117 1108 1214 1145 sicut
1233 1120 1324 1146 con-

251 1163 417 1200 servatio
446 1162 547 1199 vitae
576 1161 658 1198 sine
686 1161 791 1208 cibo;
821 1163 884 1198 vel
913 1174 993 1198 non
1021 1161 1072 1198 ita
1101 1162 1200 1198 bene
1229 1173 1324 1207 esse,

251 1216 349 1254 sicut
375 1215 446 1253 iter
473 1215 555 1252 sine
584 1226 700 1264 equo.
731 1214 837 1251 Finis
860 1222 992 1252 autem
1012 1214 1166 1265 divinae
1186 1216 1325 1252 volun-

251 1269 348 1316 tatis,
365 1281 412 1306 ex
431 1281 511 1318 qua
524 1280 586 1318 res
600 1265 631 1319 †
645 1267 686 1304 in
701 1279 784 1304 esse
804 1275 1088 1317 processerunt,
1104 1279 1186 1305 non
1197 1275 1327 1317 potest

252 1321 461 1365 aliudesse
480 1319 602 1371 quam
621 1333 692 1358 sua
711 1320 874 1367 bonitas,
890 1329 932 1358 ut
952 1320 990 1358 in
1011 1320 1144 1357 Primo
1158 1321 1179 1343 ’¹‘
1198 1329 1325 1358 osten-

253 1387 342 1414 sum
370 1383 437 1413 est.
468 1375 582 1422 Quae
610 1374 771 1423 quidem
800 1375 823 1411 a
851 1373 1034 1411 creaturis
1066 1386 1148 1411 non
1182 1374 1326 1423 depen—

253 1429 336 1467 det:
365 1440 439 1466 nec
466 1436 658 1478 quantum
687 1427 736 1464 ad
765 1439 859 1473 esse,
888 1439 981 1464 cum
1009 1427 1055 1464 sit
1082 1439 1153 1476 per
1186 1439 1226 1464 se
1260 1439 1326 1464 ne-

252 1493 359 1520 cesse
388 1494 490 1527 esse;
519 1493 593 1518 nec
620 1488 813 1530 quantum
842 1480 891 1517 ad
919 1480 1019 1517 bene
1048 1492 1142 1526 esse,
1162 1492 1255 1517 cum
1281 1480 1327 1517 sit

253 1535 472 1572 secundum
508 1546 548 1570 se
583 1532 751 1583 perfecta
786 1533 1025 1582 simpliciter;
1059 1545 1160 1582 quae
1193 1532 1327 1571 omnia

253 1599 372 1637 supra
388 1586 410 1609 '¹‘
437 1594 591 1624 ostensa
620 1594 719 1623 sunt.
756 1586 850 1622 Non
878 1593 934 1622 est
967 1585 1082 1633 igitur
1109 1593 1327 1623 creaturam

252 1652 336 1678 esse
368 1640 544 1678 absolute
579 1637 853 1676 necessarium.
889 1638 975 1675 Nec
1008 1637 1122 1686 igitur
1153 1650 1327 1676 necessa-

251 1693 357 1731 rium
383 1701 440 1730 est
467 1704 615 1742 ponere
643 1698 861 1728 creaturam
889 1702 1045 1740 semper
1070 1690 1199 1728 fuisse.

305 1746 459 1784 Adhuc.
490 1745 612 1793 Quod
640 1752 696 1782 est
724 1756 771 1781 ex
799 1745 1010 1790 voluntate,
1031 1755 1114 1780 non
1139 1751 1195 1780 est
1214 1744 1327 1781 abso-

252 1801 331 1839 lute
356 1798 633 1844 necessarium,
667 1797 741 1834 nisi
771 1797 867 1834 forte
896 1796 1056 1846 quando
1085 1797 1327 1833 voluntatem

252 1853 330 1892 hoc
355 1853 454 1890 velle
483 1859 539 1889 est
567 1849 840 1888 necessarium.
871 1849 978 1886 Deus
1007 1857 1139 1886 autem
1158 1861 1239 1886 non
1257 1861 1328 1899 per

252 1905 519 1944 necessitatem
554 1911 727 1948 naturae,
757 1903 825 1940 sed
859 1914 930 1951 per
962 1903 1203 1939 voluntatem
1237 1914 1327 1951 pro-

253 1958 358 1997 ducit
386 1965 580 1996 creaturas
609 1957 649 1995 in
678 1969 772 2003 esse,
801 1964 844 1993 ut
876 1955 1085 2005 probatum
1115 1963 1171 1991 est
1189 1954 1224 1991 *ε
1255 1966 1327 1991 nec

253 2024 300 2050 ex
328 2010 552 2049 necessitate
580 2011 664 2047 vult
691 2017 886 2047 creaturas
905 2020 999 2053 esse,
1020 2016 1063 2044 ut
1091 2007 1131 2044 in
1160 2006 1292 2044 Primo
1307 2006 1327 2028 ²⁸

236 2072 455 2102 'ostensum
485 2071 551 2101 est.
587 2064 681 2100 Non
717 2062 830 2111 igitur
862 2069 918 2098 est
950 2061 1124 2097 absolute
1153 2072 1327 2097 necessa-

305 2191 324 2215 4
341 2187 383 2209 est
399 2182 486 2217 agere]
506 2183 541 2208 sit
558 2189 636 2216 agere
655 2181 748 2212 DEsG,
767 2181 801 2205 sit
819 2187 899 2213 agens
919 2179 951 2210 G,
971 2184 1011 2204 est
1030 2179 1080 2203 «X.

306 2227 323 2253 9
334 2217 406 2253 velit]
422 2218 534 2243 voluerit
547 2217 634 2242 DWZ.
719 2223 747 2241 21
767 2215 815 2248 est]
830 2215 863 2240 sit
879 2215 920 2240 Ρε.

1374 367 1476 406 rium
1504 377 1719 407 creaturam
1747 383 1840 408 esse.
1877 373 2016 421 Neque
2052 385 2141 423 ergo
2177 376 2439 414 necessarium

1374 428 1429 457 est
1457 433 1521 458 eas
1550 434 1704 472 semper
1730 423 1857 461 fuisse.

1424 473 1617 532 Amplius.
1640 475 1852 512 Ostensum
1871 484 1927 513 est
1945 479 2091 526 supra*
2105 481 2212 529 quod
2231 482 2338 519 Deus
2357 494 2436 519 non

1375 533 1450 572 ag1t
1478 527 1607 575 aliqua
1634 526 1782 564 actione
1811 540 1911 576 quae
1940 529 1986 566 sit
2019 539 2122 569 extra
2154 532 2294 582 ipsum,
2328 535 2439 584 quasi

1342 593 1351 612 ς
1375 578 1424 614 ab
1453 577 1538 626 ipso
1567 578 1697 616 exiens
1725 587 1761 616 et
1788 579 1829 616 in
1856 589 2071 620 creaturam
2098 585 2309 632 terminata,
2342 588 2439 625 sicut

1375 630 1570 668 calefactio
1590 631 1665 669 exit
1684 631 1732 668 ab
1752 631 1838 680 igne
1858 640 1894 670 et
1912 635 2137 673 terminatur
2159 637 2199 674 in
2224 639 2341 686 ligna:
2371 641 2439 677 sed

1375 683 1459 720 eius
1477 685 1576 721 velle
1604 691 1660 721 est
1688 684 1770 721 eius
1799 697 1928 733 agere;
1958 694 1994 723 et
2022 689 2097 725 hoc
2120 690 2240 727 modo
2260 699 2349 728 sunt
2367 704 2438 738 res,

1376 737 1595 774 secundum
1624 737 1730 786 quod
1750 738 1858 774 Deus
1877 740 1959 775 vult
1978 752 2042 776 eas
2061 753 2155 778 esse.
2187 743 2263 779 Sed
2287 756 2366 781 non
2385 754 2441 782 est

1376 789 1637 827 necessarium
1666 790 1774 839 quod
1802 791 1909 827 Deus
1937 791 2026 828 velit
2053 801 2266 831 creaturam
2290 808 2442 846 semper

1338 860 1363 875 ιο
1377 842 1509 879 fuisse:
1540 855 1632 880 cum
1670 843 1785 880 etiam
1823 855 1904 880 non
1940 844 1986 881 sit
2020 846 2279 883 necessarium
2313 849 2442 886 Deum

1377 897 1475 933 velle
1503 896 1610 945 quod
1647 903 1821 933 creatura
1856 896 1902 933 sit
1935 898 2108 944 omnino,
2137 907 2179 935 ut
2207 899 2246 935 in
2274 901 2405 938 Primo
2423 902 2443 923 *

1378 956 1578 986 ostensum
1608 956 1674 985 est.
1704 950 1798 986 Non
1826 949 1938 998 igitur
1966 958 2022 987 est
2048 952 2309 989 necessarium
2338 955 2444 1002 quod

1378 1009 1553 1039 creatura
1582 1014 1736 1050 semper
1762 1002 1883 1039 fuerit.

1432 1056 1538 1092 Item.
1569 1055 1630 1091 Ab
1659 1063 1792 1103 agente
1820 1068 1891 1104 per
1914 1057 2154 1094 voluntatem
2174 1070 2254 1095 non
2273 1059 2446 1108 procedit

1339 1125 1363 1146 ις
1379 1107 1523 1157 aliquid
1552 1120 1600 1145 ex
1627 1108 1849 1145 necessitate
1878 1109 1949 1145 nisi
1976 1121 2046 1158 per
2073 1110 2262 1148 rationem
2287 1111 2446 1149 alicuius

1380 1160 1507 1198 debiti.
1538 1161 1597 1198 Ex
1625 1161 1732 1197 nullo
1768 1169 1895 1198 autern
1926 1162 2055 1199 debito
2089 1163 2195 1200 Deus
2230 1172 2445 1202 creaturam

1379 1213 1569 1267 producit,
1599 1213 1631 1250 si
1659 1214 1833 1253 absolute
1868 1214 2094 1252 universalis
2129 1224 2323 1254 creaturae
2357 1230 2446 1267 pro-

1380 1267 1511 1304 ductio
1531 1266 1806 1313 consideretur,
1821 1275 1863 1304 ut
1883 1279 1999 1316 supra
2012 1268 2032 1290 ’¹‘
2047 1276 2246 1306 ostensum
2266 1277 2331 1307 est.
2352 1271 2447 1307 Non

1380 1320 1493 1369 igitur
1530 1332 1576 1357 ex
1613 1319 1836 1357 necessitate
1871 1321 1978 1357 Deus
2014 1329 2229 1359 creaturam
2256 1322 2444 1372 producit.

1340 1390 1367 1405 πο
1380 1374 1465 1411 Nec
1493 1372 1606 1422 igitur
1633 1373 1896 1410 necessarium
1916 1381 1981 1419 est,
2002 1374 2032 1410 si
2058 1374 2164 1411 Deus
2191 1374 2446 1424 sempiternus

1381 1434 1448 1472 est,
1478 1426 1586 1476 quod
1615 1434 1831 1463 creaturam
1860 1426 1908 1462 ab
1937 1434 2092 1463 aeterno
2121 1428 2356 1476 produxerit.

1434 1480 1647 1517 Praeterea.
1679 1479 1892 1516 Ostensum
1928 1487 1983 1515 est
2019 1492 2135 1528 supra
2152 1480 2172 1501 ’¹‘
2201 1481 2307 1529 quod
2335 1481 2446 1518 abso-

1381 1534 1460 1569 luta
1487 1531 1693 1569 necessitas
1721 1531 1905 1569 inrebus
1933 1532 2067 1568 creatis
2099 1545 2179 1570 non
2208 1542 2263 1570 est
2290 1546 2359 1582 per
2387 1546 2447 1570 or-

1381 1585 1514 1623 dinem
1542 1586 1591 1622 ad
1620 1584 1794 1634 primum
1821 1584 2055 1634 principium
2082 1586 2188 1634 quod
2217 1598 2287 1635 per
2314 1598 2353 1623 se
2382 1598 2447 1622 ne-

1341 1660 1364 1680 25
1381 1650 1487 1675 cesse
1515 1645 1572 1674 est
1599 1649 1693 1683 esse,
1723 1637 1863 1674 scilicet
1896 1638 2038 1683 Deum,
2067 1638 2134 1675 sed
2168 1650 2238 1687 per
2271 1638 2449 1676 ordinem

1381 1691 1430 1728 ad
1459 1690 1551 1728 alias
1579 1702 1726 1736 causaS,
1756 1703 1857 1739 quae
1885 1703 1966 1727 non
2003 1698 2091 1727 sunt
2125 1703 2195 1740 per
2227 1704 2266 1728 se
2295 1703 2450 1728 necesse

1382 1756 1476 1781 esse.
1507 1743 1724 1780 Necessitas
1752 1750 1883 1780 autem
1912 1743 2057 1780 ordinis
2086 1744 2136 1780 ad
2163 1743 2201 1780 id
2230 1744 2336 1793 quod
2370 1756 2449 1781 non

1382 1804 1438 1833 est
1456 1809 1526 1846 per
1554 1808 1594 1833 se
1614 1808 1770 1833 necesse
1791 1808 1885 1842 esse,
1905 1808 1985 1833 non
2005 1796 2105 1844 cogit
2129 1796 2272 1846 aliquid
2299 1809 2452 1846 semper

1381 1849 1514 1886 fuisse:
1545 1849 1720 1898 sequitur
1738 1849 1855 1894 enim,
1876 1849 1906 1886 si
1926 1849 2070 1897 aliquid
2093 1849 2219 1895 currit,
2240 1850 2347 1898 quod
2366 1861 2451 1886 mo-

1343 1923 1368 1942 3⁰
1381 1910 1535 1947 veatur;
1565 1914 1646 1938 110ss
1665 1910 1796 1939 tamen
1815 1914 1972 1939 necesse
1992 1909 2048 1938 eSt
2067 1902 2174 1950 qUOd
2194 1914 2348 1951 semper
2366 1914 2450 1938 mo-

1381 1962 1465 1991 tum
1493 1953 1615 1999 fuerit,
1645 1954 1737 2003 quia
1763 1954 1894 2003 ipsum
1923 1966 2074 1991 currere
2109 1966 2191 1991 non
2226 1962 2281 1990 est
2312 1967 2382 2003 per
2409 1966 2449 1990 se

1380 2006 1654 2097 gpicessarium.
1684 2006 1792 2043 Nihil
1821 2018 1911 2054 ergo
1940 2005 2040 2054 cogit
2072 2014 2264 2044 creaturas
2297 2018 2450 2056 semper

1436 2072 1507 2097 sse.

1172 2177 1204 2203 18
1224 2178 1249 2202 in
1268 2184 1328 2202 esse
1346 2181 1572 2209 processerunt...
1593 2175 1644 2207 346
1663 2184 1678 2200 a
1699 2183 1735 2207 40
1754 2181 1928 2201 extremorum
1947 2177 2043 2201 lacuna
2062 2176 2088 2200 in
2108 2177 2140 2202 A.

1004 2213 1036 2239 26
1052 2221 1160 2238 necesse
1174 2220 1235 2238 esse
1251 2213 1291 2237 Ita
1307 2212 1462 2242 GNWYsZ;
1478 2219 1587 2236 necesse
1601 2212 1630 2242 Z,
1645 2209 1707 2236 πῆ
1721 2209 1752 2236 ΕΞ
1766 2211 1794 2242 F,
1808 2211 1954 2236 necessarie
1969 2219 2027 2236 esse
2040 2212 2071 2242 X,
2082 2211 2242 2236 necessariae
2255 2218 2347 2236 causae
2360 2211 2450 2236 ceteri.

1015 2300 1353 2334 Commentaria
1382 2299 1695 2332 Fen-ariensis

309 2412 457 2435 osraum
480 2401 705 2432 determinavit
732 2399 868 2430 Sanctus
896 2399 1042 2429 Thomas
1071 2398 1111 2429 de
1140 2398 1330 2429 necessitate

257 2415 536 2488 Pproductionis
565 2450 729 2476 creaturae
753 2443 933 2474 secundum
960 2452 1004 2479 se,
1028 2452 1117 2474 nunc
1148 2442 1188 2473 de
1217 2451 1330 2473 neces-

255 2493 346 2524 sitate
362 2492 463 2532 ipsius
476 2494 636 2530 quantum
651 2488 692 2519 ad
704 2488 909 2519 durationem
925 2492 1087 2518 aeternam
1100 2486 1291 2518 determinat
1302 2487 1329 2516 *-

257 2536 351 2567 Circa
375 2533 465 2575 quod
488 2534 547 2564 tria
569 2532 658 2564 facit:
683 2533 790 2573 primo
815 2532 902 2562 enim
926 2531 1067 2562 ostendit
1089 2541 1158 2561 non
1182 2541 1251 2561 esse
1273 2540 1330 2561 ne-

257 2580 430 2611 cessarium
454 2582 613 2608 creaturas
636 2577 676 2607 ab
701 2582 831 2607 aeterno
855 2574 972 2612 fuisse;
997 2575 1152 2612 secundo,
1169 2575 1264 2605 solvit
1281 2584 1330 2605 ra-

255 2625 361 2655 tiones
376 2621 566 2654 huiusmodi
581 2621 806 2652 necessitatem
821 2621 996 2660 probantes
1007 2621 1042 2656 *;
1066 2619 1172 2655 tertio,
1190 2618 1331 2649 ostendit

257 2667 348 2709 quod
370 2676 432 2698 nec
455 2666 552 2697 etiam
574 2666 716 2696 rationes
739 2665 858 2705 quibus
882 2664 1061 2695 ostenditur
1083 2663 1244 2694 mundum
1261 2673 1331 2694 non

257 2722 327 2744 esse
349 2716 527 2747 aeternum,
551 2710 734 2740 necessario
759 2708 961 2740 concludunt
977 2709 1003 2738 θ.

313 2756 483 2794 Quantum
503 2753 543 2784 ad
565 2753 718 2794 primum,
741 2753 896 2793 probatur
919 2752 1010 2792 quod
1026 2761 1091 2782 non
1117 2756 1163 2781 est
1186 2760 1331 2781 necessa-

258 2801 343 2831 rium
367 2803 538 2830 creaturas
562 2797 602 2828 ab
625 2802 759 2828 aeterno
774 2797 895 2838 fuisse.

313 2843 377 2875 Sed
400 2841 634 2873 advertendum
658 2841 748 2881 quod
771 2850 839 2871 non
863 2839 959 2870 refert
977 2839 1133 2870 hocloco
1150 2844 1259 2869 utrum
1275 2838 1331 2868 ali-

258 2888 337 2930 quid
359 2888 462 2928 possit
491 2887 530 2917 ab
561 2891 691 2916 aeterno
725 2884 863 2925 produci
891 2893 1006 2915 necne.
1037 2883 1216 2923 Supposito
1244 2883 1332 2913 enim

259 2932 349 2974 quod
372 2937 535 2963 creaturae
557 2931 621 2960 sint
643 2929 832 2970 productae,
856 2929 1012 2968 probatur
1031 2928 1084 2958 hic
1100 2927 1190 2967 quod
1204 2937 1273 2957 non
1293 2926 1333 2957 de

259 2977 447 3008 necessitate
462 2981 537 3006 sunt
553 2975 592 3004 ab
609 2979 739 3004 aeterno
756 2972 950 3013 productae:
969 2971 1126 3012 quicquid
1142 2972 1182 3002 sit
1197 2971 1236 3001 de
1255 2981 1331 3011 pos-

259 3022 406 3053 sibilitate
429 3019 653 3061 productionis
677 3023 834 3048 aeternae.

314 3065 472 3096 Probatur
496 3073 573 3104 ergo
591 3063 702 3104 primo
730 3063 784 3092 sic.
816 3061 893 3091 Non
917 3066 964 3091 est
993 3069 1124 3090 necesse
1155 3065 1332 3090 creaturam

259 3120 328 3141 esse
353 3109 510 3140 absolute.
535 3108 622 3147 Ergo
639 3116 701 3137 nec
716 3115 849 3136 necesse
866 3110 914 3135 est
928 3105 1033 3145 ipsam
1049 3105 1088 3134 ab
1105 3109 1236 3134 aeterno
1254 3112 1332 3134 esse.

314 3154 472 3184 Probatur
495 3151 698 3183 antecedens.
724 3150 878 3181 Creatura
899 3159 968 3179 non
991 3149 1088 3178 habet
1110 3148 1333 3178 necessitatem

261 3198 387 3229 essendi
404 3207 442 3228 ex
458 3207 502 3233 se,
518 3206 579 3227 nec
596 3197 634 3226 ab
651 3196 725 3226 alio.
750 3195 836 3234 Ergo
854 3200 914 3224 etc.
931 3211 954 3215 -
968 3193 1126 3223 Probatur
1141 3193 1245 3232 prima
1260 3201 1333 3231 pars

259 3242 489 3274 antecedentis.
515 3241 601 3279 Quia
624 3240 650 3270 si
673 3240 804 3270 haberet
827 3248 865 3268 ex
889 3247 922 3268 se
945 3237 1170 3268 necessitatem
1197 3235 1332 3272 essendi,

261 3288 392 3318 haberet
416 3296 484 3316 esse
508 3296 546 3315 ex
570 3295 613 3315 se.
639 3283 740 3322 Quod
767 3283 854 3313 enim
883 3291 1013 3312 necesse
1039 3286 1085 3311 est
1108 3290 1186 3316 esse,
1210 3281 1333 3320 impos-

261 3331 353 3362 sibile
370 3336 417 3361 est
432 3340 501 3361 non
525 3339 610 3365 esse;
636 3334 667 3358 et
690 3337 748 3368 per
771 3335 974 3366 consequens
992 3324 1082 3365 quod
1098 3334 1137 3355 ex
1153 3333 1186 3354 se
1202 3333 1333 3354 necesse

263 3381 310 3406 est
326 3385 404 3412 esse,
422 3385 460 3405 ex
477 3384 509 3404 se
530 3372 730 3413 impossibile
754 3377 801 3402 est
823 3376 859 3401 ut
881 3371 920 3400 sit
942 3379 1011 3399 non
1035 3379 1101 3399 ens·
1127 3369 1200 3398 Hoc
1225 3373 1333 3398 autern

263 3425 431 3450 ostensum
462 3425 509 3449 est
539 3427 635 3458 supra
665 3416 782 3446 falsum
813 3424 890 3445 esse.
913 3432 936 3436 —·
960 3413 1107 3444 Secunda
1139 3413 1234 3442 etiam
1257 3422 1333 3452 pro-

263 3465 366 3495 batur.
390 3464 477 3502 Quia
500 3473 568 3493 non
592 3462 688 3492 habet
710 3461 794 3490 hanc
817 3459 1040 3489 necessitatem
1056 3467 1075 3487 a
1094 3466 1189 3487 causa
1207 3462 1332 3496 agente,

264 3518 347 3548 quae
373 3514 420 3538 est
443 3507 548 3537 Deus:
574 3515 650 3536 cum
674 3510 841 3535 ostensum
872 3504 911 3533 sit
942 3501 1032 3542 quod
1062 3502 1150 3531 Deus
1180 3509 1248 3530 non
1276 3509 1333 3530 ne-

265 3553 401 3583 cessario
425 3552 499 3591 agit.
523 3551 592 3581 Nec
616 3561 634 3580 a
658 3559 752 3580 causa
775 3548 873 3583 finali,
891 3556 974 3587 quae
997 3551 1044 3576 est
1067 3545 1192 3575 bonitas
1209 3543 1331 3574 divina:

266 3606 342 3627 cum
364 3597 418 3627 illa
440 3605 548 3635 neque
569 3599 727 3634 quantum
746 3592 786 3623 ad
803 3601 880 3627 esse,
897 3600 1004 3630 neque
1021 3594 1179 3630 quantum
1195 3587 1235 3618 ad
1251 3589 1334 3618 bene

264 3650 344 3677 esse,
370 3651 387 3670 a
411 3640 561 3670 creaturis
585 3637 775 3678 dependeat.
800 3637 885 3675 Ergo
911 3640 970 3665 etc.

1439 2397 1599 2428 Secundo.
1632 2396 1720 2427 Deus
1751 2396 1917 2426 voluntate
1948 2395 2099 2435 producit
2129 2401 2296 2425 creaturas.
2328 2395 2369 2425 Et
2399 2405 2451 2426 eas

1383 2451 1451 2472 non
1474 2441 1544 2472 vult
1573 2441 1765 2472 necessario.
1793 2440 1880 2480 Ergo
1907 2449 1975 2470 non
2006 2440 2184 2470 necessario
2213 2449 2265 2470 eas
2290 2439 2450 2480 producit.

1385 2486 1471 2526 Ergo
1500 2491 1560 2516 etc.

1443 2530 1563 2560 Tertio.
1581 2529 1656 2559 Hoc
1671 2528 1772 2559 modo
1790 2533 1864 2558 sunt
1880 2537 1929 2558 res
1946 2537 2013 2567 quo
2026 2528 2115 2558 Deus
2127 2528 2195 2558 vult
2212 2537 2263 2557 eas
2280 2537 2358 2557 esse.
2375 2528 2450 2558 Non

1385 2579 1433 2604 est
1456 2579 1565 2604 autem
1588 2573 1804 2603 necessarium
1829 2571 1918 2611 quod
1942 2571 2030 2602 Deus
2053 2572 2129 2601 velit
2152 2576 2309 2601 creaturas
2324 2581 2452 2612 semper

1385 2618 1499 2648 fuisse:
1524 2618 1607 2647 sicut
1636 2626 1698 2647 nec
1727 2626 1780 2646 eas
1810 2625 1888 2646 esse.
1920 2615 2005 2655 Ergo
2030 2621 2090 2645 etc.
2114 2633 2136 2637 -
2158 2615 2314 2645 Probatur
2337 2616 2449 2645 maior.

1386 2662 1471 2699 Quia
1492 2661 1575 2691 velle
1599 2661 1661 2690 Dei
1685 2665 1732 2690 est
1755 2660 1824 2690 eius
1847 2668 1950 2699 agere.

1443 2705 1581 2741 Quarto.
1603 2704 1691 2734 Deus
1708 2713 1745 2734 ex
1760 2703 1852 2734 nullo
1869 2703 1977 2734 debito
1994 2708 2171 2732 creaturam
2186 2702 2346 2743 producit.
2362 2702 2449 2742 Ergo

1384 2759 1451 2780 nec·
1461 2759 1500 2779 ex
1515 2749 1713 2779 necessitate.
1738 2747 1824 2787 Ergo
1845 2753 1903 2778 etc.
1920 2765 1943 2769 —
1957 2747 2115 2776 Probatur
2129 2747 2232 2786 prima
2248 2755 2450 2786 consequen-

1384 2794 1437 2823 tia.
1462 2793 1549 2831 Quia
1572 2793 1610 2822 ab
1635 2797 1748 2832 agente
1772 2801 1829 2832 per
1847 2791 2048 2821 voluntatem
2071 2799 2139 2820 non
2162 2790 2307 2830 procedit
2331 2789 2451 2830 aliquid

1386 2847 1424 2868 ex
1446 2837 1635 2868 necessitate
1658 2837 1719 2866 nisi
1742 2845 1800 2876 per
1822 2836 1980 2866 rationem
2000 2835 2134 2865 alicuius
2154 2834 2261 2864 debiti.

1440 2881 1685 2912 Advertendum
1701 2879 1791 2920 quod
1814 2880 1847 2910 in
1871 2889 1911 2910 eo
1936 2878 2026 2918 quod
2048 2879 2197 2918 provenit
2213 2879 2251 2908 ab
2268 2878 2377 2917 aliquo
2394 2886 2452 2917 per

1385 2926 1585 2956 voluntatem
1616 2930 1740 2964 agente,
1764 2923 1895 2954 effectus
1919 2928 2078 2963 quantum
2101 2922 2233 2962 quidem
2262 2921 2301 2952 ad
2329 2931 2396 2952 esse
2420 2927 2452 2951 et

1385 2979 1455 3000 non
1478 2979 1547 3000 esse
1570 2970 1720 3009 provenit
1742 2969 1842 2999 libere
1865 2978 1883 2998 a
1906 2968 2081 3003 voluntate,
2105 2967 2250 2997 absolute
2273 2964 2450 3005 loquendo,

1385 3015 1574 3054 nullamque
1609 3014 1704 3043 habet
1737 3013 1960 3043 necessitatem
1995 3011 2190 3041 absolutam:
2224 3015 2330 3050 potest
2364 3009 2452 3039 enim

1386 3067 1483 3099 agens
1498 3067 1557 3098 per
1571 3057 1784 3093 voluntatem,
1801 3061 1837 3086 ut
1853 3056 1907 3092 sic,
1924 3065 2016 3095 agere
2036 3054 2186 3085 effectum
2211 3059 2242 3084 et
2264 3063 2331 3083 non
2348 3062 2450 3092 agere.

1387 3102 1451 3133 Sed
1473 3107 1510 3132 ut
1532 3102 1682 3132 voluntas
1711 3107 1758 3131 est
1785 3101 1844 3131 sub
1875 3100 1982 3140 aliqua
2005 3099 2191 3130 conditione
2215 3097 2322 3133 debiti,
2345 3101 2453 3136 potest

1386 3147 1610 3177 necessitatem
1639 3146 1765 3176 habere.
1790 3145 1887 3175 Verbi
1910 3145 2018 3184 gratia,
2042 3143 2095 3173 ille
2118 3143 2175 3182 qui
2203 3147 2329 3172 tenetur
2356 3141 2452 3170 alicui

1388 3191 1462 3221 dare
1485 3196 1627 3226 centum,
1644 3195 1751 3230 potest
1775 3188 1907 3229 quidem
1923 3188 1998 3218 dare
2013 3193 2044 3218 et
2063 3196 2131 3217 non
2146 3186 2235 3216 dare:
2261 3185 2326 3220 sed,
2343 3185 2369 3214 si
2383 3185 2453 3215 vult

1386 3236 1469 3266 iuste
1489 3244 1592 3274 agere,
1608 3234 1788 3265 necessario
1813 3233 1914 3269 dabit;
1940 3238 1971 3262 et
1994 3233 2038 3262 sic
2062 3232 2105 3261 ibi
2129 3232 2187 3260 erit
2209 3229 2379 3260 necessitas
2403 3229 2452 3259 iu-

1387 3279 1500 3315 stitiae,
1517 3279 1592 3309 licet
1606 3288 1673 3309 non
1691 3279 1731 3308 sit
1746 3277 1892 3308 absoluta
1914 3276 2094 3306 necessitas.
2119 3274 2160 3304 Et
2183 3273 2256 3304 ideo
2276 3274 2358 3303 bene
2375 3271 2453 3302 dixit

1388 3323 1523 3354 Sanctus
1539 3323 1684 3352 Thomas
1704 3321 1794 3362 quod
1817 3321 1855 3351 ab
1872 3325 1985 3360 agente
2001 3329 2058 3359 per
2081 3318 2279 3348 voluntatem
2294 3326 2361 3347 non
2377 3325 2452 3356 pro—

1388 3367 1472 3397 cedit
1495 3366 1616 3407 aliquid
1638 3376 1696 3406 per
1718 3366 1939 3395 necessitatem
1964 3364 2026 3393 nisi
2049 3363 2176 3392 ratione
2192 3361 2331 3392 alicuius
2346 3360 2451 3395 debiti,

1387 3412 1421 3441 in
1445 3421 1512 3450 quo
1537 3411 1657 3440 scilicet
1680 3410 1816 3440 salvatur
1839 3408 1975 3438 iustitiae
1999 3407 2179 3437 necessitas.

1446 3455 1580 3490 Quinto.
1597 3455 1672 3484 Non
1689 3459 1736 3483 est
1750 3454 1920 3483 necessitas
1945 3451 2090 3481 absoluta
2105 3451 2138 3480 in
2154 3450 2248 3479 rebus
2265 3449 2376 3479 creatis
2396 3458 2454 3488 per

1389 3499 1537 3529 ordinem
1566 3498 1605 3528 ad
1632 3499 1789 3537 primum.
1804 3496 2008 3536 principium,
2033 3493 2089 3524 sed
2111 3495 2145 3524 in
2172 3493 2285 3523 ordine
2312 3492 2352 3522 ad
2379 3493 2454 3522 alias

1389 3553 1509 3573 causas.
1524 3543 1616 3580 Quae
1628 3551 1696 3572 non
1713 3547 1787 3571 sunt
1798 3550 1855 3580 per
1871 3549 1904 3569 se
1919 3539 2114 3569 necessariae
2127 3546 2252 3568 causae.
2264 3536 2350 3576 Ergo
2364 3542 2455 3566 etc.-

1388 3587 1479 3617 Patet
1494 3586 1736 3626 consequentia.
1753 3585 1839 3622 Quia
1854 3584 2025 3613 necessitas
2041 3582 2161 3612 ordinis
2176 3580 2217 3611 ad
2231 3580 2265 3611 id
2280 3579 2372 3620 quod
2386 3589 2455 3610 non

1389 3637 1436 3661 est
1459 3640 1515 3670 per
1539 3640 1571 3660 se
1595 3639 1725 3660 necesse
1749 3638 1828 3664 esse,
1852 3637 1919 3658 non
1943 3628 2030 3666 cogit
2052 3625 2174 3666 aliquid
2196 3634 2324 3665 semper
2345 3623 2455 3654 fuisse.

2465 488 2474 497 ·
2489 487 2546 515 cap.
2558 493 2589 511 rx.
2599 492 2666 508 xxm.

2471 910 2479 919 ⁸
2493 909 2549 937 Cap.
2563 916 2641 931 Lxxn.

2474 1277 2483 1286 ·
2497 1275 2554 1303 Cap.
2569 1281 2652 1297 xxvm.

2474 1487 2483 1496 ·
2499 1485 2556 1512 Cap.
2571 1490 2646 1512 praec.
