2814 4290
1266 162 1531 205 APPENDIX

307 233 389 276 Cap.
415 237 468 268 61.
494 239 596 278 Quod
619 243 709 277 Deus
738 255 785 280 est
814 253 985 291 purissima
1014 260 1142 297 veritas;
1173 263 1300 297 initium
1325 278 1385 299 no·
1410 272 1414 336 Ι

362 296 437 318 vum
463 290 496 320 in
514 301 635 332 paruo.

417 339 498 381 Cap.
525 343 578 375 62.
604 345 706 385 Quod
730 350 837 384 divina
864 357 980 388 veritas
1003 366 1050 391 est
1097 364 1177 395 rima
1201 373 1234 397 et
1254 377 1291 399 su

1439 282 1665 334 cap..97-.-102,
1691 282 1734 322 cf.
1759 284 1872 342 stab-a.
1896 287 1961 319 Per
1983 293 2191 326 amissionem
2210 300 2314 338 primi
2328 303 2515 343 diplomatis

1410 342 1412 376 ἱ
1427 324 1590 364 fasctculz
1620 334 1708 389 tert-11
1739 338 1916 377 orzgmalis
1929 342 1971 394 ..A
1993 343 2073 395 vinicit
2095 356 2189 389 capg,
2208 353 2529 398 gadum

944 761 1360 806 CHARACTERES
1393 764 1455 806 ΕΤ
1484 763 1656 807 SIGNA

386 849 602 902 QUIBUS
634 851 905 894 VARlETAS
936 852 1366 915 AUTHOGRAPHI
1396 853 1675 897 VATICANI
1708 855 2210 898 REPRAESENTATUR

462 1043 695 1075 characteres
717 1045 872 1075 maiores
905 1065 1115 1072 .....
1160 1045 1315 1076 Redactio
1341 1045 1515 1083 definitiva,
1540 1056 1638 1087 quam
1663 1047 1762 1078 editio
1786 1053 1895 1078 nostra
1919 1048 2056 1079 exhibet.

463 1098 699 1128 characteres
721 1099 874 1129 minores
904 1119 1116 1127 .....
1160 1100 1264 1131 Verba
1289 1100 1340 1131 vel
1363 1101 1435 1132 loca
1459 1111 1477 1132 a
1500 1101 1532 1132 S.
1558 1102 1687 1133 Thoma
1711 1102 1824 1134 deleta.

459 1151 694 1183 Characteres
716 1153 870 1182 minores
892 1153 1065 1183 inclinati.
1110 1174 1116 1180 .
1160 1154 1264 1185 Verba
1288 1154 1392 1185 deleta
1416 1156 1498 1186 inter
1521 1156 1657 1196 primam
1682 1162 1786 1187 textus
1810 1158 2028 1198 scriptionem.

457 1206 579 1237 Uncini
599 1207 697 1237 curvi
724 1206 735 1248 <
760 1206 770 1246 )
803 1227 1115 1234 -------
1160 1208 1264 1238 Verba
1289 1209 1339 1239 vel
1363 1208 1435 1239 loca
1459 1209 1634 1240 revidendo
1659 1210 1774 1241 addita.

461 1262 582 1292 Uncini
603 1262 688 1292 recti
711 1261 720 1303 [
752 1261 761 1303 j
805 1280 1115 1290 -------
1160 1262 1264 1292 Verba
1289 1261 1394 1292 addita
1418 1264 1499 1292 intra
1523 1263 1678 1293 terminos
1702 1264 1830 1299 alterius
1854 1264 2071 1296 additamenti.

458 1317 581 1347 Uncini
601 1315 684 1346 flexi
709 1317 725 1355 <
754 1310 789 1355 >>
802 1335 1114 1345 .......
1160 1317 1263 1347 Verba
1287 1315 1468 1356 praedeleta
1493 1323 1564 1347 ante
1590 1318 1689 1348 totius
1714 1318 1776 1348 loci
1802 1317 2007 1351 deletionem.

457 1371 625 1401 Punctiua
640 1391 857 1400 ......
869 1385 873 1389 ‹
902 1392 1113 1399 .....
1159 1372 1267 1402 Locus
1291 1371 1346 1401 ubi
1372 1371 1460 1402 nulla
1484 1373 1620 1402 mutatio
1644 1373 1677 1403 in
1702 1374 1904 1414 autographo
1930 1375 2099 1405 invenitur.

459 1425 632 1455 Antei-fisci
654 1426 689 1455 ln
713 1426 804 1455 linea
832 1439 847 1454 »κ
877 1439 891 1455 ,ε
922 1440 936 1455 ,μ
1005 1446 1011 1452 .

457 1479 588 1509 obelus
610 1479 735 1516 duplex
759 1479 905 1518 †...†.
951 1501 956 1506 .
1003 1501 1008 1507 .
1053 1493 1110 1510 .a.

1105 1447 1111 1452 .
1158 1426 1266 1456 Locus
1290 1425 1456 1462 laceratus,
1482 1426 1531 1456 vel
1557 1427 1651 1456 verba
1675 1426 1847 1467 illegibilia.

1156 1480 1285 1510 Initium
1310 1484 1341 1508 et
1364 1478 1437 1509 finis
1461 1479 1525 1510 loci
1551 1479 1667 1511 dubiae
1691 1480 1848 1512 lectionis.

456 1533 474 1572 §
536 1552 1108 1560 ............
1152 1532 1287 1572 Signum
1313 1532 1500 1572 paragraphi
1527 1533 1565 1562 ab
1590 1534 1661 1573 ipso
1686 1533 1716 1563 S.
1743 1533 1872 1564 Thoma
1895 1534 2035 1566 indicati.

229 1612 385 1654 Legendo
409 1614 506 1654 igitur
529 1623 614 1654 quae
636 1613 872 1644 characteribus
892 1613 1079 1649 maioribus,
1097 1614 1163 1644 sive
1180 1618 1265 1643 extra

182 1665 250 1696 sive
272 1665 357 1696 inter
388 1666 538 1701 uncinos,
569 1666 723 1706 impressa
754 1670 838 1701 sunt,
873 1665 1006 1695 habetur
1037 1665 1178 1696 redactio
1211 1664 1264 1695 de-
1292 1690 1293 1694 ,

184 1715 319 1748 finitiva.

226 1767 383 1810 Legendo
409 1770 564 1800 continue
590 1779 674 1810 quae
691 1769 927 1800 characteribus
943 1769 1125 1800 minoribus
1141 1769 1263 1809 absque

181 1821 310 1853 uncinis
334 1820 425 1853 flexis
448 1822 605 1862 impressa
630 1828 705 1852 sunt
729 1827 760 1852 et
785 1831 870 1862 quae
899 1821 1134 1852 characteribus
1159 1822 1262 1851 maio·
1289 1819 1291 1837 ³

180 1873 270 1905 ribus
291 1874 415 1915 absque
441 1875 568 1905 uncinis
592 1875 707 1910 curvis,
733 1874 868 1904 habetur
892 1874 1031 1904 anterior
1055 1872 1208 1904 redactio.

215 1925 383 1966 Exempla
413 1925 572 1957 nonnulla
603 1926 840 1966 subiungimus
866 1935 933 1966 quo
969 1925 1085 1956 melius
1109 1930 1261 1965 appareat

181 1977 354 2020 quomodo
372 1987 408 2009 ex
427 1979 578 2009 varietate
595 1977 796 2009 deletionum
812 1983 842 2008 et
859 1976 1062 2008 additionum
1080 1982 1167 2008 totus
1184 1986 1259 2017 pro-

181 2038 290 2060 cessus
314 2030 564 2069 compositionis
589 2035 694 2060 textus
719 2029 907 2060 reconstitui
934 2028 1045 2069 possit.

237 2081 323 2122 App.
348 2080 417 2121 7*a
432 2082 486 2121 45.
505 2091 588 2122 quae
601 2086 782 2122 sequuntur
801 2087 928 2111 motum
946 2080 1120 2121 superioris
1150 2085 1258 2108 motoris

183 2132 354 2176 (mobili-que
374 2133 486 2176 orbis).

270 2189 395 2216 Redactio
418 2198 439 2216 1.
459 2198 527 2224 quae
546 2195 694 2223 sequuntur
713 2194 815 2214 motum
834 2189 977 2223 superioris
996 2189 1114 2215 motoris.

271 2247 296 2267 2.
315 2248 384 2274 quae
402 2226 671 2274 sequuntur-'motum
690 2240 832 2273 superioris
852 2240 962 2265 motoris
983 2239 1141 2272 mobilisque
1159 2239 1239 2264 orbis.

271 2292 295 2318 3.
315 2299 383 2326 quae
401 2298 548 2326 sequuntur
566 2297 669 2318 motum
689 2282 830 2325 superioris
849 2291 931 2317 orbis.
950 2291 1008 2318 Lib.
1028 2291 1045 2323 l,
1065 2299 1118 2323 xm,
1140 2290 1194 2316 33a
1212 2290 1258 2324 46.

223 2393 310 2434 App.
336 2391 374 2423 8*
395 2393 415 2423 b
438 2392 486 2424 18.
515 2393 533 2432 §
558 2392 638 2423 Item
659 2397 702 2428 <in
726 2403 888 2429 unoquoque
911 2396 1024 2429 genere>
1045 2395 1108 2420 illud
1127 2395 1199 2428 quod
1219 2400 1258 2419 est

179 2456 303 2474 mensura
323 2447 408 2482 <nlius
428 2450 548 2482 generis>
570 2450 606 2482 (in
626 2449 713 2482 aliquo
730 2449 836 2482 genere)
856 2453 897 2473 est
916 2443 963 2486 (In
982 2452 1186 2484 unoquoque
1203 2452 1256 2483 ge-

179 2506 256 2528 nere
281 2502 328 2528 est
352 2496 486 2539 aliquid)
514 2496 787 2538 perfectissimum
812 2496 845 2526 in
869 2505 988 2536 genere
1011 2494 1067 2525 illo
1091 2493 1143 2535 (ad
1167 2494 1257 2534 quod
1283 2522 1285 2547 1

182 2549 294 2579 omnia
318 2558 402 2589 quae
426 2554 502 2581 sunt
524 2549 611 2580 illius
635 2549 762 2589 generis
785 2546 1039 2588 mensurantur).

271 2612 294 2629 ι.
313 2603 329 2637 5
348 2604 421 2630 Item.
441 2605 467 2630 in
481 2611 644 2638 unoquoque
657 2611 753 2638 genere
773 2603 836 2628 illud
850 2603 922 2636 quod
937 2607 976 2627 est
991 2610 1114 2627 mensura
1129 2602 1197 2626 illius
1212 2610 1258 2635 ge-
1283 2603 1284 2609 ¹

324 2657 394 2682 neris
413 2662 455 2682 est
473 2656 693 2690 perfectissimum
713 2656 738 2680 in
758 2662 854 2688 genere
873 2655 926 2680 illo.

268 2715 294 2734 2.
312 2707 328 2742 fi
348 2708 421 2734 ltem.
440 2709 503 2734 illud
522 2709 594 2742 quod
607 2713 648 2734 est
661 2715 786 2733 mensura
798 2708 823 2732 in
843 2708 931 2740 aliquo
950 2713 1046 2737 genere
1066 2711 1104 2730 est
1123 2705 1255 2738 perfectis-
1282 2699 1283 2702 ¹

321 2760 418 2786 simum
437 2761 463 2786 in
481 2767 579 2795 genere
596 2759 650 2785 illo.

268 2810 293 2836 3-
311 2809 327 2846 5
345 2810 418 2837 Item.
438 2811 466 2836 ln
479 2818 642 2844 unoquoque
655 2817 753 2844 genere
766 2814 806 2834 est
821 2808 917 2841 aliquid
931 2807 1149 2840 perfectissimum
1169 2806 1195 2830 in
1208 2813 1254 2838 ge·
1281 2814 1282 2823 ¹

319 2869 383 2888 nere
401 2862 454 2894 illo,
474 2862 506 2887 ad
526 2862 598 2896 quod
617 2861 706 2887 omnin
721 2868 789 2894 quae
808 2865 869 2884 sunt
887 2858 956 2884 illius
977 2858 1079 2891 generis
1099 2863 1253 2881 mensurari·
1280 2861 1282 2868 ’

319 2919 371 2941 tur.
390 2914 409 2946 1,
428 2921 516 2944 xxvm,
534 2913 596 2948 87b
616 2913 642 2939 6.

230 3015 316 3056 App.
341 3014 403 3055 49*
419 3015 438 3045 b
452 3023 506 3055 44.
531 3015 550 3053 ξ
565 3013 656 3045 Item.
671 3017 759 3042 Omne
780 3016 845 3041 illud
857 3020 960 3049 oportet
973 3021 1032 3039 esse
1051 3019 1206 3046 perpetuum
1222 3012 1254 3037 ad

175 3071 250 3096 cuius
264 3071 347 3103 priva
361 3071 452 3096 destru
466 3070 638 3095 remotionem
651 3070 770 3102 sequitur
784 3070 840 3094 eius
852 3068 984 3110 (positio)
999 3065 1090 3101 (esse).
1115 3061 1253 3102 Oportet
1279 3067 1281 3089 ἑ

176 3123 246 3147 enim
265 3118 315 3149 vel
341 3117 498 3149 affirmare
522 3117 572 3148 vel
595 3126 724 3158 negare.

270 3182 290 3198 ι.
305 3173 415 3198 Reiectis
422 3173 604 3206 privationem
611 3172 862 3202 adesir-actionem,
868 3170 950 3203 prima
961 3169 1074 3194 redactio
1084 3168 1121 3192 sic
1133 3167 1253 3191 decurrit.

318 3226 334 3259 ξ
347 3226 420 3251 ltem.
430 3226 518 3251 Omne
528 3225 592 3250 illud
601 3229 706 3258 oportet
716 3231 776 3249 esse
786 3228 940 3257 perpetuum
952 3222 984 3247 ad
995 3221 1069 3246 cuius
1080 3219 1251 3245 remotionem

319 3278 438 3311 sequitur
457 3278 512 3303 eius
532 3277 637 3311 positio.
657 3276 770 3309 Oportet
789 3275 858 3301 enim
877 3275 919 3299 vel
939 3273 1067 3299 affirmare
1087 3273 1127 3296 vel
1148 3279 1251 3304 negare.

267 3337 291 3356 2.
310 3329 391 3360 idem.
411 3335 519 3363 excepto
538 3329 610 3363 quod
630 3329 730 3354 deletur
744 3328 847 3360 positio
866 3333 892 3352 et
911 3326 1074 3351 substituitur
1092 3331 1156 3349 esse.

1412 1615 1437 1641 3.
1455 1616 1471 1648 ξ
1492 1617 1564 1642 ltem.
1583 1617 1695 1650 Oportet
1714 1618 1753 1642 vel
1774 1617 1902 1644 affirmare
1917 1620 1956 1644 vel
1977 1627 2080 1653 negare.
2099 1620 2128 1651 ll,
2141 1628 2227 1650 xxxin,
2248 1620 2298 1653 346
2312 1621 2327 1646 b
2349 1629 2390 1646 22.

1519 1668 1666 1694 Notandum
1686 1670 1757 1702 quod
1776 1677 1832 1696 esse
1851 1671 2018 1697 substitutum
2034 1672 2115 1697 fuerat
2134 1673 2159 1697 in
2179 1673 2295 1707 margine
2313 1674 2391 1699 inter-

1463 1720 1559 1751 lineari,
1579 1726 1605 1745 et
1624 1729 1675 1745 non
1695 1721 1742 1746 fuit
1760 1726 1857 1746 tactum
1876 1722 1954 1747 ductu
1973 1723 2065 1748 calami
2085 1723 2195 1755 delente,
2215 1724 2327 1758 indeque
2340 1726 2390 1750 ori-

1462 1771 1550 1803 ginem
1564 1771 1653 1797 habuit
1672 1773 1774 1797 varians
1788 1773 1819 1797 ab
1839 1773 2000 1807 autographo
2015 1782 2082 1807 quae
2102 1775 2228 1800 indicatur
2241 1776 2265 1800 in
2284 1781 2345 1801 nota
2358 1777 2389 1801 ad

1464 1823 1558 1848 locum.

1373 1923 1459 1963 App.
1490 1922 1546 1953 13*
1558 1933 1575 1954 a
1590 1924 1641 1955 53.
1659 1926 1677 1964 §
1696 1929 1826 1961 Amplius,
1846 1929 1974 1962 <Nomine
1994 1931 2039 1955 Dei
2059 1932 2209 1965 intelligitur
2221 1932 2252 1956 ab
2267 1932 2388 1957 omnibus

1315 1977 1412 2010 aliquid
1432 1979 1505 2003 cuius
1525 1987 1585 2004 esse
1598 1987 1650 2005 non
1664 1987 1704 2005 est
1719 1981 1750 2006 ab
1770 1982 1820 2006 alio
1836 1982 1985 2015 dependens
2001 1991 2047 2016 per
2060 1984 2167 2009 modum
2185 1992 2238 2017 quo
2253 1989 2386 2010 causatum

1286 2059 1287 2063 Ἰ
1315 2029 1443 2062 dependet
1461 2037 1476 2055 a
1495 2038 1580 2062 causa,
1601 2039 1634 2056 eo
1652 2033 1741 2065 quod>
1763 2033 1871 2065 <omnes
1892 2034 1947 2067 (qui
1967 2034 1998 2059 de
2024 2034 2078 2060 Deo
2106 2036 2257 2069 loquuntur)
2282 2036 2386 2061 nomine

1315 2082 1361 2108 Dei
1380 2083 1525 2117 intelligunt
1538 2085 1649 2117 primam
1662 2093 1767 2110 causam
1786 2085 1844 2119 (nec
1864 2086 1937 2111 alteri
1955 2095 2051 2112 nornen
2062 2087 2161 2113 deitatis
2175 2087 2317 2113 attribuunt
2335 2089 2383 2113 nisi

1285 2139 1286 2176 j
1313 2140 1419 2167 propter
1441 2135 1660 2168 propinquitatem
1680 2137 1720 2161 vel
1741 2137 1936 2162 similitudinem
1956 2138 2070 2171 aliquam
2089 2139 2120 2163 ad
2141 2138 2251 2172 primam
2270 2146 2383 2164 causam.

1284 2179 1286 2202 ἶ
1313 2185 1340 2210 ld
1361 2186 1437 2219 igitur
1451 2187 1522 2219 quod
1542 2194 1602 2212 vere
1629 2187 1699 2212 Deus
1720 2193 1767 2219 est,
1792 2196 1806 2213 a
1830 2188 1902 2213 nullo
1925 2189 2075 2222 dependens
2100 2189 2160 2224 est.)
2186 2189 2273 2214 Omne
2297 2194 2382 2214 autem

1313 2237 1384 2270 quod
1404 2246 1456 2262 non
1476 2238 1604 2271 dependet
1623 2239 1654 2263 ab
1674 2239 1724 2264 alio
1743 2240 1810 2265 sicut
1828 2248 1842 2265 a
1861 2241 1955 2274 causa)
1976 2241 2002 2274 (ξ
2015 2242 2146 2274 Amplius,
2164 2241 2260 2274 Deum)
2280 2247 2319 2266 est
2338 2249 2383 2265 ne-

1284 2291 1286 2304 r
1312 2297 1386 2314 cesse
1405 2297 1465 2314 esse
1490 2290 1553 2323 <per
1572 2291 1706 2323 seipsum>
1727 2291 1793 2316 sicut
1812 2299 1842 2316 ex
1862 2300 1940 2325 supra
1960 2293 2032 2317 dictis
2053 2299 2131 2326 patet.
2152 2293 2177 2318 Si
2197 2294 2273 2325 igitur
2291 2299 2341 2318 etc.

1370 2338 1432 2368 Hic
1457 2339 1548 2369 locus
1573 2339 1699 2370 initium
1726 2346 1772 2370 est
1796 2340 1975 2381 longissimi
1995 2342 2176 2381 argumenti
2199 2341 2307 2381 scripti
2322 2350 2382 2381 pro

1314 2391 1456 2430 capitulo
1481 2401 1543 2421 xm
1568 2392 1662 2431 primi
1687 2392 1769 2428 libri,
1794 2392 1893 2431 Quod
1921 2393 2009 2424 Deus
2034 2399 2081 2424 est
2104 2403 2189 2424 unus
2216 2392 2313 2435 (App.
2343 2392 2380 2423 13

1313 2452 1330 2472 a
1357 2442 1442 2473 53-1)
1467 2442 1536 2484 43).
1561 2443 1695 2474 Deletus
1724 2450 1770 2475 est
1794 2454 1869 2476 cum
1899 2451 1968 2476 toto
1999 2451 2200 2486 argumento,
2230 2445 2284 2476 sed
2310 2451 2382 2475 ante

1314 2493 1509 2525 deletionem
1534 2486 1703 2536 multiplex
1728 2497 1865 2526 mutatio
1889 2497 1922 2527 in
1947 2498 2018 2537 ipso
2043 2496 2126 2528 facta
2149 2496 2261 2528 fuerat.

1401 2550 1526 2575 Reductio
1547 2557 1570 2576 ι.
1590 2550 1606 2584 ξ
1625 2551 1755 2585 Amplius.
1774 2552 1886 2577 Nomine
1905 2552 1951 2577 Dei
1971 2552 2120 2585 intelligitur
2139 2552 2170 2577 ab
2192 2552 2314 2577 omnibus
2336 2552 2379 2576 ali-

1455 2601 1516 2634 quid
1536 2602 1609 2627 cuius
1628 2609 1688 2627 ease
1708 2610 1761 2627 non
1780 2607 1820 2627 est
1838 2602 1870 2627 ab
1891 2603 1941 2628 alio
1960 2603 2110 2636 dependens
2134 2610 2181 2636 per
2199 2603 2307 2627 modum
2327 2610 2380 2635 quo

1456 2658 1590 2678 causatum
1610 2654 1740 2687 dependet
1758 2661 1773 2679 a
1792 2661 1878 2684 causa,
1898 2662 1930 2679 eo
1949 2655 2020 2688 quod
2038 2662 2132 2679 omnes
2151 2655 2257 2679 nomine
2276 2654 2323 2679 Dei
2341 2655 2378 2679 in-

1453 2704 1572 2737 telligunt
1584 2705 1696 2738 primam
1709 2713 1824 2730 causam.
1839 2705 1927 2731 Omne
1943 2711 2028 2731 autem
2043 2706 2114 2739 quod
2132 2713 2185 2730 non
2204 2705 2332 2738 dependet
2347 2704 2378 2730 ab

1452 2757 1503 2782 alio
1522 2758 1588 2783 sicut
1600 2765 1615 2782 a
1634 2765 1711 2783 cause
1725 2762 1767 2782 est
1778 2764 1886 2783 neces-e
1902 2765 1960 2782 esse
1975 2765 2022 2791 per
2035 2757 2151 2791 seipsum
2171 2757 2239 2782 sicut
2258 2765 2287 2782 ex
2301 2764 2379 2790 supra

1451 2809 1525 2834 dictis
1545 2814 1625 2842 patet.
1639 2809 1667 2835 Si
1685 2809 1762 2843 igitur
1780 2814 1828 2834 etc.

1399 2867 1422 2884 2.
1442 2859 1458 2893 g
1477 2860 1605 2894 Amplius.
1625 2858 1728 2886 Omnes
1748 2861 1792 2894 qui
1811 2862 1844 2886 de
1862 2861 1918 2886 Deo
1939 2861 2081 2893 loquuntur
2099 2861 2203 2885 nomine
2222 2860 2269 2885 Dei
2288 2860 2378 2885 intelli-

1451 2916 1516 2942 gunt
1533 2912 1644 2944 primam
1657 2919 1771 2943 causam,
1785 2920 1832 2937 nec
1846 2912 1918 2937 alteri
1938 2919 2035 2937 nomen
2054 2912 2154 2936 deitatis
2171 2911 2313 2937 attribuunt
2330 2912 2378 2936 nisi

1450 2968 1557 2996 propter
1575 2964 1793 2997 propinquitatem
1811 2964 1852 2989 vel
1867 2964 2061 2989 similitudinem
2080 2964 2193 2997 aliquam
2216 2964 2247 2988 ad
2267 2963 2376 2995 primam

1451 3021 1565 3039 causam.
1586 3014 1614 3039 Id
1634 3015 1710 3048 igitur
1722 3015 1794 3048 quod
1807 3022 1868 3040 vere
1883 3014 1953 3040 Deus
1968 3019 2015 3045 est,
2036 3022 2050 3039 a
2067 3014 2140 3039 nullo
2160 3014 2309 3046 dependens
2328 3018 2376 3038 est.

1451 3064 1538 3089 Omne
1558 3070 1644 3090 autem
1664 3065 1735 3098 quod
1759 3073 1810 3090 non
1835 3065 1964 3098 dependet
1987 3066 2019 3090 ab
2039 3066 2089 3091 alio
2115 3065 2181 3090 sicut
2199 3073 2213 3090 a
2232 3072 2318 3096 causa,
2338 3070 2377 3089 est

1448 3124 1559 3141 necesse
1577 3124 1646 3147 esse,
1674 3117 1741 3142 sicut
1763 3125 1794 3142 ex
1818 3124 1897 3150 supra
1919 3117 1992 3142 dictis
2012 3122 2090 3150 patet.
2108 3117 2134 3142 Si
2157 3116 2234 3149 igitur
2252 3121 2300 3141 etc.

1397 3166 1421 3192 3.
1440 3166 1456 3199 ς
1470 3167 1600 3200 Αωρ1ἰυε.
1620 3166 1636 3200 5
1651 3167 1780 3200 Amplius.
1800 3167 1884 3192 Deum
1905 3173 1945 3192 est
1964 3175 2072 3193 necesse
2087 3174 2154 3198 esse,
2170 3166 2236 3192 sicut
2249 3173 2279 3191 ex
2297 3173 2376 3199 supra

1449 3218 1523 3243 dictis
1542 3223 1620 3251 patet.
1640 3218 1666 3243 Si
1685 3219 1762 3252 igitur
1781 3223 1829 3243 etc.

1503 3270 1621 3294 Alterum
1640 3269 1762 3302 Amplius
1782 3275 1822 3294 est
1841 3270 1980 3302 duplicatio
2000 3270 2101 3302 prioris,
2116 3277 2148 3294 ne
2162 3269 2234 3300 illud,
2248 3269 2313 3293 intra
2332 3269 2375 3294 de-

1450 3322 1558 3346 letiones
1578 3321 1760 3354 angustiatum,
1780 3322 1969 3354 transcripturis
1989 3321 2095 3346 oculum
2114 3321 2222 3354 fugeret.
