2768 4134
62 1810 71 1819 ·
87 1808 143 1832 Gen.
155 1815 170 1835 1,
183 1815 200 1830 ι.

57 2648 66 2657 ”
83 2647 147 2677 Cap.
176 2653 267 2675 praec„

57 2673 108 2695 init.

301 570 366 601 per
388 559 546 593 accidens,
571 564 608 589 ut
637 567 675 588 ea
708 567 792 598 quae
815 558 849 588 in
879 557 941 587 illis
972 557 1129 597 implicite
1160 557 1380 591 continentur,

315 309 390 346 530
641 303 828 341 SUMMA
859 301 1080 339 CONTRA
1109 300 1386 347 GENTILES,
1416 300 1510 336 LIB.
1531 300 1571 344 ΙΙ,
1603 298 1715 336 CAP.
1736 298 1940 344 LXXXIII,
1968 299 2177 336 LXXXIV.

311 384 481 425 dupliciter
503 381 628 422 aliquid
643 381 787 421 pertinet
801 380 845 418 ad
857 379 983 421 fidem:
1007 388 1073 409 uno
1090 378 1197 414 modo,
1214 378 1336 408 directe
1351 382 1382 408 et
1435 378 1528 413 ficus,
1553 377 1630 417 quia
1645 376 1796 407 nondum
1819 386 1878 417 per
1892 376 2072 407 Ecclesiam
2092 382 2159 408 erat
2182 377 2432 411 determinatum
2452 389 2512 421 op-

303 438 368 470 per
388 437 432 463 se,
456 427 540 457 sicut
568 435 606 456 ea
633 434 717 466 quae
749 424 841 455 nobis
867 428 945 454 sunt
967 422 1199 463 principaliter
1226 422 1382 453 divinitus
1435 422 1590 463 positum.
1607 421 1675 459 Qui
1691 426 1801 452 autem
1816 420 1907 451 illud
1913 430 2003 452 nunc
2018 426 2143 452 teneret
2161 422 2378 462 pertinaciter,
2401 425 2512 455 haere-

310 471 430 503 tradita
455 475 491 501 ut
512 469 683 504 credenda,
713 474 749 499 ut
777 469 884 499 Deum
912 477 980 498 esse
1010 468 1133 498 trinum
1157 472 1190 497 et
1214 476 1325 502 unum,
1350 471 1382 497 et
1434 467 1518 497 ticus
1534 465 1716 496 censendus
1733 471 1827 496 esset.

307 516 428 546 Filium
444 514 508 545 Dei
530 523 598 544 esse
614 514 840 549 incarnatum;
855 513 923 543 alio
943 512 1051 548 modo,
1069 512 1226 543 indirecte
1242 516 1273 542 et
1287 511 1382 552 quasi
1492 510 1579 541 Cum
1606 519 1683 550 ergo
1712 510 1766 540 hic
1793 509 1911 540 dicitur
1938 518 2007 541 esse
2031 510 2204 541 conforme
2230 513 2409 543 sententiae
2435 511 2511 543 fidei

1404 564 1408 732 Ι
1435 555 1526 595 quod
1545 564 1613 585 non
1637 555 1702 585 sint
1716 554 1898 595 spirituales
1913 554 2110 585 substantiae
2125 561 2200 586 ante
2223 565 2362 596 corpora
2377 562 2512 594 creatae,

1434 600 1498 630 hoc
1525 599 1713 639 intelligitur
1740 598 1781 630 de
1810 599 1969 629 sententia
1999 598 2085 636 fidei,
2109 609 2179 630 non
2202 599 2243 630 ad
2269 599 2369 632 fidem
2391 600 2512 632 directe

1433 644 1625 684 pertinente,
1649 642 1706 674 sed
1734 643 1775 674 de
1797 644 1956 674 sententia
1981 653 2041 684 per
2067 644 2373 676 determinationem
2398 645 2511 677 Eccle-

1434 689 1500 719 siae
1515 689 1612 719 nobis
1628 687 1743 718 tradita
1758 693 1916 728 tanquam
1931 688 2088 719 indirecte
2107 688 2148 720 ad
2163 688 2263 720 fidem
2279 690 2473 730 pertinente.
2489 707 2513 713 -

307 613 431 645 quaeve
456 613 494 634 ex
516 603 578 633 illis
602 602 720 633 deduci
743 606 891 642 possunt,
907 602 990 632 sicut
1010 611 1047 632 ea
1071 610 1155 641 quae
1175 600 1382 631 historialiter

306 650 340 679 in
364 648 459 679 Sacra
482 647 646 688 Scriptura
670 647 888 682 continentur,
912 656 1009 686 quam
1028 656 1092 687 per
1107 645 1212 687 fidem
1237 650 1381 675 tenemus

305 693 428 734 Spiritu
448 692 568 723 Sancto
593 691 735 722 dictante
753 691 1001 732 promulgatam
1026 699 1102 721 esse.
1120 708 1140 713 -
1161 690 1313 721 Similiter
1328 699 1379 719 er-

305 746 441 768 roneum
465 737 498 767 in
512 736 586 778 fide
616 736 788 777 dupliciter
816 736 879 767 dici
902 741 1028 776 potest.
1056 735 1178 765 scilicet
1201 734 1321 765 directe
1348 738 1380 764 et
1433 733 1535 771 Quod
1557 742 1636 764 vero
1663 732 1782 763 dicitur
1807 733 1842 763 in
1865 733 1973 764 Prima
1995 733 2098 770 Parte,
2123 735 2282 775 quoniam
2305 735 2511 766 contrarium

303 791 362 823 per
384 791 428 818 se,
452 787 489 812 ut
512 782 671 812 contraria
694 781 926 821 principalibus
956 780 1097 810 articulis
1123 778 1216 815 fidei;
1242 784 1273 809 et
1296 777 1379 809 indi·
1434 787 1500 808 non
1517 783 1566 808 est
1581 777 1800 818 reputandum
1822 787 2010 814 erroneum,
2026 778 2216 819 intelligitur
2233 779 2275 810 de
2299 789 2438 810 erroneo
2461 789 2511 810 se-

304 831 400 863 recte,
423 826 508 857 sicut
531 826 564 857 id
587 835 629 856 ex
651 835 715 867 quo
739 826 886 866 sequitur
909 824 1035 865 aliquid
1061 823 1265 854 contrarium
1282 822 1378 864 fidei,
1433 822 1580 853 cundum
1596 831 1630 853 se
1654 827 1686 853 et
1702 821 1823 853 directe
1839 822 1880 853 ad
1895 821 1996 853 fidem
2011 823 2205 863 pertinente.
2222 823 2344 855 Sensus
2359 830 2408 855 est
2423 825 2512 855 enim

304 871 388 902 sicut
411 880 452 901 ex
475 871 536 901 hoc
562 870 651 911 quod
668 871 807 911 ponitur
836 870 1019 900 Samuelem
1048 877 1114 898 non
1135 867 1249 909 fuisse
1263 867 1378 908 filium
1433 866 1524 907 quod
1547 866 1628 898 illud
1652 876 1720 897 non
1745 872 1793 897 est
1817 866 1938 898 directe
1962 873 1994 898 et
2023 867 2206 899 secundum
2235 878 2270 899 se
2292 868 2512 909 reputandum

303 916 460 951 Elcanae,
484 915 631 956 sequitur
651 915 793 945 divinam
811 914 1014 954 Scripturam
1031 922 1100 943 esse
1109 912 1251 954 falsam.
1268 912 1378 942 Primo
1432 921 1617 948 erroneum,
1642 911 1699 942 sed
1721 916 1849 942 tantum
1873 920 1932 952 per
1947 911 2254 944 determinationem
2277 913 2453 945 Ecclesiae.
2469 913 2512 944 Et

303 960 405 991 modo
429 969 602 990 erroneum
617 969 685 989 non
701 965 809 1010 potest
825 959 940 998 aliquis
958 963 1069 987 tenere
1085 962 1241 997 tanquam
1263 965 1377 987 verum
1431 956 1507 987 ideo
1533 956 1712 996 Gregorius
1730 957 1840 996 potuit
1862 956 1954 993 illud,
1974 962 2049 988 ante
2071 958 2170 989 talem
2194 957 2510 995 determinationem,

304 1006 426 1046 absque
449 1005 527 1035 vitio
553 1005 700 1040 haeresis,
725 1004 751 1033 si
775 1002 855 1033 adsit
882 1002 1067 1043 pertinacia.
1095 1001 1160 1032 Sed
1183 1007 1293 1032 tenere
1317 1010 1377 1041 pro
1432 1002 1555 1042 absque
1567 1000 1644 1032 fidei
1660 1001 1856 1032 detrimento
1871 1001 1973 1032 veluti
1985 1010 2100 1032 verum
2111 1007 2232 1033 tenere.
2246 1002 2386 1033 Constat
2401 1007 2511 1034 autem

303 1059 380 1080 vero
397 1049 487 1090 quod
503 1055 550 1079 est
565 1047 709 1078 secundo
726 1047 827 1078 modo
845 1056 1029 1082 erroneum,
1046 1051 1154 1087 potest
1169 1055 1239 1076 esse
1255 1046 1378 1086 absque
1432 1046 1523 1086 quod
1550 1046 1611 1076 ista
1635 1055 1705 1077 non
1732 1051 1964 1087 opponuntur:
1993 1046 2117 1087 aliquid
2149 1046 2190 1078 ad
2216 1048 2411 1078 sententiam
2433 1046 2511 1079 fidei

303 1095 382 1125 vitio
405 1094 552 1129 haeresis,
571 1098 745 1132 antequam
766 1091 987 1122 consideretur
1003 1101 1042 1121 ex
1064 1091 1129 1121 hoc
1144 1091 1238 1131 sequi
1254 1089 1377 1142 aliquid
1431 1090 1588 1122 indirecte
1610 1091 1788 1131 pertinere3
1805 1096 1839 1122 et
1853 1091 1924 1122 eius
1951 1092 2145 1132 oppositum
2159 1101 2228 1123 non
2246 1101 2316 1123 esse
2336 1101 2511 1123 erroneum

304 1139 499 1170 contrarium
523 1137 608 1168 fidei.
633 1136 697 1167 Sed
724 1142 899 1177 postquam
929 1135 1139 1167 manifestum
1163 1140 1211 1166 est
1238 1143 1277 1165 ex
1304 1135 1377 1176 ipso
1431 1135 1564 1172 directe,
1588 1135 1645 1166 sed
1668 1141 1797 1167 tantum
1824 1135 1992 1167 indirecte.

302 1182 424 1223 aliquid
448 1182 645 1212 contrarium
669 1180 744 1212 fidei
773 1181 877 1222 sequi,
910 1186 965 1211 aut
987 1190 1046 1221 per
1069 1180 1249 1211 Ecclesiam
1273 1179 1378 1210 deter-
1489 1181 1519 1211 3.
1545 1179 1647 1218 Quod
1669 1186 1780 1211 autem
1805 1181 1865 1212 ista
1888 1182 2060 1222 responsio
2091 1182 2132 1212 sit
2161 1181 2203 1212 ad
2231 1186 2378 1212 mentem
2401 1181 2511 1213 Sancti

301 1228 462 1258 minatum
486 1231 534 1257 est
556 1227 747 1267 oppositum
763 1225 946 1256 secundum
968 1224 1068 1256 fidem
1092 1235 1161 1256 esse
1185 1224 1376 1261 tenendum,
1431 1225 1591 1262 Thomae‚
1616 1225 1798 1256 ostenditur
1821 1235 1861 1256 ex
1883 1225 1959 1264 QQ.
1982 1226 2023 1257 de
2045 1226 2208 1262 Potentia,
2232 1235 2264 1267 q.
2288 1236 2333 1263 111,
2357 1236 2387 1257 a.
2407 1237 2439 1267 9.
2463 1226 2509 1257 Ibi

301 1271 381 1303 illud
404 1277 560 1311 tanquam
574 1280 689 1302 verum
708 1276 818 1301 tenere
835 1271 959 1311 absque
974 1271 1054 1301 vitio
1078 1270 1218 1301 haeresis
1233 1279 1303 1300 non
1319 1274 1376 1300 est.
1431 1271 1529 1306 enim,
1553 1275 1731 1311 postquam
1758 1271 1902 1302 recitavit
1932 1271 2125 1312 opinionem
2155 1271 2335 1302 dicentium
2365 1271 2510 1302 animam

357 1316 483 1347 Dicitur
502 1325 579 1356 ergo
597 1315 688 1357 quod
711 1316 834 1346 animas
853 1325 920 1346 non
938 1325 1006 1346 esse
1023 1315 1198 1356 productas
1215 1320 1290 1346 ante
1306 1323 1378 1345 cor·
1427 1315 1492 1354 filii
1508 1325 1550 1346 ex
1559 1315 1711 1356 parentis
1726 1316 1839 1346 anima
1855 1316 2054 1358 propagari,
2071 1322 2104 1347 et
2122 1316 2317 1357 opinionem
2331 1314 2511 1348 dicentium

301 1371 391 1402 pora,
415 1370 524 1401 neque
548 1360 692 1401 angelos,
717 1366 764 1391 est
788 1370 973 1391 consonum
996 1359 1073 1391 fidei
1096 1360 1285 1396 sententiae,
1308 1369 1378 1390 non
1431 1369 1543 1391 omnes
1555 1360 1684 1391 animas
1699 1365 1776 1391 ante
1791 1369 1936 1402 corpora
1949 1361 2132 1402 productas
2148 1370 2227 1397 esse,
2243 1361 2323 1391 item
2337 1361 2511 1402 opiniones

301 1411 456 1446 tanquam
479 1405 520 1436 ad
542 1404 642 1436 fidem
665 1405 798 1440 directe,
816 1405 990 1446 pertinens,
1015 1405 1116 1436 veluti
1144 1403 1267 1445 aliquid
1290 1404 1378 1445 prin·
1431 1404 1611 1436 dicentium
1623 1406 1752 1436 animas
1763 1405 1863 1437 simul
1876 1405 1954 1437 dum
1969 1411 2136 1442 creantur,
2149 1405 2344 1447 corporibus
2358 1405 2512 1448 infundi:

302 1451 446 1491 cipaliter
468 1450 564 1481 nobis
579 1450 620 1481 ad
636 1449 835 1481 credendum
851 1449 1019 1481 traditum:
1044 1449 1101 1480 sed
1124 1449 1290 1488 indirecte,
1306 1454 1377 1479 tan-
1431 1451 1598 1491 subiungit
1625 1450 1717 1492 quod
1746 1451 1828 1482 istae
1856 1450 2028 1492 opiniones
2055 1451 2204 1492 quamvis
2229 1451 2343 1491 aliquo
2367 1455 2512 1492 tempore

302 1495 401 1536 quain
425 1494 578 1526 traditum
602 1495 758 1536 implicite
774 1495 809 1526 in
831 1495 965 1526 veritate
984 1495 1100 1526 Sacrae
1124 1494 1318 1535 Scripturae.
1335 1494 1378 1525 Et
1430 1495 1682 1532 sustinerentur,
1707 1499 1739 1526 et
1761 1505 1845 1537 quae
1860 1504 1976 1527 earum
1991 1501 2076 1527 esset
2090 1496 2203 1527 verior
2225 1496 2258 1526 in
2281 1494 2416 1526 dubium
2439 1505 2511 1527 nr·

301 1539 446 1571 similiter
469 1540 662 1581 oppositum
686 1545 735 1571 est
763 1549 948 1576 erroneum,
971 1549 1040 1571 non
1065 1539 1195 1576 directe,
1219 1544 1377 1580 tanquam
1432 1545 1565 1575 teretur,
1598 1546 1633 1571 ut
1658 1545 1752 1581 patet
1780 1550 1823 1571 ex
1852 1541 2039 1582 Augustino
2062 1541 2100 1571 X
2125 1550 2225 1581 super
2255 1540 2336 1571 Gen.
2365 1540 2410 1572 ad
2437 1540 2510 1576 lin„

300 1584 451 1616 videlicet
469 1586 668 1616 contrarium
692 1585 730 1616 iis
746 1594 831 1625 quae
854 1585 1075 1625 principaliter
1097 1585 1193 1615 nobis
1217 1583 1378 1615 credenda
1431 1590 1538 1616 tamen
1566 1585 1696 1626 primae
1725 1585 1812 1616 duae
1839 1586 2050 1626 postmodum
2082 1585 2205 1616 iudicio
2237 1585 2407 1617 Ecclesiae
2433 1589 2512 1617 sunt

300 1635 548 1671 proponuntur:
574 1629 630 1660 sed
653 1629 820 1667 indirecte,
840 1629 963 1660 scilicet
985 1635 1142 1670 tanquam
1165 1628 1199 1660 id
1222 1628 1262 1660 ad
1286 1628 1378 1670 quod
1430 1629 1616 1666 damnatae,
1641 1635 1673 1660 et
1696 1630 1958 1667 rationabiliter,
1980 1630 2078 1661 tertia
2102 1640 2180 1661 vero
2204 1630 2397 1671 approbata.

301 1675 447 1715 sequitur
471 1673 594 1715 aliquid
618 1675 818 1705 contrarium
836 1673 913 1705 fidei
934 1673 1116 1705 secundum
1131 1673 1298 1704 Ecclesiae
1321 1673 1378 1704 de·
1485 1683 1516 1713 4.
1541 1674 1653 1705 Potest
1683 1675 1781 1706 etiam
1807 1674 1998 1716 responderi
2026 1674 2118 1716 quod
2147 1674 2293 1706 Ecclesia
2319 1654 2512 1706 determinat

301 1719 582 1755 terminationem;
606 1724 685 1759 puta
709 1719 786 1760 quia
809 1728 848 1749 ex
871 1719 944 1759 ipso
968 1719 1116 1759 sequitur
1139 1718 1269 1749 Sacram
1293 1717 1377 1749 Scri-
1431 1719 1564 1760 angelos
1588 1719 1685 1750 simul
1708 1729 1785 1751 cum
1816 1725 1962 1751 creatura
1989 1719 2152 1761 corporali
2182 1728 2253 1751 esse
2280 1725 2417 1756 creatos,
2439 1724 2511 1751 nn·

301 1768 430 1805 pturam
454 1773 524 1794 esse
547 1763 670 1800 falsam,
687 1773 772 1804 quae
788 1762 866 1794 dicit
882 1763 915 1793 in
935 1763 1102 1805 principio
1126 1772 1256 1794 creasse
1271 1763 1376 1793 Deum
1431 1773 1531 1804 quam
1552 1763 1688 1804 quidem
1710 1765 1893 1795 necessario
1916 1764 2097 1796 tenendum
2116 1769 2153 1795 ut
2173 1769 2223 1795 est
2244 1769 2364 1795 contra
2383 1763 2511 1805 opinio·

302 1808 428 1839 caelum
452 1813 484 1839 et
506 1813 628 1839 terram
641 1809 668 1847 ⁶,
689 1814 721 1839 et
743 1818 802 1849 per
825 1817 1031 1849 consequens
1050 1808 1131 1839 nihil
1155 1817 1280 1839 creasse
1303 1813 1377 1839 ante
1431 1818 1503 1839 nem
1523 1808 1688 1851 Origenis,
1705 1810 1858 1850 ponentis
1873 1818 1990 1840 omnes
2006 1810 2200 1840 substantias
2215 1809 2398 1850 spirituales
2411 1808 2511 1840 ι-ιιῑ

302 1853 429 1884 caelum
445 1858 477 1883 et
499 1858 625 1884 terram.
643 1853 730 1891 Quia
753 1862 830 1893 ergo
851 1853 916 1883 hoc
940 1858 988 1884 est
1010 1862 1185 1884 erroneum
1209 1852 1376 1889 indirecte,
1430 1862 1501 1884 esse
1524 1853 1700 1894 productas
1723 1858 1798 1884 ante
1825 1863 2019 1894 corpoream
2050 1859 2241 1891 creaturam,
2268 1853 2336 1890 sed,
2358 1854 2438 1895 ipsis
2462 1853 2511 1885 di·

301 1903 476 1937 antequam
504 1898 695 1938 oppositum
723 1897 991 1928 determinaretur
1016 1907 1075 1938 per
1101 1897 1294 1933 Ecclesiam,
1321 1902 1377 1928 aut
1429 1897 1613 1929 versimode
1643 1898 1868 1938 peccantibus,
1899 1903 2014 1939 postea
2046 1897 2088 1929 ad
2118 1907 2235 1929 eorum
2264 1897 2421 1929 demerita
2448 1907 2496 1939 pu

299 1940 469 1972 manifeste
496 1947 665 1982 appareret
687 1942 751 1972 hoc
775 1942 884 1982 ipsum
913 1950 982 1972 esse
1004 1941 1162 1972 indirecte
1189 1950 1375 1978 erroneum,
1427 1941 1546 1973 nienda
1563 1941 1661 1973 fuisse
1676 1942 1863 1973 universam
1878 1947 2058 1974 ereaturam
2077 1942 2283 1983 corporalem
2298 1941 2508 1983 productam:

298 1991 426 2026 poterat
448 1986 570 2026 absque
587 1987 666 2017 vitio
682 1986 822 2017 haeresis
838 1986 940 2016 teneri
963 1985 1045 2017 illud
1068 1991 1225 2026 tanquam
1249 1995 1374 2016 verum.
1427 1991 1464 2016 ut
1486 1995 1565 2017 vero
1589 1991 1702 2017 contra
1717 1987 1913 2027 opinionem
1928 1992 1977 2018 est
1995 1987 2135 2018 aliorum
2152 1986 2337 2024 doctorum,
2353 1993 2510 2028 tanquam

298 2030 340 2061 Et
355 2030 400 2061 sic
417 2029 593 2072 Gregorius
609 2031 842 2067 Nazianzenus,
859 2029 939 2061 illud
955 2036 1080 2067 tenens,
1096 2039 1164 2061 non
1181 2035 1248 2061 erat
1263 2030 1374 2061 haere·
1428 2031 1680 2071 probabiliorem
1703 2030 1889 2062 tenendam.

1348 2135 1455 2178 ,m

608 2284 1094 2341 CAPITULUM
1143 2283 1744 2341 ocTOGESIMUM
1787 2284 2197 2363 QUARTUM

823 2413 1092 2455 SOLUTIO
1126 2413 1458 2455 RATIONUM
1491 2412 1979 2456 PRAEMISSARUM

311 2550 321 2558 x
453 2545 493 2587 ‘t
506 2538 659 2563 ATIONES
687 2533 817 2563 autern
848 2525 990 2576 quibus
1014 2525 1203 2576 probatur
1223 2525 1374 2564 animas
1484 2526 1606 2574 Quod
1620 2538 1717 2565 vero
1732 2527 1907 2565 secundo
1927 2526 2117 2574 obiicitur,
2132 2527 2182 2565 de
2201 2526 2424 2565 aeternitate
2439 2538 2508 2566 ve—

308 2581 333 2599 ””
362 2578 391 2610 '⁶3
406 2585 483 2632 ’,ι-ζ
519 2579 568 2616 ab
588 2587 746 2617 aeterno
765 2579 892 2626 fuisse,
909 2581 971 2618 vel
990 2581 1127 2618 saltem
1142 2579 1374 2631 corporibus
1430 2579 1558 2627 ritatis,
1574 2591 1696 2630 quam
1710 2579 1881 2631 intelligit
1895 2579 2042 2619 anima:
2059 2579 2340 2619 —considerare
2356 2588 2509 2632 oportet

328 2626 333 2659 ἶ
361 2637 378 2668 t‘
374 2645 434 2701 72
445 2629 490 2679 Ὗ,
518 2632 826 2682 praecinuisse,
795 2632 815 2655 *
854 2633 963 2671 facile
992 2642 1048 2671 est
1076 2635 1239 2672 solvere.
1428 2634 1539 2684 quod
1567 2633 1778 2672 intellectae
1798 2633 1967 2672 veritatis
1986 2633 2190 2673 aeternitas
2207 2641 2335 2686 potest
2353 2633 2509 2685 intelligi

370 2703 437 2712 «ν
465 2697 492 2721 x,
573 2686 693 2734 Quod
722 2686 828 2724 enim
860 2686 990 2737 primo
1018 2686 1169 2734 dicitur,
1198 2687 1373 2726 animam
1428 2687 1649 2738 dupliciter.
1680 2700 1762 2726 uno
1791 2687 1926 2735 modo,
1950 2695 2144 2738 quantum
2172 2688 2223 2728 ad
2250 2687 2290 2726 id
2313 2687 2424 2738 quod
2450 2686 2508 2728 in-

296 2739 439 2776 habere
467 2739 650 2777 virtutem
670 2747 712 2777 ut
740 2740 786 2778 sit
813 2752 980 2791 semper,
1009 2740 1170 2779 concedi
1201 2748 1371 2792 oportet:
1395 2753 1405 2775 ι
1427 2740 1622 2791 telligitur;
1655 2741 1730 2779 alio
1759 2741 1893 2788 modo,
1922 2749 2116 2792 quantum
2144 2741 2195 2780 ad
2222 2741 2262 2780 id
2289 2753 2372 2802 quo
2399 2741 2508 2780 intel·

296 2792 363 2830 sed
393 2792 594 2831 sciendum
616 2794 724 2844 quod
743 2793 865 2832 virtus
890 2801 927 2831 et
945 2794 1117 2845 potentia
1146 2794 1202 2832 rei
1230 2807 1312 2833 non
1331 2807 1372 2833 se
1428 2794 1565 2844 ligitur.
1586 2795 1636 2833 Et
1661 2794 1693 2832 si
1711 2795 1874 2846 quidem
1892 2794 2034 2833 veritas
2061 2794 2250 2834 intellecta
2277 2795 2325 2833 sit
2351 2802 2509 2834 aeterna

297 2846 464 2884 extendit
483 2847 532 2884 ad
560 2846 600 2884 id
624 2847 732 2897 quod
760 2847 841 2894 fuit,
861 2847 931 2886 sed
950 2847 999 2885 ad
1028 2847 1067 2886 id
1083 2848 1206 2906 quod
1235 2857 1290 2886 est
1309 2850 1372 2887 vel
1427 2856 1622 2910 quantum
1650 2848 1699 2886 ad
1725 2848 1764 2887 id
1788 2848 1898 2900 quod
1926 2848 2156 2898 intelligitur,
2180 2856 2366 2899 sequetur
2388 2855 2507 2888 aeter-

296 2899 383 2946 erit3
413 2900 518 2938 unde
538 2908 574 2938 et
597 2900 637 2938 1ιι
657 2901 868 2950 praeteritis
886 2892 1134 2951 possibilitas
1138 2903 1271 2940 locum
1289 2914 1371 2940 non
1427 2901 1527 2940 nitas
1545 2901 1600 2940 rei
1629 2914 1731 2952 quae
1751 2902 1981 2952 intelligitur,
2001 2914 2084 2941 non
2101 2909 2234 2942 autem
2253 2901 2505 2952 intelligentis.

296 2953 422 2990 habet.
450 2954 544 2991 Non
563 2953 676 3002 igitur
695 2967 742 2992 ex
770 2955 848 2992 hoc
866 2955 975 3004 quod
997 2954 1128 2993 anima
1151 2956 1269 2994 habet
1296 2955 1371 2994 vir·
1428 2955 1470 2994 Si
1489 2963 1622 2994 autem
1636 2955 1778 2994 veritas
1796 2955 1987 2994 intellecta
2005 2955 2052 2994 sit
2069 2964 2227 2995 aeterna
2244 2963 2439 3006 quantum
2457 2954 2507 2995 ad

296 3014 418 3044 tutem
437 3015 478 3044 ut
497 3007 543 3044 sit
562 3019 727 3058 semper,
747 3016 872 3059 potest
886 3008 1067 3046 concludi
1087 3009 1196 3058 quod
1216 3021 1372 3060 semper
1387 3027 1413 3043 ιο
1426 3008 1465 3047 id
1498 3022 1580 3060 quo
1608 3008 1837 3059 intelligitur,
1866 3017 2094 3060 sequeretur
2125 3009 2400 3059 intelligentem
2426 3009 2507 3048 ani·

297 3059 425 3106 fuerin
455 3061 522 3098 sed
551 3061 660 3111 quod
690 3073 846 3112 semper
873 3061 954 3100 erit.
1426 3075 1536 3101 mam
1564 3075 1648 3101 esse
1677 3070 1886 3101 aeternam.
1908 3063 1972 3101 Sic
1991 3071 2124 3102 autem
2151 3062 2292 3101 veritas
2318 3063 2508 3102 intellecta

350 3114 562 3152 Praeterea.
584 3115 643 3153 Ex
662 3115 802 3154 virtute
822 3128 904 3154 non
923 3114 1098 3166 sequitur
1126 3115 1166 3153 id
1193 3116 1242 3154 ad
1262 3116 1371 3167 quod
1427 3129 1509 3155 non
1537 3124 1594 3155 est
1611 3124 1778 3164 aeterna,
1799 3116 1867 3155 sed
1886 3106 2016 3168 primo
2042 3117 2183 3155 modo:
2209 3128 2257 3155 ex
2284 3115 2506 3168 praemissis

297 3174 352 3203 est
379 3167 510 3214 virtus,
540 3167 613 3205 nisi
638 3168 838 3219 supposita
864 3169 1016 3208 virtute.
1042 3168 1236 3216 Quamvis
1259 3169 1373 3219 igitur
1427 3170 1534 3208 enim
1552 3177 1657 3220 patet
1675 3169 1824 3221 species
1842 3169 2095 3220 intelligibiles
2118 3170 2262 3222 quibus
2284 3170 2418 3210 anima
2434 3176 2505 3209 no-

297 3219 427 3257 anima
455 3221 594 3258 habeat
613 3221 794 3260 virtutem
815 3230 858 3260 ut
877 3222 924 3260 sit
952 3234 1118 3272 semper,
1138 3235 1220 3261 non
1238 3231 1371 3262 tamen
1427 3231 1503 3262 stra
1517 3223 1688 3273 intelligit
1701 3223 1915 3270 veritatem,
1934 3223 1984 3262 de
1999 3236 2107 3263 novo
2121 3223 2236 3263 nobis
2254 3222 2438 3262 advenire
2456 3235 2505 3262 ex

297 3281 423 3322 potest
440 3275 621 3312 concludi
640 3276 747 3325 quod
768 3276 899 3314 anima
918 3275 966 3314 sit
983 3287 1150 3326 semper,
1171 3276 1243 3314 nisi
1267 3285 1371 3327 post·
1388 3295 1410 3316 ¹5
1426 3277 1762 3327 phantasmatibus
1784 3290 1856 3328 per
1878 3277 2114 3316 intellectum
2137 3276 2362 3326 agentem*.
2390 3276 2504 3315 Unde
2533 3286 2542 3296 ·

299 3337 419 3374 quam
444 3327 546 3365 hanc
564 3327 746 3367 virtutem
774 3329 932 3380 accepit.
964 3329 1005 3368 Si
1033 3337 1166 3367 autem
1195 3338 1372 3369 sumatur
1427 3342 1508 3368 non
1536 3338 1663 3381 potest
1690 3330 1872 3369 concludi
1890 3331 2000 3382 quod
2019 3331 2151 3369 anima
2177 3329 2224 3368 sit
2242 3337 2414 3367 aeterna:
2435 3329 2504 3380 sed

299 3380 406 3427 quod
439 3381 541 3418 hanc
577 3381 759 3421 virtutem
797 3383 846 3421 ab
885 3390 1042 3422 aeterno
1077 3382 1266 3430 habuerit,
1302 3383 1372 3422 erit
1427 3383 1536 3435 quod
1572 3383 1751 3422 veritates
1789 3384 1999 3424 intellectae
2040 3383 2254 3422 fundentur
2294 3382 2334 3421 in
2371 3382 2504 3445 aliquo

299 3432 462 3480 petitum
490 3433 528 3471 id
556 3436 664 3484 quod
683 3436 877 3486 oportebit
904 3436 1072 3488 probari,
1102 3435 1243 3475 scilicet
1262 3437 1370 3487 quod
1428 3446 1603 3484 aeterno;
1633 3437 1846 3476 fundantur
1864 3437 1971 3476 enim
1998 3436 2039 3475 in
2066 3435 2195 3487 prima
2213 3435 2387 3498 veritate,
2406 3436 2505 3476 sicut

300 3484 410 3522 fuerit
438 3486 486 3523 ab
515 3495 684 3526 aeterno.
1427 3490 1467 3528 in
1486 3503 1605 3529 causa
1624 3490 1833 3530 universali
1851 3490 2076 3530 contentiva
2093 3489 2223 3528 omnis
2241 3488 2421 3529 veritatis.
2441 3489 2504 3528 Ad

357 3623 366 3640 ι
390 3617 486 3651 autem]
506 3619 562 3644 illas
581 3620 609 3645 Z.
682 3628 697 3652 7
717 3621 837 3655 extendit]
858 3621 908 3648 nisi
927 3622 1034 3648 addunt
1051 3622 1124 3654 DW;
1141 3623 1176 3657 es.
1197 3629 1255 3648 ναν.
1274 3629 1329 3655 seq.
1401 3622 1449 3648 tuit
1467 3623 1514 3648 ned
1534 3623 1566 3648 ad
1584 3623 1611 3648 id
1629 3623 1701 3664 quod
1720 3623 1781 3649 hom
1800 3629 1844 3648 om
1863 3619 2055 3647 now.13
2075 3620 2222 3663 suppo-ita]
2242 3621 2442 3656 praesupponit·
2458 3619 2503 3682 Pe}

358 3658 369 3676 ι
390 3653 513 3686 secundol
534 3654 549 3679 ὶί
569 3655 594 3684 d,
614 3662 656 3680 om
676 3656 704 3680 Ρ.
793 3663 824 3682 ιο
843 3657 1006 3692 sequeretur]
1027 3662 1154 3692 sequemi-
1171 3657 1260 3687 WYP.
1281 3658 1400 3691 sequitur
1418 3657 1583 3684 Zb.18
1602 3658 1672 3683 enim
1691 3658 1717 3683 in
1736 3656 1829 3692 prima]
1850 3660 1937 3683 autem
1956 3656 1981 3682 ln
2000 3657 2057 3691 ipsa
2076 3658 2159 3690 prima
2179 3656 2347 3692 Pc.19
2364 3657 2409 3683 uni

304 3685 346 3710 Ita
362 3686 474 3717 DGch:
491 3689 612 3720 primaria
629 3695 655 3715 et
672 3691 733 3715 univ
735 3691 784 3716 ersi
805 3692 833 3722 Z,
853 3699 877 3718 et
896 3693 1037 3719 universali
1054 3693 1144 3719 ceteri
