2768 4134
32 617 42 627 ·
49 615 170 645 Cap-xxv,
180 622 247 644 mn,

25 1101 202 1131 ‘Inuoco-p.

18 2599 138 2650 {⁸3³⁶OE
155 2599 233 2623 ..Ἧι

750 267 939 306 SUMMA
969 271 1191 311 CONTRA
1220 274 1496 325 GENTILES,
1526 278 1620 315 LIB.
1642 255 1694 325 11‚'
1713 279 1823 317 CAP.
1845 281 2009 320 XCVIII.

277 350 313 381 et
341 343 522 382 omniurn
551 344 858 383 differentiarum
887 347 981 384 eius.
1009 350 1116 387 Talis
1144 359 1274 389 autem
1304 353 1351 390 si-

276 396 455 435 militudo
483 397 600 436 totius
628 398 725 435 entis
753 410 836 435 esse
865 411 947 437 non
970 410 1097 451 potest
1120 404 1192 441 nisi
1214 413 1352 444 natura

276 450 437 497 infinita,
467 463 568 501 quae
596 463 679 489 non
706 451 986 491 determinatur
1004 455 1053 492 ad
1073 456 1245 506 aliquam
1266 471 1351 508 spe-

276 504 376 541 ciem
404 506 468 542 vel
494 516 618 553 genus
645 504 754 550 entis,
783 505 852 542 sed
881 514 937 543 est
964 508 1183 547 universale
1210 511 1350 560 princi-

275 557 387 607 pium
406 565 444 595 et
461 557 583 595 virtus
610 557 736 595 activa
763 558 881 595 totius
909 560 1022 597 entis:
1048 562 1173 611 qualis
1193 572 1249 601 est
1268 566 1349 602 sola

275 618 413 648 natura
431 610 575 658 divina,
591 612 642 647 ut'
653 610 692 648 in
712 611 846 649 Primo
860 612 881 634 *
899 620 1101 652 ostensum
1121 623 1188 653 est.
1208 617 1349 654 Omnis

274 672 407 702 autern
435 663 510 701 alia
535 671 686 712 natura,
706 676 800 701 cum
824 664 871 702 sit
890 666 1093 705 terminata
1121 669 1171 706 ad
1190 670 1348 719 aliquod

272 728 396 766 genus
424 724 462 754 et
488 717 661 766 speciem
689 717 797 764 entis,
818 730 899 756 non
927 727 1054 769 potest
1081 733 1165 758 esse
1194 723 1348 761 univer-

273 770 362 808 salis
402 769 614 808 similitudo
651 770 769 808 totius
806 771 915 809 entis.
954 773 1200 823 Relinquitur
1236 776 1350 824 igitur

272 823 382 874 quod
422 825 529 861 solus
567 824 675 861 Deus
712 836 784 874 per
819 837 933 863 suam
970 827 1178 865 essentiam
1215 830 1348 867 omnia
1363 848 1389 862 ιο

272 884 494 926 cognoscat3
524 877 720 927 quaelibet
747 885 879 916 autem
908 879 1212 918 substantiarum
1238 893 1347 932 sepa-

271 937 444 968 ratarum
471 943 543 981 per
569 942 683 968 suam
720 939 902 969 naturam
937 934 1144 982 cognoscit,
1181 935 1347 984 perfecta

271 984 502 1033 cognitione,
523 996 637 1022 suam
657 984 830 1034 speciem
850 992 1021 1032 tantum3
1034 983 1255 1025 ‘intellectus
1278 1001 1346 1026 au-

269 1046 350 1076 tem
377 1037 571 1088 possibilis
598 1049 863 1087 nequaquam,
883 1039 952 1076 sed
978 1051 1049 1089 per
1072 1040 1345 1090 intelligibilem

269 1091 453 1141 speciem,
482 1098 526 1128 ut
553 1103 672 1141 supra
685 1091 706 1113 '⁸‘
733 1091 881 1129 dictum
909 1100 976 1130 est.

323 1145 382 1182 Ex
411 1145 488 1182 hoc
515 1152 648 1182 autem
676 1145 785 1194 quod
814 1145 1026 1184 substantia
1054 1146 1183 1196 aliqua
1209 1156 1265 1185 est
1288 1148 1343 1185 in-

268 1197 501 1245 tellectualis,
521 1198 848 1248 comprehensiva
868 1207 924 1236 est
945 1200 1062 1238 totius
1086 1200 1195 1238 entis.
1218 1202 1342 1247 Unde,

267 1262 361 1290 cum
389 1251 603 1299 substantia
630 1259 807 1302 separata
825 1264 897 1303 per
914 1265 1028 1291 suam
1053 1262 1234 1292 naturam
1262 1267 1343 1293 non

264 1304 452 1343 fiat‘acna
480 1306 823 1355 comprehendens
847 1313 975 1345 totum
997 1319 1078 1353 ens,
1099 1307 1193 1357 ipsa,
1214 1308 1253 1345 in
1273 1321 1344 1346 sua

267 1358 481 1396 substantia
494 1358 747 1405 considerata,
763 1366 820 1397 est
833 1360 944 1409 quasi
958 1360 1131 1410 potentia
1150 1361 1198 1398 ad
1215 1361 1345 1399 simili·
1358 1377 1370 1391 2

266 1412 422 1450 tudines
441 1412 691 1461 intelligibiles
705 1412 849 1462 quibus
863 1421 989 1451 toturn
1004 1426 1074 1452 ens
1088 1414 1342 1463 cognoscitur,

267 1472 306 1503 et
327 1465 412 1504 illae
437 1465 708 1503 similitudines
736 1474 850 1504 erunt
878 1475 986 1505 actus
1005 1467 1089 1506 eius
1109 1468 1343 1518 inquantum

267 1525 324 1556 est
355 1518 631 1557 intellectualis.
669 1520 764 1557 Non
791 1527 923 1558 autem
952 1529 1009 1558 est
1036 1521 1219 1571 possibile
1247 1522 1343 1572 quin

266 1571 363 1610 istae
379 1572 651 1610 similitudines
670 1572 746 1610 sint
763 1575 911 1622 plures:
932 1574 1025 1624 quia
1043 1574 1122 1612 iam
1141 1583 1343 1613 ostensum

266 1623 324 1663 est
351 1626 461 1675 quod
488 1626 606 1663 totius
634 1625 732 1663 entis
761 1627 990 1666 universalis
1017 1627 1184 1678 perfecta
1212 1628 1343 1666 simili·
1359 1648 1370 1662 2

264 1678 362 1716 tudo
390 1690 474 1716 esse
502 1691 584 1716 non
621 1687 748 1729 potest
775 1680 850 1718 nisi
877 1680 1045 1727 infinita3
1079 1682 1178 1720 sicut
1210 1690 1343 1720 autem

265 1739 404 1770 natura
431 1732 667 1770 substantiae
696 1741 894 1783 separatae
918 1745 1000 1772 non
1020 1743 1076 1773 est
1098 1735 1248 1773 infinita
1274 1736 1342 1774 sed

264 1785 480 1833 terminata,
495 1786 547 1824 ita
565 1785 776 1824 similitudo
796 1787 1039 1837 intelligibilis
1058 1788 1098 1826 in
1113 1801 1158 1826 ea
1178 1789 1343 1826 existens

264 1850 347 1878 non
365 1847 491 1889 potest
508 1851 592 1877 esse
610 1839 771 1886 infinita,
792 1841 860 1878 sed
879 1841 1083 1879 terminata
1101 1842 1152 1879 ad
1171 1842 1343 1892 aliquam

265 1892 437 1943 speciem
460 1894 523 1930 vel
545 1904 668 1941 genus
692 1893 806 1938 entis;
826 1894 933 1930 unde
952 1894 1002 1932 ad
1024 1895 1342 1944 comprehensio-

264 1957 358 1984 nem
386 1945 505 1984 totius
537 1945 635 1983 entis
667 1946 920 1995 requiruntur
949 1948 1081 1997 plures
1113 1947 1340 1985 huiusmodi

265 1998 546 2037 similitudines.
568 1999 728 2046 Quanto
752 2007 884 2037 autern
903 1999 1033 2050 aliqua
1052 2000 1265 2039 substantia
1283 2014 1341 2039 se-

264 2061 398 2103 parata
418 2060 474 2090 est
493 2052 681 2102 superior,
701 2060 807 2090 tanto
837 2053 920 2091 eius
949 2061 1086 2091 natura
1110 2061 1166 2091 est
1186 2054 1340 2092 divinae

265 2114 425 2144 naturae
454 2105 632 2152 similior3
653 2113 690 2143 et
708 2105 797 2144 ideo
822 2114 878 2144 est
901 2105 1032 2144 minus
1056 2115 1261 2154 contracta,
1281 2115 1340 2145 ut-

263 2168 355 2210 pote
374 2159 634 2209 propinquius
653 2160 841 2197 accedens
860 2160 909 2197 ad
929 2172 999 2197 ens
1017 2160 1235 2198 universale
1254 2174 1340 2211 per-

263 2213 409 2251 fectum
428 2221 465 2250 et
484 2213 653 2258 bonum;
674 2221 711 2250 et
729 2221 888 2263 propter
911 2214 999 2260 hoc,
1019 2213 1340 2252 universaliorem

263 2266 358 2304 boni
395 2274 432 2304 et
470 2266 566 2304 entis
603 2266 938 2316 participationem
971 2267 1131 2305 habens.
1171 2269 1219 2305 Et
1250 2267 1339 2306 ideo

263 2319 534 2358 similitudines
562 2319 813 2369 intelligibiles
841 2319 881 2357 in
909 2320 1121 2359 substantia
1149 2321 1339 2372 superiori

264 2373 468 2412 existentes
496 2381 586 2410 sunt
611 2373 742 2411 minus
763 2373 1037 2423 multiplicatae
1057 2382 1094 2412 et
1112 2374 1235 2423 magis
1253 2374 1338 2412 uni-

263 2428 443 2465 versales.
465 2427 514 2464 Et
533 2428 611 2464 hoc
629 2435 686 2464 est
704 2427 814 2476 quod
832 2427 1055 2477 Dionysius,
1074 2440 1121 2465 ΧΠ
1139 2440 1224 2478 cap.
1245 2430 1338 2466 Cae-

263 2481 360 2518 lestis
392 2481 659 2527 Hierarchiae,
696 2480 797 2526 dicit,
826 2481 935 2530 quod
967 2481 1091 2529 angeli
1119 2481 1338 2531 superiores

263 2534 409 2571 habent
436 2533 636 2570 scientiam
660 2533 782 2582 magis
810 2533 1088 2581 universalem3
1119 2542 1155 2572 et
1177 2535 1216 2572 in
1240 2535 1337 2573 libro

263 2587 310 2625 de
340 2584 471 2624 Causis
485 2586 505 2608 *
533 2586 673 2624 dicitur
700 2586 807 2636 quod
836 2588 1102 2638 intelligentiae
1128 2590 1338 2638 superiores

262 2642 399 2678 habent
406 2641 563 2689 formas
577 2642 701 2690 magis
716 2641 954 2678 universales.
973 2641 1187 2679 Summum
1206 2649 1337 2679 autern

263 2693 382 2732 huius
409 2693 704 2731 universalitatis
732 2701 788 2731 est
816 2693 856 2731 in
884 2694 982 2740 Deo,
1004 2694 1072 2744 qui
1100 2706 1170 2744 per
1198 2707 1336 2741 unum,
1352 2708 1376 2728 ⁴⁵

263 2747 405 2785 scilicet
441 2759 511 2797 per
547 2747 754 2784 essentiam
792 2759 917 2793 suam,
953 2747 1087 2785 omnia
1124 2748 1335 2796 cognoscit:

263 2800 448 2838 infimum
487 2807 619 2838 autem
654 2800 694 2836 in
729 2799 922 2837 intellectu
960 2801 1149 2847 humano,
1183 2801 1251 2851 qui
1287 2801 1337 2839 ad

262 2853 581 2904 unumquodque
616 2852 849 2901 intelligibile
877 2853 1020 2903 indiget
1048 2853 1175 2904 specie
1204 2854 1337 2892 intelli-

262 2907 366 2957 gibili
392 2907 552 2957 propria
579 2914 616 2943 et
644 2905 679 2943 ei
707 2914 932 2955 coaequata.

316 2962 411 2999 Non
430 2968 487 2997 est
509 2959 624 3009 igitur
642 2971 712 3009 per
733 2960 879 2997 formas
906 2959 1204 2998 universaliores
1232 2961 1338 3010 apud
1354 2977 1379 2998 50

262 3013 493 3052 substantias
517 3013 737 3063 superiores
763 3012 1024 3062 imperfectior
1041 3013 1220 3062 cognitio,
1241 3014 1339 3051 sicut

262 3068 369 3118 apud
398 3079 482 3104 nos.
504 3068 578 3104 Per
606 3065 899 3103 similitudinem
927 3066 1033 3103 enim
1062 3067 1248 3113 animalis,
1268 3079 1339 3117 per

262 3133 385 3172 quam
404 3119 678 3170 cognoscimus
697 3119 844 3169 aliquid
863 3118 903 3156 in
922 3131 1062 3167 genere
1082 3127 1244 3166 tantum,
1266 3119 1338 3158 im-

261 3174 532 3226 perfectiorem
542 3172 804 3222 cognitionem
814 3172 1007 3210 habemus
1022 3185 1143 3222 quam
1152 3185 1223 3223 per
1233 3173 1337 3210 simi-

262 3227 467 3266 litudinem
481 3229 652 3273 hominis,
664 3238 734 3276 per
743 3238 865 3275 quam
879 3238 1152 3275 cognoscimus
1166 3226 1337 3276 speciem
1353 3241 1375 3261 ss

262 3283 515 3331 completam:
546 3291 780 3329 cognoscere
808 3278 915 3316 enim
943 3279 1088 3328 aliquid
1117 3280 1336 3317 secundum

262 3346 385 3383 genus
411 3342 575 3380 tantum,
596 3341 652 3370 est
671 3345 903 3382 cognoscere
928 3332 1149 3382 imperfecte
1169 3340 1206 3369 et
1225 3332 1335 3382 quasi

262 3387 303 3424 in
322 3387 505 3437 potentia,
522 3398 755 3436 cognoscere
775 3394 906 3424 autem
926 3385 966 3422 in
981 3386 1108 3436 specie
1124 3393 1179 3423 est
1193 3397 1335 3435 cogno-

262 3453 369 3479 scere
387 3441 554 3491 perfecte
574 3448 611 3478 et
630 3440 670 3478 in
689 3447 790 3477 actu.
806 3439 1022 3477 Intellectus
1042 3446 1174 3476 autem
1193 3447 1334 3485 noster,

318 3553 328 3571 1
352 3545 418 3579 eius]
438 3546 505 3571 entis
523 3546 569 3571 Ζ.-
625 3554 661 3578 40
680 3545 759 3580 Cael-J
780 3546 812 3570 de
831 3545 901 3570 Cael.
921 3545 981 3569 «W.

262 3580 340 3614 diget]
361 3581 456 3606 indicet
474 3581 573 3607 aEGx.
665 3581 698 3606 50
716 3587 757 3607 est
775 3589 818 3606 om
837 3581 888 3606 αΧ.

316 3624 333 3651 9
351 3616 580 3650 repraesentanda]
600 3617 811 3650 repraesentandi
831 3624 856 3641 α.

263 3652 290 3677 in
308 3652 431 3686 potentia.
520 3651 557 3684 46
575 3660 622 3685 per
641 3651 679 3686 se]
700 3653 741 3678 vel
761 3660 808 3686 per
826 3660 855 3677 se
874 3652 979 3681 «Dwz,
999 3657 1027 3676 ut
1045 3658 1092 3683 per
1111 3658 1139 3675 se
1159 3651 1190 3675 X.

1053 3544 1088 3576 45
1107 3544 1184 3570 huius
1203 3552 1247 3569 om
1266 3545 1415 3575 «Dwab,
1431 3549 1495 3578 post
1514 3545 1714 3571 universalitatis
1727 3546 1756 3576 Z,
1775 3544 1925 3570 huiusmodi
1938 3545 2031 3571 GNPc.

979 3579 1011 3605 58
1030 3579 1056 3604 in
1075 3579 1171 3613 specie]
1191 3580 1279 3613 specie
1298 3580 1362 3612 «Dc,
1381 3581 1497 3614 speciem
1516 3581 1561 3607 W.

939 3623 972 3647 24
992 3614 1051 3649 Qui]
1072 3615 1135 3648 quin
1154 3614 1300 3645 oeDWXPc,
1319 3621 1344 3641 et
1363 3615 1394 3641 N.

1284 3650 1316 3676 56
1336 3651 1374 3676 sic
1393 3651 1472 3685 enim]
1493 3652 1530 3677 sic
1549 3652 1582 3682 G,
1601 3651 1666 3676 sicut
1685 3652 1714 3682 E,
1734 3652 1779 3685 qui
1799 3652 1835 3676 sic
1855 3651 1933 3677 NYZ·

2405 287 2473 324 581

1408 354 1501 404 quia
1519 355 1702 395 infimum
1721 358 1886 407 gradum
1905 367 2008 397 tenet
2028 360 2068 399 in
2087 362 2307 401 substantiis
2335 364 2479 403 intelle-

1407 408 1608 456 ctualibus,
1632 411 1732 448 adeo
1759 412 2004 462 particulatas
2025 414 2292 454 similitudines
2321 415 2479 467 requirit

1407 461 1516 510 quod
1544 463 1756 514 unicuique
1785 466 2033 514 cognoscibili
2061 468 2220 518 proprio
2249 479 2400 520 oportet
2419 483 2477 508 re-

1406 515 1599 563 spondere
1628 517 1827 567 propriam
1855 518 2147 558 similitudinem
2175 522 2215 559 in
2243 522 2344 572 ipso:
2370 525 2478 561 unde

1405 578 1476 615 per
1503 568 1794 607 similitudinem
1822 574 1997 610 animalis
2024 586 2105 611 non
2135 576 2331 624 cognoscit
2363 580 2476 614 ratio-

1406 621 1502 666 nale,
1533 629 1569 658 et
1596 634 1667 671 per
1693 635 1938 673 consequens
1973 638 2045 664 nec
2077 629 2279 675 hominem,
2308 629 2380 667 nisi
2418 643 2475 667 se-

1405 673 1581 711 cundum
1600 675 1707 725 quid.
1724 676 1944 715 Similitudo
1964 687 2095 717 autem
2115 680 2354 730 intelligibilis
2373 695 2475 732 quae

1405 733 1460 762 est
1489 726 1528 763 in
1557 728 1769 766 substantia
1796 739 1982 780 separata,
2011 740 2067 769 est
2093 733 2381 772 universalioris
2399 736 2475 773 vir-

1403 778 1503 825 tutis,
1531 781 1580 817 ad
1608 783 1721 831 plura
1749 785 2073 832 repraesentanda
2091 786 2299 824 sufficiens:
2318 789 2368 825 Et
2385 788 2474 826 ideo

1404 843 1484 868 non
1517 833 1603 870 facit
1635 834 1959 885 imperfectiorem
1991 839 2263 886 cognitionem,
2293 842 2360 878 sed
2388 853 2474 891 per-

1401 884 1620 924 fectiorem:
1655 896 1711 925 est
1738 889 1844 926 enirn
1872 890 2098 928 universalis
2131 891 2281 938 virtute,
2311 894 2360 931 ad
2389 906 2474 932 mo-

1402 937 1499 975 dum
1535 940 1683 978 formae
1715 942 1861 990 agentis
1892 943 1933 980 in
1968 955 2084 981 causa
2116 945 2340 992 universali,
2373 959 2474 996 quae

1402 999 1548 1040 quanto
1577 993 1689 1031 fuerit
1707 994 1972 1042 universalior,
2000 1004 2106 1035 tanto
2135 999 2184 1036 ad
2212 1000 2323 1048 plura
2342 1011 2383 1036 se
2411 1011 2474 1037 ex-

1400 1044 1520 1081 tendit
1553 1053 1589 1082 et
1620 1047 1815 1085 efficacius
1847 1050 2037 1098 producit.
2077 1052 2152 1088 Per
2183 1051 2473 1090 similitudinem

1361 1115 1368 1128 ι
1401 1096 1513 1145 igitur
1549 1111 1670 1136 unam
1699 1102 1894 1149 cognoscit
1927 1110 1963 1139 et
1997 1103 2140 1141 animal
2169 1112 2205 1141 et
2239 1105 2473 1143 differentias

1400 1150 1593 1188 animalis:
1628 1161 1695 1190 aut
1728 1154 1841 1191 etiam
1871 1155 2139 1194 universaliori
2162 1158 2283 1195 modo
2317 1166 2353 1195 et
2381 1170 2473 1196 con-

1399 1203 1575 1251 tractiori,
1600 1207 1818 1244 secundum
1842 1208 2019 1247 ordinem
2044 1210 2345 1249 substantiarum
2363 1223 2473 1261 prae-

1399 1256 1600 1295 dictarum.

1454 1311 1643 1361 Exempla
1661 1312 1774 1361 igitur
1793 1313 1920 1360 huius,
1940 1323 1983 1352 ut
2007 1315 2153 1353 dictum
2171 1324 2238 1362 est,
2258 1316 2296 1353 in
2316 1317 2472 1355 duobus

1399 1364 1579 1401 extremis
1607 1365 1781 1415 accipere
1810 1379 2031 1416 possumus,
2061 1368 2201 1406 scilicet
2220 1369 2259 1406 in
2279 1366 2472 1408 intellectu

1399 1416 1534 1454 divino
1561 1425 1599 1454 et
1627 1419 1814 1457 humano.
1836 1421 1943 1458 Deus
1972 1421 2077 1459 enim
2106 1434 2176 1471 per
2203 1434 2342 1470 unum,
2363 1424 2471 1473 quod

1399 1477 1456 1506 est
1484 1482 1554 1507 sua
1582 1472 1758 1518 essentia,
1787 1473 1982 1522 cognoscit
2010 1475 2159 1513 omnia:
2188 1477 2311 1513 homo
2339 1485 2471 1514 autem

1399 1523 1449 1560 ad
1468 1523 1621 1561 diversa
1649 1527 1919 1573 cognoscenda
1937 1527 2108 1565 diversas
2127 1528 2394 1567 similitudines
2414 1543 2471 1567 re-

1399 1576 1526 1625 quirit.
1544 1577 1623 1624 Qui
1643 1578 1770 1624 etiam,
1790 1588 1938 1628 quanto
1958 1581 2099 1618 altioris
2117 1582 2229 1619 fuerit
2247 1582 2470 1628 intellectus,

1398 1637 1505 1666 tanto
1543 1642 1590 1667 ex
1626 1631 1877 1680 paucioribus
1914 1634 2026 1682 plura
2063 1646 2296 1682 cognoscere
2328 1644 2469 1685 potest:

1401 1683 1508 1720 unde
1523 1683 1582 1720 his
1597 1684 1665 1733 qui
1680 1692 1769 1722 sunt
1782 1685 1880 1723 tardi
1894 1686 2117 1733 intellectus,
2129 1695 2280 1737 oportet
2294 1691 2471 1738 exempla

1398 1735 1642 1786 particularia
1658 1739 1852 1776 adducere
1868 1739 1917 1776 acl
1931 1739 2193 1788 cognitionem
2208 1741 2256 1778 de
2272 1742 2388 1779 rebus
2407 1755 2470 1779 su-

1398 1790 1597 1828 mendam.

1453 1843 1556 1880 Cum
1579 1850 1711 1880 autem
1740 1844 1951 1882 substantia
1970 1854 2155 1895 separata,
2177 1846 2216 1883 in
2235 1859 2305 1884 sua
2333 1856 2469 1885 natura

1370 1913 1384 1927 ο
1398 1895 1650 1941 considerata,
1666 1895 1713 1932 sit
1726 1897 1766 1934 in
1780 1898 1952 1946 potentia
1970 1899 2020 1935 ad
2039 1899 2307 1936 similitudines
2326 1900 2468 1949 quibus

1397 1956 1523 1985 totum
1539 1960 1607 1985 ens
1622 1958 1887 1998 cognoscatur,
1898 1963 1979 1988 non
1991 1959 2046 1988 est
2055 1952 2343 1990 aestimandum
2358 1955 2466 2002 quod

1397 2001 1443 2038 sit
1466 2001 1662 2039 denudata
1682 2003 1731 2040 ab
1751 2003 1935 2041 omnibus
1959 2004 2186 2042 huiusmodi
2212 2005 2465 2044 similitudini-

1396 2054 1486 2091 bus:
1507 2055 1604 2092 haec
1624 2063 1680 2092 est
1699 2056 1804 2094 enim
1823 2056 2024 2107 dispositio
2044 2057 2255 2096 intellectus
2274 2060 2465 2109 possibilis

1396 2114 1596 2157 antequam
1615 2109 1808 2160 intelligat,
1829 2118 1871 2148 ut
1889 2110 2028 2149 dicitur
2046 2110 2085 2148 in
2104 2113 2150 2149 111
2170 2112 2216 2149 de
2232 2114 2373 2151 Anima
2386 2113 2417 2150 ²¹².
2438 2136 2464 2141 —

1396 2162 1536 2210 Neque
1556 2170 1612 2198 est
1631 2162 1747 2200 etiam
1775 2163 2062 2201 aestimandum
2090 2165 2199 2214 quod
2228 2165 2374 2216 aliquas
2402 2179 2464 2204 ea-

1396 2226 1485 2251 rum
1513 2215 1654 2252 habeat
1671 2215 1711 2253 in
1731 2223 1830 2262 actu,
1850 2225 1886 2254 et
1910 2217 2002 2255 alias
2030 2217 2070 2254 in
2098 2219 2268 2267 potentia
2296 2227 2462 2257 tantum:

1395 2267 1493 2305 sicut
1527 2268 1688 2306 materia
1723 2269 1851 2319 prima
1885 2270 1923 2307 in
1957 2271 2186 2320 corporibus
2221 2272 2464 2311 inferioribus

1395 2321 1512 2359 habet
1538 2334 1661 2359 unam
1689 2322 1856 2361 formam
1880 2323 1919 2360 in
1943 2331 2031 2361 actu
2051 2331 2087 2361 et
2106 2324 2198 2362 alias
2217 2325 2257 2362 in
2275 2326 2462 2375 potentia;

1395 2382 1431 2412 et
1450 2374 1548 2412 sicut
1572 2375 1784 2414 intellectus
1812 2376 2003 2426 possibilis
2031 2386 2171 2424 noster,
2192 2391 2284 2416 cum
2302 2378 2382 2417 iam
2401 2393 2463 2417 su-

1366 2445 1380 2459 o
1394 2440 1484 2466 mus
1512 2428 1686 2474 scientes,
1706 2438 1762 2466 est
1781 2438 1868 2467 actu
1892 2431 2110 2468 secundum
2138 2431 2267 2481 aliqua
2293 2432 2464 2481 intelligi-

1394 2481 1494 2528 bilia,
1515 2483 1734 2520 secundum
1753 2483 1826 2520 alia
1845 2495 1940 2521 vero
1959 2484 1999 2521 in
2017 2484 2199 2533 potentia.
2226 2485 2330 2522 Cum
2358 2486 2463 2523 enim

1393 2535 1478 2572 illae
1504 2535 1738 2573 substantiae
1767 2544 1963 2586 separatae
1983 2549 2064 2574 non
2084 2546 2317 2575 moveantur
2334 2551 2464 2588 neque

1393 2600 1464 2638 per
1477 2601 1517 2626 se
1532 2600 1661 2639 neque
1675 2601 1747 2638 per
1760 2589 1948 2636 accidens,
1961 2598 2003 2627 ut
2017 2597 2218 2628 ostensum
2232 2599 2288 2628 est
2297 2591 2328 2638 ³¹²,
2345 2604 2463 2630 omne

1393 2642 1503 2691 quod
1529 2650 1585 2679 est
1609 2642 1650 2679 in
1669 2642 1723 2679 eis
1742 2642 1783 2680 in
1801 2643 1983 2692 potentia,
2004 2651 2156 2693 oportet
2182 2656 2264 2681 esse
2290 2644 2329 2682 in
2356 2653 2460 2683 actu:

1393 2694 1484 2732 alias
1504 2695 1651 2733 exirent
1671 2696 1720 2733 de
1743 2696 1915 2745 potentia
1942 2696 1982 2734 in
2011 2705 2152 2743 actum,
2182 2705 2218 2734 et
2246 2697 2300 2734 sic
2327 2711 2462 2736 move-

1394 2755 1527 2785 rentur
1544 2761 1615 2798 per
1633 2760 1674 2785 se
1694 2750 1757 2786 vel
1780 2761 1850 2799 per
1868 2748 2058 2787 accidens.
2079 2773 2104 2777 —
2125 2751 2193 2787 Est
2217 2750 2330 2799 igitur
2348 2751 2388 2788 in
2407 2752 2462 2788 eis

1393 2801 1564 2851 potentia
1592 2809 1629 2839 et
1656 2809 1764 2839 actus
1799 2810 1991 2852 quantum
2025 2804 2073 2840 ad
2107 2815 2190 2840 esse
2219 2803 2460 2852 intelligibile,

1394 2852 1491 2892 sic‘ut
1518 2854 1558 2892 in
1587 2854 1816 2905 corporibus
1842 2855 2069 2894 caelestibus
2097 2864 2290 2906 quantum
2309 2858 2358 2895 ad
2378 2870 2460 2895 esse

1393 2909 1578 2946 naturale.
1599 2908 1763 2946 Materia
1791 2908 1896 2947 enim
1924 2909 2097 2959 corporis
2116 2910 2287 2947 caelestis
2306 2910 2357 2948 ita
2374 2923 2461 2960 per-

1393 2961 1521 2998 ficitur
1539 2973 1609 3011 per
1637 2974 1750 2999 suam
1778 2963 1946 3000 formam
1974 2963 2081 3012 quod
2110 2975 2191 3000 non
2221 2972 2394 3001 remanet
2421 2964 2462 3001 in

1393 3014 1565 3064 potentia
1583 3014 1634 3052 ad
1653 3015 1800 3065 aliquas
1819 3015 1979 3053 formas:
2005 3024 2042 3053 et
2061 3016 2232 3053 similiter
2251 3016 2461 3054 intellectus

1393 3067 1628 3105 substantiae
1657 3075 1853 3118 separatae
1881 3069 2046 3106 totaliter
2072 3069 2271 3119 perficitur
2297 3082 2368 3119 per
2386 3070 2460 3107 for-

1393 3133 1477 3158 mas
1505 3120 1768 3170 intelligibiles,
1803 3129 1994 3171 quantum
2023 3122 2071 3160 ad
2104 3122 2365 3171 cognitionem
2392 3135 2460 3161 na-

1392 3175 1568 3211 turalem.
1595 3175 1810 3212 Intellectus
1838 3182 1971 3212 autem
1997 3175 2189 3224 possibilis
2214 3183 2344 3213 noster
2371 3188 2460 3225 pro-

1392 3226 1656 3276 portionaliter
1675 3240 1715 3264 se
1735 3227 1851 3265 habet
1879 3227 2108 3277 corporibus
2136 3229 2459 3278 corruptibilibus,

1393 3280 1537 3330 quibus
1564 3281 1697 3318 unitur
1714 3288 1757 3317 ut
1775 3281 1915 3318 forma:
1936 3281 1990 3318 sic
2009 3281 2115 3318 enim
2134 3281 2178 3318 fit
2196 3290 2284 3319 actu
2312 3283 2460 3320 habens

1392 3334 1583 3383 quasdam
1615 3334 1760 3371 formas
1793 3334 2044 3382 intelligibiles
2077 3335 2185 3384 quod
2218 3343 2393 3372 remanet
2421 3335 2461 3373 in

1390 3386 1562 3436 potentia
1590 3387 1639 3424 ad
1659 3387 1762 3424 alias.
1783 3387 1833 3424 Et
1856 3387 2119 3436 propterrhoc
2146 3387 2285 3425 dicitur
2303 3388 2342 3425 in
2362 3388 2460 3431 libro

1391 3440 1437 3477 de
1468 3441 1599 3478 Causis
1611 3440 1642 3485 ²¹³,
1672 3440 1779 3489 quod
1814 3440 2056 3490 intelligentia
2084 3446 2135 3478 est
2161 3441 2277 3490 plena
2306 3443 2459 3488 formis:
2488 3449 2568 3471 'L00·
2583 3450 2622 3471 u1t-
2639 3449 2680 3471 cit-

2104 3545 2158 3579 qui]
2179 3546 2250 3579 quod
2269 3554 2295 3572 α.

1651 3580 1684 3614 59
1704 3586 1791 3606 autem
1810 3588 1854 3606 om
1874 3580 1905 3612 G,
1925 3581 1993 3606 enim
2013 3580 2105 3612 EYzb,
2124 3581 2201 3614 igitur
2219 3582 2249 3606 N.

2367 3547 2403 3579 48
2421 3548 2462 3573 in-

1477 3616 1511 3650 39
1530 3617 1595 3641 sicut
1613 3616 1726 3649 legimus
1744 3616 1807 3645 soli,·
1826 3617 1863 3642 sic
1882 3623 1981 3642 omnes.
2001 3616 2048 3642 sed
2066 3616 2088 3641 N
2108 3623 2150 3642 om
2170 3617 2231 3642 hom
2251 3622 2276 3642 et
2294 3617 2405 3658 sicut...
2424 3625 2456 3648 41

2492 2115 2626 2170 'Trfial'91v'
2642 2121 2660 2141 ²³
2685 2122 2705 2138 ⁵·

2491 2603 2499 2611 ·
2516 2601 2573 2628 Cap.
2588 2607 2663 2628 praec.
