2768 4134
47 705 55 714 ·
84 703 140 731 Cap.
174 708 258 731 praec„

47 730 177 752 Comment.
193 735 214 750 n.
227 735 259 751 xi.

290 389 456 422 manifeste
483 387 612 417 falsum:
644 387 719 426 quia
747 385 870 425 species
901 384 1106 424 intelligibilis
1134 383 1248 424 lapidis
1277 383 1358 413 facta

289 444 346 475 per
371 432 570 463 intellectum
601 435 759 470 agentem,
788 439 856 459 non
887 434 934 458 est
962 428 1107 458 eiusdem
1138 427 1258 468 speciei
1282 437 1357 458 cum

288 477 452 509 intellectu
475 481 599 515 agente,
624 474 681 504 sed
704 483 780 504 cum
803 472 910 513 lapide
934 473 1089 503 existente
1112 473 1146 502 in
1169 472 1312 502 materia.
1336 490 1358 494 —

288 523 321 553 Si
344 520 524 551 secundum
547 518 688 549 eundem
718 517 856 548 modum
889 516 1025 554 essendi,
1056 517 1206 557 probatio
1231 516 1271 546 ad
1294 516 1357 546 hoc

287 570 449 604 assumpta
472 573 539 594 non
565 563 622 593 erit
644 562 683 592 ad
706 563 923 603 propositum.
941 562 1016 591 Non
1033 562 1121 591 enim
1146 570 1244 591 omne
1261 569 1358 600 agens

287 610 350 650 agit
373 609 431 638 sibi
454 607 557 637 simile
581 612 739 646 quantum
757 606 796 636 ad
816 605 956 636 eundem
973 605 1110 636 modum
1127 605 1262 641 essendi,
1283 605 1358 634 licet

287 654 380 684 faciat
394 652 504 692 aliquo
520 651 621 681 modo
637 651 697 681 sibi
713 651 815 681 simile
832 650 1013 681 secundum
1029 650 1165 680 eandem
1181 650 1356 679 rationem:

286 703 451 728 ostensum
476 701 523 726 est
539 696 626 726 enim
647 696 822 735 superius*
847 694 1018 735 quomodo
1035 694 1139 724 forma
1163 694 1262 724 alium
1284 702 1357 723 mo-

286 742 364 772 dum
387 741 513 771 essendi
536 740 632 770 habet
654 740 688 770 in
712 740 854 776 materia,
872 745 909 770 et
927 739 1026 769 alium
1042 739 1075 768 in
1091 743 1200 768 mente
1216 736 1355 768 artificis.

341 784 492 816 Secundo
517 784 679 814 dubitatur
703 785 787 815 circa
817 784 955 824 primam
985 783 1265 822 consequentiam.
1290 782 1357 811 Aut

285 831 372 861 enim
394 829 582 869 intelligitur
597 829 797 859 intellectum
813 833 962 868 agentem
979 836 1047 857 esse
1071 827 1356 867 proportionatum

283 874 461 905 intellectui
476 873 621 914 possibili
638 872 818 903 secundum
831 871 967 902 eandem
983 871 1153 901 rationem.
1170 871 1211 901 Et
1227 871 1272 901 sic
1287 880 1356 900 non

283 919 428 959 sequitur
454 918 519 948 hoc
546 927 750 957 consequens
777 917 838 947 nisi
869 916 1034 946 intellecto
1065 915 1276 946 antecedente
1307 924 1356 945 se-

284 963 429 994 cundum
452 961 592 992 eundem
616 971 758 997 sensum,
782 961 904 991 scilicet
936 959 1027 999 quod
1057 960 1182 1000 species
1205 959 1355 999 intelligi—

283 1008 355 1038 bilis
383 1013 430 1038 est
457 1006 603 1037 eiusdem
625 1006 756 1036 rationis
785 1014 862 1035 cum
889 1004 1066 1034 intellectu.
1082 1004 1228 1044 possibili
1252 1009 1283 1034 et
1306 1004 1355 1034 in-

282 1053 413 1083 tellectu
437 1056 560 1091 agente.
579 1049 714 1080 Constat
730 1055 839 1080 autem
855 1048 1024 1079 manifeste
1048 1049 1112 1079 hoc
1135 1047 1252 1079 falsum
1275 1057 1354 1079 esse.

282 1097 323 1127 Et
346 1096 391 1126 sic
414 1096 494 1125 ratio
518 1094 607 1124 nulla
631 1094 699 1124 erit.
716 1112 737 1116 —
754 1093 820 1123 Aut
843 1093 1032 1133 intelligitur
1054 1093 1162 1133 ipsum
1186 1102 1255 1123 esse
1278 1102 1354 1133 pro-

281 1141 502 1181 portionatum
526 1137 706 1168 secundum
729 1137 870 1168 eundem
894 1137 1020 1168 essendi
1043 1137 1191 1168 modum.
1213 1137 1254 1168 Et
1276 1143 1354 1168 tunc

281 1189 410 1225 oportet
426 1188 462 1213 ut
477 1183 671 1222 intelligatur
687 1182 881 1213 antecedens
901 1182 1046 1212 similiter
1062 1181 1102 1212 de
1126 1182 1354 1212 convenientia

280 1229 314 1259 in
337 1227 438 1258 modo
455 1226 591 1260 essendi.
608 1226 672 1257 Sed
688 1232 855 1257 ostensum
871 1232 919 1257 est
935 1236 974 1257 ex
990 1236 1047 1257 sua
1063 1227 1258 1266 probatione
1273 1226 1354 1257 illud

279 1274 326 1304 sic
342 1272 475 1310 intelligi
489 1281 558 1302 non
574 1281 680 1311 posse,
697 1271 754 1301 sed
769 1277 895 1302 tantum
911 1271 951 1302 de
967 1271 1194 1302 convenientia
1210 1271 1353 1302 rationis.

279 1318 365 1357 Ergo
389 1316 474 1347 istud
497 1325 702 1356 consequens
725 1325 764 1346 ex
786 1315 843 1346 illo
870 1315 1082 1346 antecedente
1105 1325 1173 1346 non
1196 1316 1352 1356 sequitur.

334 1361 388 1391 Vl.
401 1360 452 1391 Ad
467 1360 562 1391 huius
579 1359 782 1396 evidentiam,
800 1359 1071 1390 considerandum
1088 1365 1135 1390 est
1147 1360 1239 1400 quod
1253 1361 1354 1391 virtus

278 1406 410 1436 rationis
433 1405 580 1435 consistit
595 1406 627 1435 in
644 1405 708 1435 hoc
724 1404 815 1445 quod
831 1413 870 1435 ea
885 1414 970 1445 quae
982 1405 1039 1435 uni
1055 1405 1151 1435 tertio
1168 1405 1353 1436 assimilan-

280 1455 342 1486 tur,
361 1450 446 1480 inter
455 1459 490 1479 se
501 1459 628 1490 quoque
639 1450 760 1480 similia
773 1455 866 1486 sunt,·
881 1455 913 1479 et
929 1450 1075 1479 similiter
1089 1458 1174 1490 quae
1186 1450 1245 1480 uni
1256 1449 1352 1480 tertio

273 1495 582 1535 proportionantur,
608 1494 694 1524 inter
715 1503 749 1525 se
776 1503 904 1534 quoque
925 1499 1003 1525 sunt
1019 1494 1288 1535 proportionata.
1312 1494 1354 1525 Et

277 1539 363 1575 ideo,
381 1547 456 1569 cum
479 1544 546 1569 tam
561 1538 744 1569 intellectus
759 1538 921 1579 possibilis
937 1548 1036 1579 quam
1056 1538 1241 1570 intellectus
1255 1547 1353 1579 agens

278 1584 416 1614 habeant
438 1582 683 1613 similitudinem
708 1588 739 1613 et
762 1583 1011 1623 proportionem
1035 1593 1113 1614 cum
1135 1583 1244 1624 specie
1259 1583 1354 1614 intel·

278 1628 400 1668 ligibili,
425 1627 478 1658 ille
501 1636 559 1667 per
581 1627 719 1658 modum
743 1628 928 1668 susceptivi‚
951 1628 1004 1658 hic
1027 1637 1086 1668 per
1101 1627 1238 1658 modum
1259 1628 1353 1658 activi

278 1672 444 1713 principii;
473 1681 549 1702 cum
574 1677 605 1702 et
633 1672 805 1712 proprium
829 1677 938 1702 actum
962 1677 1112 1712 oporteat
1141 1672 1276 1712 proprio
1299 1681 1353 1702 su·

279 1717 424 1757 sceptivo
440 1716 691 1756 proponionari,
709 1721 742 1746 et
756 1717 927 1756 proprium
943 1715 1095 1747 effectum
1111 1717 1261 1757 propriae
1277 1725 1354 1747 cau—

280 1770 349 1791 sae:
367 1766 498 1800 oportet
512 1760 714 1791 intellectum
730 1760 919 1800 possibilem
936 1766 968 1791 et
983 1761 1185 1791 intellectum
1204 1766 1353 1801 agentem

280 1805 340 1836 sibi
363 1805 503 1835 invicem
525 1805 773 1845 proportionata
804 1814 883 1836 esse.
915 1805 1104 1836 Secundum
1132 1814 1210 1845 ergo
1234 1814 1353 1836 conve·

279 1849 435 1880 nientiam
459 1848 628 1888 utriusque
652 1849 834 1880 intellectus
863 1849 904 1880 ad
933 1850 1077 1889 speciem
1106 1849 1351 1889 intelligibilem,

281 1894 340 1924 erit
369 1893 595 1923 convenientia
623 1894 771 1934 ipsorum
794 1894 1029 1924 intellectuum.
1055 1893 1219 1924 Convenit
1242 1899 1351 1924 autem

279 1942 417 1977 uterque
440 1937 621 1968 intellectus
646 1947 721 1967 cum
745 1938 853 1978 specie
880 1938 1073 1977 intelligibili
1097 1938 1130 1967 in
1155 1936 1273 1967 eodem
1296 1947 1352 1978 ge-

277 1991 355 2012 nere
371 1986 402 2011 et
417 1981 450 2011 in
467 1980 583 2011 eodem
600 1981 730 2012 ordine:
748 1981 823 2022 quia
839 1982 964 2021 species
977 1987 1009 2012 et
1023 1987 1072 2012 est
1094 1982 1247 2021 proprius
1261 1987 1352 2012 actus

278 2031 311 2056 et
332 2025 484 2056 naturalis
507 2025 689 2056 intellectus
715 2025 887 2065 possibilis,
912 2031 944 2056 et
966 2026 1115 2066 proprius
1139 2035 1176 2056 ac
1199 2025 1352 2056 naturalis

278 2069 410 2101 effectus
425 2069 608 2100 intellectus
623 2070 746 2110 agentis
754 2079 767 2106 ;·
776 2075 885 2100 actum
901 2075 1009 2100 autem
1029 2070 1199 2110 proprium
1215 2070 1351 2100 alicuius

277 2114 440 2156 potentiae
464 2119 594 2154 oportet
609 2123 679 2144 esse
695 2114 840 2144 eiusdem
856 2115 983 2154 generis
999 2119 1031 2145 et
1050 2113 1172 2145 ordinis
1188 2122 1264 2145 cum
1280 2115 1350 2155 ipsa

276 2159 431 2200 potentia,
445 2163 476 2189 et
487 2158 656 2200 proprium
672 2168 709 2189 ac
721 2158 900 2189 naturalem
912 2157 1064 2189 effectum
1080 2159 1216 2189 alicuius
1228 2159 1351 2199 agentis

277 2213 353 2234 cum
376 2212 436 2233 suo
464 2208 578 2244 agente
601 2208 731 2243 oportet
754 2202 901 2234 eiusdem
922 2204 1048 2243 generis
1071 2208 1103 2234 et
1125 2202 1247 2234 ordinis
1271 2213 1350 2235 esse.

276 2247 328 2278 Ad
350 2246 434 2278 hanc
457 2254 566 2278 autem
598 2247 859 2278 convenientiam
889 2248 1036 2288 sequitur
1065 2248 1292 2279 convenientia
1315 2249 1350 2279 in

276 2292 378 2323 modo
402 2292 542 2323 essendi:
560 2293 635 2332 quia
651 2301 735 2332 quae
751 2298 826 2323 sunt
842 2292 989 2323 eiusdem
1007 2293 1140 2323 rationis
1156 2298 1188 2323 et
1203 2292 1350 2324 eiusdem

278 2336 408 2372 ordinis,
422 2337 562 2367 eundem
575 2336 701 2367 essendi
714 2336 851 2368 modum
864 2337 1043 2368 naturalem
1060 2337 1193 2373 habent;
1210 2343 1247 2368 ut
1262 2343 1351 2378 patet

277 2380 485 2412 discurrendo
501 2390 559 2421 per
575 2382 695 2412 omnia.
713 2381 866 2422 Sequitur
882 2390 959 2422 ergo
975 2386 1012 2412 ut
1035 2386 1067 2412 et
1089 2382 1149 2422 ipsi
1168 2381 1350 2413 intellectus

277 2426 360 2456 inter
375 2434 408 2455 se
425 2430 456 2455 et
479 2425 624 2456 eiusdem
640 2426 772 2456 rationis
796 2431 827 2456 et
851 2425 995 2456 eiusdem
1019 2425 1110 2456 modi
1126 2426 1252 2457 essendi
1275 2427 1348 2457 sint.

335 2479 364 2500 2.
389 2469 483 2500 Unde
508 2469 547 2500 ad
570 2470 713 2510 primum
736 2470 873 2501 dubium
897 2470 1014 2501 dicitur
1037 2470 1127 2511 quod
1150 2471 1254 2511 prima
1277 2480 1350 2511 pars

276 2513 492 2545 antecedentis
515 2514 703 2554 intelligitur
718 2514 758 2545 de
782 2515 1008 2545 convenientia
1031 2516 1063 2546 in
1088 2515 1200 2546 eadem
1226 2516 1350 2546 ratione

276 2559 423 2598 generica
439 2564 471 2589 et
486 2559 519 2589 in
536 2558 653 2589 eodem
670 2559 798 2590 ordine:
816 2564 1054 2600 consequenter
1069 2560 1166 2590 etiam
1181 2561 1215 2590 in
1232 2559 1350 2591 eodem

275 2602 378 2633 modo
401 2603 527 2634 essendi
550 2604 697 2634 naturali.
721 2604 813 2635 Licet
836 2605 924 2635 enim
948 2604 1008 2635 alia
1031 2604 1071 2635 sit
1093 2605 1175 2635 ratio
1199 2604 1351 2645 specifica

276 2647 457 2678 intellectus
480 2648 601 2688 agentis
625 2653 656 2679 et
679 2648 739 2679 alia
762 2649 882 2688 speciei
908 2648 1125 2689 intelligibilis,
1150 2649 1351 2680 conveniunt

275 2697 384 2722 tamen
407 2693 441 2722 in
464 2693 523 2723 hac
551 2693 675 2723 ratione
698 2698 730 2723 et
753 2693 787 2724 in
814 2693 878 2724 hoc
901 2693 1026 2729 ordine,
1050 2693 1141 2734 quod
1164 2699 1240 2724 sunt
1262 2694 1350 2734 prin-

276 2737 398 2777 cipium
413 2737 582 2777 proprium
597 2734 835 2773 intellectionis,
852 2743 885 2768 et
900 2737 1041 2768 eundem
1063 2737 1189 2768 essendi
1212 2737 1351 2769 modum

276 2781 404 2817 habent,
417 2781 537 2812 scilicet
553 2790 622 2812 esse
637 2782 847 2813 immateriale
864 2786 896 2812 et
911 2791 980 2813 esse
995 2782 1223 2813 intellectuale.
1248 2782 1290 2813 Et
1304 2783 1351 2813 sic

277 2826 400 2865 optime
423 2826 577 2866 probatur
600 2826 658 2856 ista
674 2835 747 2866 pars
765 2826 985 2857 antecedentis
1001 2836 1039 2857 ex
1054 2826 1108 2857 illa
1124 2827 1351 2867 propositione

277 2875 450 2910 assumpta,
467 2870 557 2910 quod
574 2879 668 2901 omne
683 2880 787 2912 agens
803 2871 876 2912 agit
889 2871 950 2902 sibi
969 2871 1093 2901 simile:
1115 2871 1237 2902 scilicet
1259 2871 1352 2912 quod

277 2923 375 2944 omne
398 2923 494 2954 agens
518 2916 686 2955 proprium
703 2921 734 2946 et
749 2916 930 2946 naturalem
946 2915 1097 2946 effectum
1114 2914 1189 2946 facit
1204 2915 1351 2947 eiusdem

277 2958 407 2989 rationis
424 2968 545 2996 secum,
562 2959 675 2990 saltem
690 2961 839 2999 generice
856 2965 888 2990 et
899 2959 1045 2990 eiusdem
1062 2959 1194 2990 ordinis.
1219 2959 1352 3001 Species

278 3003 364 3033 enim
388 3009 435 3034 est
457 3004 607 3044 proprius
623 3009 655 3034 et
678 3005 832 3035 naturalis
855 3003 989 3035 effectus
1012 3004 1194 3035 intellectus
1217 3005 1350 3045 agentis.

333 3046 420 3077 Cum
443 3053 552 3078 autem
576 3048 720 3085 instatur,
745 3048 836 3089 quod
859 3057 927 3079 non
955 3054 1062 3089 potest
1086 3049 1139 3079 illa
1166 3058 1239 3089 pars
1262 3054 1352 3080 ante·

279 3088 421 3122 cedentis
444 3092 577 3132 intelligi
601 3092 642 3123 de
670 3093 900 3124 convenientia
922 3093 955 3123 in
986 3092 1088 3123 modo
1113 3093 1250 3130 essendi,
1275 3094 1352 3134 quia

278 3140 356 3166 tunc
379 3137 528 3176 probatio
552 3136 689 3168 adducta
709 3146 778 3169 non
801 3143 884 3168 esset
906 3136 947 3168 ad
963 3138 1184 3178 propositum.
1197 3155 1220 3160 —
1235 3137 1352 3169 dicitur

279 3179 368 3219 quod
391 3181 505 3220 utique
535 3182 616 3212 ratio
646 3182 701 3212 illa
728 3181 915 3212 immediate
943 3182 1060 3222 probat
1090 3183 1352 3213 convenientiam

279 3223 457 3255 secundum
469 3226 628 3256 rationem
645 3231 676 3256 et
692 3225 855 3257 ordinem:
873 3226 951 3266 quia
965 3235 1064 3266 agens
1075 3227 1256 3266 proprium,
1273 3236 1352 3258 con—

278 3269 383 3299 tinens
406 3270 522 3299 virtute
544 3275 671 3300 tantum
687 3270 828 3310 aliquam
852 3270 990 3301 formam
1013 3279 1081 3300 non
1101 3275 1210 3301 autem
1233 3270 1352 3302 forma-

279 3311 358 3348 liter,
382 3313 533 3353 producit
556 3314 616 3344 sibi
643 3315 747 3345 simile
777 3314 959 3346 secundum
987 3315 1146 3345 rationem
1169 3316 1352 3354 genericam

281 3361 311 3385 et
334 3357 367 3387 in
391 3357 508 3388 eodem
531 3358 655 3389 ordine.
682 3358 821 3390 Mediate
842 3365 951 3390 tamen
974 3359 1091 3399 probat
1114 3359 1209 3389 etiam
1233 3369 1352 3391 conve-

280 3400 433 3431 nientiam
458 3402 491 3432 in
514 3402 615 3433 modo
640 3404 775 3434 essendi.
801 3403 888 3441 Quia
912 3413 951 3434 ex
974 3403 1039 3434 hoc
1062 3403 1153 3443 quod
1178 3403 1281 3434 forma
1305 3410 1352 3435 est

281 3444 392 3475 similis
421 3446 598 3477 intellectui
628 3448 734 3487 agenti
758 3448 791 3478 in
821 3457 940 3488 genere
963 3452 996 3478 et
1019 3447 1132 3478 ordine
1159 3457 1278 3484 rerum,
1302 3458 1352 3479 se-

282 3489 390 3527 quitur
414 3490 503 3529 quod
523 3490 663 3522 eundem
682 3491 819 3522 modurn
844 3491 971 3522 essendi
990 3500 1066 3522 cum
1090 3492 1162 3532 ipso
1182 3492 1306 3523 habeat.

339 3532 443 3563 3.Αά
470 3535 648 3565 secundum
676 3535 812 3566 dubium
843 3536 989 3566 similiter
1018 3535 1232 3576 respondetur
1261 3536 1352 3576 quod

283 3583 484 3616 consequens
507 3578 585 3609 illud
608 3579 794 3619 intelligitur
817 3580 857 3610 de
880 3580 1094 3620 proportione
1118 3585 1150 3610 et
1171 3580 1351 3611 secundum

285 3619 418 3650 eandem
441 3622 597 3653 rationem
629 3629 726 3663 atque
754 3624 913 3661 ordinem,
942 3630 974 3654 et
1003 3624 1183 3655 secundum
1211 3624 1351 3656 eundem

284 3662 418 3693 modum
443 3663 575 3696 essendi.

757 307 944 344 SUMMA
974 305 1195 343 CONTRA
1223 304 1498 350 GENTILES,
1527 305 1621 340 LIB.
1642 304 1684 349 ΙΙ,
1715 303 1826 340 CAP.
1846 304 2018 340 LXXVI.

1468 382 1520 413 Ad
1532 383 1806 422 improbationem
1821 383 1944 422 primae
1956 383 2064 422 partis,
2080 383 2145 414 iam
2157 389 2324 415 ostensum
2336 391 2385 416 est
2399 386 2490 427 quod

1413 428 1509 457 etiam
1526 426 1720 457 antecedens
1736 426 1776 456 de
1791 427 2006 466 proportione
2018 427 2199 458 secundum
2214 429 2374 460 rationem
2390 436 2422 462 et
2437 441 2490 462 or-

1412 471 1522 502 dinem
1545 471 1744 510 intelligitur.
1947 489 1949 491 -

1467 515 1520 546 Ad
1543 515 1817 555 improbationem
1840 524 1919 545 vero
1935 514 2100 546 secundae
2113 516 2222 556 partis,
2238 517 2383 548 similiter
2400 524 2490 559 patet

1412 559 1502 600 quod
1526 565 1558 590 et
1581 558 1780 589 antecedens
1803 558 1843 590 de
1874 560 2102 593 convenientia
2131 560 2228 590 etiam
2258 561 2291 591 in
2315 562 2417 593 modo
2439 573 2488 594 es-

1411 603 1502 634 sendi
1525 603 1732 643 intelligenda
1748 608 1805 640 est,
1829 613 1897 634 non
1914 609 2023 635 autem
2046 609 2174 635 tantum
2197 603 2238 635 de
2261 607 2489 638 convenientia

1411 648 1593 679 secundum
1616 649 1787 679 rationem.

1466 692 1534 723 Vll.
1563 693 1673 723 Tertio
1697 692 1864 734 arguitur.
1888 693 2027 723 Formae
2042 693 2222 724 materiales
2237 695 2440 735 recipiuntur
2454 697 2488 727 in

1409 738 1543 770 materia
1566 738 1670 777 prima
1685 746 1753 767 non
1769 746 1827 777 per
1843 738 2007 771 actionem
2022 738 2220 769 substantiae
2236 745 2401 779 separatae
2417 746 2488 771 tan-

1410 787 1491 818 tum,
1516 781 1574 812 sed
1596 791 1654 822 per
1677 782 1841 812 actionem
1857 780 1982 811 formae
2003 781 2150 812 eiusdem
2164 784 2302 823 generis,
2326 793 2411 824 quae
2427 786 2488 816 sci-

1409 826 1485 856 licet
1509 831 1556 856 est
1579 826 1613 856 in
1637 826 1781 856 materia.
1805 826 1903 866 Ergo,
1920 835 1938 855 a
1959 826 2066 862 simili,
2083 827 2110 856 si
2124 827 2306 859 intellectus
2326 829 2488 869 possibilis

1411 875 1458 900 est
1481 880 1554 911 pars
1570 871 1697 900 animae
1719 879 1789 900 non
1812 875 1922 903 autem
1938 871 2115 901 substantia
2129 878 2284 912 separata,
2305 873 2488 905 intellectus

1410 924 1518 955 agens,
1542 924 1600 955 per
1623 915 1717 945 cuius
1747 914 1911 945 actionem
1944 914 2029 946 fiunt
2058 916 2184 955 species
2213 917 2431 957 intelligibiles
2453 919 2487 949 in

1409 959 1493 1000 ipso,
1517 969 1587 990 non
1603 960 1661 990 erit
1676 959 1853 989 substantia
1869 965 2014 1000 separata
2029 959 2086 990 sed
2101 960 2202 990 virtus
2218 961 2355 993 animae.
2369 979 2395 985 -
2408 963 2487 994 Pro-

1409 1004 1503 1035 batur
1532 1003 1726 1034 antecedens
1755 1004 1907 1044 exemplo
1935 1004 2032 1035 huius
2064 1005 2178 1041 carnis,
2202 1014 2287 1045 quae
2316 1013 2487 1046 generatur

1408 1058 1467 1089 per
1490 1047 1628 1079 formam
1645 1057 1730 1088 quae
1754 1053 1802 1079 est
1824 1049 1857 1079 in
1881 1049 1920 1079 iis
1943 1048 2093 1080 carnibus
2110 1054 2142 1080 et
2156 1050 2191 1080 in
2214 1050 2264 1080 his
2287 1051 2430 1082 ossibus:
2450 1057 2488 1083 ut

1407 1098 1496 1133 patet
1529 1102 1587 1133 per
1617 1092 1837 1129 Aristotelem,
1867 1093 1926 1124 VH
1950 1094 2106 1134 Metaph„
2131 1099 2208 1124 text.
2234 1093 2286 1125 28.
2313 1111 2338 1118 -
2361 1094 2488 1127 Conse-

1409 1137 1542 1178 quentia
1556 1147 1635 1168 vero
1654 1137 1819 1177 probatur.
1836 1137 1924 1175 Quia
1946 1139 2030 1169 sicut
2048 1139 2182 1169 materia
2197 1139 2301 1179 prima
2321 1139 2488 1179 perficitur

1407 1191 1466 1222 per
1477 1181 1598 1212 formas
1610 1182 1800 1219 materiales,
1817 1183 1860 1212 ita
1875 1183 2058 1214 intellectus
2070 1183 2232 1224 possibilis
2247 1183 2415 1224 perficitur
2428 1194 2488 1226 pet

1407 1227 1532 1267 species
1555 1226 1733 1257 intellectas
1756 1227 1789 1257 in
1815 1232 1899 1258 actu.

1462 1271 1614 1308 Adverte‚
1639 1280 1716 1302 cum
1740 1270 1857 1302 dicitur
1879 1272 1933 1302 hic
1956 1271 2049 1312 quod
2071 1271 2196 1303 formae
2218 1273 2381 1305 naturales
2404 1274 2486 1309 reci·

1407 1316 1543 1356 piuntur
1568 1316 1603 1346 in
1630 1315 1765 1346 materia
1795 1325 1862 1346 non
1883 1326 1949 1357 per
1973 1316 2134 1347 actionem
2166 1317 2308 1348 alicuius
2337 1318 2486 1350 substan-

1407 1361 1473 1391 tiae
1494 1365 1668 1401 separatae
1691 1365 1828 1396 tantum,
1845 1360 1938 1401 quod
1960 1360 2081 1391 idcirco
2104 1360 2232 1392 additur
2255 1367 2391 1398 tantum,
2409 1363 2486 1404 quia

1406 1415 1474 1436 non
1498 1410 1595 1445 negat
1618 1405 1818 1442 Aristoteles,
1834 1404 2016 1436 secundum
2034 1405 2127 1437 cuius
2149 1406 2345 1447 opinionem
2367 1407 2420 1439 hic
2436 1417 2486 1439 ar-

1406 1450 1477 1490 guit
1492 1449 1629 1481 Sanctus
1641 1449 1798 1486 Thomas,
1811 1450 1892 1490 quin
1903 1450 2101 1481 substantiae
2112 1455 2277 1491 separatae
2289 1452 2353 1482 sint
2368 1461 2486 1484 causae

1406 1493 1586 1525 formarum
1601 1494 1827 1531 materialium,
1851 1503 1928 1525 cum
1951 1500 2054 1535 ponat
2069 1495 2155 1536 ipsas
2169 1503 2240 1527 esse
2262 1497 2418 1528 mottices
2431 1506 2487 1528 or·

1406 1539 1508 1575 bium,
1534 1549 1573 1569 ex
1596 1548 1739 1579 quorum
1762 1539 1906 1570 motibus
1922 1544 1971 1570 est
1985 1540 2019 1570 in
2041 1538 2249 1571 inferioribus
2270 1541 2438 1581 generatio
2453 1546 2487 1573 et

1407 1584 1589 1623 corruptio:
1614 1582 1671 1615 sed
1694 1589 1790 1624 negat
1812 1583 1883 1614 illas
1901 1583 1986 1614 solas
2009 1592 2080 1614 esse
2101 1593 2214 1615 causas
2237 1584 2396 1616 dictarum
2420 1585 2487 1617 for-

1406 1637 1545 1665 marum,
1568 1632 1605 1658 ut
1628 1628 1733 1658 voluit
1756 1627 1847 1658 Plato
1872 1633 1904 1658 et
1933 1628 2112 1659 Avicenna.
2143 1628 2271 1660 Praeter
2298 1630 2386 1661 enim
2409 1631 2486 1663 sub-

1407 1673 1538 1702 stantias
1549 1677 1719 1712 separatas,
1731 1672 1942 1712 requiruntur
1952 1673 2083 1713 propria
2095 1677 2128 1703 et
2143 1673 2347 1713 particularia
2358 1675 2486 1715 agentia

1406 1717 1594 1752 materialia,
1618 1722 1655 1747 ut
1678 1716 1860 1747 ostenditur
1881 1716 1940 1747 Vll
1956 1715 2213 1758 Metaplgrsz'cae.

1466 1761 1606 1798 Quarto.
1638 1760 1672 1792 Si
1699 1761 1882 1792 intellectus
1911 1766 1994 1792 esset
2021 1767 2196 1802 separatus,
2227 1768 2284 1793 aut
2312 1762 2403 1794 nulla
2427 1769 2486 1795 aut

1406 1814 1504 1846 parva
1528 1804 1707 1836 differentia
1730 1811 1814 1836 esset
1835 1806 1920 1836 inter
1942 1806 2135 1846 opinionem
2158 1807 2252 1837 istam
2283 1812 2315 1838 et
2340 1807 2485 1840 Platoni-

1407 1859 1489 1881 cam.
1513 1849 1578 1880 Sed
1605 1850 1798 1890 opinionem
1828 1849 2028 1881 Platonicam
2056 1851 2208 1891 reprobat
2237 1850 2427 1884 Aristoteles
2449 1853 2484 1884 in

1407 1894 1419 1924 1
1441 1893 1697 1934 Metaplysicae.
1714 1893 1802 1934 Ergo
1826 1899 1887 1924 etc.
1902 1912 1927 1917 -
1945 1894 2105 1925 Probatur
2126 1897 2373 1935 consequentia.
2397 1896 2485 1935 Quia

1405 1938 1497 1969 Plato
1521 1938 1666 1978 ponebat
1687 1938 1855 1968 scientiam
1883 1939 2007 1969 causari
2034 1939 2068 1969 in
2097 1939 2194 1970 nobis
2222 1939 2264 1969 ab
2286 1939 2378 1977 ideis,
2401 1949 2484 1981 qu.

1405 1982 1549 2022 ponebat
1575 1982 1768 2012 substantias
1797 1988 1969 2022 separatas.
2000 1982 2166 2020 Similiter,
2193 1993 2273 2014 cum
2299 1984 2484 2017 intellectus

1405 2035 1504 2066 agens
1527 2027 1568 2057 sit
1590 2026 1734 2067 primum
1757 2031 1790 2057 et
1812 2027 1992 2068 principale
2016 2028 2215 2068 principium
2246 2029 2400 2060 scientiae
2420 2039 2484 2062 no-

1405 2077 1498 2107 strae,
1522 2071 1548 2101 si
1571 2076 1712 2111 ponatur
1735 2071 1912 2102 substantia
1927 2077 2083 2123 separata,
2107 2073 2242 2114 ponitur
2263 2074 2433 2106 scientiam
2447 2075 2483 2107 in

1405 2115 1501 2146 nobis
1523 2124 1543 2146 a
1564 2115 1742 2146 substantia
1764 2121 1910 2156 separata
1933 2117 2068 2148 causari.

1460 2159 1544 2190 vm.
1571 2159 1706 2196 Quinto.
1732 2158 1906 2200 Oportebit
1921 2160 2012 2201 quod
2034 2160 2087 2191 vel
2102 2170 2232 2202 semper
2245 2162 2482 2203 intelligamus.

1403 2204 1455 2235 vel
1479 2203 1571 2244 quod
1592 2213 1661 2235 non
1685 2205 1727 2235 sit
1750 2204 1785 2235 in
1814 2210 1976 2246 potestate
2004 2210 2115 2236 nostra
2142 2210 2217 2237 actu
2244 2205 2436 2247 intelligere.
2446 2220 2482 2235 a

1403 2249 1563 2279 Probatur
1577 2250 1823 2290 consequentia.
1835 2249 1923 2288 Quia
1938 2255 2018 2280 tunc
2034 2255 2110 2280 actu
2123 2250 2334 2290 intelligimus
2346 2250 2480 2292 quando

1403 2293 1627 2334 phantasmata
1649 2292 1734 2324 fiunt
1756 2299 1830 2324 actu
1853 2294 2081 2335 intelligibilia.
2103 2293 2138 2326 Si
2159 2300 2271 2326 autem
2295 2295 2481 2328 intellectus

1404 2347 1502 2379 agens
1518 2343 1566 2368 est
1581 2338 1758 2369 substantia
1772 2343 1927 2379 separata,
1941 2344 2075 2379 oportet
2088 2338 2180 2379 quod
2196 2339 2266 2371 eius
2281 2340 2378 2377 actio,
2393 2349 2480 2381 quae

1404 2388 1453 2413 eat
1474 2382 1699 2433 phantasmata
1722 2381 1828 2413 facere
1846 2388 1922 2415 actu
1943 2382 2166 2423 intelligibilia,
2182 2389 2238 2414 aut
2260 2384 2301 2414 sit
2323 2384 2481 2416 continua

1404 2431 1438 2458 et
1458 2436 1528 2458 non
1551 2427 1718 2458 intercisa:
1737 2432 1793 2458 aut
1809 2426 1902 2468 quod
1915 2436 1984 2458 non
2000 2428 2210 2461 continuetur
2224 2433 2257 2459 et
2270 2428 2481 2461 intercidatur

1403 2471 1445 2502 ad
1469 2471 1635 2502 arbitrium
1657 2476 1817 2503 nostrum.

1459 2515 1560 2546 Sexto
1573 2517 1599 2545 ⁵.
1624 2515 1822 2556 Sequeretur
1844 2515 1936 2557 quod
1957 2521 2024 2547 tam
2047 2517 2185 2547 scientes
2208 2526 2309 2558 quam
2330 2517 2424 2549 inscii
2437 2517 2480 2549 ὢν
2507 2524 2517 2535 ·

1403 2560 1522 2592 militet
1543 2560 1773 2601 intelligene—
1787 2561 1946 2592 Probatur
1969 2562 2214 2612 consequentia.
2236 2561 2324 2600 Quia
2345 2570 2481 2603 compa·

1402 2604 1484 2636 ratio
1500 2605 1697 2636 substantiae
1715 2611 1880 2646 separatae
1902 2605 1945 2637 ad
1965 2605 2079 2636 omnia
2101 2605 2324 2657 phantasmata
2349 2607 2384 2638 in
2407 2606 2480 2648 qui?

1403 2649 1610 2690 buscumque
1639 2654 1688 2680 est
1716 2659 1797 2681 una:
1827 2650 1911 2681 sicut
1939 2650 2142 2690 comparatio
2173 2650 2250 2682 solis
2273 2656 2322 2682 est
2347 2660 2413 2683 une
2431 2649 2481 2684 ad

1404 2703 1519 2725 omnes
1542 2693 1704 2725 calores‘.
1728 2693 1853 2725 Eadem
1869 2698 1978 2725 autem
1994 2695 2219 2746 phantasmata
2241 2700 2318 2726 sunt
2340 2695 2376 2727 in
2397 2695 2519 2757 illst·

1405 2747 1482 2770 cum
1503 2747 1554 2770 res
1577 2737 1744 2769 sensibiles
1767 2738 1912 2770 similiter
1934 2739 2082 2770 sentiant.

1460 2781 1602 2814 Adverte
1613 2781 1706 2823 quod
1716 2783 1922 2823 comparatio
1931 2783 2130 2814 substantiae
2139 2788 2304 2824 separatae
2315 2783 2356 2815 ad
2368 2784 2480 2816 omnia

1404 2827 1628 2879 phantasmata
1650 2826 1768 2858 dicitur
1789 2827 1855 2858 boc
1876 2827 1953 2859 loco
1977 2836 2046 2858 esse
2061 2836 2138 2864 una,
2161 2828 2240 2868 quia
2258 2833 2312 2859 est
2333 2827 2480 2861 eiusdem

1404 2871 1548 2908 rationis,
1569 2872 1646 2912 quia
1660 2871 1811 2903 videlicet
1826 2871 1945 2903 eodem
1960 2871 2063 2903 modo
2079 2877 2286 2912 comparatur
2300 2872 2345 2904 ad
2356 2873 2479 2910 omnia,

1405 2921 1521 2957 utpote
1542 2925 1614 2947 non
1636 2916 1739 2957 magis
1761 2916 1976 2948 illuminativa
1998 2916 2095 2948 unius
2124 2916 2356 2957 phantasmatis
2378 2926 2480 2958 quam

1405 2960 1550 2991 alterius:
1575 2960 1659 2991 sicut
1681 2966 1715 2991 et
1736 2960 1787 2991 sol
1801 2959 1921 2992 eodem
1943 2960 2101 2992 modoad
2115 2970 2233 2992 omnes
2248 2961 2372 2992 calores
2387 2971 2480 2994 com·

1405 3010 1545 3045 paratur,
1568 3014 1637 3036 non
1667 3005 1770 3045 magis
1798 3005 1937 3036 existens
1963 3014 2061 3036 causa
2090 3005 2187 3036 unius
2211 3015 2311 3046 quam
2336 3005 2479 3038 alterius

1462 3049 1515 3080 lx.
1536 3049 1589 3080 Ad
1603 3050 1679 3080 istas
1693 3049 1774 3080 duas
1789 3050 1931 3081 rationes
1944 3050 2043 3082 simul
2058 3049 2247 3090 responderi
2263 3055 2375 3090 posset
2388 3049 2481 3091 quod

1405 3093 1588 3125 intellectus
1611 3103 1710 3134 agens
1732 3103 1862 3135 semper
1876 3094 1943 3134 agit
1957 3100 2118 3135 quantum
2140 3094 2178 3126 in
2197 3103 2234 3126 se
2257 3099 2322 3126 est:
2337 3094 2480 3127 sedin·

1405 3147 1535 3179 semper
1565 3139 1788 3179 phantasmata
1819 3144 1896 3170 sunt
1923 3138 2135 3179 intelligibilia
2164 3144 2253 3176 actu,
2284 3138 2345 3170 sed
2371 3138 2479 3173 solun

1406 3182 1539 3223 quando
1563 3188 1639 3214 sunt
1655 3188 1729 3214 actu
1753 3182 1908 3223 disposita
1923 3192 1982 3223 per
1995 3188 2107 3214 actum
2128 3183 2323 3224 cogitativee
2342 3182 2478 3220 virmt'u,

1407 3227 1501 3258 cuius
1522 3236 1601 3258 usus
1624 3232 1672 3258 est
1694 3227 1730 3258 in
1755 3232 1866 3258 nostra
1894 3232 2064 3268 potestate.
2093 3227 2136 3259 Et
2162 3227 2249 3258 ideo
2267 3226 2478 3267 adzprimum

1406 3271 1536 3308 horum,
1551 3277 1690 3312 negatur
1704 3272 1949 3312 consequentia,
1962 3280 2027 3312 qua
2042 3271 2180 3303 infertur
2193 3270 2285 3311 quod
2299 3270 2479 3312 intelligere

1406 3325 1475 3346 non
1499 3316 1559 3346 erit
1581 3317 1616 3347 in
1637 3321 1749 3347 nostra
1771 3321 1942 3356 potestate.
1965 3332 1990 3339 -
2012 3315 2063 3347 Ad
2086 3313 2279 3350 seeundum,
2299 3315 2398 3346 etiam
2420 3325 2478 3347 ne—

1406 3365 1500 3400 gatur
1522 3361 1772 3400 consequentia:
1788 3361 1865 3400 quia
1880 3360 2004 3392 idcirco
2017 3368 2087 3391 nen
2102 3367 2217 3390 omnes
2239 3358 2425 3400 intelligunt
2440 3369 2479 3392 ea

1407 3414 1550 3445 quorum
1562 3405 1682 3436 habent
1696 3405 1929 3444 phantasmata,
1941 3404 2017 3445 quia
2026 3409 2097 3434 non
2106 3411 2222 3434 omnes
2234 3403 2354 3435 habent
2368 3410 2478 3436 actum

1407 3449 1599 3488 cogitativae
1622 3449 1882 3480 convenientem.

1464 3502 1494 3523 2.
1519 3492 1643 3524 Contra
1665 3493 1748 3524 hanc
1778 3492 2038 3533 responsionem.
2061 3490 2154 3531 quod
2182 3499 2250 3522 non
2277 3492 2318 3523 sit
2340 3493 2477 3525 omnino

1407 3537 1581 3574 sufficiens,
1604 3537 1680 3568 licet
1701 3537 1844 3577 aliquam
1866 3536 1985 3567 habeat
2011 3535 2243 3575 apparentiam,
2267 3537 2371 3576 arguit
2397 3536 2478 3568 San—

1407 3587 1478 3612 ctus
1494 3581 1650 3618 Thomas,
1669 3581 1747 3621 quia
1762 3581 1843 3612 haec
1857 3579 2027 3620 dispositio
2043 3588 2128 3620 quae
2143 3579 2179 3611 fit
2195 3589 2252 3620 per
2271 3581 2477 3621 cogitativam

1407 3625 1447 3656 ad
1462 3625 1722 3666 intelligendum,
1735 3627 1792 3657 rut
1807 3629 1856 3658 eat
1875 3623 2046 3664 dispositio
2062 3624 2244 3656 intellectus
2259 3624 2433 3665 possibilis
2437 3624 2478 3657 ad

1407 3669 1631 3710 recipiendum
1646 3668 1774 3700 for-mas
1791 3666 2019 3707 intelligibiles,
2035 3673 2071 3699 ut
2087 3668 2190 3700 voluit
2213 3669 2398 3702 Avicenna‘
2422 3674 2478 3701 aut

2507 2688 2563 2726 ·ἥξί
2572 2702 2660 2747 naar
2670 2705 2720 2732 m.
