2768 4134
24 2306 38 2320 0

771 291 960 329 SUMMA
989 289 1211 327 CONTRA
1240 290 1515 338 GENTILES,
1543 293 1638 330 LIB.
1659 294 1700 339 11,
1731 293 1842 330 CAP.
1863 294 1962 331 XCI.

260 375 298 400 ut
313 375 361 401 est
376 379 482 401 unum
497 379 617 410 genus:
642 369 698 401 sed
713 375 750 401 ut
765 369 961 400 substantiae
977 368 1112 399 nomine
1124 369 1340 408 comprehen-

261 414 347 446 ditur
363 415 471 446 omnis
494 415 682 452 substantia,
698 420 766 446 tam
780 414 903 445 scilicet
918 412 1045 444 infinita
1060 421 1160 453 quam
1182 412 1283 444 finita.
1300 414 1342 444 Et

261 459 307 490 sic
330 469 400 491 non
422 465 559 500 negatur
581 460 692 491 Deum
715 468 785 490 esse
807 459 841 489 in
863 467 983 499 genere
1006 457 1212 488 substantiae.

317 504 471 536 Secundo
495 504 597 545 quod,
621 504 697 535 licet
723 503 814 534 Deus
843 512 914 534 non
943 503 984 533 sit
1012 502 1047 532 in
1074 501 1340 543 praedicamento

261 549 458 581 substantiae
480 554 638 590 tanquam
665 548 726 579 sub
748 548 822 588 ipso
849 552 1044 579 contentum
1067 552 1099 577 et
1125 547 1341 587 comprehen-

262 603 345 631 sum,
361 599 410 625 est
424 600 535 625 tamen
549 594 584 624 in
599 594 672 634 ipso
688 598 846 633 tanquam
861 592 962 623 totius
984 590 1237 632 praedicamenti
1253 592 1341 632 prin-

262 648 291 670 c1
315 648 396 670 ium.

291 648 366 715 pEx
387 684 428 714 iis
450 680 549 723 patet,
565 681 658 722 quod
673 680 792 712 Scotus
806 681 842 712 in
864 681 963 712 huius
979 681 1183 721 expositione
1199 690 1218 711 a
1234 680 1343 711 Sancti

262 728 412 759 Th0mae
433 736 504 758 non
526 725 698 758 discordat.

319 772 349 804 5.
365 771 468 810 Quod
496 772 524 802 si
550 772 697 807 instetur,
715 770 873 811 quoniam
887 770 948 800 ista
964 775 1012 801 est
1027 770 1176 810 prioritas
1198 775 1343 806 naturae,

262 817 340 858 quia
361 816 486 848 scilicet
507 816 597 857 prius
619 820 730 856 potest
752 824 822 846 esse
846 815 915 845 sine
938 815 1121 855 posteriori,
1145 814 1203 845 sed
1232 824 1302 846 non
1325 824 1343 845 e

262 870 437 893 converso:
461 861 515 892 hie
530 866 641 892 autem
655 860 802 901 loquitur
815 859 1007 890 Aristoteles
1021 859 1062 890 de
1077 860 1243 900 prioritate
1261 865 1344 890 tem-

261 907 367 947 poris:
382 923 407 929 —
421 905 639 946 respondetur
649 904 741 946 quod
755 914 825 936 non
841 909 890 935 est
904 905 1141 935 inconveniens
1155 905 1245 945 prius
1260 909 1344 935 tem-

261 960 343 992 pore
365 959 436 982 esse
450 951 548 982 etiam
565 950 655 990 prius
674 954 806 981 natura:
831 950 993 990 cumipse
1008 950 1208 986 Aristoteles,
1228 950 1263 980 in
1278 948 1344 980 fine

165 1013 173 1020 ·
227 1004 234 1023 ι
263 996 397 1036 capituli
408 995 448 1027 de
461 995 576 1026 Priori
587 999 620 1026 et
632 994 825 1030 Posteriori,
842 995 876 1025 in
891 994 921 1025 V
933 994 1078 1035 Metaph.
1091 995 1119 1031 ³,
1133 994 1218 1026 dicat
1229 1003 1345 1025 omnes

118 1040 125 1052 ’
161 1040 168 1052 ’
209 1039 216 1046 ”
262 1040 382 1072 modos
402 1041 520 1081 prioris
536 1045 575 1071 vet
596 1040 786 1080 posterioris
809 1038 850 1070 ad
871 1039 1072 1080 prioritatem
1100 1044 1132 1070 et
1157 1039 1345 1080 posteriori-

19 2284 21 2286 .
49 2261 123 2286 Num.
133 2267 166 2285 tv.

136 2312 195 2337 v,3,
210 2305 244 2329 Et

262 1090 363 1117 tatem
385 1084 568 1116 secundum
589 1089 740 1116 naturam
761 1084 884 1121 reduci,
899 1089 999 1125 prout
1014 1084 1131 1115 dicitur
1142 1084 1238 1125 prius
1254 1083 1346 1124 quod

262 1135 372 1171 potest
387 1139 458 1161 esse
471 1130 542 1160 sine
557 1129 633 1167 alio,
649 1129 708 1163 sed
729 1139 799 1160 non
815 1138 833 1160 e
849 1138 1020 1160 converso.
1037 1129 1132 1161 Unde
1151 1135 1183 1160 et
1205 1128 1296 1170 quod
1310 1129 1345 1160 in

263 1174 426 1216 aliquibus
451 1174 620 1206 codicibus
642 1175 765 1215 graecis
788 1174 865 1205 loco
889 1174 1028 1215 allegato
1046 1173 1105 1204 VII
1125 1174 1311 1215 Metapltys.
1328 1175 1346 1191 ἓ

219 1247 225 1254 .
262 1219 400 1257 additur,
416 1224 448 1250 et
462 1224 584 1251 natura
596 1220 624 1258 *‚
639 1218 886 1260 intelligendum
903 1224 951 1250 est
965 1218 1006 1250 de
1024 1219 1191 1259 prioritate
1212 1225 1346 1250 naturae

263 1263 446 1297 see-indum
476 1264 570 1296 illum
590 1263 736 1296 ‚modum
766 1273 834 1304 quo
864 1263 1059 1304 perfectiora
1085 1269 1161 1295 sunt
1194 1263 1347 1304 imperfe-

264 1309 565 1350 ctintibutpriora:
589 1318 659 1340 non
681 1307 865 1340 secundum
887 1308 980 1340 illum
1002 1307 1142 1339 modum
1165 1318 1233 1350 quo
1257 1309 1347 1349 prius

265 1353 448 1386 secundum
477 1359 627 1385 naturam
657 1353 775 1384 dicitur
801 1362 823 1384 a
850 1363 915 1394 quo
943 1363 1009 1384 non
1038 1354 1125 1384 valet
1152 1353 1348 1385 subsistendi

265 1399 506 1440 consequentia.
526 1399 617 1430 Haec
636 1399 726 1430 enim
747 1398 896 1439 prioritas
917 1398 1107 1438 intelligitur
1132 1399 1167 1430 in
1190 1408 1232 1430 eo
1256 1398 1347 1439 quod

264 1445 372 1485 inquit
392 1444 606 1475 substantiam
621 1452 692 1474 esse
714 1443 858 1484 priorem
880 1448 1044 1484 tempore:
1069 1452 1146 1474 cum
1169 1443 1232 1474 tale
1248 1444 1348 1484 prius

265 1489 308 1521 sit
328 1489 427 1521 etiarn
447 1498 519 1520 non
539 1493 770 1529 repugnanter,
793 1487 896 1519 modo
919 1487 1009 1519 dicto
1021 1488 1049 1524 *‚
1068 1488 1158 1528 prius
1180 1494 1347 1529 tempore;

265 1533 358 1576 quod
371 1539 462 1575 patet
471 1534 558 1574 quia,
570 1532 767 1573 exponendo
784 1531 956 1573 quomodo
969 1532 1125 1572 intelligat
1136 1533 1348 1564 substantiam

265 1588 340 1611 ese
361 1584 511 1619 tempore
533 1578 688 1618 priorem,
716 1578 760 1608 ait
782 1576 874 1617 quod
901 1577 1045 1608 aliorum
1064 1577 1348 1617 praedicamento-

265 1627 340 1655 min
363 1623 491 1654 nullum
515 1627 564 1653 est
585 1621 777 1662 separabile,
793 1621 850 1652 sed
863 1622 1047 1652 substantia
1069 1627 1118 1652 est
1139 1623 1349 1663 separabilis,-

263 1667 482 1708 separabilitas
505 1667 594 1697 enim
618 1667 715 1697 unius
737 1666 778 1696 ab
801 1665 902 1696 altero
923 1671 1046 1706 ennon
1071 1675 1089 1696 e
1113 1676 1284 1704 converso,
1301 1673 1349 1698 est

263 1712 346 1744 ratio
369 1712 468 1743 unius
489 1710 582 1742 modi
603 1710 720 1751 prioris
743 1709 926 1741 secundum
948 1715 1108 1741 naturam.

321 1756 358 1788 Si
378 1761 491 1788 autem
513 1761 696 1796 quaeratur,
720 1764 822 1796 quare
844 1764 914 1786 non
937 1754 1016 1786 dixit
1038 1756 1144 1796 ipsam
1167 1765 1236 1787 esse
1260 1757 1348 1796 prio-

265 1808 336 1833 tem
355 1800 535 1833 secundum
559 1805 726 1836 naturam,
749 1800 826 1830 loco
843 1800 913 1831 eius
937 1800 1029 1841 quod
1047 1800 1127 1831 dixit
1149 1801 1255 1842 ipsam
1279 1811 1348 1832 esse

265 1846 411 1888 priorem
425 1851 588 1886 tempore:
602 1863 626 1868 -
641 1844 759 1876 dicitur
775 1844 868 1885 quod
883 1844 960 1876 fecit
974 1851 1012 1876 ut
1027 1844 1239 1885 distingueret
1253 1846 1348 1877 illum

265 1890 407 1923 modim
429 1891 546 1932 prioris
569 1889 752 1920 secundum
774 1895 924 1920 naturam
941 1898 1010 1930 quo
1034 1889 1157 1930 aliquid
1179 1896 1289 1930 potest
1307 1891 1348 1921 ab

266 1935 368 1968 altero
392 1935 532 1977 separari
554 1933 738 1966 secundum
761 1942 842 1971 esse,
867 1934 924 1974 qui
947 1933 1087 1974 pertinet
1109 1933 1221 1974 aliquo
1244 1934 1348 1965 modo

266 1980 309 2012 ad
330 1981 489 2022 temporis
512 1979 724 2021 prioritatem,
747 1979 788 2008 ab
812 1978 869 2009 illo
892 1978 995 2009 modo
1020 1987 1088 2018 quo
1119 1978 1237 2010 dicitur
1258 1979 1348 2019 prius

266 2025 450 2061 secundum
470 2031 622 2056 naturam
643 2024 677 2055 id
700 2022 792 2064 quod
806 2022 981 2063 perfectius
1005 2028 1062 2053 est.
1079 2022 1190 2061 Quem
1214 2023 1348 2064 quidem

266 2069 407 2103 modum
429 2070 592 2112 posterius
608 2068 740 2105 addidit,
764 2073 802 2098 ut
825 2067 926 2108 aliqui
941 2066 1071 2098 codices
1087 2065 1194 2108 graeci
1217 2068 1347 2105 habent,

268 2115 379 2148 dicens
394 2120 428 2147 et
440 2115 547 2156 ipsam
562 2123 633 2145 esse
655 2117 776 2144 natura
794 2112 963 2153 priorem:
984 2112 1077 2143 illum
1102 2113 1189 2143 enirn
1209 2112 1348 2144 modum

267 2160 456 2203 frequenter
477 2169 536 2201 per
557 2160 668 2200 ipsum
682 2167 807 2189 nomen
831 2166 1020 2194 commune,
1036 2156 1159 2188 scilicet
1175 2158 1273 2198 prius
1289 2168 1349 2189 na-

269 2211 356 2243 tura,
379 2204 610 2247 significamus.

322 2250 378 2282 VI.
397 2249 452 2282 Ad
472 2248 640 2281 dubium*
656 2256 748 2287 erge,
765 2245 934 2287 sequendo
950 2246 1089 2286 primam
1109 2247 1348 2286 expositionem

269 2295 382 2328 Stricti
403 2294 555 2326 Thomae
564 2295 592 2330 *,
615 2292 734 2323 dicitur
756 2291 848 2332 quod
869 2291 1021 2322 instantia
1045 2300 1115 2321 non
1139 2296 1187 2322 est
1209 2291 1250 2322 ad
1272 2301 1348 2332 pro-

269 2341 432 2382 pamm:
466 2340 544 2380 quia
571 2338 690 2369 dicitur
717 2336 895 2367 substantia
922 2336 1012 2376 prior
1045 2341 1194 2376 tempore
1222 2337 1348 2368 ratione

269 2386 368 2417 huius
390 2384 589 2416 substantiae
611 2391 696 2422 quae
720 2387 768 2412 est
791 2381 891 2418 Deus,
914 2381 950 2412 in
973 2390 1042 2421 quo
1064 2380 1193 2411 nullum
1217 2387 1266 2412 est
1295 2391 1348 2412 ac-

270 2430 396 2467 cidens3
420 2438 490 2459 non
512 2432 622 2458 autem
644 2426 771 2456 ratione
793 2425 931 2456 alicuius
953 2426 1150 2456 substantiae
1174 2431 1310 2457 creatae.

327 2483 359 2506 2.
383 2472 560 2514 Sequendo
583 2480 662 2502 vero
683 2470 779 2501 aliam
802 2470 1042 2512 expositionem
1053 2470 1081 2506 ⁹,
1098 2469 1215 2501 dicitur
1229 2471 1347 2511 primo,

270 2518 362 2560 quod
384 2518 500 2558 utique
523 2516 710 2552 substantia,
734 2521 894 2556 quantum
921 2520 969 2545 est
991 2524 1030 2545 ex
1053 2515 1178 2546 ratione
1200 2516 1348 2546 substan-

269 2564 334 2596 tiae
357 2568 390 2594 et
419 2561 604 2597 accidentis,
627 2565 736 2601 potest
759 2569 829 2591 esse
852 2560 922 2591 sine
945 2560 1038 2591 omni
1063 2558 1243 2591 accidente:
1271 2569 1348 2591 cum

270 2617 340 2640 non
362 2606 545 2648 dependeat
574 2606 614 2636 ab
644 2604 811 2636 accidente
842 2603 1026 2635 secundum
1052 2613 1150 2635 suum
1180 2613 1259 2635 esse.
1284 2604 1348 2636 Sed

270 2659 380 2685 tamen
403 2661 443 2682 ex
465 2651 529 2682 alio
553 2650 682 2681 evenire
704 2655 814 2690 potest
829 2649 920 2690 quod
933 2649 1025 2680 nulla
1046 2649 1225 2680 substantia
1244 2654 1348 2680 creata

270 2697 375 2740 possit
397 2705 466 2727 esse
489 2696 613 2736 absque
636 2695 748 2735 aliquo
772 2700 861 2725 certo
885 2699 918 2725 et
932 2693 1148 2725 determinato
1164 2693 1346 2724 accidente:

271 2743 355 2773 sicut
385 2740 476 2782 quod
504 2740 608 2771 homo
632 2749 700 2770 non
727 2739 831 2779 possit
861 2748 930 2769 esse
958 2739 1027 2769 sine
1053 2738 1243 2774 risibilitate,
1270 2738 1348 2778 quia

271 2786 432 2818 risibilitas
454 2785 668 2825 consequitur
690 2783 731 2814 ad
754 2783 877 2824 aliquid
893 2782 985 2824 quod
1009 2788 1057 2813 est
1079 2782 1119 2813 de
1143 2783 1268 2813 ratione
1287 2783 1348 2813 ho-

271 2832 369 2863 minis
386 2831 584 2871 inquantum
599 2834 648 2860 est
669 2828 784 2859 homo.
805 2827 912 2865 Unde,
935 2828 963 2858 si
985 2827 1026 2858 sit
1048 2826 1183 2867 aliquod
1198 2827 1348 2858 accidens

272 2875 364 2918 quod
384 2885 456 2907 non
478 2878 700 2914 consequatur
722 2874 882 2904 rationem
896 2872 1064 2913 propriam
1079 2872 1275 2903 substantiae
1291 2871 1348 2902 ali-

272 2922 376 2957 cuius,
398 2920 454 2952 illa
475 2924 585 2960 potest
607 2927 677 2949 esse
699 2918 768 2948 sine
792 2926 844 2948 eo.

328 2965 455 2996 Dicitur
477 2962 635 3000 secundo,
659 2962 751 3003 quod
772 2961 886 2993 relatio
913 2960 1148 3002 dependentiae
1175 2959 1216 2991 ad
1239 2960 1350 2993 Deum.

272 3010 513 3042 concomitatur
545 3008 758 3039 substantiam
791 3004 1120 3047 praedicamentalem
1152 3005 1348 3046 inquantum

272 3064 340 3086 non
357 3060 406 3086 est
428 3063 526 3085 suum
542 3062 622 3090 esse,
639 3051 695 3083 sed
711 3056 758 3082 est
773 3061 830 3082 ens
850 3060 909 3091 per
926 3050 1219 3091 participationem,
1244 3054 1276 3080 et
1290 3059 1349 3090 per

273 3108 480 3140 consequens
510 3103 558 3129 est
587 3106 644 3128 ens
674 3097 714 3127 ab
744 3096 808 3126 alio
837 3100 1014 3126 musaturn.
1046 3094 1088 3125 Et
1116 3099 1251 3134 propter
1273 3094 1347 3130 hoc,

274 3145 423 3186 quamvis
441 3143 619 3174 substantia
634 3140 944 3182 praedicamentalis,
961 3138 1162 3170 considerata
1176 3138 1286 3169 solum
1299 3148 1349 3169 ra-

273 3190 364 3221 tione
387 3188 583 3220 substantiae
605 3187 640 3217 in
664 3195 712 3223 ea,
735 3186 838 3226 possit
862 3193 930 3215 esse
953 3184 1077 3224 absque
1103 3183 1159 3214 tali
1181 3183 1348 3219 relatione,

275 3240 307 3266 et
321 3235 367 3266 sic
383 3235 423 3265 sit
438 3234 526 3274 prior
541 3238 690 3272 tempore
705 3229 807 3261 modo
822 3229 981 3270 exposito,
998 3228 1075 3269 quia
1095 3237 1164 3258 esse
1181 3233 1348 3259 causatum

273 3289 343 3310 non
377 3278 588 3319 consequitur
617 3276 778 3306 rationem
811 3273 1012 3305 subsistentis
1042 3272 1240 3313 simpliciter,
1272 3281 1349 3303 cum

274 3324 458 3355 inveniatur
479 3320 603 3363 aliquid
626 3330 683 3352 ens
712 3319 888 3350 subsistens
920 3327 990 3348 non
1016 3322 1194 3353 causatum,
1227 3316 1350 3348 scilicet

274 3368 379 3405 Deus3
403 3366 607 3399 considerata
629 3371 738 3396 tamen
760 3364 892 3405 propria
913 3363 1048 3398 ratione,
1067 3362 1264 3402 inquantum
1287 3361 1349 3392 sci-

274 3413 351 3443 licet
365 3418 414 3443 est
428 3422 486 3443 ens
499 3411 675 3443 subsistens
689 3410 810 3440 habens
824 3417 893 3439 esse
900 3407 1147 3448 participatum,
1161 3415 1232 3437 non
1241 3410 1351 3446 potest

275 3457 384 3498 aliqua
398 3457 576 3488 substantia
597 3453 897 3496 praedicamentalis
921 3461 990 3483 esse
1013 3452 1082 3482 sine
1104 3450 1160 3482 tali
1182 3450 1349 3481 relatione.

331 3501 460 3533 Dicitur
479 3501 588 3537 tertio,
611 3499 702 3541 quod
724 3508 792 3530 non
808 3503 856 3529 est
878 3497 990 3528 similis
1006 3495 1087 3526 ratio
1107 3494 1148 3526 de
1172 3495 1350 3535 quantitate

276 3552 310 3578 et
335 3545 377 3577 de
406 3546 468 3577 hac
497 3546 663 3576 relatione.
688 3543 785 3582 Quia,
799 3542 960 3584 quantitas
982 3550 1052 3571 non
1075 3539 1287 3580 consequitur
1309 3538 1350 3570 ad

275 3591 489 3622 substantiam
509 3589 836 3631 praedicamentalem
859 3595 967 3627 neque
989 3586 1186 3625 inquantum
1215 3588 1263 3614 est
1292 3592 1349 3615 ens

276 3636 464 3672 subsistens,
487 3644 596 3675 neque
618 3635 815 3675 inquantum
831 3637 879 3663 est
900 3631 964 3662 tale
980 3639 1037 3661 ens
1060 3629 1236 3660 subsistens
1259 3626 1350 3668 quod

277 3681 375 3711 habet
398 3689 469 3711 esse
490 3680 733 3721 participatum:
756 3687 827 3709 non
850 3677 936 3708 enim
960 3679 1093 3716 apparet
1116 3682 1215 3714 quam
1238 3681 1349 3704 neces-

2388 297 2460 334 555

1394 370 1508 399 sariam
1533 370 1782 410 dependentiarn
1805 372 1920 402 habeat
1944 372 1983 403 ad
2006 374 2166 404 rationem
2185 375 2390 412 substantiae,
2409 381 2465 406 aut

1395 413 1541 444 absolute
1564 421 1738 454 sumptam,
1754 421 1809 446 aut
1831 416 1871 446 ad
1893 417 2191 456 praedicamentum
2207 424 2239 449 et
2259 429 2362 459 genus
2380 420 2465 451 limi-

1394 462 1504 488 tatam.
1532 458 1626 489 Unde
1655 460 1736 489 ratio
1766 459 1874 490 Sancti
1904 461 2053 492 Thomae
2082 463 2206 502 optime
2235 463 2402 495 concludit
2425 464 2465 495 de

1397 502 1589 541 quantitate:
1619 503 1645 532 si
1673 503 1756 533 bene
1782 505 1988 544 intelligatur,
2013 512 2045 537 et
2068 507 2256 547 suppleatur
2278 508 2369 548 quod
2395 514 2465 539 tan-

1396 555 1495 585 quam
1518 545 1727 577 manifestum
1751 550 2022 587 praetermittitur.
2039 551 2115 582 Non
2132 557 2241 582 autem
2257 552 2467 583 concluderet

1396 589 1438 620 de
1460 590 1617 621 relatione
1640 591 1734 622 dicta.
1759 592 1853 623 Valet
1880 594 1981 624 enim:
2010 594 2196 626 Substantia
2218 597 2466 636 praedicamen-

1397 635 1483 670 talis,
1501 635 1693 675 inquantum
1710 645 1766 666 ens
1781 637 1964 674 subsistens,
1981 644 2028 669 est
2037 640 2137 679 prior
2151 641 2331 681 quantitate
2346 647 2377 672 et
2391 642 2467 672 aliis

1396 679 1572 720 generibus
1602 684 1755 719 tempore,
1785 681 1913 712 ratione
1943 687 1975 712 et
2003 684 2199 724 cognitione.
2231 685 2284 718 Et.
2302 686 2467 726 quantitas

1397 724 1523 754 nullam
1537 723 1633 754 habet
1647 724 1809 754 rationem
1831 727 1994 757 naturalis
2013 729 2283 760 concomitantiae
2303 730 2347 760 ad
2364 730 2466 770 ipsam

1397 768 1576 800 secundum
1593 769 1769 809 propriam
1793 770 1954 800 rationem
1970 777 2144 811 acceptam.
2159 773 2253 814 Ergo
2272 779 2380 814 potest
2394 775 2467 805 sub-

1397 813 1519 844 stantia
1530 813 1842 854 praedicamentalis
1858 823 1926 845 esse
1938 815 2055 855 absque
2067 817 2255 856 quantitate.
2267 818 2344 849 Non
2359 824 2468 850 autem

1398 858 1518 889 valeret
1541 858 1587 888 sic
1611 867 1744 898 arguere
1769 857 1810 888 de
1839 858 1997 890 relatione
2021 859 2256 900 dependentiae
2282 862 2322 893 ad
2344 863 2466 894 Deum:

1399 903 1476 943 quia
1491 908 1709 933 assumeretur
1724 902 1983 939 falsum,scilicet
2002 903 2093 944 quod
2108 905 2220 935 relatio
2236 906 2359 936 nullam
2373 908 2469 938 habet

1398 948 1579 978 naturalem
1608 948 1898 978 concomitantiam
1926 948 1966 979 ad
1996 949 2207 979 substantiam
2229 950 2469 990 praedicamen-

1398 993 1505 1023 talem.
1518 1010 1543 1015 -
1554 992 1603 1023 Ex
1618 992 1657 1023 iis
1673 997 1761 1032 patet
1776 991 1868 1032 quod
1882 1002 1950 1023 non
1967 998 2014 1024 est
2029 994 2217 1034 accipienda
2239 997 2470 1035 consequentia

1401 1037 1510 1069 Sancti
1536 1036 1686 1068 Thomae
1708 1037 1752 1068 ita
1781 1037 1868 1068 nude
1895 1038 1979 1068 sicut
2000 1038 2034 1069 in
2058 1039 2244 1070 obiectione
2266 1041 2470 1079 supponitur,

1398 1083 1537 1114 scilicet:
1554 1081 1742 1112 Substantia
1753 1082 2063 1122 praedicamentalis
2080 1088 2127 1114 est
2134 1084 2234 1123 prior
2249 1089 2401 1124 tempore,
2418 1095 2471 1115 ra-

1399 1128 1488 1158 tione
1510 1131 1542 1158 et
1564 1127 1753 1168 cognitione
1776 1127 1851 1157 aliis
1873 1127 2058 1168 generibus,
2073 1128 2168 1169 Ergo
2181 1133 2291 1168 potest
2309 1138 2377 1160 esse
2400 1130 2471 1160 abs-

1398 1182 1461 1213 que
1483 1171 1684 1213 quantitate:
1707 1171 1764 1202 sed
1795 1177 1926 1212 oportet
1955 1172 2105 1212 supplere
2131 1173 2166 1203 in
2192 1173 2415 1204 antecedente:
2441 1180 2473 1205 et

1399 1216 1565 1258 quantitas
1589 1226 1654 1246 non
1678 1216 1774 1247 habet
1796 1217 1980 1247 naturalem
2004 1217 2287 1248 concomitantiam
2311 1218 2355 1249 ad
2369 1219 2471 1259 ipsam

1398 1261 1576 1293 secundum
1592 1261 1768 1302 propriam
1792 1261 1953 1292 rationem
1969 1262 2218 1293 consideratam.
2240 1262 2282 1293 Et
2303 1268 2381 1294 tunc
2403 1272 2472 1293 ma-

1399 1306 1515 1338 nifeste
1538 1311 1672 1347 apparet
1695 1307 1916 1337 obiectionem
1939 1306 2111 1338 adductam
2135 1316 2325 1347 processum
2339 1307 2472 1338 rationis

1400 1361 1470 1383 non
1492 1351 1678 1391 infringere.

1454 1396 1559 1428 Simili
1581 1395 1685 1426 modo
1700 1395 1901 1435 interpretari
1918 1401 2046 1435 oportet
2069 1396 2228 1426 rationem
2251 1395 2360 1426 Sancti
2382 1395 2473 1426 Tho-

1400 1450 1474 1472 mae
1496 1441 1531 1472 in
1554 1440 1629 1479 QQ.
1653 1440 1694 1471 de
1715 1439 1958 1480 Spiritualibus,
1977 1446 2034 1471 art.
2053 1441 2082 1477 5,
2104 1449 2188 1480 quae
2211 1439 2325 1470 eadem
2347 1439 2473 1471 videtur

1400 1486 1488 1517 huic.
1501 1486 1648 1517 Assumit
1659 1485 1748 1516 enim
1760 1484 1844 1515 hanc
1856 1485 2131 1525 propositionem:
2145 1485 2181 1515 Si
2196 1485 2308 1525 aliqua
2320 1484 2386 1515 duo
2397 1490 2475 1515 sunt

1401 1540 1542 1571 quorum
1567 1540 1668 1561 unum
1687 1539 1730 1561 ex
1752 1529 1858 1560 altero
1884 1539 1948 1560 non
1973 1530 2151 1570 dependeat
2176 1529 2353 1560 secundum
2379 1539 2472 1560 suam

1402 1575 1574 1612 rationem,
1593 1575 1750 1615 possibile
1766 1579 1813 1605 est
1836 1574 1919 1606 illud
1933 1575 2003 1605 sine
2018 1575 2085 1606 alio
2102 1575 2253 1605 inveniri.
2277 1573 2473 1605 Addendum

1402 1620 1491 1651 enim
1515 1625 1563 1651 est
1585 1619 1627 1650 ad
1649 1619 1860 1651 antecedens:
1882 1624 1913 1650 et
1935 1620 2074 1650 alterum
2099 1629 2163 1649 non
2187 1619 2282 1650 habet
2304 1619 2347 1650 ad
2370 1618 2473 1659 ipsum

1402 1665 1588 1696 naturalem
1603 1664 1902 1695 concomitantiam.
1914 1682 1938 1686 -
1950 1664 2045 1695 Unde
2061 1666 2199 1704 ipsemet
2213 1664 2330 1701 Prima,
2343 1672 2375 1703 q.
2390 1673 2473 1700 μιν,

1402 1720 1431 1741 a.
1459 1717 1471 1740 ι
1489 1711 1516 1746 *,
1547 1718 1685 1749 arguens
1715 1709 1806 1749 quod
1837 1709 1945 1750 aliqua
1975 1710 2061 1739 entia
2088 1714 2226 1749 possunt
2253 1718 2322 1739 esse
2353 1708 2474 1748 absque

1401 1754 1558 1786 relatione
1581 1753 1817 1794 dependentiae
1841 1753 1881 1784 ad
1906 1753 2023 1790 Deum,
2048 1763 2086 1784 ex
2109 1763 2150 1784 eo
2174 1753 2265 1793 quod
2296 1753 2377 1783 nihil
2393 1762 2475 1793 pro-

1401 1799 1487 1830 hibet
1509 1808 1578 1830 rem
1602 1799 1743 1829 inveniri
1771 1798 1890 1839 absque
1921 1808 1959 1829 eo
1984 1799 2072 1839 quod
2101 1807 2166 1828 non
2198 1802 2246 1828 est
2277 1797 2316 1828 de
2346 1798 2476 1828 ratione

1402 1845 1490 1880 eius;
1511 1843 1667 1874 habitudo
1683 1848 1792 1874 autem
1809 1843 1936 1874 causati
1959 1843 2003 1874 ad
2025 1852 2158 1874 causam
2175 1852 2240 1873 non
2260 1842 2388 1873 videtur
2408 1851 2476 1873 esse

1401 1888 1442 1919 de
1456 1888 1586 1919 ratione
1601 1887 1742 1918 entium:
1759 1887 1935 1927 respondet
1954 1887 2054 1927 quod,
2079 1887 2154 1918 licet
2170 1887 2324 1917 habitudo
2340 1886 2384 1917 ad
2398 1895 2475 1917 cau-

1399 1941 1470 1963 sam
1495 1941 1560 1962 non
1585 1931 1686 1962 intret
1707 1931 1928 1973 definitionem
1952 1931 2035 1962 entis
2049 1931 2138 1972 quod
2153 1936 2200 1962 est
2222 1936 2401 1967 causatum,
2425 1940 2475 1961 se-

1401 1977 1514 2018 quitur
1536 1981 1643 2006 tamen
1668 1976 1712 2007 ad
1734 1986 1773 2006 ea
1800 1985 1884 2016 quae
1909 1980 1986 2006 sunt
2008 1975 2048 2006 de
2075 1976 2144 2006 eius
2168 1975 2305 2006 ratione.
2337 1974 2385 2006 Ex
2409 1984 2474 2015 qua

1400 2021 1614 2062 responsione
1637 2020 1692 2051 dat
1713 2020 1892 2061 intelligere
1908 2020 2073 2054 ,maiorem
2089 2030 2157 2050 esse
2180 2019 2422 2060 intelligendam
2438 2025 2474 2050 ut

1402 2066 1624 2107 exposuimus.

1456 2110 1524 2141 VII.
1541 2109 1594 2141 Ad
1609 2108 1792 2140 secundum
1806 2108 1942 2140 dubium
1955 2109 1972 2125 θ
1987 2108 2202 2149 respondetur
2218 2107 2309 2148 quod
2326 2108 2474 2149 loquitur

1402 2155 1538 2186 Sanctus
1563 2155 1708 2185 Thomas
1731 2154 1772 2185 de
1795 2153 1942 2194 possibili
1957 2153 1997 2184 ad
2021 2153 2224 2184 essentialem
2239 2152 2473 2194 perfectionem

1400 2201 1492 2231 istius
1515 2199 1657 2231 universi
1672 2199 1864 2239 pertinente.
1882 2197 1976 2229 Unde
1995 2207 2063 2228 non
2080 2198 2157 2228 dicit
2178 2198 2366 2238 simpliciter
2381 2198 2473 2238 quod

1401 2254 1516 2276 omnes
1528 2250 1660 2275 naturae
1671 2243 1842 2284 possibiles
1853 2243 2073 2279 inveniuntur,
2089 2242 2145 2273 sed
2157 2241 2248 2282 quod
2264 2242 2475 2273 inveniuntur

1403 2290 1436 2320 in
1457 2299 1568 2320 rerum
1593 2288 1718 2325 ordine,
1742 2288 1825 2319 idest
1839 2288 1872 2318 in
1888 2288 2051 2324 universo,
2069 2287 2161 2318 cuius
2175 2287 2282 2318 unitas
2298 2292 2345 2317 est
2368 2288 2474 2318 unitas

1403 2333 1534 2365 ordinis.
1560 2333 1696 2364 Certum
1720 2338 1767 2363 est
1790 2338 1899 2363 autem
1922 2331 2013 2372 quod
2028 2333 2062 2362 in
2086 2331 2200 2362 ordine
2227 2331 2388 2362 essentiali
2402 2332 2475 2363 uni-

1402 2379 1486 2410 versi
1508 2379 1599 2409 istius
1622 2383 1698 2409 sunt
1720 2387 1758 2408 ea
1784 2383 1910 2408 tantum
1938 2386 2022 2417 quae
2045 2376 2086 2407 ad
2111 2376 2212 2417 ipsius
2235 2376 2378 2407 universi
2402 2385 2475 2417 per-

1402 2423 1582 2455 fectionem·
1606 2423 1778 2463 pertinent.
1806 2422 1971 2453 Pertinent
1993 2427 2102 2452 autem
2125 2420 2166 2451 ad
2193 2421 2396 2451 essentialem
2423 2430 2475 2452 or-

1402 2468 1513 2500 dinem
1529 2473 1561 2499 et
1574 2467 1811 2508 perfectionem
1826 2466 1968 2498 universi
1990 2476 2060 2497 non
2083 2475 2199 2496 omnes
2221 2470 2354 2496 naturae
2370 2475 2388 2495 a
2403 2465 2475 2496 Deo

1402 2512 1632 2554 producibiles‚
1655 2511 1713 2543 sed
1743 2521 1859 2542 omnes
1885 2510 1977 2542 modi
2006 2510 2202 2542 universales
2229 2509 2355 2540 essendi
2380 2510 2475 2540 nobis

1403 2558 1536 2598 cogniti.
1559 2557 1720 2597 Alioquin
1742 2565 1811 2587 non
1835 2561 1918 2586 esset
1940 2555 2144 2586 universum:
2167 2563 2237 2585 non
2260 2554 2348 2584 enim
2370 2554 2475 2584 inclu-

1402 2602 1492 2634 deret
1511 2610 1626 2632 omnes
1646 2600 1766 2632 modos
1781 2599 1918 2631 essendi.
1935 2599 2028 2630 Modi
2043 2604 2153 2630 autem
2168 2598 2295 2629 essendi
2310 2598 2475 2638 generales

1401 2655 1511 2678 rerum
1533 2655 1592 2686 per
1613 2654 1648 2676 se
1674 2645 1920 2676 subsistentium
1943 2649 2122 2675 creatarum
2145 2648 2221 2673 sunt
2250 2647 2328 2673 tres:
2351 2642 2475 2674 scilicet

1402 2701 1471 2723 esse
1493 2689 1658 2722 materiale
1682 2689 1891 2729 corruptibile
1898 2699 1906 2726 ;
1931 2697 2000 2719 esse
2022 2688 2187 2719 materiale
2212 2687 2473 2727 incorruptibile3

1402 2745 1471 2767 esse
1485 2733 1698 2766 immateriale
1721 2739 1753 2765 et
1771 2733 2026 2773 incorruptibile.
2050 2732 2120 2763 Nec
2143 2737 2276 2772 apparet
2298 2732 2371 2772 quis
2393 2731 2475 2762 alius

1401 2780 1520 2811 modus
1535 2778 1662 2810 essendi
1677 2783 1895 2809 creaturarum
1911 2787 1981 2808 esse
2002 2777 2116 2817 possit.
2132 2776 2220 2813 Ideo,
2235 2781 2272 2807 ut
2286 2776 2475 2807 universum

1401 2826 1441 2856 sit
1456 2823 1648 2865 perfectum,
1665 2832 1742 2854 cum
1756 2822 1919 2864 possibilis
1935 2822 1975 2852 sit
1989 2822 2049 2852 iste
2070 2820 2191 2852 modus
2214 2820 2340 2851 essendi
2355 2821 2412 2861 qui
2428 2826 2475 2851 est

1402 2879 1472 2900 esse
1493 2867 1705 2900 immateriale
1729 2873 1761 2898 et
1783 2866 2039 2907 incorruptibile,
2064 2871 2095 2897 et
2122 2870 2359 2905 consequenter
2381 2865 2474 2895 intel-

1402 2914 1550 2950 lectuale,
1577 2912 1618 2947 ad
1647 2911 1883 2953 perfectionem
1906 2911 2048 2942 universi
2077 2910 2250 2950 requiritur
2279 2915 2316 2940 ut
2345 2910 2386 2940 sit
2415 2910 2474 2940 iste

1402 2959 1499 2990 etiam
1522 2957 1641 2989 modus
1665 2956 1801 2988 essendi.

1457 3002 1541 3034 VIII.
1557 3001 1611 3033 Ad
1625 3002 1756 3032 tertium
1772 3000 1909 3032 dubium
1920 3001 1937 3017 ³*
1952 2999 2167 3041 respondetur
2179 2997 2269 3039 quod
2283 2998 2336 3029 illa
2351 3007 2473 3038 propo-

1402 3048 1486 3084 sitio,
1504 3056 1589 3088 quae
1613 3051 1661 3078 est
1682 3045 1874 3081 Aristotelis,
1892 3044 1934 3075 111
1952 3044 2062 3085 Plgrs„
2085 3048 2161 3074 text.
2180 3043 2232 3079 32,
2248 3043 2345 3073 habet
2359 3043 2474 3073 verita-

1401 3097 1470 3123 tem
1485 3093 1520 3122 in
1535 3092 1631 3122 rebus
1646 3089 1946 3131 incorruptibilibus
1961 3089 2027 3119 sive
2042 3093 2184 3129 ponatur
2199 3086 2290 3128 quod
2304 3096 2474 3127 nunquam

2502 1717 2510 1725 ·
2525 1715 2581 1742 Arg.
2595 1722 2612 1737 ι.

2501 2116 2509 2125 ·
2524 2114 2595 2136 Num.
2607 2119 2638 2140 ιν,
2649 2119 2671 2135 2.

2500 3001 2510 3009 ·
2525 2998 2595 3021 Num.
2606 3004 2638 3025 iv,
2647 3004 2667 3026 3.

1402 3137 1574 3168 habuerint
1598 3136 1728 3167 initium
1751 3144 1828 3166 suae
1851 3133 2040 3170 durationis,
2064 3134 2131 3163 sive
2154 3131 2246 3173 quod
2271 3132 2475 3171 incoeperint
2517 3152 2520 3155 -

1402 3191 1461 3222 per
1484 3181 1694 3213 creationem.
1718 3180 1763 3210 Ut
1785 3179 1873 3210 enim
1896 3178 2030 3219 exponit
2054 3177 2312 3212 Commentator‚
2336 3175 2472 3212 ibidem;

1402 3227 1438 3257 in
1460 3225 1488 3256 II
1514 3225 1617 3262 Caeli,
1642 3229 1819 3256 comment.
1845 3222 1886 3254 33
1905 3228 1936 3254 et
1961 3222 2020 3261 34;
2045 3227 2077 3252 et
2100 3221 2236 3252 Sanctus
2255 3220 2410 3257 Thomas,
2434 3220 2474 3251 de

1402 3271 1485 3307 Pot„
1510 3279 1543 3311 q.
1558 3279 1604 3307 m,
1621 3279 1649 3300 a.
1670 3277 1720 3309 14,
1737 3268 1777 3299 ad
1797 3268 1826 3305 5,
1852 3267 1935 3298 illud
1957 3266 2156 3307 intelligitur
2178 3266 2218 3296 de
2234 3264 2384 3305 potentia
2395 3273 2474 3305 pas-

1401 3315 1485 3352 siva,
1505 3313 1688 3346 secundum
1711 3322 1810 3354 quam
1834 3311 1950 3342 dicitur
1963 3310 2086 3351 aliquid
2101 3319 2197 3351 posse
2217 3310 2360 3349 recipere
2383 3308 2474 3349 quod

1402 3369 1472 3391 non
1494 3360 1605 3391 habet:
1630 3359 1687 3389 ubi
1710 3358 1798 3389 enim
1814 3361 1862 3387 est
1884 3355 1955 3386 talis
1970 3355 2117 3396 potentia
2134 3363 2220 3395 quae
2242 3358 2290 3384 est
2312 3354 2474 3394 receptiva

1403 3404 1534 3436 alterius
1556 3403 1681 3435 formae
1704 3411 1804 3443 quam
1826 3401 1952 3437 habeat,
1975 3399 2056 3431 illud
2080 3404 2127 3430 est
2154 3398 2372 3439 corruptibile,
2397 3398 2474 3438 quia

1397 3449 1547 3490 potentia
1565 3448 1700 3489 passiva
1722 3450 1876 3487 separata
1898 3445 1938 3476 ab
1968 3449 2043 3475 actu
2067 3449 2115 3474 est
2129 3442 2331 3484 principium
2357 3451 2474 3473 corru-

1397 3493 1534 3534 ptionis.
1558 3492 1653 3524 Unde
1669 3500 1782 3522 sensus
1798 3495 1846 3521 est
1869 3488 1960 3530 quod
1981 3489 2015 3519 in
2031 3488 2206 3529 perpetuis,
2225 3488 2292 3518 sive
2314 3487 2349 3525 in
2366 3487 2474 3518 incor-

1402 3537 1619 3579 ruptibilibus,
1635 3545 1704 3567 non
1721 3540 1768 3566 est
1782 3534 1929 3575 potentia
1943 3533 2069 3573 passiva
2085 3537 2229 3573 separata
2251 3531 2291 3562 ab
2307 3536 2383 3562 actu
2398 3530 2474 3563 sub-

1403 3582 1552 3619 stantiali,
1575 3587 1631 3612 aut
1654 3581 1752 3611 etiam
1774 3579 1814 3609 ab
1838 3579 1900 3610 alio
1917 3583 1992 3609 actu
2013 3577 2153 3608 habente
2167 3576 2327 3612 rationem
2349 3574 2474 3606 formae

1403 3627 1622 3668 permanentis
1645 3634 1721 3656 cum
1745 3623 1841 3655 fuerit
1862 3623 1897 3654 in
1925 3622 2083 3658 subiecto,
2113 3626 2146 3652 et
2172 3621 2304 3652 alteram
2333 3618 2474 3651 formam

1403 3671 1670 3712 praeexistentem
1697 3668 1895 3709 expellentis.
1919 3667 1968 3698 Ex
1991 3675 2059 3706 quo
2090 3666 2235 3706 sequitur
2261 3663 2361 3705 quod,
2391 3664 2475 3695 sicut
