2664 4120
225 354 328 386 modo
358 355 573 395 cognoscit».
602 351 795 394 Legendum
819 360 902 385 esset
936 355 1127 392 Contraria,
1159 358 1215 388 sed
1244 360 1307 390 hoc

224 401 301 431 loco
325 400 430 430 littera
445 398 640 439 autographi
663 407 732 428 non
749 404 797 429 est
813 399 1004 439 aequivoca,
1022 400 1163 442 ideoque
1181 405 1213 433 in
1230 410 1308 434 nota

225 446 382 486 ponimus
398 458 413 472 ‹
426 453 493 485 pro
510 441 703 475 Contrario?
723 455 737 470 ι
758 449 790 474 et
806 444 942 475 verbum
966 445 1158 477 Aristotelis.
1176 466 1198 470 -
1214 448 1251 478 L.
1270 448 1308 484 ll,

226 500 298 531 cap.
322 499 378 526 22,
404 489 582 529 320b7—9
612 487 739 519 «Deus
769 494 878 529 potest
906 498 992 529 quae
1021 490 1054 520 in
1086 500 1120 520 se
1148 493 1308 523 rationem

225 545 294 567 non
318 535 402 566 entis
425 543 494 565 non
517 533 703 570 includunt,
727 533 819 564 Haec
843 540 953 564 autem
977 541 1053 564 sunt
1076 545 1161 575 quae
1181 543 1309 567 contra-

225 580 406 612 dictionem
436 579 607 619 implicanr
629 590 658 608 ι.
683 578 883 618 ,Legendum
915 578 1076 609 videretur
1108 590 1174 610 non
1203 582 1310 622 impli-

225 630 319 660 cant„
339 623 654 655 ut'revera-liabent
676 622 739 654 NZ
758 629 798 654 >et
819 623 928 654 Piana.
953 624 987 654 Si
1012 629 1122 654 tamen
1142 625 1239 656 Haec
1262 627 1311 658 in-

223 670 379 711 telligitur
401 677 591 710 supponere
618 677 679 708 pro
707 677 793 709 quae
822 669 855 699 in
884 678 920 699 se
947 668 1111 699 rationem
1136 679 1202 699 non
1227 672 1311 702 entis

225 714 409 750 includunt,
426 723 540 745 sensus
563 712 664 744 adest.
682 713 860 750 Praeterea,
877 713 1044 754 quandam
1066 714 1249 754 analogiam
1266 717 1312 746 vi-

225 760 342 792 demur
356 760 461 791 nobis.
469 759 615 790 invenire
631 759 715 789 inter
731 759 824 790 illum
840 765 966 790 textum
986 764 1019 789 et
1034 758 1148 790 istum:
1167 769 1238 800 cap.
1257 761 1311 800 73,

224 805 311 845 *430
323 815 342 836 a
354 805 444 836 8—10
465 818 479 832 e
499 803 711 844 (Alexander)
731 805 843 844 posuit
858 804 1058 844 praedictam
1079 805 1232 836 virtutem
1249 807 1312 845 (in—

224 850 393 882 tellectum
416 849 624 891 possibilem)
645 858 714 880 non
739 858 810 880 esse
834 848 1002 880 fundatam
1018 849 1060 878 'in
1084 849 1193 889 aliqua
1217 851 1311 881 intel-

225 895 355 926 lectuali
384 895 574 932 substantia,
598 900 631 925 et
655 900 915 935 consequentem
948 894 1221 935 commixtionem
1249 896 1313 926 ele-

223 947 415 972 mentorum
439 941 473 971 in
497 949 638 981 corpore
661 940 809 970 humano
825 952 853 975 ι,
871 939 927 969 ubi
942 943 975 969 et
997 948 1067 969 non
1091 940 1225 980 copulat
1245 950 1312 971 non

222 995 293 1017 esse
316 985 372 1016 sed
397 991 524 1016 tantum
548 992 635 1022 esse;
659 985 688 1016 D
717 989 750 1015 et
773 990 939 1015 corrector
962 983 989 1014 E
1013 989 1046 1014 et
1070 983 1230 1015 editiones
1255 995 1272 1015 a
1297 995 1314 1016 c

224 1031 300 1062 inde
324 1031 438 1071 legunt
460 1030 526 1067 sed,
552 1029 644 1071 quod
667 1039 736 1061 non
761 1029 999 1070 adoptavimus.
1041 1046 1044 1048 v

279 1075 345 1108 Sed
360 1085 438 1107 ecce
461 1075 609 1107 trialoca
625 1075 860 1106 contrarietatis
883 1074 967 1104 inter
990 1074 1144 1104 Auctoris
1167 1081 1313 1106 mentem

224 1127 256 1152 et
280 1121 453 1152 calamum.
470 1121 508 1152 L.
525 1120 552 1151 ll
569 1130 640 1162 cap.
659 1120 712 1156 26,
739 1119 797 1150 331
817 1120 836 1149 b
850 1126 940 1159 7-10
965 1131 978 1146 α
999 1118 1167 1150 Infinitum
1191 1127 1312 1156 autem,

223 1166 426 1207 quantalibet
441 1165 625 1198 adiectione
637 1164 807 1197 finitorum
823 1163 918 1200 facta,
930 1164 1104 1204 adaequari
1120 1174 1189 1195 non
1206 1171 1315 1205 potest

223 1212 304 1252 quin
320 1210 487 1242 infinitum
502 1210 637 1242 excedat
656 1209 858 1251 quantalibet
875 1208 977 1245 finita,
1001 1210 1027 1239 si
1051 1210 1149 1240 etiam
1174 1219 1313 1241 numero

212 1257 317 1299 finita
349 1256 488 1287 existant
506 1266 539 1293 »ς
575 1257 635 1288 nisi
668 1255 795 1296 legatur
821 1254 961 1296 infinita,
986 1254 1139 1285 ultimum
1171 1264 1313 1291 comma,

221 1301 302 1333 nihil
319 1301 548 1334 conferens-ad
562 1301 736 1333 notionem
758 1299 877 1332 infiniti
901 1299 1133 1340 complendam
1155 1306 1187 1331 et
1209 1301 1314 1341 impe—

154 1375 183 1378 „
193 1376 198 1378 γ
209 1337 576 1388 Δὶεπςπιῑοὲἷοοῐιῐεη,
593 1346 704 1378 otiose
715 1345 863 1378 additum
879 1351 936 1376 est.
961 1344 1044 1385 Cap.
1060 1354 1116 1386 42,
1134 1345 1233 1376 3651>
1247 1345 1312 1377 5-6

226 1403 242 1419 α
261 1391 367 1423 Multa
392 1397 513 1423 autem<
536 1397 613 1423 sunt
642 1398 751 1423 rerum
787 1399 873 1432 quae
886 1398 889 1402 ’
899 1395 1042 1431 possunt
1070 1389 1248 1431 procedere
1279 1391 1312 1421 in

221 1445 294 1468 ease
317 1438 379 1468 nisi
403 1445 463 1478 per
492 1437 691 1468 creationem
711 1449 740 1467 t.
769 1434 959 1473 immediate
991 1435 1125 1466 evidens
1151 1441 1199 1466 est
1223 1435 1315 1476 quod

222 1487 448 1523 anteponunt
457 1481 571 1513 deficit
581 1491 659 1513 non.
673 1482 767 1512 Loco
782 1481 934 1522 sequenti
946 1479 1056 1511 deficit
1072 1481 1154 1511 nisi:
1169 1490 1241 1522 cap.
1259 1482 1313 1518 52,

225 1526 322 1568 307a
335 1526 445 1559 31-33
473 1539 488 1554 ‹
507 1527 630 1558 Natura
654 1527 853 1563 communis,
882 1526 909 1556 si
932 1531 1078 1566 separata
1105 1525 1312 1566 intelligatur,

221 1580 292 1603 non
317 1578 426 1613 potest
438 1581 596 1603 essentia
615 1586 644 1603 ».
669 1572 745 1603 Hoc
760 1571 952 1603 notissimae
975 1571 1130 1602 Auctoris
1146 1571 1314 1602 doctrinae

221 1617 426 1654 contradicit,
443 1623 477 1648 et
491 1617 684 1658 reprobatur
703 1626 762 1658 per
777 1616 811 1648 id
826 1615 919 1658 quod
939 1615 1128 1647 immediate
1147 1616 1311 1656 sequitur:

220 1672 245 1690 ι·
261 1662 413 1703 quamvis
440 1661 598 1694 habentes
627 1667 778 1693 naturam
809 1661 899 1692 illam
927 1661 1038 1702 plures
1066 1662 1197 1702 possint
1222 1662 1312 1692 inve-

221 1707 284 1741 niti
302 1721 331 1738 υ.
357 1707 445 1738 Cum
469 1717 548 1749 ergo
571 1708 622 1739 his
645 1707 727 1739 locis
751 1707 850 1738 lectio
863 1706 1067 1747 autographi
1095 1707 1312 1747 explicatione

222 1759 292 1784 non
314 1758 426 1794 potest
451 1753 576 1789 salvari,
605 1751 797 1794 corrigenda
827 1757 895 1783 erat
923 1751 1026 1782 littera
1049 1761 1091 1782 ne
1118 1761 1213 1783 mens
1240 1761 1313 1783 cor-

222 1803 441 1839 rumperetur.
729 1814 732 1818 -
947 1820 949 1822 -

275 1842 337 1874 Est
359 1842 494 1874 fortasse
510 1842 567 1884 qui
592 1847 686 1883 putet
701 1840 909 1883 corrigendas
928 1840 1028 1872 fuisse
1051 1843 1312 1873 constructiones

222 1888 345 1919 similes
369 1889 461 1919 huic:
486 1888 525 1919 L:
550 1887 562 1918 1
585 1896 658 1928 cap.
683 1897 739 1928 90,
765 1886 828 1926 243
846 1887 866 1916 b
883 1886 949 1927 6⁴9
970 1899 984 1914 ‹
1004 1886 1092 1918 Cum
1111 1887 1210 1927 igitur
1232 1897 1311 1927 gau-

222 1931 315 1964 dium
344 1939 377 1964 et
398 1933 574 1964 delectatio
599 1933 673 1963 Deo
703 1941 771 1963 non
805 1936 991 1974 repugnent
1013 1932 1195 1963 secundum
1219 1942 1312 1964 suam

221 1979 368 2019 speciem
385 2003 392 2011 .
408 1986 416 2009 .
431 2002 438 2009 .
455 1979 489 2009 in
506 1977 677 2008 voluntate
691 1981 803 2008 autem
822 1981 901 2008 sunt
923 1976 1106 2008 secundum
1129 1986 1223 2008 suam
1238 1987 1311 2018 spe-

223 2024 307 2055 ciem
322 2046 330 2054 .
345 2047 352 2054 .
367 2047 374 2054 .
392 2023 587 2064 relinquitur
606 2035 620 2049 a·
644 2028 706 2053 etc.
731 2021 801 2053 Nos
824 2022 994 2053 noluimus
1025 2027 1152 2053 mutare
1178 2027 1256 2053 sunt
1278 2023 1311 2053 in

221 2069 297 2100 sine.
322 2068 412 2100 idem
437 2067 614 2099 dicendum
638 2066 679 2098 de
702 2067 815 2098 iterata
837 2067 995 2108 particula
1017 2067 1118 2108 quod,
1143 2076 1228 2108 quae
1243 2077 1311 2099 non

223 2118 297 2145 faro
328 2114 465 2144 obtinet.
498 2113 584 2145 Usus
617 2113 825 2154 promiscuus
852 2111 1018 2143 indicativi
1049 2118 1080 2143 et
1109 2113 1310 2144 coniunctivi

223 2159 264 2191 ad
279 2158 463 2190 secundum
478 2159 616 2189 verbum
636 2163 711 2199 post
727 2157 917 2198 particulam
935 2158 1183 2188 coniunctivum
1198 2167 1314 2198 regen·

223 2209 301 2241 tem,
326 2210 359 2235 et
381 2204 534 2245 repetitio
558 2202 682 2234 verbuli
707 2202 806 2244 quod,
835 2202 875 2232 ab
908 2203 1060 2233 Auctoris
1090 2212 1194 2239 more,
1217 2209 1311 2234 auto-

222 2250 349 2291 grapho
378 2254 472 2285 teste,
504 2258 573 2280 non
604 2254 680 2279 sunt
708 2247 824 2283 aliena,
855 2247 1000 2288 ideoque
1028 2248 1222 2278 intervenire
1250 2258 1311 2280 no·

222 2294 356 2331 iniimus,
380 2293 498 2326 eovel
521 2294 625 2335 magis
644 2293 722 2334 quia
745 2298 852 2328 antea,
876 2292 1010 2333 quando
1038 2293 1078 2322 ab
1102 2294 1312 2334 autographis

222 2348 292 2371 non
316 2339 567 2375 sustinebamur,
595 2338 809 2380 scriptoribus
831 2336 949 2368 confisi
975 2346 1100 2368 sumus.
1127 2338 1311 2379 Utrumque

221 2384 312 2426 apud
341 2385 516 2426 scriptores
543 2392 684 2425 operum
713 2382 747 2414 S.
772 2382 923 2414 Thomae
953 2382 1096 2413 crebrius
1121 2384 1312 2414 occurrebat

222 2438 325 2471 quam
341 2435 378 2461 ut
394 2429 619 2461 universaliter
634 2428 676 2460 de
695 2427 818 2459 mendo
834 2427 965 2459 librario
981 2428 1117 2468 cogitari
1141 2429 1311 2468 potuisset.

219 2484 227 2490 ·
280 2475 472 2506 intercessio
487 2475 536 2506 *ab
551 2475 623 2515 ipsa
645 2474 766 2515 pietate
784 2473 882 2504 nobis
905 2473 1059 2513 imposita
1082 2472 1176 2504 valde
1199 2474 1312 2504 similis

222 2525 272 2551 est
294 2521 492 2551 correctioni
506 2519 735 2561 -plagularum,
761 2527 860 2558 quam
891 2518 1017 2548 amicus
1043 2519 1152 2549 amico
1180 2520 1312 2559 praesti-

218 2565 323 2596 tisset.
337 2565 442 2596 -Mens
465 2564 620 2596 Auctoris
642 2573 711 2595 non
727 2564 909 2604 corrigitur,
933 2563 990 2594 sed
1014 2573 1052 2594 ea
1075 2569 1311 2604 tantumquae

222 2607 370 2642 accidere
392 2610 500 2642 solent
522 2609 612 2642 ideas
633 2609 812 2650 scriptione
835 2609 1072 2648 interpretanti,
1092 2609 1176 2639 sicut
1200 2610 1311 2650 eiqui

221 2655 334 2696 lingua
350 2660 383 2686 et
405 2656 436 2686 ei
460 2655 517 2696 qui
541 2655 638 2696 typis.
655 2653 743 2685 Tota
765 2659 877 2685 nostra
901 2654 1093 2694 cooperatio
1117 2654 1181 2684 hoc
1205 2655 1312 2685 absol—

221 2701 318 2738 v'itur,
335 2700 428 2741 quod
443 2701 537 2741 quasi
553 2699 775 2741 pulvisculum
791 2699 960 2739 abegimus
984 2709 1003 2728 a
1027 2699 1222 2729 vestimento
1243 2699 1311 2730 Ma-

222 2746 314 2788 gistri
335 2754 466 2776 summe
489 2745 643 2776 venerati.

238 2853 242 2857 ·
278 2844 334 2876 41.
350 2853 373 2858 -
389 2834 485 2866 Circa
501 2835 817 2866 reconstructionem
840 2838 947 2864 textus
962 2839 1049 2864 extra
1071 2833 1311 2874 autographum

222 2881 380 2911 versantis
403 2880 528 2911 clarum
556 2886 605 2911 est
633 2888 796 2920 quaenam
828 2879 933 2919 prima
965 2887 999 2908 se
1029 2879 1125 2908 nobis
1157 2878 1313 2909 obtulerit

220 2924 420 2957 sollicitudo.
445 2924 565 2956 Nullus
587 2924 692 2956 codex
715 2925 955 2964 cuiuscumque
979 2923 1091 2953 aetatis
1115 2929 1175 2954 aut
1194 2923 1311 2954 biblio-

221 2969 462 3001 thecae-talem.
485 2975 611 3003 textum
638 2968 868 3010 suppeditavit,
895 2968 953 3008 qui
984 2969 1167 2998 recensioni
1195 2967 1311 2999 funda·

221 3020 336 3046 mento
360 3014 431 3046 esse
453 3020 575 3055 posset.
594 3012 983 3054 Codex-‘quipotuisset
1008 3013 1121 3052 periit:
1147 3013 1312 3053 exemplar

222 3059 299 3090 dico
322 3059 511 3096 Parisiense,
545 3060 640 3090 cuius
663 3059 766 3100 petias
790 3057 925 3098 quidam
954 3062 1144 3088 nostrorum
1171 3059 1309 3099 signant,

221 3110 408 3145 omnesque
430 3109 557 3135 textum
581 3104 745 3135 exhibent.
771 3102 854 3134 lllud
877 3102 1043 3142 exemplar
1062 3103 1145 3134 inter
1161 3103 1191 3133 A
1207 3109 1240 3134 et
1254 3113 1310 3134 co-

222 3149 311 3180 dices
332 3149 505 3185 mediatur,
525 3154 558 3179 et
580 3148 722 3185 traditio,
747 3149 824 3189 quia
847 3149 888 3178 ab
911 3156 953 3178 eo
977 3147 1140 3184 inchoata,
1165 3147 1206 3178 ad
1229 3147 1309 3179 illud

221 3193 521 3234 prius²reducenda
545 3199 613 3224 erat
635 3203 736 3234 quam
759 3192 800 3224 ad
823 3193 854 3223 A
877 3195 1039 3233 perveniri
1068 3199 1206 3233 poterat.
1230 3193 1309 3231 Eius

221 3240 320 3279 igitur
341 3244 460 3275 textus,
485 3238 569 3270 idest
591 3245 698 3270 textus
724 3248 758 3275 α,
783 3239 1008 3278 repurgandus
1032 3244 1100 3270 erat
1122 3239 1162 3268 ab
1186 3239 1310 3278 ingenti

221 3293 328 3326 massa
350 3285 511 3315 varietatis
527 3284 747 3325 corruptionis
764 3288 797 3313 et
815 3283 935 3314 arbitrii
959 3283 1114 3315 co'dicum
1138 3288 1171 3314 et
1193 3282 1310 3314 editio-

221 3335 315 3365 num,
339 3334 466 3366 ut‚·‘sex
490 3329 699 3360 saeculorum
727 3328 862 3369 pulvere
886 3334 918 3359 et
945 3328 1016 3359 luto
1044 3328 1175 3364 abactis,
1205 3328 1308 3359 littera

221 3375 428 3405 amanuensis
450 3375 484 3405 in
507 3375 676 3414 pristinam
693 3373 918 3404 conditionem
942 3379 1153 3414 repararetur,
1177 3378 1209 3403 et
1232 3372 1308 3404 inde

221 3418 263 3450 ad
286 3419 426 3450 litteram
449 3419 604 3450 Auctoris
624 3418 744 3459 gradus
767 3417 869 3448 fieret.

278 3463 332 3494 Ob
354 3463 509 3495 codicum
528 3463 777 3498 multitudinem
802 3463 894 3493 labor
917 3463 1207 3493 reconstructionis
1234 3462 1305 3492 lon-

221 3510 294 3549 gior
316 3508 378 3539 fuit
400 3517 501 3550 quam
525 3507 697 3540 diffiditur.
729 3508 896 3548 Scriptura
918 3508 1082 3548 primitiva
1108 3507 1168 3537 sub
1193 3506 1306 3538 confe-

220 3554 320 3584 rentis
335 3554 462 3587 calamo
479 3558 598 3594 sponte
613 3552 770 3590 refloruit,
783 3553 1008 3594 antiquiorum
1025 3558 1057 3583 et
1080 3551 1225 3592 plurium
1249 3561 1305 3582 co-

221 3597 337 3630 dicum-
349 3599 435 3639 siglis
451 3599 610 3639 expressis
625 3598 676 3629 vel
696 3599 801 3629 tacitis
820 3598 913 3639 quasi
929 3597 1032 3638 digito
1047 3596 1198 3627 indicata.
1222 3596 1304 3627 Eam

220 3648 355 3684 semper
377 3644 544 3684 spectabat
573 3643 704 3684 longior
736 3643 895 3683 signorum
926 3643 1024 3673 series
1038 3667 1041 3669 .
1055 3651 1156 3682 quam
1188 3650 1304 3672 omnes

219 3689 380 3719 variantes
413 3689 511 3719 simul
549 3693 706 3728 sumptas.
746 3688 790 3719 At
826 3692 975 3728 porrecta
1014 3687 1112 3717 series
1146 3686 1304 3726 siglorum

1330 3395 1337 3712 „

2351 305 2439 330 ,ΧΧΧΙ

1361 362 1498 402 longum
1521 366 1678 404 supponit
1702 366 1883 398 collationis
1910 369 2070 400 laborem!
2095 370 2340 403 Interminabilis
2365 383 2437 404 eva-

1362 407 1463 442 sisset,
1486 408 1546 437 nisi
1572 408 1717 440 Vaticani
1746 410 1934 443 docuissent
1961 422 2123 454 quaenam
2146 415 2186 446 ad
2212 418 2438 449 recensionem

1363 450 1528 482 fructuose
1552 453 1782 485 instituendam
1799 462 1885 486 extra
1909 458 2120 490 bibliothecas
2143 460 2174 490 S.
2198 460 2308 492 Palatii
2332 463 2438 503 inqui-

1363 494 1461 525 renda
1486 495 1602 526 forent.
1631 497 1721 528 Haec
1749 504 1859 530 autem
1894 507 1984 532 erant
2015 504 2082 533 tria.
2114 505 2232 541 Primo,
2261 516 2302 536 an
2332 513 2437 538 textus

1364 538 1447 569 BCF
1450 540 1492 575 H,
1509 541 1592 571 sicut
1608 542 1761 573 omnibus
1778 543 1950 581 Vaticanis,
1967 547 2010 576 ita
2026 549 2085 577 toti
2101 549 2266 581 traditioni
2282 552 2437 583 subesset.

1363 582 1517 614 Secundo
1534 594 1577 615 an
1592 587 1802 617 correctionis
1819 589 2032 627 authenticae,
2050 593 2102 622 cui
2119 593 2196 624 EGb
2212 604 2287 625 cum
2300 597 2330 626 A
2346 606 2437 627 com-

1364 629 1466 668 parati
1489 630 1731 667 attestabantur,
1748 631 1802 662 alii
1818 638 1914 663 testes
1929 634 2158 667 invenirentur.
2179 638 2207 668 T
2210 641 2290 670 ertio
2307 651 2347 671 an
2364 643 2436 681 qui-⁴

1365 671 1440 703 dam
1464 673 1535 703 libri
1559 682 1764 714 superessent
1781 677 1842 706 orti
1862 687 1900 707 ex
1918 678 1945 708 A
1962 680 2109 710 nondum
2130 682 2275 714 ultimam
2301 685 2437 716 formam

1365 716 1495 758 adepto.
1521 718 1729 758 Responsum
1753 730 1771 750 a
1794 723 1911 760 quovis
1935 725 2111 755 accessibili
2140 727 2252 758 codice
2280 732 2438 768 quaesivi-

1365 771 1449 800 mus,
1473 772 1542 793 non
1567 765 1764 795 verbotenus
1779 766 1848 796 sine
1865 765 1930 796 fine
1947 767 2162 806 conferentes,
2178 771 2234 801 sed
2258 772 2330 803 loca
2347 784 2437 814 prae-

1366 807 1462 847 cipua
1478 808 1664 839 methodice
1680 809 1808 846 selecta,
1821 811 1991 850 quotidem
2007 812 2047 843 ad
2063 820 2197 844 eventus
2214 818 2437 849 certitudinem

1366 851 1494 883 abunde
1522 853 1717 892 sufficerent,
1748 856 1831 886 sicut
1858 855 1891 885 in
1919 856 2128 888 Praefationis
2152 860 2311 900 principio
2339 864 2438 903 expli-

1366 903 1474 927 catum
1500 903 1548 927 est
1574 898 1662 939 (Pag.
1687 898 1756 939 xu).
2438 921 2440 923 >

1423 941 1482 972 Per
1516 951 1652 974 examen
1684 945 1787 984 patuit
1818 945 1936 985 primo,
1964 951 2088 976 textum
2119 947 2280 987 signatum
2311 950 2437 987 BCFH,

1366 986 1433 1016 sive
1457 996 1534 1017 cum
1557 988 1586 1018 A
1611 987 1706 1019 faciat
1729 990 1796 1019 sive
1820 989 1936 1026 deviet,
1965 991 2115 1021 omnium
2139 993 2349 1033 antiquorum
2372 1005 2439 1026 esse

1367 1036 1399 1061 et
1422 1032 1553 1062 maioris
1581 1034 1677 1073 partis
1705 1034 1882 1070 iuniorum,
1910 1035 2025 1074 immo,
2053 1038 2195 1076 exceptis
2225 1039 2319 1068 certis
2349 1039 2438 1076 locis,

1367 1076 1467 1106 totius
1491 1077 1679 1109 traditionis.
1706 1078 1767 1109 Ista
1783 1085 1925 1119 quatuor
1940 1080 2018 1120 sigla
2041 1081 2176 1111 totidem
2200 1083 2440 1123 antiquissimos

1367 1120 1528 1151 Parisinos
1544 1122 1724 1162 significare
1744 1130 1886 1163 possent,
1904 1125 1985 1164 quin
2005 1125 2037 1155 in
2062 1126 2156 1156 rebus
2180 1127 2439 1160 substantialibus

1367 1171 1400 1196 et
1422 1172 1593 1197 momento
1618 1168 1729 1198 critico
1755 1168 1904 1208 praeditis
1929 1170 2085 1201 variantes
2107 1171 2190 1201 inter
2207 1181 2229 1201 α
2254 1178 2285 1202 et
2307 1173 2337 1203 A
2360 1174 2438 1205 aliae

1367 1218 1474 1241 essent
1489 1211 1528 1241 ab
1553 1213 1598 1242 eis
1621 1222 1704 1252 quae
1729 1219 1899 1253 apparatus
1922 1220 2032 1245 noster
2055 1215 2185 1255 collegit
2208 1226 2245 1247 ex
2269 1217 2440 1249 Vaticanis.

1366 1255 1436 1286 Nec
1452 1257 1583 1293 mirum,
1600 1258 1655 1287 ubi
1673 1258 1805 1288 eaedem
1823 1259 1927 1298 petiae
1949 1265 1997 1289 tot
2015 1260 2224 1300 scriptoribus
2248 1268 2302 1292 aut
2325 1263 2440 1294 imme-

1367 1299 1444 1331 diati
1468 1307 1524 1332 aut
1538 1303 1677 1342 proximi
1702 1303 1892 1343 exemplaris
1916 1303 2064 1334 officium
2084 1306 2296 1344 praestabant.
2321 1307 2439 1345 Quoad

1367 1345 1550 1377 secundum
1575 1352 1606 1377 et
1630 1348 1760 1378 tertium
1784 1348 2026 1388 inquirendum,
2043 1349 2225 1381 collationis
2249 1358 2383 1383 eventus
2407 1354 2438 1383 in

1367 1390 1507 1421 elencho
1538 1391 1691 1422 codicum
1722 1393 1912 1432 exprimitur
1934 1403 1992 1434 per
2021 1393 2262 1426 distinctionem
2286 1395 2306 1435 β
2330 1402 2362 1428 et
2381 1398 2437 1433 pA.

1367 1434 1529 1466 Codicem
1557 1436 1874 1477 Nmimbergensem,
1898 1437 1938 1474 N,
1968 1438 2130 1469 Vaticanis
2155 1441 2350 1472 verbotenus
2373 1443 2440 1473 col-

1367 1480 1438 1511 latis
1472 1481 1681 1512 adiunximus
1715 1488 1870 1522 tanquam
1897 1482 2132 1518 necessarium
2165 1484 2257 1515 valde
2291 1485 2439 1518 dolemus

1366 1524 1459 1566 quod
1475 1525 1598 1557 codicis
1614 1526 1638 1557 Z
1655 1527 1787 1557 nonnisi
1804 1527 1891 1558 hunc
1907 1537 2012 1558 unum
2023 1528 2151 1559 socium
2169 1530 2311 1560 invenire
2327 1530 2438 1562 datum

1367 1569 1438 1601 fuit.
1464 1570 1492 1601 E
1516 1571 1603 1602 libris
1628 1570 1647 1610 β
1672 1571 1846 1602 Chisianus
1862 1577 1893 1602 et
1917 1571 2021 1603 codex
2038 1572 2112 1602 Rmi
2135 1572 2278 1613 Capituli
2300 1574 2332 1605 S.
2357 1575 2439 1606 Petri

1367 1616 1525 1647 continue
1549 1615 1684 1647 adhibiti
1713 1622 1798 1652 sunt,
1829 1618 1978 1657 quamvis
2001 1616 2080 1656 sigla
2103 1616 2155 1647 Ch
2178 1618 2222 1648 Pe
2244 1629 2312 1649 non
2343 1629 2439 1660 appa-

1365 1666 1454 1697 rent;
1472 1660 1670 1692 Bodleianus
1687 1660 1757 1692 Can
1770 1662 1917 1702 pluribus
1930 1661 2063 1697 vicibus,
2081 1667 2239 1702 quantum
2255 1673 2313 1703 per
2329 1671 2441 1704 quater

1365 1711 1491 1746 septem
1515 1705 1584 1736 dies
1608 1705 1676 1736 fieri
1701 1712 1836 1746 poterat,
1853 1707 2053 1737 examinatus
2075 1712 2133 1742 est,
2157 1709 2341 1747 praesertim
2365 1719 2439 1740 cum

1366 1750 1436 1787 Par,
1461 1756 1493 1781 et
1516 1750 1622 1782 adhuc
1648 1751 1720 1792 plus
1746 1761 1821 1782 cum
1846 1751 1908 1790 Ch,
1928 1760 2004 1782 cum
2029 1760 2096 1791 quo
2121 1752 2153 1782 in
2177 1758 2274 1783 coetu
2299 1752 2318 1792 β
2343 1763 2440 1794 pecu·

1366 1796 1479 1827 liarem
1503 1796 1616 1827 locum
1639 1802 1738 1826 tenet.

1422 1840 1805 1872 Secundumiscientiam
1829 1842 1888 1872 hac
1913 1842 1963 1871 via
1987 1841 2165 1881 quaesitam
2189 1841 2228 1872 ad
2252 1844 2440 1883 autographi

1366 1885 1524 1927 deperditi
1545 1895 1732 1917 sermonem
1757 1886 1929 1921 acceditur,
1947 1895 2046 1926 quam
2062 1887 2209 1926 proxime
2233 1896 2289 1926 per
2312 1888 2440 1918 oculare

1365 1932 1591 1962 testimonium
1615 1930 1686 1962 fieri
1710 1938 1827 1971 potest,
1853 1940 1910 1971 per
1927 1940 1960 1967 αι,
1985 1932 2051 1962 sive
2074 1931 2263 1971 scriptorem
2284 1933 2440 1972 petiarum

1366 1976 1560 2017 exemplaris
1590 1976 1792 2012 Parisiensis;
1826 1985 1883 2016 per
1911 1977 1980 2007 eius
2011 1982 2239 2013 correctorem,
2275 1983 2440 2008 auctorem

1366 2021 1442 2052 dico
1462 2022 1513 2052 vel
1538 2027 1688 2052 auctores
1710 2027 1816 2052 textus
1841 2020 1878 2059 β;
1903 2027 1934 2051 et
1959 2030 2015 2061 per
2036 2027 2203 2052 auctorem
2220 2027 2323 2052 textus
2347 2022 2440 2062 DpA,

1365 2066 1517 2107 NYZpA.
1542 2066 1671 2099 Praeter
1695 2066 1756 2097 hos
1779 2072 1843 2096 tres
1873 2065 1981 2096 nullus
2011 2067 2148 2106 scriptor
2176 2067 2304 2106 probari
2335 2073 2440 2106 potest

1365 2112 1614 2152 transumpsisse
1627 2121 1666 2142 ex
1677 2111 1893 2151 autographo,
1907 2120 2088 2151 eorumque
2104 2111 2249 2151 ipsorum
2266 2112 2439 2151 scripturae

1365 2156 1539 2197 originales
1562 2157 1739 2197 perierunt,
1764 2156 1825 2193 vel,
1856 2157 1882 2186 si
1910 2156 2022 2192 mavis,
2051 2165 2118 2186 non
2148 2162 2347 2197 comparent.
2378 2157 2439 2187 Pro

1365 2200 1432 2232 fine
1455 2211 1534 2242 ergo
1558 2202 1758 2233 recensionis
1780 2211 1848 2232 non
1874 2200 1987 2232 eadem
2008 2206 2055 2231 est
2083 2201 2227 2231 conditio
2251 2202 2348 2231 trium
2372 2202 2440 2232 eius

1365 2245 1519 2277 fontium.
1533 2246 1659 2278 Textus
1671 2256 1695 2277 α.
1711 2252 1920 2287 recuperatus
1935 2246 2174 2286 autographum
2197 2246 2357 2286 integrum
2375 2256 2440 2276 am-

1365 2291 1527 2332 plectitur,
1552 2301 1570 2322 a
1600 2292 1772 2323 Veritatem
1797 2301 1902 2332 usque
1925 2291 1965 2322 ad
1988 2292 2100 2321 Amen.
2125 2291 2248 2321 Textus
2272 2290 2291 2329 β
2320 2290 2440 2330 duplici

1364 2346 1463 2368 sensu
1486 2336 1734 2377 fragmentarius
1758 2343 1818 2368 est:
1848 2343 1934 2367 extra
1963 2336 2122 2366 elementa
2147 2345 2170 2366 α
2193 2341 2313 2366 restant
2335 2345 2440 2366 corre-

1365 2382 1491 2413 ctiones
1514 2382 1774 2418 intermittentes,
1791 2387 1823 2412 et
1837 2380 2049 2422 inaequaliter
2064 2390 2201 2420 sparsae.
2222 2380 2366 2411 Traditio
2389 2381 2441 2420 pA

1365 2427 1468 2468 magis
1491 2427 1648 2458 continua
1671 2433 1729 2463 est,
1753 2426 1810 2458 sed
1833 2431 1959 2457 tanturn
1983 2435 2042 2466 per
2063 2435 2179 2466 parvos
2202 2426 2356 2456 orationis
2379 2431 2440 2457 tra-

1365 2477 1438 2503 ctus
1460 2473 1563 2503 textui
1588 2481 1611 2502 α
1640 2472 1799 2503 coexistit.
1831 2472 1879 2502 Ex
1903 2471 1952 2502 his
1974 2471 2122 2511 sequitur
2151 2470 2242 2510 quod
2269 2470 2439 2500 extensiori

1365 2517 1447 2557 parti
1470 2522 1577 2548 textus
1594 2526 1616 2547 σι
1634 2526 1702 2548 non
1726 2518 1835 2558 potuit
1858 2517 1985 2557 opponi
2008 2515 2218 2547 moderamen
2242 2515 2438 2554 auctoritatis

1365 2561 1613 2598 documentalis,
1645 2567 1678 2592 et
1707 2562 1799 2602 quod
1826 2562 1895 2592 illas
1923 2567 2028 2602 partes
2055 2565 2259 2591 recensentes
2289 2560 2437 2600 propriae

1365 2607 1439 2638 crisi
1463 2616 1592 2638 eramus
1614 2606 1744 2638 addicti.

1421 2661 1476 2691 42.
1493 2669 1515 2674 -
1531 2651 1606 2690 Qua
1622 2653 1748 2683 ratione
1764 2651 1894 2683 codices
1918 2651 1970 2692 pA
1994 2650 2033 2681 ad
2057 2649 2298 2680 instaurandum
2315 2654 2436 2679 textum

1363 2696 1396 2727 S.
1426 2696 1588 2733 Thomae‚
1618 2697 1733 2728 ceteris
1765 2697 1906 2737 paribuz
1940 2696 2092 2726 inservire
2124 2695 2315 2734 potuissent,
2348 2692 2439 2723 facile

1363 2741 1563 2782 intelligitur.
1589 2741 1715 2783 Siglum
1731 2742 1820 2772 enim
1848 2755 1862 2770 ι
1882 2741 1934 2781 ρΑ
1953 2754 1966 2767 »
1994 2739 2175 2771 secundum
2191 2738 2439 2778 explicationem

1365 2786 1474 2817 datam
1497 2797 1566 2818 non
1590 2792 1718 2818 tantum
1735 2787 1927 2827 scripturam
1948 2785 2149 2816 obliteratam
2172 2783 2301 2819 indicat,
2318 2781 2374 2812 sed
2390 2787 2439 2812 to-

1366 2837 1433 2862 tam
1449 2833 1642 2873 scripturam
1658 2838 1833 2872 antequam
1852 2831 1967 2861 ultimo
1984 2830 2085 2860 revisa
2102 2835 2177 2859 erat.
2196 2828 2229 2858 ln
2251 2828 2314 2857 hoc
2331 2831 2438 2868 autem

1366 2878 1560 2917 autographi
1589 2883 1673 2908 statu
1697 2877 1820 2908 circum
1845 2881 1949 2916 partes
1973 2880 2086 2916 postea
2110 2873 2228 2903 deletas
2253 2871 2439 2902 decurrebat

1365 2922 1523 2962 scriptura
1547 2931 1616 2953 non
1640 2928 1774 2958 mutata,
1790 2922 1833 2952 ita
1853 2927 1888 2951 ut
1913 2921 1965 2960 pA
1988 2919 2147 2950 coalescat
2171 2927 2208 2948 ex
2232 2917 2261 2946 A
2285 2916 2391 2946 deleto
2408 2921 2438 2945 et

1365 2967 1396 2997 A
1419 2967 1610 3007 simpliciter
1628 2966 1730 3003 dicto,
1751 2967 1834 2997 sicut
1858 2975 1880 2996 σι
1904 2964 2115 3005 componitur
2139 2972 2176 2993 ex
2200 2962 2245 2991 sA
2268 2967 2299 2991 et
2318 2961 2347 2990 A
2363 2960 2437 2990 sim-

1365 3012 1502 3052 pliciter.
1527 3011 1618 3042 Haec
1642 3018 1752 3042 autem
1776 3011 1933 3051 scriptura
1948 3010 1977 3039 A
1997 3009 2193 3049 simpliciter,
2211 3007 2286 3046 quia
2311 3005 2437 3035 duobus

1364 3057 1576 3097 scriptoribus
1593 3063 1748 3097 tanquam
1765 3055 1929 3096 exemplar
1945 3053 2117 3088 inservivit,
2142 3061 2199 3092 per
2218 3050 2299 3081 duos
2323 3049 2362 3079 ad
2379 3058 2437 3079 nos

1364 3102 1512 3142 pervenit
1528 3107 1624 3132 testes
1637 3102 1794 3132 oculares.
1813 3100 1911 3140 Igitur
1924 3108 1982 3139 pro
2000 3099 2048 3128 his
2061 3097 2203 3137 partibus
2216 3096 2316 3126 oritur
2328 3099 2435 3128 status,

1364 3155 1465 3187 quern
1489 3146 1618 3177 traditio
1643 3145 1835 3180 ostendisset
1859 3146 1884 3175 si
1908 3150 1976 3174 tota
1999 3144 2156 3182 scriptura
2178 3139 2330 3170 Auctoris
2353 3137 2435 3168 duos

1363 3193 1610 3232 transcriptores
1634 3191 1774 3221 invicem
1802 3199 1870 3220 non
1893 3187 2113 3228 dependentes
2136 3185 2307 3215 habuisset.
2336 3182 2435 3220 Quod

1365 3236 1496 3268 codices
1521 3246 1543 3266 α
1569 3236 1721 3276 permulti
1738 3241 1823 3272 sunt,
1841 3233 1969 3264 codices
1989 3233 2040 3272 pA
2065 3230 2170 3271 pauci,
2187 3230 2288 3258 immo
2305 3228 2337 3256 in
2354 3227 2390 3265 L.
2408 3227 2434 3276 ll

1363 3282 1491 3318 unicus,
1515 3291 1583 3312 non
1607 3285 1746 3311 mutaret
1770 3289 1826 3320 per
1841 3289 1874 3308 se
1891 3277 2087 3308 auctoritatis
2110 3273 2342 3306 conditionem,
2360 3280 2435 3310 quia

1363 3327 1460 3357 etiam
1484 3327 1586 3357 textui
1611 3335 1633 3355 α
1659 3335 1743 3355 unus
1766 3329 1891 3354 tantum
1915 3321 2017 3352 codex
2041 3315 2434 3359 apographuspraesidet.

1364 3372 1427 3403 Ubi
1451 3381 1528 3411 ergo
1545 3371 1627 3401 duae
1644 3370 1760 3400 classes
1776 3368 1943 3398 unanimes
1959 3371 2043 3401 sunt,
2068 3363 2244 3394 lectionum
2269 3362 2433 3391 veritatem

1362 3415 1579 3450 confirmant;
1605 3415 1660 3445 ubi
1688 3414 1878 3453 discrepant,
1909 3411 2027 3440 criseos
2055 3414 2103 3439 est
2130 3407 2341 3437 determinare
2365 3410 2435 3435 uter

1361 3462 1501 3501 scriptor
1524 3461 1583 3490 rite
1606 3460 1832 3498 interpretatus
1856 3457 1904 3486 sit.
2402 3494 2407 3499 .

1417 3506 1492 3536 Hoc
1516 3504 1712 3545 speculative
1737 3501 1975 3533 consideratum
1999 3498 2131 3528 obvium
2162 3495 2296 3530 videtur,
2321 3493 2376 3524 sed
2401 3503 2432 3523 in

1360 3550 1544 3591 particulari
1560 3549 1729 3588 negotium
1746 3545 1872 3576 facessit
1887 3542 2064 3573 traditionis
2088 3539 2325 3574 insufficientia,
2351 3547 2433 3578 quae

1359 3595 1547 3636 praesertim
1562 3594 1596 3623 in
1614 3593 1626 3623 Ι
1642 3598 1674 3623 et
1698 3592 1724 3622 11
1748 3591 1845 3621 Libro
1869 3587 2013 3618 sentitur.
2039 3585 2217 3616 Codicibus
2241 3583 2295 3614 NZ
2319 3592 2434 3623 parum

1359 3640 1501 3671 fidimus.
1527 3639 1671 3677 Uterque
1695 3645 1752 3675 per
1775 3635 1947 3664 mixturam
1963 3640 2038 3662 cum
2057 3640 2079 3660 α
2103 3629 2245 3660 multum
2268 3627 2433 3668 divagatus

1359 3690 1406 3715 est
1433 3685 1473 3714 ab
1497 3689 1699 3713 antecessore
1723 3689 1782 3709 suo
1812 3677 1990 3708 communi.
2026 3675 2082 3705 Ex.
2107 3684 2152 3714 gr.
2177 3673 2214 3703 L.
2239 3673 2262 3709 Ι,
2287 3682 2356 3712 cap.
2385 3681 2434 3711 19,
