2768 4134
37 2547 51 2558 ·
65 2546 123 2575 Cap.
137 2550 214 2574 praec.

41 2707 51 2717 ·
65 2705 124 2734 Cap.
133 2710 218 2727 amu.

716 258 906 296 SUMMA
934 258 1157 297 CONTRA
1185 259 1461 308 GENTILES,
1491 260 1602 299 CAP.
1624 261 1812 308 XXXVII,
1834 262 2037 299 XXXVIII.
2405 265 2474 307 113

278 338 400 368 scilicet
421 338 578 378 relatione
593 347 678 379 quae
697 338 832 369 nomine
855 338 1035 378 appetibilis
1057 339 1264 379 importatum
1289 339 1352 370 alio

277 381 390 418 modo,
406 381 701 419 fundamentaliter,
717 382 839 413 scilicet
853 392 914 422 pro
929 392 970 413 eo
987 383 1078 423 quod
1091 389 1139 414 est
1160 383 1352 414 fundamen-

277 432 348 457 tum
364 426 436 466 talis
451 427 628 464 relationis,
643 427 841 467 inquantum
856 427 1053 458 huiusmodi.
1078 428 1111 460 Si
1127 429 1234 468 primo
1250 428 1351 459 modo

278 471 464 512 accipiatur,
480 472 526 502 sic
541 477 676 507 nonest
691 471 732 503 de
748 472 908 502 essentiali
931 473 1054 503 ratione
1070 473 1160 509 boni,
1177 472 1233 504 sed
1255 473 1352 503 ratio-

277 525 355 546 nem
365 516 444 546 boni
457 517 705 547 concomitatur.
722 516 756 547 Si
771 522 882 547 autem
893 518 1067 557 accipiatur
1083 517 1228 548 secundo
1239 517 1352 553 mod0‚

279 560 390 591 estde
411 561 514 600 ipsius
537 560 666 591 formali
689 566 721 591 et
743 562 904 592 essentiali
926 563 1063 592 ratione:
1088 561 1247 602 significat
1265 562 1354 592 enim

278 605 405 643 bonum
417 605 522 646 ipsum
539 615 596 636 ens
611 605 804 646 inquantum
814 606 944 648 fundat
959 606 1150 637 relationem
1162 606 1352 647 appetibilis.

278 649 374 681 Unde
394 650 457 680 ism
474 650 669 690 propositio,
684 650 816 682 Bonum
838 656 886 681 est
900 651 1079 692 appetibile,
1096 656 1144 681 est
1157 651 1192 681 in
1208 649 1353 681 secundo

278 693 380 724 modo
404 703 470 734 per
497 703 542 730 se,
566 695 592 724 si
621 695 794 735 appetibile
821 696 927 736 primo
957 694 1059 726 modo
1089 695 1277 735 accipiatur:
1307 699 1355 724 est

243 737 246 741 '
279 743 390 769 autem
403 739 436 769 in
453 739 560 779 primo
576 739 679 770 modo
690 750 755 780 per
768 750 813 776 se,
830 741 858 771 si
872 741 1049 780 accipiatur
1071 738 1216 771 secundo
1239 738 1352 769 modo.

278 782 464 824 Propterea,
481 793 557 819 cum
571 784 679 824 inquit
693 784 830 816 Sanctus
843 785 989 816 Thomas
1003 784 1163 815 rationem
1178 783 1258 813 boni
1274 792 1354 813 con—

278 828 389 858 sistere
411 828 447 858 in
468 828 534 859 hoc
563 829 654 869 quod
683 835 732 860 est
761 830 946 870 appetibile,
972 827 1220 868 intelligendum
1243 832 1291 857 est
1314 826 1354 858 de

278 873 404 903 ratione
423 874 676 910 concomitante,
699 875 725 904 si
748 874 919 915 appetibile
945 872 1122 904 formaliter
1143 877 1304 913 §umatum
1328 872 1355 902 si

279 922 388 948 autem
415 924 561 949 sumatur
583 917 874 954 fundamentaliter,
901 915 1147 957 intelligendum
1168 921 1216 946 est
1239 915 1279 946 de
1306 925 1354 946 ra-

278 962 369 993 tione
385 963 555 993 essentiali.
579 963 622 993 Et
636 962 899 1003 hoc-secundum
912 961 1040 992 videtur
1060 961 1162 1000 magis
1186 959 1226 991 ad
1249 960 1355 991 inten-

278 1007 403 1038 tionem
419 1008 521 1038 sancti
545 1007 698 1038 Doctoris
721 1007 888 1038 accedere:
913 1007 1039 1036 bonum
1056 1005 1151 1035 enim
1174 1004 1354 1037 secundum

279 1061 372 1082 suam
394 1052 555 1082 rationem
578 1051 931 1083 est-fundamentaliter
954 1049 1128 1090 appetibile
1152 1054 1184 1080 et
1207 1048 1290 1080 finis.

337 1105 366 1126 2.
392 1095 457 1127 Sed
485 1102 565 1127 tunc
594 1101 740 1130 remanet
769 1095 917 1127 dubium.
949 1094 1036 1132 Quia
1066 1093 1248 1125 secundum
1271 1094 1355 1125 hanc

277 1141 527 1181 responsionem
549 1140 676 1172 videtur
699 1141 792 1181 sequi
816 1139 907 1181 quod
930 1139 1056 1170 bonum
1079 1139 1119 1169 sit
1141 1147 1230 1169 mere
1261 1139 1356 1170 abso-

277 1185 395 1222 lutum,
420 1191 457 1216 ut
479 1186 583 1226 prima
607 1185 721 1226 opinio
745 1185 885 1216 dicebat:
910 1184 993 1215 sicut
1016 1183 1118 1220 color,
1138 1184 1196 1223 qui
1219 1189 1267 1214 est
1282 1184 1356 1214 visi-

278 1229 351 1261 bilis
375 1229 667 1266 fundamentaliter,
693 1239 731 1261 ex
755 1239 789 1260 se
813 1235 861 1261 est
883 1238 972 1260 mere
995 1229 1193 1260 absolutum.

334 1274 565 1315 Respondemr
587 1273 689 1315 quod,
714 1274 790 1306 licet
812 1275 938 1306 bonum
967 1283 1036 1304 non
1065 1273 1210 1304 includat
1236 1272 1356 1304 forma-

255 1360 261 1361 ἶ
278 1318 350 1353 liter
362 1320 563 1350 relationem.
571 1319 755 1360 appetibilis
771 1325 803 1350 et
813 1319 887 1351 finis
899 1319 933 1350 in
945 1328 1003 1349 sua
1018 1319 1143 1349 ratione
1158 1317 1215 1348 sed
1230 1323 1356 1350 tantum

279 1365 548 1401 concomitanter,
564 1364 670 1405 sitque
687 1365 814 1395 bonum
836 1363 1011 1405 appetibile
1027 1369 1058 1403 et
1074 1362 1148 1394 finis
1164 1362 1356 1393 fundamen-

277 1409 382 1440 taliter
405 1419 444 1441 ex
467 1419 526 1440 sua
548 1408 677 1440 formali
699 1410 840 1446 ratione3
861 1419 932 1440 non
955 1414 1064 1439 tamen
1089 1414 1136 1439 est
1158 1417 1247 1439 mere
1263 1408 1357 1438 abso-

278 1453 396 1491 lutum,
420 1454 477 1486 sed
498 1455 654 1495 importat
677 1454 861 1485 absolutum
885 1463 959 1485 cum
983 1458 1139 1494 respectu.
1164 1453 1251 1484 Dicit
1269 1452 1356 1483 enim

279 1504 463 1540 respectum
487 1498 654 1540 perfectivi
679 1499 810 1530 alterius
837 1499 1019 1530 secundum
1048 1498 1207 1529 rationem
1237 1497 1357 1538 speciei

279 1549 312 1575 et
333 1544 516 1583 ‚secundum
539 1554 610 1576 esse
633 1543 725 1585 quod
747 1545 844 1575 habet
865 1544 900 1575 in
922 1552 1032 1574 rerum
1054 1548 1181 1574 natura:
1206 1547 1243 1573 ut
1270 1547 1358 1582 patet

279 1597 319 1620 ex
340 1588 488 1620 doctrina
511 1589 622 1621 Sancti
645 1589 806 1626 Thomae,
828 1589 936 1624 Verit„
953 1598 985 1628 q.
1002 1598 1065 1623 xxx,
1081 1597 1109 1618 a.
1132 1595 1159 1623 ι,
1183 1587 1240 1618 ubi
1263 1587 1358 1627 ponit

279 1634 375 1675 quod.
393 1635 514 1666 bonum
537 1640 570 1666 et
592 1644 704 1666 verum
728 1634 856 1665 addunt
876 1643 978 1674 supra
1003 1642 1060 1664 ens
1083 1636 1261 1673 respectum
1279 1640 1358 1672 per-

269 1678 400 1722 suctivi,
431 1679 487 1711 sed
516 1689 631 1711 verum
663 1685 711 1711 est
740 1678 954 1720 perfectivum
985 1677 1162 1708 secundum
1197 1677 1357 1707 rationem

1378 338 1382 391 Ι
1406 340 1522 380 speciei
1538 345 1673 375 tantum,
1691 341 1816 371 bonurn
1840 347 1949 372 autem
1972 347 2002 372 et
2025 342 2200 373 secundum
2223 344 2385 374 rationem
2407 354 2477 385 spe-

1407 384 1468 414 ciei
1490 389 1521 414 et
1543 385 1719 415 secundum
1743 394 1819 415 esse.
1845 385 1939 416 Unde
1969 386 2093 417 bonum
2123 393 2181 422 est⁴
2197 386 2478 421 fundamentaliter

1407 428 1581 468 appetibile
1605 434 1636 458 et
1659 427 1732 459 finis
1754 438 1822 459 non
1845 439 1883 460 ex
1907 439 1947 460 eo
1971 436 2096 461 tantum
2119 431 2210 471 quod
2233 432 2310 463 dicit
2332 442 2399 470 enS,
2420 433 2477 464 sed

1408 482 1447 503 ex
1469 481 1510 502 eo
1534 472 1625 512 quod
1649 472 1726 503 dicit
1748 482 1805 503 ens
1829 483 1904 503 cum
1928 475 1982 504 tali
2005 475 2191 506 habitudine
2207 476 2382 516 perfectivi.
2397 478 2476 509 Pro·

1407 521 1517 556 pterea
1547 516 1638 556 quod
1667 517 1772 556 inquit
1802 518 1976 557 aliquando
2007 518 2142 550 Sanctus
2172 520 2330 558 Thomas,
2361 532 2476 552 unum-

1407 560 1556 601 quodque
1586 569 1655 592 esse
1685 561 1853 601 appetibile
1875 563 2050 593 secundum
2074 565 2160 604 quod
2183 571 2230 595 est
2246 567 2429 607 perfectum
2448 568 2475 604 “,

1408 604 1638 644 exponendum
1652 611 1699 635 est
1714 611 1751 635 ut
1774 606 1945 645 exponitur
1962 607 2066 643 Verit.,
2084 615 2205 648 quaest.
2226 610 2436 651 praeallegata
2447 613 2475 648 *,

1408 659 1436 680 a.
1454 648 1484 685 3,
1502 648 1543 679 ad
1566 658 1597 685 2,
1622 648 1662 680 de
1686 649 1829 689 perfecto
1854 655 1890 680 ut
1912 647 2048 682 includit
2072 653 2168 682 etiam
2191 654 2348 684 rationem
2371 654 2476 696 perfe-

1409 693 1494 724 ctivi.
1510 709 1533 714 —
1548 693 1591 723 Et
1613 694 1658 724 sic
1682 699 1769 734 patet
1792 695 1960 734 responsio
1984 695 2023 732 ad
2047 696 2187 736 primurn
2211 697 2356 729 dubium.

1463 737 1503 767 V.
1529 737 1579 767 Ad
1610 738 1790 769 secundum
1810 739 1826 755 ³*
1857 745 1965 769 autern
1990 740 2105 770 dicitur
2135 741 2241 780 primo
2272 745 2371 782 quod,
2402 745 2477 784 quia

1408 782 1568 812 rationem
1591 782 1670 813 boni
1693 784 1932 815 concomitatur
1954 785 2034 814 ratio
2059 794 2173 816 causae
2197 785 2310 823 finalis,
2327 796 2403 818 cum
2419 789 2477 819 bo—

1408 835 1491 863 num
1513 825 1629 858 dicitur
1652 828 1794 868 seipsum
1818 827 2008 865 diffundere,
2032 839 2099 860 non
2123 830 2309 870 intelligitur
2331 841 2388 871 per
2406 842 2477 863 mo-

1409 870 1488 901 dum
1505 880 1620 903 causae
1643 871 1819 908 efficientis,
1830 873 1911 907 licet
1926 873 2110 914 diffundere
2131 874 2310 905 secundum
2330 877 2479 907 vocabuli

1409 915 1638 956 proprietatem
1662 916 1807 948 videatur
1830 917 2004 958 importare
2028 919 2251 958 operationem
2276 929 2390 950 causae
2413 920 2479 951 effi-

1410 960 1533 996 cientis,
1553 960 1610 991 sed
1632 970 1690 1002 per
1712 961 1849 995 modum
1873 971 1988 993 causae
2011 961 2128 994 finalis:
2147 964 2222 1003 quia
2246 964 2367 995 scilicet
2381 965 2480 1005 gratia

1410 1005 1510 1046 ipsius
1533 1011 1607 1036 nata
1630 1011 1705 1037 sunt
1727 1007 1892 1037 moventia
1917 1013 1949 1037 et
1972 1006 2143 1038 efficientia
2166 1017 2270 1048 agere.

1466 1049 1591 1080 Dicitur
1613 1050 1758 1082 secundo
1783 1051 1884 1091 quod,
1908 1051 1984 1082 licet
2013 1052 2093 1086 boni
2124 1051 2293 1083 formalem
2323 1053 2480 1084 rationem

1410 1095 1490 1125 ratio
1515 1103 1630 1126 causae
1654 1095 1757 1126 finalis
1781 1097 2029 1131 concomitetur‚
2045 1097 2091 1127 rei
2106 1102 2215 1127 tamen
2231 1106 2314 1137 quae
2333 1098 2419 1128 bona
2434 1103 2481 1128 est

1410 1139 1490 1170 ratio
1514 1139 1611 1171 etiam
1634 1139 1800 1171 efficientis
1822 1146 1930 1181 potest
1953 1136 2137 1172 convenire.
2170 1141 2226 1172 Est
2250 1142 2336 1172 enim
2360 1141 2481 1182 aliquid

1410 1182 1692 1216 fundamentaliter
1715 1186 1840 1225 bonum
1864 1186 2058 1226 inquantum
2081 1186 2177 1221 habet
2201 1195 2280 1223 esse,
2305 1192 2336 1216 et
2363 1196 2481 1217 unum·

1411 1228 1568 1270 quodque
1593 1226 1659 1270 ‘agit
1686 1230 1880 1270 inquantum
1909 1236 1956 1261 est
1985 1231 2018 1261 in
2049 1237 2132 1262 actu.
2166 1230 2258 1262 Unde
2289 1230 2481 1261 antecedens

1410 1273 1490 1304 illud
1513 1274 1659 1305 absolute
1684 1275 1831 1310 sumitur,
1854 1284 1921 1305 non
1953 1275 2054 1315 magis
2084 1275 2252 1306 limitando
2282 1275 2322 1305 ad
2352 1284 2481 1306 causam

1411 1317 1604 1350 efficientem
1621 1328 1719 1359 quam
1736 1318 1775 1349 ad
1792 1318 1931 1350 finalem.
1957 1319 2061 1350 Immo
2078 1320 2117 1350 de
2139 1326 2275 1360 utraque
2299 1319 2481 1350 causalitate

1411 1370 1595 1396 verumest
1618 1363 1708 1404 quod
1732 1365 1983 1395 communicatio
2008 1374 2075 1395 esse
2099 1370 2129 1395 et
2151 1364 2304 1395 bonitatis
2327 1374 2368 1395 ex
2390 1364 2481 1395 boni-

1412 1413 1477 1438 tate
1494 1408 1654 1449 procedit.
1680 1409 1720 1438 Et
1735 1408 1824 1439 Deus
1841 1414 1888 1439 est
1903 1418 1999 1439 causa
2015 1419 2083 1440 esse
2099 1415 2131 1440 et
2147 1409 2297 1439 bonitatis
2313 1410 2345 1439 in
2365 1418 2482 1449 genere

1411 1462 1527 1484 causae
1550 1452 1727 1489 efficientis,
1751 1454 1828 1493 quia
1851 1459 1898 1484 est
1920 1454 2061 1494 primum
2086 1463 2183 1493 agens
2206 1464 2224 1484 a
2247 1453 2337 1484 nullo
2362 1453 2481 1492 depen-

1411 1497 1506 1534 dens;
1530 1504 1562 1528 et
1584 1498 1619 1528 in
1641 1507 1759 1538 genere
1784 1507 1898 1528 causae
1921 1497 2035 1534 finalis,
2060 1498 2136 1538 quia
2167 1504 2214 1528 est
2243 1498 2377 1528 ultimus
2398 1496 2481 1533 finis,

1412 1542 1505 1573 cuius
1519 1543 1620 1582 gratia
1636 1543 1746 1572 omnia
1762 1548 1837 1572 sunt
1853 1548 1884 1573 et
1899 1541 1992 1573 fiunt.
2018 1542 2094 1573 Ideo
2118 1542 2205 1573 illam
2225 1543 2483 1582 propositionem

1412 1587 1527 1627 probat
1543 1587 1678 1618 Sanctus
1695 1587 1840 1617 Thomas
1856 1588 1962 1627 primo
1986 1587 2018 1617 in
2043 1595 2138 1618 causa
2155 1586 2322 1622 efficiente,
2339 1585 2482 1617 secundo

1412 1632 1446 1662 in
1462 1641 1559 1662 causa
1574 1630 1660 1662 finali
1677 1640 1715 1661 ex
1731 1632 1855 1662 ratione
1871 1632 1959 1667 boni,
1976 1638 2011 1662 ut
2028 1631 2174 1662 ostendat
2197 1632 2284 1662 illam
2299 1632 2332 1662 in
2348 1637 2483 1670 utraque

1414 1676 1597 1707 causalitate
1621 1676 1787 1706 veritatem
1811 1677 1938 1706 habere.

1333 1765 1439 1807 ww,

637 1877 1126 1935 CAPITULUM
1163 1877 1691 1934 TRIGESIMUM
1731 1876 2136 1933 ocTAVUM
2182 1942 2184 1944 .

1260 1980 1291 2011 A
1327 1989 1377 2019 4r
1414 1979 1503 2010 b33.

889 2053 1065 2106 QUOD
1101 2053 1265 2095 DEUS
1302 2053 1416 2094 EST
1449 2052 1584 2094 IPSA
1619 2051 1885 2093 BONITAS

490 2180 515 2205 x
542 2167 604 2205 his
631 2174 764 2204 autem
792 2166 927 2204 haberi
954 2174 1081 2216 potest
1108 2166 1218 2216 quod
1250 2166 1358 2203 Deus

505 2221 552 2258 sit
580 2233 651 2258 sua
678 2220 843 2258 bonitas.

277 2172 491 2372 Ε
559 2274 655 2312 Esse
684 2273 791 2312 enim
826 2281 915 2312 actu
950 2273 990 2311 in
1024 2285 1269 2323 unoquoque
1303 2280 1360 2310 est

506 2328 660 2366 bonum
680 2326 812 2378 ipsius.
834 2327 913 2366 Sed
931 2328 1040 2365 Deus
1054 2339 1137 2365 non
1155 2328 1285 2364 solum
1304 2334 1361 2363 est

281 2447 372 2474 sum
386 2443 453 2473 est.
475 2437 544 2474 Est
562 2435 676 2485 igitur
694 2437 775 2486 ipsa
794 2436 950 2482 bonitas,
966 2446 1047 2472 non
1060 2442 1213 2472 tantum
1228 2435 1357 2471 bonus.

336 2490 551 2528 Praeterea.
581 2489 768 2527 Perfectio
797 2488 1106 2538 uniuscuiusque
1132 2495 1189 2525 est
1207 2487 1360 2525 bonitas

282 2542 379 2591 eius,
409 2550 452 2580 ut
479 2550 682 2581 ostensum
710 2550 767 2581 est
783 2543 815 2580 ⁸⁸.
850 2541 1037 2580 Perfectio
1073 2549 1203 2580 autem
1238 2540 1359 2578 divini

282 2609 367 2635 esse
394 2609 477 2634 non
505 2596 713 2634 attenditur
747 2597 967 2634 secundum
1002 2595 1148 2645 aliquid
1183 2594 1359 2632 additum

1412 2164 1610 2203 infinitum
1629 2164 1736 2202 enim
1755 2171 1943 2213 repugnat
1961 2163 2031 2203 fini
2044 2163 2081 2209 *ς
2101 2163 2252 2200 bonum
2272 2170 2403 2200 autem
2426 2175 2483 2200 ra—

1412 2218 1561 2256 tionem
1594 2217 1683 2255 finis
1716 2218 1843 2255 habet.
1884 2217 2047 2266 Oportet
2079 2216 2192 2264 igitur
2225 2216 2407 2253 devenire
2435 2217 2484 2254 ad

1414 2271 1572 2322 aliquod
1601 2271 1753 2308 bonum
1781 2270 1966 2320 primum,
1987 2270 2095 2320 quod
2114 2281 2195 2307 non
2222 2269 2484 2319 participative

1414 2324 1461 2362 sit
1488 2325 1640 2363 bonurn
1669 2337 1740 2374 per
1767 2323 1945 2362 ordinem
1973 2323 2023 2360 ad
2051 2322 2196 2373 aliquid
2215 2322 2331 2368 aliud,
2352 2323 2419 2360 sed
2439 2322 2485 2360 sit

37 2388 49 2398 ¹
63 2386 211 2416 &mim-
227 2412 240 2421 ..
281 2375 351 2420 ens
362 2389 468 2428 actu,
478 2381 548 2419 sed
562 2390 619 2419 est
632 2381 763 2432 ipsum
779 2394 898 2420 suum
912 2393 1009 2428 esse,
1020 2388 1063 2418 ut
1076 2380 1359 2431 supra*osten-
1382 2396 1392 2417 x
1414 2391 1485 2428 per
1512 2377 1719 2417 essentiam
1756 2390 1870 2415 suam
1903 2377 2067 2414 bonum.
2105 2377 2193 2414 Hoc
2220 2385 2348 2414 autem
2378 2377 2485 2414 Deus

1414 2440 1480 2470 est.
1511 2433 1579 2470 Est
1607 2431 1720 2480 igitur
1748 2432 1855 2469 Deus
1884 2443 1954 2468 sua
1981 2429 2144 2467 bonitas.

1468 2487 1575 2523 Item.
1605 2485 1647 2523 Id
1675 2485 1783 2534 quod
1817 2492 1872 2521 est
1906 2483 2134 2533 participare
2168 2483 2312 2532 aliquid
2346 2490 2483 2532 potest,

1415 2538 1545 2588 ipsum
1574 2546 1704 2576 autem
1740 2550 1823 2575 esse
1860 2537 1970 2574 nihil:
2006 2537 2113 2586 quod
2148 2536 2254 2573 enim
2286 2536 2485 2586 participat

1414 2592 1585 2642 potentia
1613 2599 1680 2639 est,
1711 2603 1794 2628 esse
1822 2598 1953 2628 autem
1981 2597 2088 2627 actus
2108 2598 2174 2626 est.
2206 2590 2282 2627 Sed
2302 2590 2410 2626 Deus
2429 2596 2485 2626 est

283 2663 402 2700 supra
420 2650 563 2701 ipsum,
584 2651 652 2688 sed
672 2650 772 2701 quia-
789 2650 921 2700 ipsum
943 2649 1164 2697 secundum
1186 2647 1360 2698 seipsum
1375 2663 1401 2678 ιο
1413 2646 1544 2695 ipsum
1566 2657 1661 2692 esse,
1679 2652 1720 2682 ut
1739 2644 1947 2694 probatum
1965 2651 2021 2680 est
2033 2643 2064 2680 *.
2093 2643 2186 2680 Non
2206 2651 2262 2679 est
2280 2642 2392 2690 igitur
2414 2642 2483 2679 bo-

282 2704 498 2755 perl‘ectum
526 2712 594 2752 est,
623 2712 667 2742 ut
694 2716 814 2754 supra
830 2703 852 2726 *
879 2710 1080 2741 ostensum
1109 2709 1176 2739 est.
1202 2700 1359 2739 Bonitas

282 2758 398 2808 igitur
414 2758 488 2796 Dei
507 2770 590 2797 non
609 2766 666 2795 est
685 2757 830 2807 aliquid
857 2756 1034 2794 additum
1062 2767 1156 2792 suae
1183 2754 1359 2791 substan-

281 2811 368 2860 tiae,
398 2813 467 2850 sed
495 2825 568 2850 sua
595 2811 808 2850 substantia
836 2818 892 2847 est
920 2822 991 2847 sua
1018 2808 1183 2846 bonitas.

336 2867 445 2904 Item.
470 2866 795 2915 Unumquodque
809 2863 967 2901 bonum
986 2862 1095 2912 quod
1113 2873 1195 2898 non
1214 2868 1270 2897 est
1288 2872 1359 2898 sua

283 2918 448 2966 bonitas,
464 2918 729 2968 participative
744 2917 884 2955 dicitur
901 2916 1065 2954 bonum.
1087 2914 1208 2962 Quod
1227 2921 1359 2951 autem

282 2983 356 3022 per
381 2971 717 3023 participationem
745 2970 895 3015 dicitur,
916 2969 1061 3018 aliquid
1082 2976 1171 3005 ante
1190 2979 1231 3004 se
1249 2978 1359 3017 prae-

284 3026 480 3076 supponit,
501 3039 525 3064 a
543 3037 624 3076 quo
644 3025 835 3063 rationem
863 3022 1022 3072 suscipit
1050 3019 1241 3059 bonitatis.
1271 3021 1360 3057 Hoc

279 3080 417 3118 'autem
445 3080 485 3117 in
514 3078 711 3117 infinitum
730 3089 813 3115 non
836 3083 893 3113 est
915 3074 1096 3126 possibile
1120 3073 1241 3112 abire:
1267 3073 1360 3123 quia

285 3133 325 3172 in
353 3133 479 3172 causis
506 3132 690 3171 finalibus
718 3144 800 3169 non
831 3129 1054 3180 proceditur
1081 3127 1120 3165 in
1148 3127 1357 3173 infinitum,

339 3249 357 3275 8
375 3248 523 3282 extensum]
538 3256 620 3282 supra
631 3253 769 3273 ostensum
782 3246 830 3272 Pa.

342 3286 356 3312 3
376 3286 477 3311 bonum
491 3288 558 3318 post
575 3284 690 3318 primum
709 3282 799 3314 αΕΡε;
817 3281 932 3315 primum
950 3288 994 3306 om
1013 3280 1047 3306 G.

905 3244 937 3270 15
952 3243 1137 3278 participative]
1151 3243 1345 3276 participatione
1358 3242 1534 3271 DGNWZPd,
1549 3249 1596 3274 per
1609 3240 1830 3274 participationem
1845 3239 1870 3264 b.

1140 3278 1172 3304 15
1191 3286 1251 3304 esse
1269 3279 1390 3309 Aratum
1409 3284 1462 3303 om.

1414 2711 1489 2736 nus
1516 2697 1790 2748 participative,
1821 2696 1887 2734 sed
1917 2695 2172 2733 essentialiter.

1467 2751 1657 2801 Amplius.
1689 2751 1820 2789 Omne
1839 2750 2002 2799 simplex
2022 2761 2139 2786 suurn
2159 2761 2241 2786 esse
2261 2756 2297 2786 et
2316 2748 2354 2785 id
2374 2748 2481 2798 quod

1414 2813 1470 2842 est
1497 2817 1623 2842 unum
1652 2805 1783 2842 habet:
1814 2815 1918 2849 nam,
1949 2803 1978 2840 si
2008 2802 2053 2839 sit
2082 2802 2184 2840 aliud
2209 2810 2246 2838 et
2268 2801 2383 2848 aliud,
2403 2800 2481 2838 iam

1392 2868 1394 2870 ·
1414 2857 1635 2908 simplicitas
1662 2859 1827 2895 tolletur.
1857 2857 1964 2894 Deus
1984 2864 2115 2893 autern
2134 2863 2190 2892 est
2209 2855 2370 2892 omnino
2392 2854 2482 2891 sim-

1375 2928 1397 2948 ¹5
1413 2914 1513 2962 plex,
1533 2919 1576 2950 ut
1595 2920 1796 2949 ostensum
1816 2918 1871 2947 est
1888 2909 1920 2947 ⁹¹².
1948 2909 2064 2958 Igitur
2081 2909 2210 2959 ipsum
2229 2921 2312 2946 esse
2331 2909 2482 2945 bonum

1413 2977 1495 3003 non
1523 2973 1580 3003 est
1607 2965 1711 3003 aliud
1741 2976 1861 3014 quam
1889 2963 1983 3013 ipse.
2013 2964 2080 3001 Est
2098 2962 2212 3011 igitur
2230 2974 2302 2999 sua
2319 2960 2479 3011 bonitas».

1468 3020 1543 3057 Per
1577 3019 1715 3057 eadem
1753 3017 1866 3055 etiam
1906 3024 2009 3066 patet
2046 3016 2153 3066 quod
2191 3017 2342 3053 nullum
2376 3013 2482 3065 aliud

1413 3073 1566 3111 bonum
1604 3080 1661 3110 est
1697 3083 1768 3109 sua
1805 3070 1969 3108 bonitas.
2009 3071 2170 3119 Propter
2206 3068 2313 3118 quod
2345 3066 2483 3106 dicitur

1413 3128 1549 3164 Matth.
1570 3129 1681 3163 xtx'7:
1712 3126 1837 3162 Nemo
1865 3126 1984 3162 bonus
2012 3125 2083 3160 nisi
2108 3124 2206 3160 solus
2229 3121 2375 3159 Deusfl‘..

1943 3237 1977 3263 16
1990 3236 2088 3270 dicitur]
2104 3237 2203 3261 bonum
2215 3237 2321 3262 addunt
2331 3236 2483 3263 GNYZch.

1555 3284 1587 3310 ²7
1607 3275 1709 3310 eadem]
1730 3275 1840 3300 eandem
1859 3273 1951 3305 CFYb,
1971 3273 2079 3298 eandem
2098 3273 2222 3310 rationem
2243 3272 2286 3297 Pe.

1052 3349 1387 3382 Commentariis.
1418 3347 1726 3379 Ferrea-tensis

0 3431 6 3460 ἰ
46 3428 259 3478 {fifixffigmffinh
290 3436 457 3501 Sis-‚cunno
482 3424 663 3456 ostenditur
685 3422 777 3464 quod
799 3422 890 3452 Deus
913 3426 960 3452 est
982 3430 1042 3452 sua
1066 3419 1194 3450 bonitas
1209 3419 1236 3449 ’ἦ

387 3470 411 3501 Ι.
434 3470 601 3502 Probatur
616 3469 738 3510 primo.
763 3467 852 3498 Deus
880 3471 928 3496 est
957 3474 1053 3496 suum
1087 3473 1166 3495 esse.
1198 3463 1284 3504 Ergo
1313 3469 1360 3494 est

289 3526 347 3547 sua
369 3515 506 3546 bonitas.
528 3531 554 3537 -
573 3514 732 3544 Probatur
755 3511 997 3552 consequentia.
1029 3509 1115 3547 Quia
1138 3517 1207 3539 esse
1229 3509 1263 3539 in
1286 3513 1360 3538 actu

289 3562 323 3592 in
346 3569 552 3600 unoquoque
576 3564 624 3590 est
646 3559 772 3588 bonum
796 3557 906 3598 ipsiuS.

345 3604 535 3636 Notandum
565 3613 604 3634 ex
634 3602 782 3634 doctrina
813 3601 922 3633 Sancti
949 3600 1096 3635 Thomae
1126 3598 1231 3629 Prima
1259 3597 1361 3636 Parte,

291 3659 322 3690 q.
339 3660 370 3686 v,
387 3659 417 3686 2,
438 3649 479 3679 ad
498 3658 531 3687 4,
556 3647 648 3688 quod
670 3647 734 3677 vita
765 3652 797 3677 et
824 3646 957 3677 scientia
987 3650 1018 3675 et
1045 3643 1124 3674 aliae
1148 3641 1363 3683 perfectiones

434 3713 528 3738 Smnu
547 3711 659 3736 Cosmi
678 3708 813 3735 emmas
832 3709 862 3734 D.
881 3708 997 3733 Tamus
1016 3706 1085 3731 Tou.
1106 3706 1122 3730 1.

1413 3428 1482 3449 non
1505 3422 1702 3458 appetuntur
1725 3416 1785 3446 nisi
1809 3414 1987 3445 secundum
2012 3422 2079 3443 esse
2103 3413 2135 3442 in
2160 3418 2246 3442 actu:
2271 3412 2380 3443 nullus
2396 3413 2483 3443 enim

1414 3462 1536 3504 appetit
1557 3463 1657 3492 vitam
1680 3461 1741 3491 nisi
1765 3466 1801 3490 ut
1823 3469 1880 3500 per
1906 3459 2008 3498 ipsam
2038 3458 2132 3493 vivat,
2157 3466 2264 3497 neque
2294 3457 2483 3498 sapientiam

1413 3508 1475 3538 nisi
1498 3513 1535 3538 ut
1557 3516 1615 3547 per
1638 3506 1741 3546 ipsam
1764 3505 1889 3545 sapiens
1909 3504 1957 3533 sit.
1982 3502 2024 3533 Et
2039 3503 2114 3542 quia
2130 3502 2218 3532 bono
2234 3502 2315 3531 ratio
2331 3502 2484 3532 convenit

1415 3551 1596 3592 appetibilis
1611 3551 1805 3590 inquantum
1822 3554 1869 3579 est
1884 3547 2010 3578 alterius
2034 3547 2245 3587 perfectivum
2261 3547 2288 3581 ἃ,
2307 3546 2382 3576 ideo
2402 3546 2484 3577 nulli

1416 3596 1568 3628 convenit
1590 3595 1671 3626 ratio
1695 3595 1774 3625 boni
1797 3594 1856 3623 nisi
1879 3593 2072 3632 inquantum
2096 3597 2143 3622 est
2162 3596 2245 3621 actu.
2270 3590 2405 3634 Propter
2419 3591 2483 3621 hoc

1415 3641 1521 3681 inquit
1545 3640 1682 3671 Sanctus
1698 3638 1843 3669 Thomas
1868 3635 1957 3677 quod
1981 3645 2048 3666 esse
2072 3636 2104 3666 in
2129 3641 2203 3666 actu
2228 3635 2260 3665 in
2290 3645 2484 3676 unoquoque

2309 3697 2339 3721 15

2503 565 2512 574 '
2528 563 2638 589 cf.11’.,
2657 569 2678 590 v,
2696 571 2715 586 ν.

2503 610 2512 619 ·
2528 608 2576 635 Qu.
2587 614 2635 630 ιιι.

2504 741 2511 749 ·
2523 740 2559 761 ef.
2575 746 2633 766 n.1¹,
2646 739 2717 762 Circa

2505 767 2628 788 rationem.

2512 2164 2520 2173 ·
2532 2163 2637 2185 (js-Meta
2655 2163 2722 2188 lala,

2513 2196 2579 2242 =i,4q;
2595 2196 2614 2211 s,
2647 2189 2678 2216 h.,
2693 2189 2722 2215 Π,

2511 2642 2519 2650 ·
2534 2640 2590 2668 Cap.
2602 2646 2660 2663 xxn.

2509 2906 2518 2914 ·
2533 2904 2590 2932 cap.
2601 2909 2667 2925 xvm.

2510 3107 2570 3162 ''9'f.
2585 3107 2638 3129 Luc.
2654 3113 2723 3134 xvm,

2512 3142 2519 3156 ι
2540 3151 2546 3156 .

2511 3547 2519 3554 “
2535 3544 2570 3566 Ct.
2591 3543 2723 3565 Comment.

2511 3578 2530 3593 c.
2548 3576 2631 3597 praec„
2648 3576 2670 3591 n.
2682 3576 2711 3591 ιγ.
