2742 4152
794 265 983 302 SUMMA
1012 263 1234 304 CONTRA
1263 266 1539 316 GENTILES,
1571 266 1682 304 CAP.
1704 267 1834 315 XVIII,
1855 260 1957 304 XIX.

274 343 488 375 animalitatis
510 341 680 375 includens
706 344 797 375 unite
821 349 853 375 et
876 344 998 384 absque
1022 344 1242 377 distinctione:
1268 348 1351 378 sicut

275 394 307 420 et
329 389 445 419 albedo
470 389 626 420 abstracta
649 389 688 419 ab
712 389 804 419 omni
835 390 1019 429 susceptivo
1047 391 1202 427 continet,
1230 397 1266 421 ut
1293 392 1349 427 sic,

274 439 408 464 omnem
428 433 564 474 gradum
587 433 754 464 albedinis.
778 432 875 463 Tunc
900 434 987 464 enim
1011 435 1166 475 accipitur
1189 445 1291 475 genus
1314 441 1351 466 ut

273 477 378 518 forma
397 478 562 514 abstracta,
578 487 648 508 non
664 482 774 508 autem
796 482 833 508 ut
855 479 987 508 materia
1008 479 1174 510 illimitata.
1192 479 1225 510 Si
1242 486 1350 510 autem

274 523 450 563 accipiatur
465 532 568 563 genus
588 531 646 562 per
668 521 806 552 modum
823 523 1020 559 universalis,
1037 524 1137 554 veluti
1159 530 1267 554 totum
1290 533 1351 564 po—

272 567 403 598 tentiale
426 567 597 597 continens
619 567 654 596 in
676 566 822 606 potentia
845 576 918 597 suas
942 568 1075 607 species,
1100 569 1145 599 sic
1170 575 1216 599 est
1232 570 1352 609 imper-

272 611 389 642 fectius
412 611 592 651 speciebus,
617 616 649 641 et
672 616 720 641 est
742 612 843 651 magis
867 613 1087 652 compositum
1111 613 1352 653 compositione

273 655 440 692 materiali,
467 656 664 696 inquantum
687 655 721 686 in
744 655 816 695 ipso
845 657 1049 687 materialiter
1078 662 1110 688 et
1135 657 1353 698 potentialiter

275 709 390 731 omnes
413 709 491 730 suae
513 700 638 740 species
662 700 880 731 continentur.
897 719 919 723 -
939 701 1065 732 Dicitur
1088 701 1243 738 secundo,
1261 700 1352 741 quod

272 745 354 786 lapis
376 753 447 775 non
469 749 518 774 est
539 744 675 774 homine
694 745 882 785 simplicior,
899 755 1007 786 neque
1024 746 1222 776 elementum
1238 746 1351 781 mixto,

274 788 478 830 simplicitate
513 787 651 819 formali.
688 789 804 826 Immo,
837 791 946 820 minus
977 790 1151 831 simplicia:
1185 799 1226 820 eo
1261 788 1353 830 quod

273 834 376 874 magis
398 833 538 864 habeant
561 833 602 864 de
625 834 870 874 potentialitate,
887 843 964 864 cum
979 835 1013 864 in
1030 834 1075 864 eis
1096 834 1201 864 forma
1216 833 1256 864 sit
1271 839 1353 864 tota-

272 878 346 909 liter
370 878 523 908 immersa
552 878 715 914 materiae,
739 879 966 919 relinquatque
995 878 1163 908 materiam
1194 878 1296 918 magis
1319 878 1354 908 in

273 923 431 964 potentia.
447 940 471 945 -
487 922 575 953 Cum
596 923 752 963 probatur
767 923 844 963 quia
859 923 894 952 in
909 931 968 952 sua
983 923 1108 952 ratione
1124 922 1253 952 formali
1273 932 1353 963 pau-

275 968 379 999 ciores
395 966 589 998 differentias
604 966 787 1003 includunt,
800 966 916 998 dicitur
928 965 1019 1006 quod
1035 967 1270 1007 consequentia
1285 977 1354 998 non

274 1017 373 1043 tenet.
397 1011 445 1042 Ex
462 1021 503 1042 eo
520 1012 608 1042 enim
624 1011 715 1052 quod
730 1012 885 1052 pauciora
900 1010 1072 1041 includunt
1088 1011 1122 1041 in
1138 1021 1196 1042 sua
1217 1012 1354 1048 ratione,

274 1057 418 1097 arguitur
434 1055 525 1097 quod
540 1056 710 1096 pauciores
733 1055 949 1096 perfectiones
964 1055 1140 1086 virtualiter
1156 1056 1353 1093 confineant‚

274 1110 343 1131 non
359 1106 469 1131 autem
485 1099 576 1141 quod
591 1101 654 1130 sint
670 1100 845 1130 actualiora
865 1105 897 1130 et
919 1099 1115 1131 formaliora.
1133 1100 1237 1132 Simili
1252 1101 1353 1132 modo

275 1151 307 1176 et
329 1145 494 1186 pluralitas
515 1143 768 1175 differentiarum
790 1144 825 1174 in
847 1144 971 1175 ratione
995 1144 1132 1175 alicuius
1155 1146 1259 1185 arguit
1281 1146 1354 1186 plu-

274 1189 432 1220 ralitatem
455 1188 694 1229 perfectionum
714 1189 891 1219 virtualiter
915 1194 947 1219 et
969 1189 1060 1220 unite
1079 1190 1113 1220 in
1130 1190 1201 1230 ipso
1219 1196 1355 1221 conten-

274 1239 391 1271 tarum,
414 1243 483 1264 non
507 1238 617 1264 autem
640 1233 798 1263 maiorem
822 1233 1102 1273 potentialitatem.

330 1277 383 1309 Ad
413 1276 697 1310 confirmationem
729 1277 846 1308 dicitur
876 1277 967 1319 quod
991 1278 1127 1309 Sanctus
1151 1278 1297 1310 Thomas
1321 1280 1355 1310 in

238 1360 246 1361 ἶ
274 1323 385 1357 Prima
402 1322 508 1359 Parte,
533 1322 589 1353 ubi
613 1321 778 1363 allegatur,
802 1332 871 1353 non
901 1323 1048 1363 loquitur
1079 1323 1119 1354 de
1149 1324 1355 1364 simplicitate

275 1366 404 1399 formali
420 1372 453 1398 et
468 1367 710 1408 compositione
725 1367 895 1407 potentiali
910 1367 957 1398 illi
973 1368 1135 1408 opposita,
1153 1368 1193 1399 de
1210 1378 1275 1409 qua
1290 1369 1354 1399 hoc

275 1412 351 1443 Ioco
374 1411 523 1448 intendit,
547 1411 605 1442 sed
628 1411 668 1443 de
692 1412 935 1452 compositione
962 1413 1134 1453 corporali.
1165 1413 1264 1454 Apud
1294 1423 1356 1444 nos

276 1457 365 1488 enim
388 1458 527 1498 corpora
550 1465 635 1497 quae
658 1466 698 1487 ex
722 1456 791 1488 aliis
807 1457 999 1498 corporibus
1019 1463 1265 1498 componuntur
1281 1464 1356 1489 sunt

275 1500 337 1533 illis
359 1502 506 1538 meliora,
531 1502 608 1542 quia
630 1502 733 1542 magis
756 1501 876 1532 habent
892 1501 932 1532 de
948 1507 1022 1533 actu
1039 1508 1071 1533 et
1086 1501 1296 1543 perfectione,
1315 1512 1355 1534 eo

276 1545 368 1588 quod
389 1555 449 1588 per
471 1546 669 1578 nobiliorem
693 1546 832 1577 formam
856 1547 1104 1578 constituantur.

330 1590 372 1634 X.
396 1590 508 1622 Sexto.
531 1591 609 1622 Non
639 1597 722 1622 esset
752 1592 896 1632 primum
923 1597 955 1622 et
981 1601 1148 1623 summum
1177 1592 1313 1622 bonum.
1334 1609 1358 1613 -

275 1634 435 1667 Probatur
459 1636 704 1677 consequentia.
729 1635 765 1666 In
790 1636 881 1667 omni
905 1636 1091 1677 composito
1115 1637 1241 1667 bonum
1267 1635 1358 1677 quod

2424 269 2467 305 51

1405 352 1452 377 est
1474 347 1604 387 propria
1627 347 1726 377 totius
1750 346 1917 387 perfectio,
1934 356 2002 378 non
2019 351 2067 378 est
2084 347 2181 378 huius
2197 353 2251 378 aut
2266 347 2350 379 illius
2365 348 2473 388 partis.

1403 391 1494 421 Patet
1508 391 1649 422 ratione:
1674 392 1750 431 quia
1766 397 1870 431 partes
1887 397 1962 422 sunt
1976 391 2183 432 imperfectae
2198 398 2347 433 respectu
2362 392 2471 423 totius.

1403 435 1494 465 Patet
1510 436 1606 465 etiam
1623 436 1787 475 exemplo:
1803 442 1908 475 partes
1929 437 2015 466 enim
2031 437 2172 467 hominis
2186 446 2254 467 non
2270 443 2345 468 sunt
2359 436 2472 474 homo,

1405 484 1436 509 et
1459 484 1564 519 partes
1587 480 1715 509 numeri
1739 480 1853 510 senarii
1869 489 1937 510 non
1956 481 2075 510 habent
2097 480 2330 521 perfectionem
2346 483 2473 512 numeri

1404 524 1529 559 senarii,
1547 527 1578 553 et
1593 529 1697 563 partes
1714 523 1817 554 lineae
1832 533 1900 554 non
1916 525 2035 554 habent
2049 524 2281 565 perfectionem
2303 536 2473 558 mensurae

1405 577 1504 608 quam
1527 567 1623 597 habet
1646 567 1740 598 linea.
1773 567 1806 598 Si
1834 577 1909 608 ergo
1939 568 2027 599 Deus
2058 575 2139 599 esset
2170 572 2380 610 compositus,
2404 580 2473 601 non

1406 617 1488 642 esset
1510 620 1631 651 purum
1654 611 1733 642 illud
1757 612 1882 642 bonurn
1907 612 1996 652 quod
2021 618 2067 643 est
2090 613 2257 654 proprium
2274 615 2319 645 ei:
2345 616 2421 656 quia
2438 615 2473 646 in

1405 656 1477 696 ipso
1502 661 1584 686 esset
1607 655 1729 696 aliquid
1754 657 1806 686 cui
1836 666 1904 686 non
1934 657 2129 688 conveniret.
2155 658 2196 688 Et
2219 659 2263 689 sic
2292 669 2359 690 non
2392 665 2474 691 esset

1405 700 1548 740 primum
1573 705 1604 730 et
1626 710 1792 731 summum
1816 701 1951 731 bonum.

1461 743 1652 775 Notandum
1674 745 1727 775 hic
1751 750 1798 775 est
1822 745 1912 785 quod
1935 746 2076 786 primum
2101 751 2132 777 et
2155 756 2319 778 summum
2349 749 2474 779 bonum

1408 794 1538 828 oportet
1560 794 1597 819 ut
1620 790 1660 820 sit
1682 790 1752 829 ipsa
1775 790 1927 820 bonitatis
1958 790 2111 820 essentia:
2137 792 2222 830 quia,
2246 792 2272 822 si
2294 801 2362 823 non
2393 798 2475 824 esset

1406 833 1475 873 ipsa
1498 834 1635 870 bonitas,
1659 834 1791 864 haberet
1813 835 1993 865 bonitatem
2009 840 2170 875 receptam
2186 836 2220 866 in
2235 836 2355 876 aliquo,
2372 843 2403 867 et
2418 847 2476 878 per

1408 887 1613 918 consequens
1643 878 1811 909 limitatam
1841 884 1872 909 et
1902 879 2138 919 participatam,
2163 885 2194 910 et
2224 881 2268 910 sic
2297 890 2365 911 non
2395 887 2477 912 esset

1407 922 1550 962 primum
1567 928 1598 953 et
1614 932 1779 954 summum
1801 923 1937 954 bonum.
1963 923 2082 954 Forma
2104 929 2213 955 autem
2229 925 2382 955 abstracta
2398 926 2477 956 nihil

1408 972 1595 997 extraneum
1619 968 1658 997 ab
1681 968 1750 1007 ipsa
1774 977 1885 998 secum
1910 968 2057 1004 admittit,
2074 974 2110 999 ut
2126 978 2164 999 ex
2187 969 2314 1005 Boetio,
2339 970 2372 1000 in
2395 970 2476 1000 libro

1408 1011 1447 1041 de
1462 1011 1727 1043 Hebdomadibus
1742 1013 1769 1048 *‚
1795 1018 1937 1043 constat:
1962 1013 2044 1043 sicut
2059 1013 2245 1044 humanitas
2261 1013 2337 1044 dicit
2353 1019 2478 1044 tantum

1409 1065 1446 1086 ea
1470 1057 1587 1096 quibus
1611 1057 1713 1087 homo
1738 1062 1785 1087 est
1808 1057 1921 1093 homo,
1947 1062 1978 1087 et
2001 1058 2025 1087 si
2051 1063 2133 1088 esset
2156 1058 2195 1088 ab
2221 1058 2372 1089 omnibus
2396 1058 2477 1089 indi-

1407 1099 1512 1131 viduis
1535 1106 1688 1141 separata,
1712 1106 1749 1132 ut
1771 1102 1905 1132 nomine
1929 1102 2084 1132 abstracta
2107 1101 2312 1142 significatur,
2329 1103 2408 1134 nihil
2423 1103 2479 1133 ha-

1408 1145 1498 1175 beret
1513 1145 1600 1176 aliud
1616 1155 1737 1182 secum,
1755 1146 1900 1186 alioquin
1916 1156 1985 1176 non
2002 1152 2084 1177 esset
2099 1152 2224 1177 tantum
2246 1147 2278 1178 id
2294 1157 2360 1187 quo
2377 1148 2478 1178 homo

1409 1195 1456 1220 est
1478 1190 1591 1220 homo.
1617 1190 1693 1221 Ideo
1718 1191 1844 1221 bonitas
1869 1191 1908 1221 ab
1933 1191 2024 1221 omni
2046 1192 2210 1231 receptivo
2230 1192 2385 1222 abstracta
2400 1192 2479 1223 nihil

1407 1234 1505 1264 habet
1517 1234 1607 1275 quod
1622 1244 1690 1265 non
1707 1236 1746 1265 sit
1761 1236 1831 1275 ipsa
1846 1235 1982 1266 bonitas.
2000 1235 2041 1266 Et
2057 1236 2083 1266 si
2096 1236 2175 1276 quid
2188 1242 2234 1266 est
2250 1236 2339 1276 quod
2355 1242 2480 1277 praeter

1408 1279 1587 1309 bonitatem
1611 1289 1702 1310 suam
1727 1285 1758 1310 et
1780 1279 2015 1320 perfectionem
2047 1280 2168 1320 aliquid
2198 1281 2313 1311 habeat
2344 1282 2396 1312 cui
2423 1291 2480 1311 sua

1408 1323 1536 1354 bonitas
1559 1333 1628 1354 non
1652 1325 1834 1361 conveniat,
1858 1334 1926 1355 non
1951 1330 1998 1355 est
2020 1325 2147 1355 bonitas
2169 1325 2248 1365 ipsa,
2266 1325 2321 1356 sed
2337 1326 2480 1356 bonitate

1409 1369 1620 1409 participans3
1652 1374 1750 1409 atque
1779 1369 1901 1399 idcirco
1931 1379 2000 1399 non
2024 1374 2071 1399 est
2094 1370 2235 1410 primum
2260 1376 2291 1401 et
2314 1379 2479 1401 summum

1409 1413 1545 1443 bonum.
1571 1413 1604 1444 Si
1627 1414 1736 1454 itaque
1759 1414 1792 1443 in
1816 1413 1888 1444 Deo
1912 1413 2034 1454 aliquid
2057 1415 2261 1454 posuerimus
2291 1415 2344 1445 cui
2375 1414 2481 1445 divina

1410 1457 1566 1498 perfectio
1592 1467 1676 1498 quae
1699 1458 1759 1488 sibi
1788 1458 1919 1498 propria
1950 1463 1997 1489 est
2025 1467 2094 1488 non
2127 1459 2307 1495 conveniat,
2331 1468 2399 1490 non
2423 1459 2482 1490 erit

1410 1502 1500 1533 Deus
1524 1502 1667 1542 primum
1690 1508 1722 1532 et
1745 1512 1911 1533 summum
1934 1503 2070 1533 bonum.

1466 1546 1618 1587 Septimo.
1644 1546 1787 1577 Omnem
1810 1546 2052 1578 multitudinem
2075 1547 2237 1588 praecedit
2258 1547 2370 1578 unitas.
2395 1547 2481 1587 Ergo

1410 1590 1444 1621 id
1468 1591 1559 1631 quod
1583 1591 1694 1622 omnia
1716 1591 1889 1632 praecedit,
1913 1591 2130 1628 multitudine,
2155 1597 2186 1622 et
2209 1601 2247 1622 ex
2272 1592 2483 1632 consequenti

1412 1636 1653 1676 compositione
1677 1641 1782 1666 careat
1804 1645 1936 1667 necesse
1960 1641 2016 1667 est.

1360 1740 1412 1784 m.

760 1889 1248 1946 CAPITULUM
1301 1889 1685 1945 DECIMUM
1731 1889 2015 1947 NONUM

1113 1999 1142 2029 A
1166 2007 1210 2038 4r
1241 2006 1304 2038 a17
1327 2017 1351 2021 -
1374 2008 1428 2037 40.
1453 1999 1522 2029 sine
1545 1999 1651 2029 titulo.

332 2081 509 2134 QUOD
542 2080 604 2121 IN
638 2080 766 2121 DEO
801 2080 968 2120 NIHIL
1003 2079 1120 2121 EST
1153 2079 1520 2121 VIOLENTUM
1555 2079 1768 2132 NEQUE
1802 2081 2088 2122 PRAETER
2121 2082 2431 2124 NATURAM

490 2215 515 2239 x
556 2203 633 2239 hoc
678 2209 811 2239 autem
857 2201 1122 2251 Philosophus
1163 2201 1359 2238 concludit

505 2255 615 2305 quod
643 2254 684 2292 in
712 2255 798 2292 Deo
822 2254 918 2292 nihil
946 2262 1073 2304 potest
1101 2266 1184 2292 esse
1212 2255 1357 2292 violen-

244 2316 251 2335 ὅ
282 2207 490 2407 ³}
504 2316 590 2346 tum
618 2320 748 2358 neque
777 2316 883 2346 extra
910 2316 1091 2346 naturam
1109 2308 1140 2345 ²¹⁸.

561 2363 693 2401 Omne
713 2362 817 2399 enim
836 2361 931 2399 illud
950 2361 990 2399 in
1010 2374 1091 2412 quo
1110 2360 1255 2411 aliquid
1275 2360 1358 2398 vio-

1467 2202 1620 2239 Adhuc.
1651 2201 1899 2252 Ubicumque
1924 2211 1978 2240 est
2002 2203 2160 2252 aliquod
2184 2204 2410 2254 violentum,
2434 2206 2487 2244 ibi

1413 2262 1540 2304 potest
1574 2267 1656 2292 esse
1690 2255 1834 2305 aliquid
1867 2264 2019 2305 praeter
2050 2256 2089 2294 id
2123 2259 2230 2307 quod
2264 2258 2318 2296 rei
2349 2271 2419 2309 per
2446 2272 2488 2297 se

1414 2308 1611 2346 convenit:
1646 2320 1739 2346 nam
1774 2309 1990 2347 violentum
2028 2311 2280 2349 contrariatur
2313 2312 2346 2349 ei
2379 2314 2487 2362 quod

1415 2370 1471 2399 est
1494 2362 1713 2399 secundum
1737 2370 1927 2400 naturam.
1957 2363 2034 2401 Sed
2060 2364 2100 2401 in
2119 2365 2204 2402 Deo
2224 2377 2304 2403 non
2325 2374 2380 2403 est
2398 2379 2487 2416 pos-

278 2418 429 2455 lentum
457 2423 494 2453 et
511 2423 665 2466 praeter
692 2423 873 2453 naturam
893 2415 1101 2463 invenitur,
1121 2414 1267 2464 aliquid
1287 2414 1356 2452 sibi
1382 2422 1392 2444 5
1415 2415 1522 2452 sibile
1551 2427 1634 2453 esse
1663 2415 1807 2465 aliquid
1836 2425 1987 2466 praeter
2005 2417 2044 2454 id
2073 2419 2181 2467 quod
2210 2419 2427 2457 secundum
2447 2433 2487 2457 se

279 2469 456 2508 additum
485 2469 620 2507 habet:
650 2481 744 2507 nam
772 2469 881 2519 quod
910 2477 966 2506 est
994 2469 1043 2507 de
1072 2468 1285 2506 substantia
1304 2468 1356 2506 rei

279 2534 363 2562 non
375 2530 503 2573 potest
521 2535 605 2561 esse
619 2523 838 2560 violentum
853 2535 982 2572 neque
997 2530 1150 2572 praeter
1163 2530 1355 2560 naturam.

279 2577 447 2615 Nullum
466 2584 599 2614 autem
618 2576 782 2626 simplex
802 2576 919 2614 habet
947 2576 987 2614 in
1016 2589 1057 2613 se
1085 2575 1231 2625 aliquid
1251 2575 1358 2613 addi-

279 2638 384 2668 tum:
406 2642 453 2667 ex
473 2631 550 2668 hoc
565 2629 671 2667 enim
687 2629 919 2679 compositio
939 2629 1231 2679 relinqueretur.
1254 2629 1358 2666 Cum

1414 2469 1449 2506 ei
1478 2468 1675 2506 convenit:
1706 2481 1798 2506 cum
1825 2470 2043 2508 secundum
2073 2484 2112 2508 se
2142 2471 2188 2508 sit
2215 2485 2372 2510 necesse
2392 2486 2485 2521 esse,

1414 2530 1457 2560 ut
1485 2530 1686 2559 ostensum
1715 2530 1771 2559 est
1784 2523 1814 2560 ²¹³.
1845 2524 1938 2561 Non
1966 2532 2092 2574 potest
2120 2524 2232 2573 igitur
2259 2526 2299 2563 in
2328 2538 2375 2564 eo
2404 2539 2486 2564 esse

1413 2576 1559 2625 aliquid
1587 2576 1814 2613 violentum.

1467 2630 1573 2666 Item.
1618 2630 1749 2667 Omne
1786 2629 1827 2666 in
1864 2642 1945 2679 quo
1987 2638 2043 2667 est
2084 2631 2228 2680 aliquid
2270 2631 2485 2670 violentum

281 2683 395 2733 igitur
412 2684 522 2722 Deus
541 2683 587 2721 sit
610 2683 787 2733 simplex,
803 2691 846 2721 ut
865 2690 1067 2720 ostensum
1087 2690 1143 2720 est
1156 2683 1187 2730 ³¹⁸,
1204 2682 1300 2719 nihil
1318 2682 1358 2719 in
1373 2697 1400 2713 xo
1413 2683 1475 2719 vel
1502 2682 1728 2729 innaturale,
1757 2690 1894 2720 natum
1925 2691 1981 2720 est
2008 2683 2057 2720 ab
2086 2684 2160 2721 alio
2195 2685 2362 2722 moveri:
2391 2698 2485 2723 nam

281 2749 330 2775 eo
349 2745 476 2788 potest
502 2749 585 2774 esse
604 2737 822 2774 violentum
842 2749 971 2786 neque
995 2744 1147 2786 praeter
1164 2743 1356 2773 naturam.

300 2793 302 2795 ’
335 2790 527 2840 Amplius
544 2790 763 2827 Necessitas
782 2790 992 2828 coactionis
1012 2798 1068 2827 est
1086 2789 1292 2826 necessitas
1312 2801 1359 2826 ex

281 2843 369 2882 alio.
393 2845 437 2882 In
456 2844 543 2881 Deo
563 2851 695 2881 autem
714 2855 796 2880 non
816 2851 871 2880 est
890 2843 1096 2881 necessitas
1115 2855 1162 2879 ex
1182 2842 1270 2889 alio,
1290 2842 1358 2879 sed

282 2904 339 2935 est
370 2908 442 2947 per
472 2897 646 2947 seipsum
681 2896 956 2944 necessarium,
986 2904 1023 2934 et
1050 2908 1167 2934 causa
1195 2894 1359 2933 necessi-

281 2950 367 2988 tatis
395 2950 477 2988 aliis
495 2950 526 2987 ²¹⁸.
557 2949 673 2999 Igitur
700 2949 795 2987 nihil
822 2949 861 2987 in
891 2962 939 2987 eo
967 2957 1024 2987 est
1052 2957 1243 2986 coactum.

1019 3062 1036 3088 8
1055 3063 1162 3088 Nullum
1172 3082 1179 3089 .
1190 3080 1198 3088 .
1206 3079 1214 3088 .

725 3098 756 3124 15
777 3098 840 3124 nihil
855 3102 919 3131 post
936 3099 962 3123 in
980 3106 1013 3123 eo
1032 3098 1100 3124 GPc.

338 3143 352 3160 2
373 3140 476 3169 praeter
493 3134 529 3169 id]
548 3140 652 3168 praeter
669 3140 788 3160 naturam
801 3135 827 3159 id
839 3133 908 3165 (eius
926 3133 1023 3165 FHYb,
1042 3134 1107 3159 illud
1126 3132 1161 3168 G)
1181 3134 1274 3161 aGYb.

283 3178 300 3205 7
319 3178 382 3197 esse
394 3174 461 3204 post
478 3171 576 3204 aliquid
595 3171 639 3196 Pc.
725 3177 758 3196 10
776 3170 810 3195 ab
828 3170 879 3195 alio
893 3173 958 3202 post
976 3170 1076 3195 moveri
1095 3169 1166 3196 GPc.

337 3070 349 3089 ι
373 3063 551 3097 Philosophus
570 3063 702 3088 concludit
714 3063 750 3094 N;
764 3063 935 3089 concluditur.

281 3099 325 3125 vel
343 3099 376 3125 ab
395 3100 446 3124 alio
463 3099 570 3125 addunt
588 3099 638 3124 Pd.

1235 3069 1265 3088 ιι
1288 3067 1390 3096 praeter
1408 3068 1528 3088 naturam
1547 3063 1607 3088 hom
1621 3070 1664 3088 om
1678 3063 1747 3089 GPc.

1412 2735 1630 2772 violentum
1672 2743 1728 2772 est
1769 2738 1873 2773 cuius
1912 2739 2142 2787 principium
2185 2744 2236 2774 est
2282 2745 2390 2776 extra
2432 2739 2486 2776 nil

1413 2789 1629 2837 conferente
1654 2791 1730 2827 vim
1754 2802 1868 2839 passo
1888 2789 1918 2826 ²⁸.
1949 2790 2057 2827 Deus
2080 2798 2212 2828 autem
2236 2799 2292 2828 est
2320 2792 2483 2830 omnino

1413 2841 1635 2888 immobilis,
1669 2850 1712 2880 ut
1749 2850 1950 2880 ostensum
1988 2851 2043 2880 est
2061 2843 2091 2881 *.
2130 2843 2246 2892 Igitur
2282 2857 2362 2882 non
2398 2853 2483 2895 pot-

1414 2902 1470 2932 est
1515 2895 1555 2932 in
1601 2907 1649 2933 eo
1692 2908 1775 2933 esse
1821 2896 1965 2946 aliquid
2006 2896 2222 2934 violentum
2267 2899 2329 2935 vel
2375 2898 2482 2936 inna-

1375 2966 1398 2986 ις
1413 2949 1546 2986 turale.

1821 3070 1849 3088 ιι
1873 3069 1960 3097 potest
1966 3067 2032 3096 post
2050 3072 2109 3090 esse
2124 3064 2246 3090 CEFHX.
2321 3072 2352 3090 12
2373 3073 2403 3091 ex
2421 3066 2481 3100 alio]

1364 3134 1401 3160 rei
1414 3142 1462 3168 per
1474 3133 1513 3168 se]
1527 3135 1673 3160 secundum
1687 3142 1716 3159 se
1729 3135 1752 3159 ei
1767 3134 1823 3166 NZ3
1838 3134 1864 3159 in
1878 3135 1900 3159 A
1914 3138 1977 3160 ante
1990 3142 2037 3168 per
2055 3143 2084 3160 se
2103 3136 2274 3169 expungitur
2286 3137 2430 3162 secundum
2444 3145 2482 3162 se.

1045 3251 1384 3284 Commentaria
1412 3250 1726 3284 Fer-ramensis

334 3343 355 3364 x
378 3332 584 3374 praecedenti
612 3332 825 3363 conclusione
848 3330 1018 3362 deducitur
1048 3330 1236 3361 corollative
1266 3330 1358 3371 quod

288 3343 369 3408 Ein
393 3378 465 3409 Deo
490 3377 572 3408 nihil
588 3382 699 3418 potest
721 3386 789 3407 esse
812 3376 999 3411 violentum,
1017 3375 1160 3415 nihilque
1182 3379 1277 3406 extra
1298 3384 1357 3405 na—

285 3427 403 3453 turam.
434 3421 488 3454 Ad
517 3423 609 3453 cuius
640 3421 834 3452 evidentiam
868 3419 1138 3451 considerandum
1166 3419 1257 3459 quod
1288 3420 1357 3451 vio-

285 3467 407 3498 lentum
428 3467 545 3498 dicitur
569 3466 660 3507 quod
683 3466 723 3496 ab
747 3466 926 3496 extrinseco
950 3465 1110 3506 principio
1134 3463 1180 3500 fit,
1204 3464 1294 3494 nulla
1323 3465 1357 3495 in

284 3521 380 3553 passo
405 3511 445 3542 ad
468 3511 549 3542 illud
572 3511 782 3542 inclinatione
805 3510 969 3546 existente,
993 3510 1095 3540 immo
1127 3509 1282 3540 existente
1309 3509 1358 3539 in-

1410 3336 1518 3372 potest
1542 3340 1610 3362 esse
1642 3330 1732 3371 quod
1763 3341 1839 3362 suae
1869 3337 2001 3362 naturae
2030 3336 2197 3372 repugnet,
2221 3341 2328 3372 neque
2359 3332 2480 3374 aliquid

1411 3375 1501 3416 quod
1524 3385 1593 3406 non
1617 3376 1656 3406 sit
1679 3375 1859 3406 secundum
1883 3382 2014 3407 naturae
2036 3376 2289 3406 inclinationem.

1466 3420 1631 3451 Probatur
1660 3426 1767 3451 autem
1792 3421 1914 3460 primo.
1946 3421 2035 3451 Deus
2065 3420 2144 3450 nihil
2176 3429 2253 3451 suae
2285 3422 2480 3452 substantiae

1411 3464 1556 3495 additum
1579 3465 1696 3495 habere
1718 3470 1842 3505 potest:
1867 3470 1903 3495 ut
1927 3474 1964 3495 ex
1987 3464 2251 3505 praecedentibus
2270 3471 2367 3506 patet.
2392 3465 2480 3506 Ergo

1411 3509 1492 3539 nihil
1507 3510 1538 3540 in
1555 3510 1627 3550 ipso
1645 3519 1713 3540 esse
1727 3515 1835 3550 potest
1858 3509 2037 3540 violentum
2060 3514 2115 3540 aut
2138 3515 2262 3549 praeter
2284 3515 2441 3541 naturam.
2457 3529 2480 3533 —

285 3556 459 3587 clinatione
482 3555 523 3586 ad
546 3556 746 3597 oppositum.
774 3555 910 3585 Praeter
933 3559 1086 3585 naturam
1109 3563 1186 3583 vero
1211 3558 1259 3583 est
1282 3563 1358 3584 cum
1411 3553 1569 3585 Probatur
1592 3554 1833 3594 consequentia.
1859 3553 1944 3591 Quia
1966 3553 2045 3584 nihil
2068 3553 2247 3585 violentum
2271 3560 2326 3585 aut
2355 3561 2480 3595 praeter

285 3601 320 3631 in
342 3606 456 3632 natura
478 3610 547 3631 non
571 3605 618 3631 est
642 3599 682 3630 ad
704 3599 784 3630 illud
807 3609 916 3640 neque
939 3599 1104 3629 inclinatio
1128 3607 1236 3638 neque
1262 3607 1358 3638 repu-

285 3646 425 3685 gnantia.
449 3645 574 3676 ‘Sensus
599 3654 676 3685 ergo
700 3644 919 3675 conclusionis
943 3649 990 3674 est
1013 3642 1103 3683 quod
1126 3643 1160 3673 in
1183 3642 1255 3672 Deo
1277 3642 1358 3673 nihil

1411 3604 1559 3629 naturam
1576 3604 1623 3629 est
1638 3598 1678 3629 de
1694 3599 1868 3629 substantia
1882 3598 1943 3628 rei:
1961 3603 1997 3628 ut
2013 3607 2051 3628 ex
2066 3599 2244 3630 rationibus
2264 3600 2479 3631 terminorum

1413 3648 1547 3673 constat.

2505 1012 2513 1021 ·
2530 1011 2554 1032 S.
2565 1011 2609 1033 Th.
2623 1012 2638 1033 l.
2654 1019 2661 1034 ι
2679 1012 2715 1038 (al.

2506 1038 2628 1065 Quomodo
2660 1038 2714 1060 sub-

2505 1064 2610 1117 Ξὶἷῖἷξίαε
2642 1065 2717 1086 bonae

2514 2527 2522 2536 ¹
2538 2526 2594 2548 Loc.
2604 2527 2644 2548 ult.
2660 2526 2698 2548 cit.

2511 2792 2520 2801 ·
2535 2791 2662 2819 111Ει1ιίε.,
2676 2797 2692 2819 ι,
2702 2798 2722 2820 3;

2511 2824 2529 2839 s.
2540 2817 2584 2840 Th.
2600 2819 2616 2840 l.
2627 2825 2647 2840 ι.

2511 2850 2520 2859 ·
2535 2849 2594 2877 Cap.
2603 2855 2656 2871 ¹111.
