2768 4134
38 1259 46 1267 ·
62 1257 98 1279 cf.
107 1263 184 1285 supra,
193 1263 215 1278 n.
226 1263 250 1277 x.

38 1839 47 1846 “
64 1836 99 1857 De
112 1836 172 1861 Pol„
193 1842 215 1864 q.
231 1841 252 1860 v,

39 1870 60 1884 a.
73 1869 95 1891 5;
106 1863 218 1890 1VSent.,
230 1862 253 1883 d.

39 1896 120 1916 ιινιιι,
132 1896 154 1918 q.
164 1896 188 1916 ιι,
201 1896 222 1911 a.
233 1896 252 1910 2.

287 248 337 283 60

286 323 375 364 quod
405 323 458 353 illa
486 320 678 361 propositio,
702 319 852 349 Potentia
871 318 974 360 finita
1005 327 1069 348 non
1095 322 1203 359 potest
1227 326 1356 353 movere

285 375 426 408 tempore
450 365 585 406 infinito,
602 363 810 404 intelligenda
826 369 873 394 est
889 363 929 394 de
944 363 1088 403 potentia
1105 361 1194 393 finita
1210 361 1356 402 corporis

284 412 374 447 finiti,
400 416 431 441 et
454 409 543 450 quod
566 409 636 439 talis
656 418 725 439 non
745 414 853 449 potest
869 408 909 439 de
925 417 958 438 se
974 413 1122 449 tempore
1138 406 1266 437 infinito
1282 415 1354 436 mo-

283 465 366 486 vere.
392 454 494 484 Cuius
516 454 597 484 ratio
622 459 669 484 est
692 453 778 493 quia,
804 462 879 484 cum
903 462 1022 493 corpus
1044 462 1113 483 non
1140 456 1270 482 moveat
1293 451 1354 480 nisi

283 506 420 534 motum,
445 499 470 528 si
494 498 660 538 contingat
682 498 790 538 ipsum
814 507 881 528 non
905 498 1040 533 moveri,
1065 497 1231 536 continget
1258 496 1355 526 etiam

282 553 349 574 non
365 551 507 573 movere.
524 542 694 581 Quantum
710 547 819 573 autem
836 548 883 572 est
899 552 937 572 ex
953 552 997 578 se,
1012 551 1110 572 omne
1127 550 1246 581 corpus
1263 539 1353 580 quod

282 593 432 618 movetur
446 592 554 628 potest
569 597 638 617 non
654 588 791 617 moveri:
809 596 849 617 eo
863 586 952 627 quod
968 587 1050 617 inter
1061 586 1217 616 terminos
1233 590 1353 620 motus,

282 633 338 673 qui
362 637 437 663 sunt
460 632 614 673 oppositi,
637 637 815 662 moveatur.
840 630 917 662 Ideo
934 641 973 662 ex
992 641 1025 662 se
1041 631 1102 661 sibi
1117 639 1185 660 non
1203 629 1355 660 convenit

281 683 318 708 ut
340 682 500 718 perpetuo
523 682 671 717 tempore
693 681 872 707 moveatur.
897 676 938 706 Et
961 676 1006 706 sic
1029 685 1097 705 non
1121 674 1274 704 convenit
1294 673 1354 703 sibi

279 731 320 752 ex
343 731 378 752 se
401 727 437 752 ut
458 727 618 762 perpetuo
641 727 789 762 tempore
813 726 953 751 moveat.
969 739 991 742 —
1014 718 1115 758 Quod
1139 723 1249 749 autem
1272 717 1353 748 obii-

279 767 363 797 citur
385 766 426 797 de
449 767 554 797 caelo:
571 784 594 788 -
618 765 733 797 dicitur
756 765 847 806 quod
869 775 988 805 corpus
1012 763 1102 804 quod
1124 768 1232 803 potest
1255 761 1295 792 de
1319 771 1352 792 se

280 811 406 842 moveri
436 817 467 841 et
496 821 564 841 non
595 811 729 847 moveri,
754 819 885 841 movere
916 815 948 840 et
978 818 1047 839 non
1075 817 1220 843 movere,
1245 811 1353 846 potest

279 861 389 886 motus
411 856 659 896 perpetuitatem
682 856 721 885 ab
745 855 809 885 alio
825 855 953 890 habere,
970 852 1026 884 sed
1040 852 1121 883 illud
1137 855 1268 892 oportet
1283 859 1353 881 esse

279 900 523 940 incorporeum:
549 905 680 940 propter
704 898 794 939 quod
818 904 948 938 oportet
970 898 1112 938 primum
1143 905 1280 926 movens
1303 895 1352 925 in-

281 953 476 984 corporeum
500 953 578 974 esse.
602 944 643 974 Et
666 945 730 974 hoc
754 943 854 973 modo
878 942 928 973 sol
950 947 1059 982 potest
1086 946 1246 982 perpetuo
1269 938 1352 970 infe-

279 989 363 1019 riora
385 998 528 1025 movere,
552 998 621 1019 non
645 987 777 1028 quidem
801 997 839 1018 ex
862 997 906 1023 se,
923 986 980 1017 sed
1000 987 1116 1016 virtute
1139 986 1353 1025 incorporeae

280 1033 484 1064 substantiae.

334 1077 497 1114 Secundo,
521 1082 668 1107 removet
690 1075 826 1107 dubium
859 1075 950 1116 quod
978 1074 1049 1106 fieri
1079 1079 1198 1115 posset.
1223 1073 1354 1104 Diceret

279 1122 366 1153 enim
389 1121 503 1162 aliquis
527 1120 618 1161 quod
640 1120 673 1151 id
697 1119 787 1161 quod
811 1129 849 1150 ex
878 1130 912 1151 se
943 1125 1051 1160 potest
1079 1119 1205 1150 moveri
1229 1123 1261 1149 et
1283 1127 1352 1149 non

278 1166 412 1202 moveri,
429 1175 497 1197 non
513 1170 619 1206 potest
635 1165 674 1195 ab
691 1165 754 1195 alio
772 1164 938 1205 acquirere
954 1170 1064 1195 motus
1087 1163 1351 1204 perpetuitatem:

278 1211 361 1242 sicut
382 1211 488 1251 inquit
511 1209 760 1240 Commentator
775 1208 809 1240 id
824 1208 915 1249 quod
931 1214 1039 1249 potest
1054 1218 1123 1239 esse
1139 1213 1172 1238 et
1186 1217 1256 1238 non
1272 1216 1352 1243 esse,

277 1265 345 1286 non
369 1264 464 1295 posse
495 1254 534 1284 ab
566 1253 628 1284 alio
660 1254 911 1294 perpetuitatem
941 1252 1068 1284 essendi
1098 1253 1266 1293 acquirere
1281 1253 1308 1282 *.
1331 1269 1355 1274 -

276 1298 466 1339 Respondet
488 1303 597 1329 autem
621 1297 712 1338 quod
734 1307 803 1330 non
827 1304 874 1329 est
897 1298 1012 1329 eadem
1034 1298 1116 1328 ratio
1140 1297 1180 1328 de
1203 1301 1299 1328 motu
1322 1301 1354 1327 et

277 1344 318 1374 de
341 1353 420 1374 esse.
445 1342 529 1373 Nam
552 1348 662 1374 motus
686 1347 734 1373 est
757 1342 890 1383 quidam
913 1342 1062 1374 defluxus
1093 1352 1111 1373 a
1141 1346 1296 1373 movente
1318 1341 1354 1372 in

277 1388 311 1419 id
334 1387 425 1428 quod
447 1392 610 1418 movetur:
635 1387 728 1423 idest,
745 1387 868 1428 aliquid
882 1387 1040 1423 instabile,
1058 1392 1090 1418 et
1111 1386 1355 1418 successionem

278 1433 409 1469 habens,
434 1441 471 1462 ac
501 1432 535 1462 in
565 1431 710 1473 quodam
737 1431 807 1463 fieri
836 1433 1024 1464 consistens.
1057 1431 1137 1462 Esse
1166 1438 1276 1462 autem
1307 1435 1355 1462 est

278 1476 401 1518 aliquid
415 1476 518 1507 fixum
533 1481 566 1507 et
581 1477 729 1517 quietum
744 1477 778 1508 in
793 1486 842 1508 re:
859 1476 951 1513 idest,
967 1482 1076 1508 totum
1091 1476 1189 1507 simul
1205 1475 1354 1511 existens.

278 1528 311 1553 et
333 1531 403 1552 non
426 1521 605 1553 consistens
627 1522 661 1552 in
684 1520 764 1552 fieri.
788 1520 865 1553 Ideo
889 1527 997 1562 potest
1020 1519 1154 1561 aliquod
1175 1520 1299 1553 mobile
1315 1520 1354 1550 ab

278 1567 343 1597 alio
366 1566 616 1606 perpetuitatem
634 1571 744 1597 motus
760 1567 926 1607 acquirere
943 1575 1042 1607 quam
1057 1575 1096 1596 ex
1111 1575 1146 1596 se
1162 1574 1231 1596 non
1247 1565 1355 1600 habet,

278 1610 460 1642 secundum
484 1619 598 1641 causae
622 1611 783 1644 moventis
806 1610 976 1642 influxum.
1004 1609 1106 1649 Quod
1128 1615 1239 1640 autem
1261 1608 1302 1640 de
1321 1618 1366 1639 se-

279 1661 328 1686 est
350 1655 384 1686 in
407 1655 553 1696 potentia
575 1654 616 1686 ad
639 1664 708 1686 non
731 1664 810 1691 esse,
834 1665 903 1687 non
927 1653 1250 1696 potesn'secundum
1270 1654 1356 1685 viam

280 1706 424 1737 naturae,
448 1700 487 1730 ab
511 1699 574 1730 alio
598 1699 726 1732 essendi
749 1700 999 1742 perpetuitatem
1022 1700 1199 1740 acquirere.

335 1744 419 1775 XIII.
444 1744 539 1776 Circa
554 1745 637 1777 hanc
652 1746 900 1786 responsionem
916 1745 1035 1787 duplex
1051 1745 1192 1776 occurrit
1208 1743 1355 1775 dubium.

280 1791 426 1822 Primum
441 1795 499 1826 est,
517 1790 593 1831 quia
608 1796 718 1822 motus
733 1791 825 1827 caeli,
845 1790 1027 1823 secundum
1050 1789 1231 1822 doctrinam
1247 1787 1357 1819 Sancti

281 1835 430 1866 Thomae
442 1836 469 1871 *,
493 1844 562 1866 non
586 1835 722 1867 cessabit
744 1835 938 1871 naturaliter,
955 1834 1011 1866 sed
1026 1840 1152 1865 tantum
1168 1834 1285 1864 virtute
1309 1832 1357 1863 di-

281 1880 364 1910 vina.
390 1880 431 1910 Et
453 1879 634 1910 secundum
658 1880 866 1911 Aristotelem
890 1885 937 1911 est
959 1879 1146 1910 naturaliter
1168 1882 1355 1918 perpetuus.

282 1925 379 1965 Ergo,
403 1929 563 1964 quantum
587 1929 638 1958 est
657 1934 696 1955 ex
719 1934 764 1961 se,
788 1934 857 1956 non
880 1930 989 1965 potest
1018 1933 1086 1954 non
1113 1923 1253 1954 moveri:
1279 1922 1357 1962 quia

281 1970 307 2000 si
323 1978 362 1999 ex
378 1978 411 1999 se
428 1974 459 1999 et
476 1978 514 1999 ex
529 1974 643 1999 natura
665 1978 723 1999 sua
746 1974 857 2009 posset
878 1978 947 2000 non
970 1968 1106 2004 moveri,
1130 1972 1241 2008 posset
1263 1971 1357 1997 natu-

280 2013 385 2044 raliter
407 2013 584 2053 quiescere,
609 2018 640 2044 et
663 2013 709 2044 sic
732 2023 855 2044 cessare
876 2023 895 2044 a
914 2018 1018 2044 motu.
1043 2013 1130 2052 Ergo
1147 2010 1226 2043 falsa
1241 2016 1289 2041 est
1303 2010 1357 2041 illa

279 2058 460 2099 propositio
484 2057 593 2088 Sancti
615 2057 766 2089 Thomae
795 2057 888 2098 quod
914 2067 1034 2098 corpus
1057 2066 1153 2087 omne
1174 2055 1263 2097 quod
1275 2064 1358 2089 ,mo-

281 2108 383 2138 vetur,
402 2102 559 2143 possibile
581 2107 629 2133 est
652 2112 718 2132 non
743 2103 876 2134 moveri.

336 2146 524 2178 Secundum
549 2152 596 2177 est
612 2147 698 2187 quia,
715 2147 742 2177 si
762 2156 881 2188 corpus
896 2147 1018 2177 habens
1037 2146 1217 2187 potentiam
1233 2143 1358 2175 finitam

281 2197 389 2233 potest
412 2192 451 2222 ab
475 2191 585 2231 aliquo
610 2192 775 2232 acquirere
799 2192 1048 2232 perpetuitatem
1072 2192 1105 2222 in
1129 2189 1254 2221 moveri
1275 2194 1307 2220 et
1321 2194 1358 2219 ut

281 2241 412 2268 moveat
434 2242 582 2276 tempore
605 2241 776 2277 perpetuo,
793 2246 870 2277 ergo
887 2235 928 2267 ad
946 2236 1010 2267 hoc
1029 2240 1066 2266 ut
1089 2233 1212 2275 aliquid
1227 2239 1358 2264 moveat

281 2287 429 2321 tempore
452 2279 591 2316 infinito,
615 2290 682 2311 non
707 2281 879 2321 requiritur
895 2286 932 2312 ut
946 2281 1062 2311 habeat
1085 2279 1266 2320 potentiam
1285 2276 1358 2308 infi-

282 2327 394 2361 nitam,
417 2324 475 2356 sed
497 2324 615 2355 sufficit
643 2330 679 2356 ut
710 2325 826 2356 habeat
849 2324 974 2356 finitam
1001 2325 1153 2355 virtutem
1183 2328 1357 2354 aeternam.

283 2370 386 2401 Cuius
410 2370 601 2410 oppositum
624 2370 758 2401 assumit
781 2369 1013 2401 demonstratio
1037 2367 1228 2400 Aristotelis.
1253 2366 1294 2398 Et
1313 2367 1359 2398 sic

283 2425 322 2446 ex
337 2415 551 2455 perpetuitate
566 2419 677 2445 motus
693 2424 760 2445 non
777 2414 1011 2446 demonstrabit
1029 2413 1173 2454 primum
1195 2417 1359 2443 motorem

283 2469 353 2490 esse
376 2459 500 2490 virtutis
523 2458 678 2490 infinitae.

341 2513 371 2534 2.
380 2500 433 2534 Ad
443 2502 637 2534 evidentiam
652 2503 749 2544 primi
761 2503 851 2534 dubii
867 2501 1138 2534 considerandum
1147 2500 1240 2543 quod
1250 2506 1360 2533 motus

284 2548 374 2584 caeli,
399 2553 435 2578 ut
457 2548 563 2589 inquit
586 2547 722 2579 Sanctus
739 2547 895 2584 Thomas,
912 2548 993 2584 Pot„
1011 2557 1042 2588 q.
1062 2557 1093 2583 v,
1112 2547 1141 2583 5,
1165 2555 1235 2578 non
1251 2546 1296 2576 sic
1313 2550 1361 2576 est

284 2593 345 2624 sibi
367 2592 519 2623 naturalis
543 2593 635 2633 quasi
658 2593 800 2633 aliquam
823 2593 976 2623 virtutem
991 2591 1172 2623 naturalem
1196 2591 1226 2622 ei
1249 2590 1360 2623 inhae÷

284 2642 409 2669 rentem
432 2642 663 2678 consequatur:
688 2636 744 2668 sed
764 2637 841 2678 quia
856 2637 890 2668 in
905 2637 978 2678 ipso
994 2642 1042 2668 est
1060 2635 1209 2677 aptitudo
1226 2640 1258 2666 et
1273 2635 1360 2676 prin-

285 2682 409 2723 cipium
431 2682 595 2723 passivum
625 2681 666 2712 ad
694 2681 792 2713 talem
821 2687 959 2713 motum.
992 2680 1070 2713 Ideo
1101 2679 1299 2722 perpetuitas
1329 2683 1362 2710 et

285 2727 506 2767 permanentia
529 2731 639 2758 motus
662 2726 742 2758 caeli
765 2736 835 2757 non
858 2731 906 2757 est
929 2724 1163 2758 consideranda
1189 2733 1247 2765 per
1270 2721 1361 2756 com-'-

285 2771 487 2812 parationem
503 2770 543 2802 ad
559 2771 701 2811 aliquam
717 2771 787 2802 eius
798 2771 950 2802 virtutem
967 2776 999 2801 et
1015 2769 1154 2801 formam
1170 2768 1361 2805 naturalem,

286 2815 342 2847 sed
358 2825 415 2857 per
431 2816 710 2857 comparationem
726 2815 766 2846 ad
782 2815 1027 2856 intelligentiam
1046 2819 1245 2850 moventem,
1262 2822 1362 2854 quae-

287 2869 430 2901 cumque
452 2860 493 2891 sit
515 2860 579 2891 illa.
611 2860 660 2891 Ex
683 2869 751 2900 quo
774 2860 921 2901 sequitur
943 2858 1045 2900 quod,
1069 2864 1229 2900 quantum
1253 2863 1300 2890 est
1323 2867 1363 2889 ex

286 2906 359 2946 ipso
384 2904 486 2940 caelo,
509 2905 543 2935 in
567 2913 635 2945 quo
659 2910 707 2935 est
729 2904 877 2945 aptitudo
906 2903 947 2935 ad
974 2904 1225 2944 acquisitionem
1252 2907 1362 2934 motus

288 2950 327 2980 ab
351 2949 426 2986 alio,
450 2950 483 2980 in
507 2950 580 2990 ipso
613 2949 710 2980 etiam
738 2954 786 2980 est
813 2947 960 2990 aptitudo
989 2948 1030 2980 ad
1052 2949 1116 2979 hoc
1139 2954 1176 2979 ut
1198 2957 1268 2979 non
1290 2957 1363 2978 mo—

287 2999 413 3024 veatur:
438 2994 524 3034 quia,
549 2994 575 3024 si
598 3003 735 3024 movens
762 2994 978 3024 extrinsecum
1010 2998 1113 3024 cesset
1140 3002 1159 3023 a
1186 2991 1363 3028 movendo.

288 3039 396 3078 ipsum
413 3038 539 3069 caelum
558 3047 626 3069 non
644 3038 837 3069 movebitur.
861 3038 902 3069 Et
918 3037 1138 3069 universaliter
1158 3045 1258 3068 omne
1273 3036 1365 3077 quod

289 3088 449 3119 movetur,
473 3083 667 3123 inquantum
690 3087 851 3119 movetur,
875 3087 924 3113 est
946 3082 981 3113 in
1004 3082 1151 3123 potentia
1173 3080 1214 3113 ad
1240 3081 1365 3112 moveri

290 3132 322 3157 et
343 3137 412 3158 non
435 3128 570 3164 moveri,
593 3127 799 3168 inquantum,
816 3127 843 3158 si
859 3135 996 3158 movens
1011 3131 1152 3163 moveat,
1169 3126 1277 3167 ipsum
1293 3134 1365 3157 mo-

290 3176 392 3208 vetur,
416 3172 442 3202 si
465 3177 574 3202 autem
597 3181 666 3202 non
689 3176 829 3207 moveat,
853 3171 962 3212 ipsum
989 3180 1059 3202 non
1087 3176 1246 3202 movetur.
1277 3169 1366 3203 Cum

291 3217 378 3246 enim
401 3216 529 3247 termini
552 3222 661 3247 motus
685 3216 748 3246 sint
772 3216 931 3257 oppositi;
957 3220 988 3246 et
1003 3214 1036 3246 id
1053 3214 1145 3256 quod
1160 3220 1311 3247 movetur
1326 3215 1367 3246 sit

292 3260 332 3290 ad
355 3266 530 3301 utrumque
554 3261 730 3292 terminum
745 3260 780 3291 in
795 3260 956 3301 potentia:
983 3259 1063 3290 dum
1079 3265 1127 3291 est
1142 3260 1202 3291 sub
1218 3269 1287 3291 uno
1303 3265 1365 3290 ter-

293 3305 393 3340 mino,
418 3310 524 3345 potest
540 3315 557 3335 a
573 3310 726 3336 movente
743 3304 784 3335 ad
803 3304 904 3335 alium
926 3304 1103 3335 terminum
1125 3305 1262 3340 moveri.
1279 3309 1367 3344 post-

293 3348 429 3379 modum
453 3358 575 3380 cessare
598 3359 616 3380 a
639 3354 744 3386 motu,
767 3349 795 3380 si
818 3349 987 3380 cessaverit
1010 3358 1146 3380 movens
1168 3357 1311 3380 movere.

349 3392 401 3423 Ad
416 3399 642 3434 argumentum
659 3403 747 3434 ergo,
763 3398 900 3434 negatur
914 3393 1160 3433 consequentia.
1177 3392 1274 3431 Quia,
1291 3402 1368 3425 cum

295 3436 411 3467 dicitur
434 3437 523 3478 quod
546 3447 613 3468 non
638 3438 773 3469 cessabit
796 3437 992 3473 naturaliter,
1016 3437 1205 3478 intelligitur
1227 3437 1319 3478 quod
1334 3437 1367 3469 in

296 3481 367 3521 ipso
392 3482 481 3512 caelo
505 3491 573 3512 non
597 3488 644 3512 est
666 3482 774 3523 aliqua
796 3481 949 3514 naturalis
979 3482 1080 3513 virtus
1111 3491 1168 3522 per
1197 3491 1297 3522 quam
1329 3481 1369 3512 ad

298 3525 439 3564 quietern
463 3523 581 3561 tendat.
613 3527 695 3557 sicut
725 3532 774 3558 est
803 3527 838 3558 in
869 3526 1018 3567 gravibus
1045 3527 1191 3567 gravitati,
1216 3535 1299 3567 quae
1329 3526 1369 3557 ad

299 3569 442 3608 quietem
457 3570 490 3600 in
509 3570 584 3600 loco
608 3570 760 3602 deorsum
784 3571 929 3602 inclinat:
954 3570 1022 3607 sed,
1039 3571 1122 3602 sicut
1137 3571 1176 3601 ab
1193 3571 1369 3602 extrinseca

299 3612 403 3643 forma
425 3618 552 3644 motum
575 3614 681 3651 habet,
704 3615 748 3645 ita
779 3615 818 3646 ab
846 3615 900 3646 illa
928 3615 1071 3656 quietem
1100 3615 1240 3651 habebit,
1263 3615 1290 3646 si
1314 3615 1369 3646 ali-

886 237 1074 275 SUMMA
1103 237 1326 276 CONTRA
1355 237 1631 286 GENTILES,
1663 239 1773 276 CAP.
1795 240 1879 276 XX.

1408 316 1541 357 quando
1557 317 1712 357 quiescet.
1727 335 1751 341 -
1761 317 1819 348 Ad
1833 317 2072 358 probationem,
2089 320 2224 356 negatur
2239 315 2490 356 consequentia.-

1408 361 1500 391 Licet
1523 361 1611 391 enim
1635 370 1673 391 ex
1696 371 1730 392 se
1760 368 1793 392 et
1822 371 1861 392 ex
1887 367 2004 392 natura
2035 370 2119 401 quae
2143 366 2194 390 est
2213 360 2356 396 materia,
2380 361 2484 401 possit

1407 415 1474 436 non
1500 405 1635 441 moveri,
1659 415 1729 436 non
1751 411 1861 437 tamen
1884 407 2030 447 sequitur
2053 410 2089 436 ut
2113 405 2258 445 quiescat
2287 405 2482 441 naturaliter,

1406 449 1509 480 modo
1534 459 1602 490 quo
1625 450 1679 480 hic
1700 450 1869 491 loquimur
1891 450 1932 481 de
1954 450 2092 481 naturali
2115 450 2234 490 quiete,
2255 458 2339 489 quae
2362 449 2484 480 scilicet

1408 504 1447 525 ex
1470 494 1680 525 inclinatione
1703 493 1828 526 formae
1850 495 2002 526 naturalis
2025 494 2183 535 procedit.
2204 512 2227 516 —
2250 493 2351 532 Quod
2374 499 2485 525 autem

1406 539 1514 579 inquit
1528 538 1729 575 Aristoteles,
1745 545 1874 570 motum
1890 540 1971 571 caeli
1989 539 2175 571 naturaliter
2191 548 2260 570 esse
2275 543 2482 579 perpetuum,

1406 593 1475 613 non
1491 583 1558 613 hoc
1570 582 1646 613 ideo
1663 582 1742 614 dicit
1756 584 1850 624 quasi
1863 589 1958 624 putet
1972 584 2053 615 caeli
2074 589 2205 615 motum
2228 593 2247 614 a
2261 583 2399 614 naturali
2415 583 2484 614 eius

1407 627 1512 658 forma
1534 626 1728 667 procedere:
1751 627 1809 659 sed
1832 629 1990 668 quoniam
2018 629 2209 660 existimavit
2238 627 2484 668 intelligentiam

1406 677 1594 702 moventem
1618 672 1799 702 necessario
1822 681 1965 703 movere.
1990 673 2077 704 Huic
2101 678 2211 704 autem
2233 682 2302 703 non
2325 677 2484 713 repugnat

1406 717 1515 757 ipsum
1538 716 1675 753 caelum,
1701 722 1861 756 quantum
1883 722 1932 748 est
1955 726 1994 748 ex
2016 727 2061 754 se,
2085 727 2182 758 posse
2202 727 2274 749 non
2301 717 2437 748 moveri.

1465 761 1494 792 3.
1518 760 1572 799 Ad
1595 760 1790 798 evidentiam
1812 760 1949 792 secundi
1971 760 2071 798 dubii,
2094 762 2277 793 notandum
2297 767 2345 793 est
2364 771 2404 793 ex
2424 761 2483 792 do-

1407 806 1508 836 ctrina
1531 805 1640 837 Sancti
1663 805 1814 836 Thomae
1835 805 1908 836 VIII
1927 805 2102 846 Phssic.›*,
2124 806 2228 847 quod,
2252 816 2331 838 cum
2352 811 2483 846 tempus

1406 856 1516 881 motus
1547 850 1719 891 dupliciter
1747 849 1848 880 dividi
1874 850 1988 891 possit,
2017 850 2140 881 scilicet
2169 850 2351 882 secundum
2377 856 2483 891 partes
2522 845 2530 853 ⁶

1406 895 1537 925 mobilis
1553 900 1585 926 et
1600 893 1782 934 secundum
1805 900 1912 935 partes
1926 893 2158 935 magnitudinis
2173 899 2230 925 aut
2243 895 2348 936 spatii,
2363 895 2484 936 duplex

1405 938 1547 972 infinitas
1570 940 1676 970 motui
1699 944 1808 980 potest
1830 939 2019 970 convenire:
2042 938 2165 970 scilicet
2182 938 2364 970 secundum
2378 945 2485 980 partes

1406 984 1547 1021 mobilis,
1576 989 1608 1015 et
1629 983 1812 1015 secundum
1831 990 1938 1024 partes
1960 982 2192 1024 magnitudinis
2213 992 2313 1024 super
2330 993 2430 1024 quam
2448 983 2486 1015 fit

1406 1034 1527 1060 motus.
1551 1028 1697 1059 Primum
1720 1034 1804 1060 esset
1823 1028 1956 1069 quando
1972 1028 2095 1059 mobile
2117 1026 2301 1059 secundum
2313 1033 2421 1069 partes
2435 1028 2486 1059 in-

1407 1073 1513 1104 finitas
1537 1072 1683 1104 eiusdem
1706 1073 1904 1114 quantitatis,
1932 1082 2003 1104 non
2033 1078 2144 1104 autem
2174 1071 2321 1104 eiusdem
2347 1081 2487 1113 propor-

1406 1119 1516 1154 tionis,
1543 1117 1678 1159 aliquod
1705 1118 1955 1150 determinatum
1983 1116 2215 1158 magnitudinis
2244 1117 2386 1158 spatium
2414 1125 2488 1158 pen

1406 1163 1567 1196 transiret:
1599 1162 1691 1203 quod
1721 1172 1798 1194 sane
1821 1172 1891 1193 esse
1920 1172 1990 1194 non
2020 1167 2132 1203 posset
2159 1161 2223 1193 nisi
2251 1161 2376 1193 mobile
2405 1165 2488 1192 esset

1408 1217 1528 1249 corpus
1550 1206 1726 1239 infinitum.
1750 1206 1941 1239 Secundum
1959 1212 2042 1238 esset
2057 1206 2085 1237 si
2100 1215 2205 1238 unum
2221 1215 2342 1247 corpus
2357 1205 2488 1237 finitum

1407 1251 1549 1284 infinitas
1571 1257 1678 1293 partes
1701 1251 1848 1283 eiusdem
1871 1252 2058 1292 quantitatis
2079 1251 2301 1292 pertransiret,
2325 1250 2378 1282 vel
2398 1249 2489 1282 idem

1407 1297 1549 1338 spatium
1564 1296 1695 1328 finitum
1709 1295 1863 1328 infinities
1878 1306 1937 1338 per
1951 1295 2208 1337 replicationem.
2223 1295 2332 1326 Prima
2346 1293 2488 1335 infinitas

1408 1342 1514 1373 motui
1536 1351 1595 1382 per
1623 1351 1658 1372 se
1688 1341 1853 1378 convenit,
1876 1346 1993 1382 utpote
2022 1349 2061 1371 ex
2087 1341 2222 1381 proprio
2250 1341 2423 1372 subiectos
2437 1348 2488 1372 see

1408 1386 1516 1418 cunda
1538 1395 1616 1417 vero
1640 1395 1698 1427 per
1720 1385 1819 1422 aliud,
1835 1391 1951 1426 utpote
1967 1395 2007 1417 ex
2023 1386 2213 1416 extrinseco.
2229 1403 2253 1408 -
2270 1384 2363 1416 Sicut
2377 1389 2489 1416 autem

1409 1437 1456 1463 est
1471 1430 1613 1463 infinitas
1627 1440 1686 1472 per
1701 1440 1736 1462 se
1751 1431 1951 1462 conveniens
1974 1430 2091 1466 motui,
2115 1435 2148 1461 et
2169 1429 2312 1461 infinitas
2327 1438 2412 1470 quae
2427 1429 2490 1461 sibi

1408 1485 1466 1517 per
1489 1475 1578 1507 aliud
1600 1476 1765 1511 convenit,
1788 1476 1832 1506 ita
1855 1474 1976 1516 duplex
1999 1480 2048 1506 est
2069 1483 2222 1506 movens:
2243 1473 2413 1515 quoddam
2425 1473 2489 1505 sci·

1408 1521 1485 1554 licet
1507 1519 1598 1562 quod
1622 1529 1661 1551 ex
1684 1529 1719 1551 se
1749 1521 1856 1561 primo
1885 1525 1998 1551 movet
2021 1525 2053 1551 et
2075 1519 2116 1550 ab
2138 1519 2204 1550 alio
2232 1527 2304 1550 non
2331 1518 2490 1550 habetur

1408 1570 1549 1601 moveat,
1574 1564 1679 1606 qualis
1709 1570 1758 1596 est
1786 1565 1911 1605 primus
1940 1569 2066 1600 m0t0r;
2096 1562 2264 1605 quoddam
2287 1572 2366 1594 vero
2395 1561 2489 1604 quod

1408 1619 1479 1641 non
1501 1619 1559 1650 per
1588 1619 1623 1640 se
1652 1609 1759 1650 primo
1784 1614 1912 1645 movet,
1935 1608 1992 1639 sed
2014 1609 2055 1639 ab
2079 1608 2143 1639 alio
2167 1607 2264 1639 habet
2287 1612 2324 1638 ut
2344 1612 2487 1645 moveat,

1409 1654 1531 1686 scilicet
1545 1653 1739 1686 secundario
1762 1653 1938 1686 moventia.
1962 1653 2005 1684 Et
2019 1653 2065 1684 sic
2080 1652 2202 1694 duplex
2218 1661 2288 1683 esse
2303 1661 2401 1683 causa
2415 1650 2490 1690 inst-7

1409 1699 1516 1730 nitatis
1539 1704 1650 1729 motus
1673 1704 1794 1739 potest:
1820 1698 1941 1729 scilicet
1964 1697 2124 1738 primaria,
2141 1706 2226 1738 quae
2246 1705 2306 1737 per
2327 1705 2362 1727 se
2380 1696 2490 1737 primo

1411 1749 1443 1777 et
1464 1753 1534 1776 non
1557 1753 1615 1784 per
1638 1742 1726 1774 aliud
1748 1748 1878 1774 motum
1901 1741 2066 1773 infinitum
2085 1746 2210 1779 causat;
2233 1747 2268 1772 et
2287 1740 2488 1778 secundaria,

1411 1798 1495 1830 quae
1517 1793 1628 1821 motus
1650 1786 1769 1819 infiniti
1792 1796 1862 1818 non
1879 1795 1938 1827 per
1961 1796 1994 1817 se
2018 1787 2137 1827 primo,
2152 1785 2211 1817 sed
2225 1794 2266 1816 ex
2284 1794 2325 1816 eo
2341 1784 2434 1826 quod
2447 1785 2490 1824 ab

1411 1833 1476 1864 alio
1498 1837 1660 1868 movetur,
1684 1837 1733 1862 est
1754 1841 1862 1862 causa.
1878 1849 1899 1854 -
1915 1830 2003 1869 Quia
2025 1840 2104 1862 vero
2128 1839 2244 1863 causae
2266 1838 2327 1870 per
2342 1838 2378 1861 se
2393 1829 2491 1861 aba

1412 1876 1546 1908 effectus
1560 1886 1619 1918 per
1633 1886 1668 1907 se
1684 1875 1949 1916 coi-respondere,
1966 1881 2003 1906 ut
2019 1885 2057 1907 ex
2073 1875 2102 1906 11
2116 1875 2216 1916 Hays.
2226 1875 2244 1893 ¹*
2259 1874 2300 1905 ab
2315 1873 2494 1906 Aristotele
2516 1879 2526 1889 ‘

1412 1965 1453 1997 ad
1476 1965 1629 1997 effectum
1651 1974 1710 2006 per
1732 1964 1892 2001 accidens,
1916 1963 1975 1995 sed
1995 1964 2030 1995 in
2053 1963 2168 1995 ordine
2191 1963 2232 1995 ad
2254 1962 2411 1995 effectum
2430 1967 2492 2004 pes·

1412 2020 1461 2047 se3
1486 2010 1562 2041 ideo
1582 2010 1636 2041 illa
1656 2018 1754 2041 causa
1767 2018 1853 2050 quae
1869 2013 1918 2040 est
1932 2009 2039 2049 primo
2056 2014 2088 2040 et
2103 2017 2163 2050 per
2176 2017 2222 2045 se,
2238 2017 2308 2039 non
2322 2008 2358 2039 in
2372 2008 2492 2039 virtute

1412 2055 1552 2091 alterius,
1576 2053 1742 2085 infinitum
1764 2059 1894 2084 motum
1917 2062 2062 2090 causans,
2087 2053 2184 2084 debet
2206 2062 2276 2084 esse
2297 2058 2406 2084 tantae
2423 2053 2491 2084 vir·

1412 2100 1490 2131 tutis
1512 2105 1549 2131 ut
1571 2099 1675 2140 possit
1696 2103 1826 2130 motum
1849 2107 1908 2140 per
1930 2107 1965 2129 se
1986 2097 2154 2130 infinitum
2169 2106 2316 2134 eausare;
2336 2095 2430 2138 quod
2442 2102 2492 2128 est

1413 2144 1512 2181 dictu,
1536 2149 1573 2175 ut
1595 2144 1699 2184 possit
1719 2142 1886 2175 infinitum
1918 2151 2038 2183 corpus
2066 2151 2201 2174 movere
2230 2142 2258 2173 si
2287 2141 2425 2173 daremr.
2449 2141 2494 2174 Et

1414 2189 1491 2230 quia
1505 2189 1586 2220 haec
1602 2188 1754 2221 virtutem
1769 2187 1904 2228 requirit
1925 2185 2097 2224 infinitam,
2112 2186 2189 2219 ideo
2203 2187 2344 2228 primam
2359 2195 2491 2218 mmm

1413 2232 1579 2268 infinitatis
1601 2238 1722 2269 motus,
1747 2241 1831 2273 quae
1854 2232 1962 2273 primo
1986 2237 2027 2263 et,
2039 2241 2100 2273 per
2120 2232 2261 2273 seipsam
2284 2235 2406 2268 causat,
2427 2230 2491 2262 vk-

1413 2283 1518 2313 tutem
1545 2277 1664 2308 habere
1693 2275 1854 2308 infinitam
1884 2281 2030 2316 oportet:
2053 2285 2124 2307 non
2155 2281 2266 2308 autem
2288 2284 2420 2307 eausam
2441 2279 2493 2307 se-

1415 2322 1613 2358 cundariam,
1626 2331 1712 2363 quae
1722 2331 1792 2353 non
1805 2331 1844 2352 ex
1858 2331 1894 2352 se
1909 2321 2028 2364 primo,
2041 2319 2099 2352 sed
2109 2321 2150 2352 ab
2161 2321 2227 2352 alio
2241 2320 2493 2362 perpetuitatem

1413 2366 1569 2399 movendi
1591 2366 1697 2398 habet.
1722 2365 1834 2398 Motus
1857 2375 1934 2407 ergo
1957 2365 2166 2407 perpetuitas,
2183 2374 2268 2406 quae
2284 2369 2333 2396 est
2350 2363 2493 2396 infin'mss

1414 2413 1484 2444 eius
1499 2421 1558 2453 per
1573 2410 1734 2448 accidens,
1750 2420 1820 2442 non
1838 2411 1943 2452 arguit
1957 2409 2120 2442 infinitam
2134 2410 2287 2441 virmtem
2309 2408 2494 2441 secundani

1414 2457 1551 2498 agentis:
1576 2456 1653 2497 quia
1675 2454 1817 2487 infinitas
1839 2465 1898 2496 per
1920 2454 2070 2487 accidens
2098 2460 2227 2486 tantum
2256 2459 2365 2496 potest
2395 2454 2494 2487 edm

1414 2501 1524 2534 virtuti
1539 2499 1777 2541 incorruptibili
1792 2499 1914 2537 finitae,
1927 2510 1966 2532 ex
1981 2509 2023 2531 eo
2035 2499 2126 2541 quod
2136 2499 2177 2531 ab
2189 2499 2253 2531 alio
2265 2504 2357 2530 mota
2370 2503 2494 2536 mesu,

1415 2546 1605 2582 convenire;
1629 2545 1713 2576 sicut
1736 2543 1860 2576 dictum
1883 2550 1933 2577 est
1946 2546 1964 2562 ⁹
1988 2543 2079 2586 quod
2101 2544 2152 2575 sol
2183 2544 2222 2575 ab
2250 2543 2315 2575 alio
2337 2543 2436 2575 habet
2457 2548 2496 2575 ut

1415 2595 1575 2632 perpetuo
1599 2590 1679 2621 haec
1702 2588 1857 2620 inferiora
1878 2594 2020 2621 moveat.

1473 2634 1575 2674 Quod
1597 2639 1708 2666 autem
1730 2633 1817 2666 istud
1846 2634 1887 2666 sit
1915 2633 2098 2665 secundum
2112 2633 2273 2665 'mentem
2300 2631 2493 2669 Aristotelis,

1415 2689 1455 2711 ex
1477 2679 1759 2720 propositionibus
1774 2679 1814 2710 ab
1831 2687 1871 2710 eo
1887 2679 2026 2720 sumptis
2049 2682 2192 2719 apparet.
2215 2677 2269 2709 Ad
2286 2676 2494 2718 probandum

1415 2725 1504 2759 enim
1527 2723 1653 2756 finitam
1676 2724 1858 2764 potentiam
1880 2733 1950 2755 non
1973 2732 2070 2764 posse
2100 2721 2231 2754 finitum
2256 2721 2386 2753 infinito
2410 2727 2494 2753 tem-

1415 2778 1495 2811 pore
1507 2777 1651 2805 movere‚
1664 2768 1799 2800 assumit
1811 2768 1903 2809 quod
1918 2768 2025 2799 maius
2040 2767 2075 2799 in
2091 2767 2213 2799 maiori
2227 2772 2373 2808 tempore
2387 2771 2494 2798 moret

1416 2819 1448 2845 et
1470 2814 1578 2844 minus
1601 2813 1634 2844 in
1659 2812 1799 2844 minori:
1823 2812 1915 2854 quod
1936 2813 2034 2844 habet
2055 2813 2224 2844 veritatem
2247 2811 2414 2844 dumtaxat
2434 2811 2494 2843 ubi

1415 2864 1546 2899 tempus
1561 2863 1672 2889 motus
1682 2856 1724 2889 ad
1739 2857 1933 2889 divisionem
1948 2857 2079 2889 mobilis
2094 2856 2257 2894 dividitur,
2268 2861 2307 2888 ut
2316 2856 2494 2897 superius·

1417 2902 1629 2934 ostendimus.
1659 2901 1708 2933 Ex
1736 2911 1801 2943 qua
1829 2902 2055 2944 propositione
2084 2901 2290 2933 concluditur
2317 2899 2409 2942 quod
2431 2909 2494 2942 po·

1418 2948 1518 2980 tentia
1532 2947 1635 2989 finita
1660 2955 1725 2978 non
1744 2952 1855 2988 potest
1877 2956 2008 2978 movere
2037 2946 2165 2988 infinito
2195 2951 2348 2988 tempore,
2372 2944 2496 2977 scilicet

1418 3001 1457 3023 ex
1488 2997 1578 3033 parte
1607 2991 1738 3024 mobilis
1765 2997 1895 3033 tempus
1923 2990 2089 3022 infinitum
2119 2989 2322 3032 accipiendo,
2345 2990 2373 3021 si
2399 2988 2496 3021 dant

1418 3036 1600 3078 praemissis
1623 3035 1793 3068 conclusio
1817 3035 2032 3073 concordare3
2056 3040 2088 3067 et
2111 3045 2151 3067 ex
2173 3034 2389 3076 consequenti
2404 3033 2496 3076 quod

1420 3081 1600 3123 requiritur
1616 3080 1767 3122 potentia
1783 3081 1912 3123 infinita
1927 3081 1972 3112 ad
1989 3080 2088 3112 talem
2110 3085 2234 3111 motum
2257 3079 2430 3122 infinitum.
2454 3077 2497 3110 R

1419 3127 1475 3162 sic,
1499 3135 1576 3157 cum
1599 3125 1640 3157 ad
1662 3125 1801 3166 primam
1821 3128 1953 3157 causam
1967 3124 2134 3156 infinitatis
2147 3133 2208 3166 per
2221 3123 2371 3155 accidens
2385 3127 2496 3154 motus

1419 3171 1602 3211 requiratur
1625 3175 1661 3202 ut
1684 3170 1787 3211 possit
1816 3179 1951 3202 movere
1979 3169 2103 3212 mobile
2131 3167 2307 3205 infinitum,
2326 3173 2364 3199 ut
2385 3172 2496 3199 osten-

1420 3214 1542 3252 dimus,
1575 3214 1722 3255 sequitur
1754 3219 1907 3256 oportere
1932 3215 2076 3255 primam
2109 3222 2243 3245 causam
2269 3212 2496 3254 perpetuitatis

1421 3265 1527 3291 motus
1551 3259 1699 3301 infinitae
1722 3259 1852 3291 virtutis
1874 3269 1953 3291 esse.

1476 3303 1528 3336 Ad
1555 3303 1694 3335 dubium
1724 3313 1812 3344 ergo,
1836 3309 1972 3345 negatur
2002 3302 2236 3343 consequentia
2266 3300 2307 3332 de
2336 3310 2377 3332 eo
2405 3299 2498 3342 quod

1421 3354 1534 3380 movet
1555 3354 1713 3389 tanquam
1735 3349 1840 3389 prima
1863 3354 1896 3379 et
1917 3356 1976 3389 per
1998 3355 2033 3378 se
2047 3355 2153 3380 >causa
2180 3345 2346 3377 infinitatis
2374 3350 2495 3376 motus.

1421 3392 1485 3424 Sed
1508 3393 1591 3424 bene
1615 3393 1761 3434 sequitur
1784 3391 1875 3433 quod
1898 3390 2121 3423 secundariam
2137 3399 2267 3422 causam
2283 3399 2351 3421 non
2367 3394 2499 3431 oportet

1422 3437 1582 3469 infinitam
1605 3447 1684 3474 esse,
1709 3437 1785 3479 quia
1807 3437 1960 3468 virtutem
1982 3434 2197 3476 perpetuandi
2219 3440 2349 3466 motum
2372 3434 2412 3465 ab
2432 3434 2497 3465 alio

1422 3482 1518 3513 habet
1541 3487 1573 3513 et
1595 3491 1665 3513 non
1688 3491 1727 3513 ex
1750 3490 1794 3512 se.
1818 3479 1920 3519 Quod
1943 3478 2165 3511 concedimus.

1478 3535 1509 3565 4.
1534 3525 1598 3558 Sed
1618 3531 1731 3558 contra
1753 3526 1847 3556 istam
1871 3523 2174 3556 determinationem
2194 3523 2335 3554 occurrit
2350 3522 2498 3554 dubium.

1423 3571 1544 3608 Posito,
1561 3579 1620 3612 per
1633 3569 1844 3611 impossibile,
1861 3567 1952 3610 quod
1966 3568 2056 3600 nulla
2071 3573 2155 3599 esset
2170 3577 2266 3599 causa
2281 3568 2406 3599 virtutis
2425 3566 2498 3598 infi-

1423 3615 1518 3652 nitae,
1535 3614 1592 3646 sed
1613 3619 1696 3647 esset
1717 3613 1825 3655 aliqua
1847 3613 2057 3653 intelligentia
2080 3618 2209 3644 aeterna
2231 3611 2341 3644 finitae
2363 3612 2499 3648 virtutis,

2510 805 2519 814 ·
2528 803 2565 825 ef.
2571 808 2650 831 supra,
2656 808 2725 829 mvn,
2759 794 2761 798 Α

2549 1877 2607 1906 Cap.

1412 1921 1580 1958 docemur,
1604 1921 1681 1962 quia
1704 1929 1774 1952 non
1796 1919 2028 1951 determinatur
2049 1920 2150 1950 virtus
2173 1928 2289 1950 causae
2311 1927 2351 1950 ex
2375 1917 2497 1950 om
2517 1893 2721 1958 millis-fian

2520 2547 2530 2558 ·
2545 2545 2616 2568 Num.
2627 2551 2668 2568 ιιι.

2521 2859 2531 2869 ·
2545 2857 2617 2880 Num.
2625 2863 2668 2879 vn.
