<?xml version="1.0" encoding="UTF-8"?>
<!DOCTYPE html PUBLIC "-//W3C//DTD XHTML 1.0 Transitional//EN"
    "http://www.w3.org/TR/xhtml1/DTD/xhtml1-transitional.dtd">
<html xmlns="http://www.w3.org/1999/xhtml" xml:lang="en" lang="en">
 <head>
  <title>
</title>
<meta http-equiv="Content-Type" content="text/html;charset=utf-8" />
  <meta name='ocr-system' content='tesseract 3.04.00' />
  <meta name='ocr-capabilities' content='ocr_page ocr_carea ocr_par ocr_line ocrx_word'/>
</head>
<body>
  <div class='ocr_page' id='page_1' title='image "./operaomniaiussui13thom/operaomniaiussui13thom_0096.png"; bbox 0 0 2742 4152; ppageno 0'>
   <div class='ocr_carea' id='block_1_1' title="bbox 25 756 239 804">
    <p class='ocr_par' dir='ltr' id='par_1_1' title="bbox 25 756 239 804">
     <span class='ocr_line' id='line_1_1' title="bbox 25 756 239 804; baseline -0.009 0"><span class='ocrx_word' id='word_1_1' title='bbox 25 756 194 804; x_wconf 49' lang='lat' dir='ltr'>L‘ssff&#39;ff’</span> <span class='ocrx_word' id='word_1_2' title='bbox 214 758 239 780; x_wconf 79' lang='lat'>⁵⁵</span> 
     </span>
    </p>
   </div>
   <div class='ocr_carea' id='block_1_2' title="bbox 24 2244 161 2272">
    <p class='ocr_par' dir='ltr' id='par_1_2' title="bbox 24 2244 161 2272">
     <span class='ocr_line' id='line_1_2' title="bbox 24 2244 161 2272; baseline 0 -6"><span class='ocrx_word' id='word_1_3' title='bbox 24 2246 33 2255; x_wconf 83' lang='lat'>&#39;</span> <span class='ocrx_word' id='word_1_4' title='bbox 49 2244 105 2272; x_wconf 80' lang='lat' dir='ltr'>Cap.</span> <span class='ocrx_word' id='word_1_5' title='bbox 120 2250 161 2266; x_wconf 82' lang='lat' dir='ltr'>vu.</span> 
     </span>
    </p>
   </div>
   <div class='ocr_carea' id='block_1_3' title="bbox 31 3217 241 3272">
    <p class='ocr_par' dir='ltr' id='par_1_3' title="bbox 31 3217 241 3272">
     <span class='ocr_line' id='line_1_3' title="bbox 31 3217 241 3249; baseline -0.005 -9"><span class='ocrx_word' id='word_1_6' title='bbox 31 3218 40 3227; x_wconf 84' lang='lat'><strong>·</strong></span> <span class='ocrx_word' id='word_1_7' title='bbox 55 3217 93 3240; x_wconf 67' lang='grc' dir='ltr'>(Ξῖ.</span> <span class='ocrx_word' id='word_1_8' title='bbox 108 3217 241 3249; x_wconf 67' lang='lat' dir='ltr'>Comment-</span> 
     </span>
     <span class='ocr_line' id='line_1_4' title="bbox 33 3248 175 3272; baseline 0.007 -7"><span class='ocrx_word' id='word_1_9' title='bbox 33 3249 83 3272; x_wconf 72' lang='lat' dir='ltr'>cap.</span> <span class='ocrx_word' id='word_1_10' title='bbox 94 3250 110 3271; x_wconf 87' lang='lat'>1,</span> <span class='ocrx_word' id='word_1_11' title='bbox 126 3248 175 3266; x_wconf 77' lang='lat' dir='ltr'>mit.</span> 
     </span>
    </p>
   </div>
   <div class='ocr_carea' id='block_1_4' title="bbox 270 266 319 292">
    <p class='ocr_par' dir='ltr' id='par_1_4' title="bbox 270 266 319 292">
     <span class='ocr_line' id='line_1_5' title="bbox 270 266 319 292; baseline 0 0"><span class='ocrx_word' id='word_1_12' title='bbox 270 266 319 292; x_wconf 89' lang='lat'>22</span> 
     </span>
    </p>
   </div>
   <div class='ocr_carea' id='block_1_5' title="bbox 266 322 1339 815">
    <p class='ocr_par' dir='ltr' id='par_1_5' title="bbox 266 322 1339 815">
     <span class='ocr_line' id='line_1_6' title="bbox 323 322 1338 370; baseline -0.011 -6"><span class='ocrx_word' id='word_1_13' title='bbox 323 331 565 364; x_wconf 83' lang='lat' dir='ltr'>Advertendum</span> <span class='ocrx_word' id='word_1_14' title='bbox 576 337 710 370; x_wconf 89' lang='lat' dir='ltr'>quoque</span> <span class='ocrx_word' id='word_1_15' title='bbox 727 327 817 368; x_wconf 90' lang='lat' dir='ltr'>quod</span> <span class='ocrx_word' id='word_1_16' title='bbox 829 326 993 366; x_wconf 85' lang='lat' dir='ltr'>duplicem</span> <span class='ocrx_word' id='word_1_17' title='bbox 1008 324 1188 355; x_wconf 81' lang='lat' dir='ltr'>evidentiae</span> <span class='ocrx_word' id='word_1_18' title='bbox 1199 322 1338 354; x_wconf 88' lang='lat' dir='ltr'>modum</span> 
     </span>
     <span class='ocr_line' id='line_1_7' title="bbox 268 367 1338 413; baseline -0.011 -4"><span class='ocrx_word' id='word_1_19' title='bbox 268 377 402 409; x_wconf 87' lang='lat' dir='ltr'>Sanctus</span> <span class='ocrx_word' id='word_1_20' title='bbox 413 376 558 406; x_wconf 86' lang='lat' dir='ltr'><strong>Thomas</strong></span> <span class='ocrx_word' id='word_1_21' title='bbox 575 375 609 404; x_wconf 92' lang='lat' dir='ltr'>in</span> <span class='ocrx_word' id='word_1_22' title='bbox 624 374 674 404; x_wconf 86' lang='lat' dir='ltr'>his</span> <span class='ocrx_word' id='word_1_23' title='bbox 688 372 793 403; x_wconf 81' lang='lat' dir='ltr'>verbis</span> <span class='ocrx_word' id='word_1_24' title='bbox 808 371 917 413; x_wconf 89' lang='lat' dir='ltr'>ponit:</span> <span class='ocrx_word' id='word_1_25' title='bbox 935 379 1018 411; x_wconf 86' lang='lat' dir='ltr'>quae</span> <span class='ocrx_word' id='word_1_26' title='bbox 1034 374 1140 399; x_wconf 82' lang='lat' dir='ltr'>tamen</span> <span class='ocrx_word' id='word_1_27' title='bbox 1158 377 1223 398; x_wconf 85' lang='lat' dir='ltr'>non</span> <span class='ocrx_word' id='word_1_28' title='bbox 1244 367 1338 409; x_wconf 83' lang='lat' dir='ltr'>suffi-</span> 
     </span>
     <span class='ocr_line' id='line_1_8' title="bbox 268 412 1338 459; baseline -0.01 -7"><span class='ocrx_word' id='word_1_29' title='bbox 268 423 357 452; x_wconf 78' lang='lat' dir='ltr'>ciunt</span> <span class='ocrx_word' id='word_1_30' title='bbox 378 420 422 450; x_wconf 86' lang='lat' dir='ltr'>ad</span> <span class='ocrx_word' id='word_1_31' title='bbox 442 420 504 449; x_wconf 84' lang='lat' dir='ltr'>hoc</span> <span class='ocrx_word' id='word_1_32' title='bbox 525 417 613 459; x_wconf 81' lang='lat' dir='ltr'>quod</span> <span class='ocrx_word' id='word_1_33' title='bbox 628 416 800 458; x_wconf 82' lang='lat' dir='ltr'>praedicta</span> <span class='ocrx_word' id='word_1_34' title='bbox 825 415 946 446; x_wconf 77' lang='lat' dir='ltr'>veritas</span> <span class='ocrx_word' id='word_1_35' title='bbox 968 413 1062 455; x_wconf 88' lang='lat' dir='ltr'><em>quasi</em></span> <span class='ocrx_word' id='word_1_36' title='bbox 1086 412 1338 444; x_wconf 72' lang='lat' dir='ltr'>demonstrative</span> 
     </span>
     <span class='ocr_line' id='line_1_9' title="bbox 268 456 1338 505; baseline -0.009 -9"><span class='ocrx_word' id='word_1_37' title='bbox 268 466 318 497; x_wconf 77' lang='lat' dir='ltr'>vel</span> <span class='ocrx_word' id='word_1_38' title='bbox 333 474 397 505; x_wconf 80' lang='lat' dir='ltr'>per</span> <span class='ocrx_word' id='word_1_39' title='bbox 410 473 445 494; x_wconf 83' lang='lat' dir='ltr'>se</span> <span class='ocrx_word' id='word_1_40' title='bbox 460 463 621 494; x_wconf 78' lang='lat' dir='ltr'>intellecta</span> <span class='ocrx_word' id='word_1_41' title='bbox 644 460 947 502; x_wconf 78' lang='lat' dir='ltr'><em>comprehendatur.</em></span> <span class='ocrx_word' id='word_1_42' title='bbox 970 457 1105 499; x_wconf 86' lang='lat' dir='ltr'>Aliquid</span> <span class='ocrx_word' id='word_1_43' title='bbox 1127 457 1216 488; x_wconf 89' lang='lat' dir='ltr'>enim</span> <span class='ocrx_word' id='word_1_44' title='bbox 1231 456 1338 497; x_wconf 85' lang='lat' dir='ltr'>dupli-</span> 
     </span>
     <span class='ocr_line' id='line_1_10' title="bbox 267 501 1337 543; baseline -0.008 -3"><span class='ocrx_word' id='word_1_45' title='bbox 267 511 345 540; x_wconf 86' lang='lat' dir='ltr'>citer</span> <span class='ocrx_word' id='word_1_46' title='bbox 367 507 403 538; x_wconf 85' lang='lat' dir='ltr'>fit</span> <span class='ocrx_word' id='word_1_47' title='bbox 429 507 560 538; x_wconf 88' lang='lat' dir='ltr'>evidens</span> <span class='ocrx_word' id='word_1_48' title='bbox 587 506 781 537; x_wconf 84' lang='lat' dir='ltr'>intellectui:</span> <span class='ocrx_word' id='word_1_49' title='bbox 809 509 866 535; x_wconf 90' lang='lat' dir='ltr'>aut</span> <span class='ocrx_word' id='word_1_50' title='bbox 893 503 1015 534; x_wconf 86' lang='lat' dir='ltr'>scilicet</span> <span class='ocrx_word' id='word_1_51' title='bbox 1041 511 1099 543; x_wconf 90' lang='lat' dir='ltr'>per</span> <span class='ocrx_word' id='word_1_52' title='bbox 1123 501 1337 533; x_wconf 89' lang='lat' dir='ltr'>necessariam</span> 
     </span>
     <span class='ocr_line' id='line_1_11' title="bbox 267 545 1337 591; baseline -0.008 -7"><span class='ocrx_word' id='word_1_53' title='bbox 267 553 496 584; x_wconf 88' lang='lat' dir='ltr'>deductionem</span> <span class='ocrx_word' id='word_1_54' title='bbox 517 560 556 582; x_wconf 87' lang='lat' dir='ltr'>ex</span> <span class='ocrx_word' id='word_1_55' title='bbox 569 551 736 591; x_wconf 84' lang='lat' dir='ltr'>principiis</span> <span class='ocrx_word' id='word_1_56' title='bbox 749 558 809 590; x_wconf 90' lang='lat' dir='ltr'>per</span> <span class='ocrx_word' id='word_1_57' title='bbox 830 558 865 579; x_wconf 87' lang='lat' dir='ltr'>se</span> <span class='ocrx_word' id='word_1_58' title='bbox 879 548 976 584; x_wconf 89' lang='lat' dir='ltr'>notis,</span> <span class='ocrx_word' id='word_1_59' title='bbox 994 552 1026 578; x_wconf 93' lang='lat' dir='ltr'>et</span> <span class='ocrx_word' id='word_1_60' title='bbox 1040 547 1104 578; x_wconf 89' lang='lat' dir='ltr'>hoc</span> <span class='ocrx_word' id='word_1_61' title='bbox 1127 554 1185 587; x_wconf 90' lang='lat' dir='ltr'>per</span> <span class='ocrx_word' id='word_1_62' title='bbox 1199 545 1337 576; x_wconf 88' lang='lat' dir='ltr'>demon-</span> 
     </span>
     <span class='ocr_line' id='line_1_12' title="bbox 267 590 1337 632; baseline -0.007 -4"><span class='ocrx_word' id='word_1_63' title='bbox 267 598 454 628; x_wconf 78' lang='lat' dir='ltr'>strat-ionem</span> <span class='ocrx_word' id='word_1_64' title='bbox 469 595 611 632; x_wconf 61' lang='lat' dir='ltr'>videtum</span> <span class='ocrx_word' id='word_1_65' title='bbox 636 600 692 626; x_wconf 91' lang='lat' dir='ltr'>aut</span> <span class='ocrx_word' id='word_1_66' title='bbox 714 604 753 625; x_wconf 88' lang='lat' dir='ltr'>ex</span> <span class='ocrx_word' id='word_1_67' title='bbox 775 593 954 624; x_wconf 87' lang='lat' dir='ltr'>rationibus</span> <span class='ocrx_word' id='word_1_68' title='bbox 969 591 1194 627; x_wconf 88' lang='lat' dir='ltr'>terminorum,</span> <span class='ocrx_word' id='word_1_69' title='bbox 1219 595 1251 621; x_wconf 90' lang='lat' dir='ltr'>et</span> <span class='ocrx_word' id='word_1_70' title='bbox 1273 590 1337 620; x_wconf 88' lang='lat' dir='ltr'>hoc</span> 
     </span>
     <span class='ocr_line' id='line_1_13' title="bbox 267 636 1337 682; baseline -0.007 -10"><span class='ocrx_word' id='word_1_71' title='bbox 267 642 382 672; x_wconf 84' lang='lat' dir='ltr'>dicitur</span> <span class='ocrx_word' id='word_1_72' title='bbox 408 650 467 682; x_wconf 87' lang='lat' dir='ltr'>per</span> <span class='ocrx_word' id='word_1_73' title='bbox 493 649 528 672; x_wconf 87' lang='lat' dir='ltr'>se</span> <span class='ocrx_word' id='word_1_74' title='bbox 556 648 626 671; x_wconf 88' lang='lat' dir='ltr'>esse</span> <span class='ocrx_word' id='word_1_75' title='bbox 654 644 770 670; x_wconf 89' lang='lat' dir='ltr'>notum</span> <span class='ocrx_word' id='word_1_76' title='bbox 798 637 986 668; x_wconf 88' lang='lat' dir='ltr'>intellectui.</span> <span class='ocrx_word' id='word_1_77' title='bbox 1017 636 1201 675; x_wconf 85' lang='lat' dir='ltr'>Utrumque</span> <span class='ocrx_word' id='word_1_78' title='bbox 1227 640 1337 665; x_wconf 89' lang='lat' dir='ltr'>tamen</span> 
     </span>
     <span class='ocr_line' id='line_1_14' title="bbox 267 679 1338 725; baseline -0.008 -8"><span class='ocrx_word' id='word_1_79' title='bbox 267 696 285 716; x_wconf 84' lang='lat' dir='ltr'>a</span> <span class='ocrx_word' id='word_1_80' title='bbox 307 685 510 716; x_wconf 81' lang='lat' dir='ltr'>sensibilibus</span> <span class='ocrx_word' id='word_1_81' title='bbox 537 684 696 725; x_wconf 84' lang='lat' dir='ltr'>originem</span> <span class='ocrx_word' id='word_1_82' title='bbox 723 683 834 713; x_wconf 86' lang='lat' dir='ltr'>trahit:</span> <span class='ocrx_word' id='word_1_83' title='bbox 861 683 939 723; x_wconf 88' lang='lat' dir='ltr'>quia</span> <span class='ocrx_word' id='word_1_84' title='bbox 963 680 1160 711; x_wconf 80' lang='lat' dir='ltr'>universales</span> <span class='ocrx_word' id='word_1_85' title='bbox 1188 679 1338 719; x_wconf 87' lang='lat' dir='ltr'>proposi-</span> 
     </span>
     <span class='ocr_line' id='line_1_15' title="bbox 266 724 1339 771; baseline -0.008 -9"><span class='ocrx_word' id='word_1_86' title='bbox 266 731 382 767; x_wconf 79' lang='lat' dir='ltr'>tiones,</span> <span class='ocrx_word' id='word_1_87' title='bbox 398 739 438 761; x_wconf 85' lang='lat' dir='ltr'>ex</span> <span class='ocrx_word' id='word_1_88' title='bbox 453 730 572 771; x_wconf 87' lang='lat' dir='ltr'>quibus</span> <span class='ocrx_word' id='word_1_89' title='bbox 586 727 818 759; x_wconf 88' lang='lat' dir='ltr'>demonstratio</span> <span class='ocrx_word' id='word_1_90' title='bbox 842 726 1056 761; x_wconf 78' lang='lat' dir='ltr'>constituitur,</span> <span class='ocrx_word' id='word_1_91' title='bbox 1071 733 1141 755; x_wconf 87' lang='lat' dir='ltr'>non</span> <span class='ocrx_word' id='word_1_92' title='bbox 1163 724 1225 754; x_wconf 89' lang='lat' dir='ltr'>nisi</span> <span class='ocrx_word' id='word_1_93' title='bbox 1241 731 1339 764; x_wconf 86' lang='lat' dir='ltr'>expe·</span> 
     </span>
     <span class='ocr_line' id='line_1_16' title="bbox 267 768 1338 815; baseline -0.009 -8"><span class='ocrx_word' id='word_1_94' title='bbox 267 776 406 806; x_wconf 88' lang='lat' dir='ltr'>rimento</span> <span class='ocrx_word' id='word_1_95' title='bbox 429 778 681 815; x_wconf 85' lang='lat' dir='ltr'>cognoscuntur,</span> <span class='ocrx_word' id='word_1_96' title='bbox 696 777 733 803; x_wconf 91' lang='lat' dir='ltr'>ut</span> <span class='ocrx_word' id='word_1_97' title='bbox 755 771 871 802; x_wconf 87' lang='lat' dir='ltr'>dicitur</span> <span class='ocrx_word' id='word_1_98' title='bbox 894 770 1065 810; x_wconf 80' lang='lat' dir='ltr'>lMetaph.</span> <span class='ocrx_word' id='word_1_99' title='bbox 1082 770 1114 806; x_wconf 54' lang='grc' dir='ltr'>’ς</span> <span class='ocrx_word' id='word_1_100' title='bbox 1138 768 1283 799; x_wconf 86' lang='lat' dir='ltr'>similiter</span> <span class='ocrx_word' id='word_1_101' title='bbox 1305 772 1338 798; x_wconf 88' lang='lat' dir='ltr'>et</span> 
     </span>
    </p>
   </div>
   <div class='ocr_carea' id='block_1_6' title="bbox 820 239 1908 291">
    <p class='ocr_par' dir='ltr' id='par_1_6' title="bbox 820 239 1908 291">
     <span class='ocr_line' id='line_1_17' title="bbox 820 239 1908 291; baseline -0.007 -5"><span class='ocrx_word' id='word_1_102' title='bbox 820 243 1260 286; x_wconf 52' lang='lat' dir='ltr'><strong>SUMMA2CONTRA</strong></span> <span class='ocrx_word' id='word_1_103' title='bbox 1280 239 1566 291; x_wconf 86' lang='lat' dir='ltr'>GENTILES,</span> <span class='ocrx_word' id='word_1_104' title='bbox 1597 240 1709 280; x_wconf 85' lang='lat' dir='ltr'>CAP.</span> <span class='ocrx_word' id='word_1_105' title='bbox 1729 242 1825 288; x_wconf 88' lang='lat' dir='ltr'>VIII,</span> <span class='ocrx_word' id='word_1_106' title='bbox 1844 241 1908 279; x_wconf 88' lang='lat' dir='ltr'>IX.</span> 
     </span>
    </p>
   </div>
   <div class='ocr_carea' id='block_1_7' title="bbox 1389 316 2472 797">
    <p class='ocr_par' dir='ltr' id='par_1_7' title="bbox 1389 316 2469 407">
     <span class='ocr_line' id='line_1_18' title="bbox 1389 316 2469 354; baseline -0.006 -1"><span class='ocrx_word' id='word_1_107' title='bbox 1389 322 1605 353; x_wconf 84' lang='lat' dir='ltr'>terminorum</span> <span class='ocrx_word' id='word_1_108' title='bbox 1619 322 1761 352; x_wconf 84' lang='lat' dir='ltr'>rationes</span> <span class='ocrx_word' id='word_1_109' title='bbox 1784 330 1823 352; x_wconf 83' lang='lat' dir='ltr'>ex</span> <span class='ocrx_word' id='word_1_110' title='bbox 1846 320 2049 352; x_wconf 78' lang='lat' dir='ltr'>sensibilibus</span> <span class='ocrx_word' id='word_1_111' title='bbox 2064 318 2280 354; x_wconf 87' lang='lat' dir='ltr'>deducuntur,</span> <span class='ocrx_word' id='word_1_112' title='bbox 2299 322 2337 347; x_wconf 88' lang='lat' dir='ltr'>ut</span> <span class='ocrx_word' id='word_1_113' title='bbox 2359 316 2469 347; x_wconf 89' lang='lat' dir='ltr'>Philo-</span> 
     </span>
     <span class='ocr_line' id='line_1_19' title="bbox 1390 364 1868 407; baseline -0.002 -10"><span class='ocrx_word' id='word_1_114' title='bbox 1390 367 1514 407; x_wconf 88' lang='lat' dir='ltr'>sophus</span> <span class='ocrx_word' id='word_1_115' title='bbox 1537 366 1565 396; x_wconf 90' lang='lat'>11</span> <span class='ocrx_word' id='word_1_116' title='bbox 1580 366 1706 397; x_wconf 76' lang='lat' dir='ltr'>Poster.</span> <span class='ocrx_word' id='word_1_117' title='bbox 1721 366 1740 382; x_wconf 74' lang='lat'>⁴*</span> <span class='ocrx_word' id='word_1_118' title='bbox 1762 364 1868 396; x_wconf 77' lang='lat' dir='ltr'>tradit.</span> 
     </span>
    </p>

    <p class='ocr_par' dir='ltr' id='par_1_8' title="bbox 1390 405 2472 797">
     <span class='ocr_line' id='line_1_20' title="bbox 1447 405 2469 450; baseline -0.006 -9"><span class='ocrx_word' id='word_1_119' title='bbox 1447 410 1499 441; x_wconf 82' lang='lat'>111.</span> <span class='ocrx_word' id='word_1_120' title='bbox 1524 409 1678 441; x_wconf 89' lang='lat' dir='ltr'>Secundo</span> <span class='ocrx_word' id='word_1_121' title='bbox 1688 410 1717 446; x_wconf 67' lang='lat'>⁴,</span> <span class='ocrx_word' id='word_1_122' title='bbox 1741 408 2004 450; x_wconf 83' lang='lat' dir='ltr'>ostenditquod,</span> <span class='ocrx_word' id='word_1_123' title='bbox 2028 412 2334 448; x_wconf 80' lang='lat' dir='ltr'>quantumcumque</span> <span class='ocrx_word' id='word_1_124' title='bbox 2356 405 2469 436; x_wconf 80' lang='lat' dir='ltr'>huius-</span> 
     </span>
     <span class='ocr_line' id='line_1_21' title="bbox 1390 450 2470 490; baseline -0.006 -4"><span class='ocrx_word' id='word_1_125' title='bbox 1390 454 1482 486; x_wconf 88' lang='lat' dir='ltr'>modi</span> <span class='ocrx_word' id='word_1_126' title='bbox 1503 455 1646 485; x_wconf 83' lang='lat' dir='ltr'>rationes</span> <span class='ocrx_word' id='word_1_127' title='bbox 1669 453 1792 485; x_wconf 75' lang='lat' dir='ltr'>debiles</span> <span class='ocrx_word' id='word_1_128' title='bbox 1813 454 1887 490; x_wconf 90' lang='lat' dir='ltr'>sint,</span> <span class='ocrx_word' id='word_1_129' title='bbox 1903 453 1983 485; x_wconf 84' lang='lat' dir='ltr'>utile</span> <span class='ocrx_word' id='word_1_130' title='bbox 2005 458 2116 483; x_wconf 87' lang='lat' dir='ltr'>tamen</span> <span class='ocrx_word' id='word_1_131' title='bbox 2138 458 2187 483; x_wconf 90' lang='lat' dir='ltr'>est</span> <span class='ocrx_word' id='word_1_132' title='bbox 2209 456 2247 482; x_wconf 91' lang='lat' dir='ltr'>ut</span> <span class='ocrx_word' id='word_1_133' title='bbox 2267 451 2304 482; x_wconf 84' lang='lat' dir='ltr'>in</span> <span class='ocrx_word' id='word_1_134' title='bbox 2324 450 2377 481; x_wconf 83' lang='lat' dir='ltr'>his</span> <span class='ocrx_word' id='word_1_135' title='bbox 2399 459 2470 480; x_wconf 75' lang='lat' dir='ltr'>sese</span> 
     </span>
     <span class='ocr_line' id='line_1_22' title="bbox 1390 495 2470 530; baseline -0.006 0"><span class='ocrx_word' id='word_1_136' title='bbox 1390 508 1484 530; x_wconf 84' lang='lat' dir='ltr'>mens</span> <span class='ocrx_word' id='word_1_137' title='bbox 1506 503 1655 530; x_wconf 77' lang='lat' dir='ltr'>exerceat</span> <span class='ocrx_word' id='word_1_138' title='bbox 1675 498 1835 530; x_wconf 85' lang='lat' dir='ltr'>humana:</span> <span class='ocrx_word' id='word_1_139' title='bbox 1858 499 1886 529; x_wconf 86' lang='lat' dir='ltr'>si</span> <span class='ocrx_word' id='word_1_140' title='bbox 1900 503 2010 530; x_wconf 77' lang='lat' dir='ltr'>tamen</span> <span class='ocrx_word' id='word_1_141' title='bbox 2031 495 2277 528; x_wconf 73' lang='lat' dir='ltr'>demonstrandi</span> <span class='ocrx_word' id='word_1_142' title='bbox 2299 499 2356 525; x_wconf 85' lang='lat' dir='ltr'>aut</span> <span class='ocrx_word' id='word_1_143' title='bbox 2379 503 2470 525; x_wconf 86' lang='lat' dir='ltr'>com-</span> 
     </span>
     <span class='ocr_line' id='line_1_23' title="bbox 1390 539 2471 585; baseline -0.004 -11"><span class='ocrx_word' id='word_1_144' title='bbox 1390 541 1613 585; x_wconf 85' lang='lat' dir='ltr'>prehendendi</span> <span class='ocrx_word' id='word_1_145' title='bbox 1627 543 1851 584; x_wconf 77' lang='lat' dir='ltr'>praesumptio</span> <span class='ocrx_word' id='word_1_146' title='bbox 1865 542 1958 574; x_wconf 86' lang='lat' dir='ltr'>desit.</span> <span class='ocrx_word' id='word_1_147' title='bbox 1974 560 1998 566; x_wconf 89' lang='lat'>-</span> <span class='ocrx_word' id='word_1_148' title='bbox 2012 542 2172 572; x_wconf 82' lang='lat' dir='ltr'>Probatur</span> <span class='ocrx_word' id='word_1_149' title='bbox 2189 539 2381 572; x_wconf 71' lang='lat' dir='ltr'>auctoritate</span> <span class='ocrx_word' id='word_1_150' title='bbox 2398 539 2471 570; x_wconf 81' lang='lat' dir='ltr'>Ari-</span> 
     </span>
     <span class='ocr_line' id='line_1_24' title="bbox 1390 583 2471 628; baseline -0.005 -9"><span class='ocrx_word' id='word_1_151' title='bbox 1390 588 1514 619; x_wconf 87' lang='lat' dir='ltr'>stotelis</span> <span class='ocrx_word' id='word_1_152' title='bbox 1541 587 1690 628; x_wconf 87' lang='lat' dir='ltr'>superius</span> <span class='ocrx_word' id='word_1_153' title='bbox 1711 586 1859 618; x_wconf 80' lang='lat' dir='ltr'>inducta:</span> <span class='ocrx_word' id='word_1_154' title='bbox 1882 588 1962 628; x_wconf 84' lang='lat' dir='ltr'>quia</span> <span class='ocrx_word' id='word_1_155' title='bbox 1984 586 2107 618; x_wconf 83' lang='lat' dir='ltr'>scilicet</span> <span class='ocrx_word' id='word_1_156' title='bbox 2132 585 2406 618; x_wconf 76' lang='lat' dir='ltr'>iucundissimum</span> <span class='ocrx_word' id='word_1_157' title='bbox 2430 583 2471 614; x_wconf 86' lang='lat' dir='ltr'>sit</span> 
     </span>
     <span class='ocr_line' id='line_1_25' title="bbox 1391 628 2471 672; baseline -0.003 -9"><span class='ocrx_word' id='word_1_158' title='bbox 1391 632 1432 664; x_wconf 90' lang='lat' dir='ltr'>de</span> <span class='ocrx_word' id='word_1_159' title='bbox 1461 632 1558 663; x_wconf 87' lang='lat' dir='ltr'>rebus</span> <span class='ocrx_word' id='word_1_160' title='bbox 1587 631 1748 662; x_wconf 77' lang='lat' dir='ltr'>altissimis</span> <span class='ocrx_word' id='word_1_161' title='bbox 1777 640 1875 672; x_wconf 83' lang='lat' dir='ltr'>parva</span> <span class='ocrx_word' id='word_1_162' title='bbox 1905 631 2003 662; x_wconf 85' lang='lat' dir='ltr'>etiam</span> <span class='ocrx_word' id='word_1_163' title='bbox 2032 636 2065 662; x_wconf 89' lang='lat' dir='ltr'>et</span> <span class='ocrx_word' id='word_1_164' title='bbox 2094 630 2194 662; x_wconf 89' lang='lat' dir='ltr'>debili</span> <span class='ocrx_word' id='word_1_165' title='bbox 2223 629 2349 661; x_wconf 85' lang='lat' dir='ltr'>ratione</span> <span class='ocrx_word' id='word_1_166' title='bbox 2378 628 2471 669; x_wconf 85' lang='lat' dir='ltr'>quic-</span> 
     </span>
     <span class='ocr_line' id='line_1_26' title="bbox 1391 674 2472 718; baseline -0.004 -11"><span class='ocrx_word' id='word_1_167' title='bbox 1391 686 1491 718; x_wconf 90' lang='lat' dir='ltr'>quam</span> <span class='ocrx_word' id='word_1_168' title='bbox 1513 676 1672 717; x_wconf 88' lang='lat' dir='ltr'>inspicere</span> <span class='ocrx_word' id='word_1_169' title='bbox 1691 685 1799 716; x_wconf 90' lang='lat' dir='ltr'>posse.</span> <span class='ocrx_word' id='word_1_170' title='bbox 1814 693 1836 699; x_wconf 93' lang='lat'>-</span> <span class='ocrx_word' id='word_1_171' title='bbox 1851 676 2010 706; x_wconf 82' lang='lat' dir='ltr'>Probatur</span> <span class='ocrx_word' id='word_1_172' title='bbox 2032 676 2130 707; x_wconf 76' lang='lat' dir='ltr'>etiam</span> <span class='ocrx_word' id='word_1_173' title='bbox 2145 675 2257 706; x_wconf 85' lang='lat' dir='ltr'>Hilarii</span> <span class='ocrx_word' id='word_1_174' title='bbox 2281 674 2472 705; x_wconf 72' lang='lat' dir='ltr'>auctoritate</span> 
     </span>
     <span class='ocr_line' id='line_1_27' title="bbox 1390 719 2471 761; baseline -0.003 -10"><span class='ocrx_word' id='word_1_175' title='bbox 1390 723 1425 752; x_wconf 86' lang='lat' dir='ltr'>in</span> <span class='ocrx_word' id='word_1_176' title='bbox 1447 721 1530 752; x_wconf 89' lang='lat' dir='ltr'>libro</span> <span class='ocrx_word' id='word_1_177' title='bbox 1554 720 1594 751; x_wconf 81' lang='lat' dir='ltr'>de</span> <span class='ocrx_word' id='word_1_178' title='bbox 1620 720 1712 750; x_wconf 82' lang='lat' dir='ltr'>Trin.</span> <span class='ocrx_word' id='word_1_179' title='bbox 1738 720 1932 761; x_wconf 80' lang='lat' dir='ltr'>inquientis=</span> <span class='ocrx_word' id='word_1_180' title='bbox 1959 719 2056 751; x_wconf 78' lang='lat' dir='ltr'>Haec</span> <span class='ocrx_word' id='word_1_181' title='bbox 2081 720 2244 751; x_wconf 76' lang='lat' dir='ltr'>credendo</span> <span class='ocrx_word' id='word_1_182' title='bbox 2271 719 2376 760; x_wconf 78' lang='lat' dir='ltr'>incipe</span> <span class='ocrx_word' id='word_1_183' title='bbox 2392 727 2471 759; x_wconf 84' lang='lat' dir='ltr'>per-</span> 
     </span>
     <span class='ocr_line' id='line_1_28' title="bbox 1391 775 1537 797; baseline -0.007 0"><span class='ocrx_word' id='word_1_184' title='bbox 1391 775 1537 797; x_wconf 85' lang='lat' dir='ltr'>currere.</span> 
     </span>
    </p>
   </div>
   <div class='ocr_carea' id='block_1_8' title="bbox 1339 872 1394 915">
    <p class='ocr_par' dir='ltr' id='par_1_9' title="bbox 1339 872 1394 915">
     <span class='ocr_line' id='line_1_29' title="bbox 1339 872 1394 915; baseline 0 -30"><span class='ocrx_word' id='word_1_185' title='bbox 1339 872 1394 915; x_wconf 48' lang='grc' dir='ltr'>ψ.</span> 
     </span>
    </p>
   </div>
   <div class='ocr_carea' id='block_1_9' title="bbox 562 1021 2169 1198">
    <p class='ocr_par' dir='ltr' id='par_1_10' title="bbox 562 1021 2169 1198">
     <span class='ocr_line' id='line_1_30' title="bbox 882 1021 1854 1080; baseline -0.002 0"><span class='ocrx_word' id='word_1_186' title='bbox 882 1023 1464 1080; x_wconf 87' lang='lat' dir='ltr'>CAPITULUM</span> <span class='ocrx_word' id='word_1_187' title='bbox 1517 1021 1854 1078; x_wconf 82' lang='lat' dir='ltr'><strong>NONUM</strong></span> 
     </span>
     <span class='ocr_line' id='line_1_31' title="bbox 562 1148 2169 1198; baseline -0.003 -3"><span class='ocrx_word' id='word_1_188' title='bbox 562 1155 646 1195; x_wconf 87' lang='lat' dir='ltr'>DE</span> <span class='ocrx_word' id='word_1_189' title='bbox 679 1153 912 1198; x_wconf 88' lang='lat' dir='ltr'><strong>ORDINE</strong></span> <span class='ocrx_word' id='word_1_190' title='bbox 927 1172 929 1174; x_wconf 90' lang='lat'><em>-</em></span> <span class='ocrx_word' id='word_1_191' title='bbox 946 1153 1026 1195; x_wconf 86' lang='lat' dir='ltr'>ET</span> <span class='ocrx_word' id='word_1_192' title='bbox 1059 1152 1240 1194; x_wconf 83' lang='lat' dir='ltr'><strong>MODO</strong></span> <span class='ocrx_word' id='word_1_193' title='bbox 1273 1150 1673 1194; x_wconf 84' lang='lat' dir='ltr'>PROCEDENDI</span> <span class='ocrx_word' id='word_1_194' title='bbox 1706 1150 1768 1193; x_wconf 88' lang='lat' dir='ltr'>IN</span> <span class='ocrx_word' id='word_1_195' title='bbox 1802 1149 1931 1191; x_wconf 85' lang='lat' dir='ltr'>Hoc</span> <span class='ocrx_word' id='word_1_196' title='bbox 1965 1148 2169 1190; x_wconf 86' lang='lat' dir='ltr'><strong>OPERE</strong></span> 
     </span>
    </p>
   </div>
   <div class='ocr_carea' id='block_1_10' title="bbox 264 1275 2475 1974">
    <p class='ocr_par' dir='ltr' id='par_1_11' title="bbox 264 1275 2475 1974">
     <span class='ocr_line' id='line_1_32' title="bbox 440 1275 2474 1335; baseline -0.002 -16"><span class='ocrx_word' id='word_1_197' title='bbox 440 1308 453 1319; x_wconf 17' lang='grc' dir='ltr'>μ,</span> <span class='ocrx_word' id='word_1_198' title='bbox 472 1297 495 1322; x_wconf 81' lang='lat' dir='ltr'>x</span> <span class='ocrx_word' id='word_1_199' title='bbox 513 1283 733 1335; x_wconf 87' lang='lat' dir='ltr'>praemissis</span> <span class='ocrx_word' id='word_1_200' title='bbox 760 1283 873 1333; x_wconf 87' lang='lat' dir='ltr'>igitur</span> <span class='ocrx_word' id='word_1_201' title='bbox 890 1283 1090 1321; x_wconf 84' lang='lat' dir='ltr'>evidenter</span> <span class='ocrx_word' id='word_1_202' title='bbox 1105 1290 1267 1333; x_wconf 89' lang='lat' dir='ltr'>apparet</span> <span class='ocrx_word' id='word_1_203' title='bbox 1283 1294 1340 1320; x_wconf 88' lang='lat' dir='ltr'>sa·</span> <span class='ocrx_word' id='word_1_204' title='bbox 1394 1282 1494 1320; x_wconf 90' lang='lat' dir='ltr'>dum</span> <span class='ocrx_word' id='word_1_205' title='bbox 1513 1280 1760 1324; x_wconf 81' lang='lat' dir='ltr'>aestimarem</span> <span class='ocrx_word' id='word_1_206' title='bbox 1771 1291 1848 1318; x_wconf 90' lang='lat' dir='ltr'>nos</span> <span class='ocrx_word' id='word_1_207' title='bbox 1866 1287 2026 1331; x_wconf 85' lang='lat' dir='ltr'>propter</span> <span class='ocrx_word' id='word_1_208' title='bbox 2043 1286 2125 1319; x_wconf 82' lang='lat' dir='ltr'>tam</span> <span class='ocrx_word' id='word_1_209' title='bbox 2143 1276 2291 1317; x_wconf 85' lang='lat' dir='ltr'>debiles</span> <span class='ocrx_word' id='word_1_210' title='bbox 2305 1275 2474 1316; x_wconf 89' lang='lat' dir='ltr'>rationes</span> 
     </span>
     <span class='ocr_line' id='line_1_33' title="bbox 295 1333 1921 1388; baseline -0.001 -16"><span class='ocrx_word' id='word_1_211' title='bbox 295 1369 299 1372; x_wconf 83' lang='grc'><em>,</em></span> <span class='ocrx_word' id='word_1_212' title='bbox 334 1376 335 1381; x_wconf 38' lang='grc'>,</span> <span class='ocrx_word' id='word_1_213' title='bbox 417 1339 421 1346; x_wconf 79' lang='lat'><strong><em>‘</em></strong></span> <span class='ocrx_word' id='word_1_214' title='bbox 450 1335 459 1357; x_wconf 60' lang='lat'>¹*</span> <span class='ocrx_word' id='word_1_215' title='bbox 485 1337 623 1388; x_wconf 92' lang='lat' dir='ltr'>pientis</span> <span class='ocrx_word' id='word_1_216' title='bbox 642 1337 897 1375; x_wconf 91' lang='lat' dir='ltr'>intentionem</span> <span class='ocrx_word' id='word_1_217' title='bbox 922 1336 1022 1374; x_wconf 91' lang='lat' dir='ltr'>circa</span> <span class='ocrx_word' id='word_1_218' title='bbox 1049 1335 1246 1386; x_wconf 90' lang='lat' dir='ltr'>duplicem</span> <span class='ocrx_word' id='word_1_219' title='bbox 1274 1348 1340 1373; x_wconf 90' lang='lat' dir='ltr'>ve·</span> <span class='ocrx_word' id='word_1_220' title='bbox 1395 1334 1543 1373; x_wconf 88' lang='lat' dir='ltr'>veritati</span> <span class='ocrx_word' id='word_1_221' title='bbox 1570 1333 1664 1372; x_wconf 91' lang='lat' dir='ltr'>fidei</span> <span class='ocrx_word' id='word_1_222' title='bbox 1691 1333 1921 1372; x_wconf 91' lang='lat' dir='ltr'>consentire.</span> 
     </span>
     <span class='ocr_line' id='line_1_34' title="bbox 286 1384 2472 1442; baseline -0.004 -13"><span class='ocrx_word' id='word_1_223' title='bbox 286 1400 305 1439; x_wconf 55' lang='lat' dir='ltr'>ig</span> <span class='ocrx_word' id='word_1_224' title='bbox 335 1386 455 1442; x_wconf 44' lang='lat'>„35:⁸42</span> <span class='ocrx_word' id='word_1_225' title='bbox 485 1391 635 1429; x_wconf 87' lang='lat' dir='ltr'>ritatem</span> <span class='ocrx_word' id='word_1_226' title='bbox 672 1390 897 1431; x_wconf 77' lang='lat' dir='ltr'>divinorum</span> <span class='ocrx_word' id='word_1_227' title='bbox 930 1390 1072 1428; x_wconf 89' lang='lat' dir='ltr'>debere</span> <span class='ocrx_word' id='word_1_228' title='bbox 1109 1389 1265 1437; x_wconf 86' lang='lat' dir='ltr'>versari,</span> <span class='ocrx_word' id='word_1_229' title='bbox 1303 1397 1341 1427; x_wconf 93' lang='lat' dir='ltr'>et</span> <span class='ocrx_word' id='word_1_230' title='bbox 1449 1389 1574 1427; x_wconf 93' lang='lat' dir='ltr'>Modo</span> <span class='ocrx_word' id='word_1_231' title='bbox 1603 1400 1694 1437; x_wconf 85' lang='lat' dir='ltr'>ergo</span> <span class='ocrx_word' id='word_1_232' title='bbox 1731 1387 1935 1439; x_wconf 90' lang='lat' dir='ltr'>proposito</span> <span class='ocrx_word' id='word_1_233' title='bbox 1972 1385 2185 1436; x_wconf 88' lang='lat' dir='ltr'>procedere</span> <span class='ocrx_word' id='word_1_234' title='bbox 2217 1384 2472 1432; x_wconf 88' lang='lat' dir='ltr'>intendentes,</span> 
     </span>
     <span class='ocr_line' id='line_1_35' title="bbox 292 1436 2474 1494; baseline -0.003 -11"><span class='ocrx_word' id='word_1_235' title='bbox 292 1443 304 1473; x_wconf 62' lang='lat'>-5</span> <span class='ocrx_word' id='word_1_236' title='bbox 349 1437 456 1465; x_wconf 93' lang='grc' dir='ltr'><em>Ψ</em></span> <span class='ocrx_word' id='word_1_237' title='bbox 484 1444 749 1483; x_wconf 82' lang='lat' dir='ltr'>circaerrores</span> <span class='ocrx_word' id='word_1_238' title='bbox 762 1443 975 1482; x_wconf 85' lang='lat' dir='ltr'>contrarios</span> <span class='ocrx_word' id='word_1_239' title='bbox 994 1443 1269 1482; x_wconf 83' lang='lat' dir='ltr'>destruendos:</span> <span class='ocrx_word' id='word_1_240' title='bbox 1289 1442 1339 1481; x_wconf 88' lang='lat' dir='ltr'>ad</span> <span class='ocrx_word' id='word_1_241' title='bbox 1394 1442 1570 1494; x_wconf 87' lang='lat' dir='ltr'>primum</span> <span class='ocrx_word' id='word_1_242' title='bbox 1598 1441 1769 1480; x_wconf 85' lang='lat' dir='ltr'>nitemur</span> <span class='ocrx_word' id='word_1_243' title='bbox 1791 1441 1841 1479; x_wconf 91' lang='lat' dir='ltr'>ad</span> <span class='ocrx_word' id='word_1_244' title='bbox 1869 1439 2220 1478; x_wconf 78' lang='lat' dir='ltr'>manifestationem</span> <span class='ocrx_word' id='word_1_245' title='bbox 2247 1438 2348 1477; x_wconf 91' lang='lat' dir='ltr'>illius</span> <span class='ocrx_word' id='word_1_246' title='bbox 2373 1436 2474 1476; x_wconf 85' lang='lat' dir='ltr'>veri-</span> 
     </span>
     <span class='ocr_line' id='line_1_36' title="bbox 264 1490 2474 1548; baseline -0.003 -12"><span class='ocrx_word' id='word_1_247' title='bbox 264 1509 431 1548; x_wconf 90' lang='lat' dir='ltr'>quarum</span> <span class='ocrx_word' id='word_1_248' title='bbox 446 1510 570 1536; x_wconf 86' lang='lat' dir='ltr'>unam</span> <span class='ocrx_word' id='word_1_249' title='bbox 588 1497 827 1547; x_wconf 87' lang='lat' dir='ltr'>investigatio</span> <span class='ocrx_word' id='word_1_250' title='bbox 846 1497 1003 1536; x_wconf 89' lang='lat' dir='ltr'>rationis</span> <span class='ocrx_word' id='word_1_251' title='bbox 1019 1497 1236 1548; x_wconf 85' lang='lat' dir='ltr'>pertingere</span> <span class='ocrx_word' id='word_1_252' title='bbox 1254 1504 1339 1547; x_wconf 87' lang='lat' dir='ltr'>pot-</span> <span class='ocrx_word' id='word_1_253' title='bbox 1362 1509 1371 1530; x_wconf 74' lang='lat' dir='ltr'>x</span> <span class='ocrx_word' id='word_1_254' title='bbox 1394 1496 1479 1534; x_wconf 88' lang='lat' dir='ltr'>tatis</span> <span class='ocrx_word' id='word_1_255' title='bbox 1491 1508 1616 1547; x_wconf 88' lang='lat' dir='ltr'>quam</span> <span class='ocrx_word' id='word_1_256' title='bbox 1633 1494 1733 1534; x_wconf 88' lang='lat' dir='ltr'>fides</span> <span class='ocrx_word' id='word_1_257' title='bbox 1746 1494 1952 1546; x_wconf 82' lang='lat' dir='ltr'>profitetur</span> <span class='ocrx_word' id='word_1_258' title='bbox 1963 1501 2002 1531; x_wconf 90' lang='lat' dir='ltr'>et</span> <span class='ocrx_word' id='word_1_259' title='bbox 2020 1493 2117 1531; x_wconf 83' lang='lat' dir='ltr'>ratio</span> <span class='ocrx_word' id='word_1_260' title='bbox 2131 1490 2474 1542; x_wconf 75' lang='lat' dir='ltr'>investigat,.indu·</span> 
     </span>
     <span class='ocr_line' id='line_1_37' title="bbox 265 1545 2474 1599; baseline -0.003 -10"><span class='ocrx_word' id='word_1_261' title='bbox 265 1559 331 1599; x_wconf 89' lang='lat' dir='ltr'>est,</span> <span class='ocrx_word' id='word_1_262' title='bbox 351 1550 425 1589; x_wconf 88' lang='lat' dir='ltr'>alia</span> <span class='ocrx_word' id='word_1_263' title='bbox 442 1563 538 1589; x_wconf 84' lang='lat' dir='ltr'>vero</span> <span class='ocrx_word' id='word_1_264' title='bbox 558 1563 720 1589; x_wconf 87' lang='lat' dir='ltr'>ornnem</span> <span class='ocrx_word' id='word_1_265' title='bbox 739 1550 896 1589; x_wconf 86' lang='lat' dir='ltr'>rationis</span> <span class='ocrx_word' id='word_1_266' title='bbox 923 1551 1073 1589; x_wconf 83' lang='lat' dir='ltr'>excedit</span> <span class='ocrx_word' id='word_1_267' title='bbox 1094 1550 1337 1588; x_wconf 85' lang='lat' dir='ltr'>industriam.</span> <span class='ocrx_word' id='word_1_268' title='bbox 1394 1558 1524 1588; x_wconf 87' lang='lat' dir='ltr'>centes</span> <span class='ocrx_word' id='word_1_269' title='bbox 1542 1549 1712 1587; x_wconf 87' lang='lat' dir='ltr'>rationes</span> <span class='ocrx_word' id='word_1_270' title='bbox 1730 1546 2054 1587; x_wconf 86' lang='lat' dir='ltr'>demonstrativas</span> <span class='ocrx_word' id='word_1_271' title='bbox 2070 1554 2111 1584; x_wconf 91' lang='lat' dir='ltr'>et</span> <span class='ocrx_word' id='word_1_272' title='bbox 2126 1545 2362 1597; x_wconf 79' lang='lat' dir='ltr'>probabiles,</span> <span class='ocrx_word' id='word_1_273' title='bbox 2377 1555 2474 1596; x_wconf 85' lang='lat' dir='ltr'>qua·</span> 
     </span>
     <span class='ocr_line' id='line_1_38' title="bbox 265 1598 2473 1655; baseline -0.003 -12"><span class='ocrx_word' id='word_1_274' title='bbox 265 1605 364 1643; x_wconf 90' lang='lat' dir='ltr'>Dico</span> <span class='ocrx_word' id='word_1_275' title='bbox 392 1612 525 1643; x_wconf 87' lang='lat' dir='ltr'>autem</span> <span class='ocrx_word' id='word_1_276' title='bbox 551 1605 747 1655; x_wconf 89' lang='lat' dir='ltr'>duplicem</span> <span class='ocrx_word' id='word_1_277' title='bbox 767 1604 970 1642; x_wconf 87' lang='lat' dir='ltr'>veritatem</span> <span class='ocrx_word' id='word_1_278' title='bbox 996 1604 1237 1652; x_wconf 83' lang='lat' dir='ltr'>divinorum,</span> <span class='ocrx_word' id='word_1_279' title='bbox 1257 1615 1339 1641; x_wconf 89' lang='lat' dir='ltr'>non</span> <span class='ocrx_word' id='word_1_280' title='bbox 1394 1615 1484 1642; x_wconf 89' lang='lat' dir='ltr'>rum</span> <span class='ocrx_word' id='word_1_281' title='bbox 1515 1603 1710 1653; x_wconf 87' lang='lat' dir='ltr'>quasdam</span> <span class='ocrx_word' id='word_1_282' title='bbox 1742 1613 1791 1640; x_wconf 83' lang='lat' dir='ltr'>ex</span> <span class='ocrx_word' id='word_1_283' title='bbox 1818 1600 1924 1640; x_wconf 89' lang='lat' dir='ltr'>libris</span> <span class='ocrx_word' id='word_1_284' title='bbox 1950 1601 2282 1651; x_wconf 82' lang='lat' dir='ltr'>philosophorum</span> <span class='ocrx_word' id='word_1_285' title='bbox 2310 1607 2349 1638; x_wconf 89' lang='lat' dir='ltr'>et</span> <span class='ocrx_word' id='word_1_286' title='bbox 2375 1598 2473 1638; x_wconf 88' lang='lat' dir='ltr'>San-</span> 
     </span>
     <span class='ocr_line' id='line_1_39' title="bbox 266 1653 2475 1708; baseline -0.002 -13"><span class='ocrx_word' id='word_1_287' title='bbox 266 1670 311 1696; x_wconf 91' lang='lat' dir='ltr'>ex</span> <span class='ocrx_word' id='word_1_288' title='bbox 339 1665 448 1708; x_wconf 88' lang='lat' dir='ltr'>parte</span> <span class='ocrx_word' id='word_1_289' title='bbox 476 1658 597 1708; x_wconf 91' lang='lat' dir='ltr'>ipsius</span> <span class='ocrx_word' id='word_1_290' title='bbox 621 1658 708 1706; x_wconf 87' lang='lat' dir='ltr'>Dei,</span> <span class='ocrx_word' id='word_1_291' title='bbox 728 1657 798 1708; x_wconf 91' lang='lat' dir='ltr'>qui</span> <span class='ocrx_word' id='word_1_292' title='bbox 826 1666 883 1695; x_wconf 91' lang='lat' dir='ltr'>est</span> <span class='ocrx_word' id='word_1_293' title='bbox 906 1670 989 1695; x_wconf 87' lang='lat' dir='ltr'>una</span> <span class='ocrx_word' id='word_1_294' title='bbox 1017 1665 1055 1695; x_wconf 91' lang='lat' dir='ltr'>et</span> <span class='ocrx_word' id='word_1_295' title='bbox 1082 1657 1245 1708; x_wconf 87' lang='lat' dir='ltr'>simplex</span> <span class='ocrx_word' id='word_1_296' title='bbox 1272 1669 1339 1695; x_wconf 71' lang='lat' dir='ltr'>ve-</span> <span class='ocrx_word' id='word_1_297' title='bbox 1394 1665 1548 1695; x_wconf 85' lang='lat' dir='ltr'>ctorum</span> <span class='ocrx_word' id='word_1_298' title='bbox 1575 1655 1813 1705; x_wconf 82' lang='lat' dir='ltr'>collegimus,</span> <span class='ocrx_word' id='word_1_299' title='bbox 1832 1667 1904 1706; x_wconf 90' lang='lat' dir='ltr'>per</span> <span class='ocrx_word' id='word_1_300' title='bbox 1929 1666 2030 1706; x_wconf 87' lang='lat' dir='ltr'>quas</span> <span class='ocrx_word' id='word_1_301' title='bbox 2048 1653 2190 1692; x_wconf 86' lang='lat' dir='ltr'>veritas</span> <span class='ocrx_word' id='word_1_302' title='bbox 2217 1653 2475 1692; x_wconf 80' lang='lat' dir='ltr'>confirmetur</span> 
     </span>
     <span class='ocr_line' id='line_1_40' title="bbox 266 1705 2473 1762; baseline -0.002 -13"><span class='ocrx_word' id='word_1_303' title='bbox 266 1711 372 1757; x_wconf 90' lang='lat' dir='ltr'>ritas;</span> <span class='ocrx_word' id='word_1_304' title='bbox 402 1711 469 1749; x_wconf 91' lang='lat' dir='ltr'>sed</span> <span class='ocrx_word' id='word_1_305' title='bbox 498 1724 545 1749; x_wconf 88' lang='lat' dir='ltr'>ex</span> <span class='ocrx_word' id='word_1_306' title='bbox 572 1719 680 1762; x_wconf 88' lang='lat' dir='ltr'>parte</span> <span class='ocrx_word' id='word_1_307' title='bbox 708 1711 936 1760; x_wconf 88' lang='lat' dir='ltr'>cognitionis</span> <span class='ocrx_word' id='word_1_308' title='bbox 964 1719 1129 1758; x_wconf 88' lang='lat' dir='ltr'>nostrae,</span> <span class='ocrx_word' id='word_1_309' title='bbox 1158 1722 1260 1761; x_wconf 85' lang='lat' dir='ltr'>quae</span> <span class='ocrx_word' id='word_1_310' title='bbox 1287 1711 1336 1749; x_wconf 87' lang='lat' dir='ltr'>ad</span> <span class='ocrx_word' id='word_1_311' title='bbox 1395 1717 1432 1748; x_wconf 89' lang='lat' dir='ltr'>et</span> <span class='ocrx_word' id='word_1_312' title='bbox 1459 1709 1703 1748; x_wconf 85' lang='lat' dir='ltr'>adversarius</span> <span class='ocrx_word' id='word_1_313' title='bbox 1729 1708 1996 1747; x_wconf 77' lang='lat' dir='ltr'>convineatur.</span> <span class='ocrx_word' id='word_1_314' title='bbox 2033 1707 2198 1756; x_wconf 87' lang='lat' dir='ltr'>Deinde,</span> <span class='ocrx_word' id='word_1_315' title='bbox 2226 1715 2271 1746; x_wconf 91' lang='lat' dir='ltr'>ut</span> <span class='ocrx_word' id='word_1_316' title='bbox 2298 1719 2322 1745; x_wconf 88' lang='lat' dir='ltr'>a</span> <span class='ocrx_word' id='word_1_317' title='bbox 2346 1705 2473 1744; x_wconf 86' lang='lat' dir='ltr'>mani-</span> 
     </span>
     <span class='ocr_line' id='line_1_41' title="bbox 265 1760 2472 1813; baseline -0.002 -11"><span class='ocrx_word' id='word_1_318' title='bbox 265 1764 398 1802; x_wconf 84' lang='lat' dir='ltr'>divina</span> <span class='ocrx_word' id='word_1_319' title='bbox 424 1765 696 1813; x_wconf 88' lang='lat' dir='ltr'>cognoscenda</span> <span class='ocrx_word' id='word_1_320' title='bbox 722 1764 986 1802; x_wconf 87' lang='lat' dir='ltr'>diversimode</span> <span class='ocrx_word' id='word_1_321' title='bbox 1013 1776 1055 1802; x_wconf 91' lang='lat' dir='ltr'>se</span> <span class='ocrx_word' id='word_1_322' title='bbox 1083 1764 1211 1802; x_wconf 87' lang='lat' dir='ltr'>habet.</span> <span class='ocrx_word' id='word_1_323' title='bbox 1355 1781 1381 1797; x_wconf 78' lang='grc' dir='ltr'>ιο</span> <span class='ocrx_word' id='word_1_324' title='bbox 1393 1763 1613 1802; x_wconf 80' lang='lat' dir='ltr'>festioribus·</span> <span class='ocrx_word' id='word_1_325' title='bbox 1631 1763 1681 1801; x_wconf 86' lang='lat' dir='ltr'>ad</span> <span class='ocrx_word' id='word_1_326' title='bbox 1699 1763 1833 1801; x_wconf 89' lang='lat' dir='ltr'>minus</span> <span class='ocrx_word' id='word_1_327' title='bbox 1852 1761 2054 1801; x_wconf 85' lang='lat' dir='ltr'>manifesta</span> <span class='ocrx_word' id='word_1_328' title='bbox 2081 1760 2150 1799; x_wconf 90' lang='lat' dir='ltr'>fiat</span> <span class='ocrx_word' id='word_1_329' title='bbox 2175 1771 2394 1812; x_wconf 56' lang='lat' dir='ltr'>processura,</span> <span class='ocrx_word' id='word_1_330' title='bbox 2420 1761 2472 1799; x_wconf 81' lang='lat' dir='ltr'>ad</span> 
     </span>
     <span class='ocr_line' id='line_1_42' title="bbox 319 1814 2473 1868; baseline -0.001 -13"><span class='ocrx_word' id='word_1_331' title='bbox 319 1818 380 1856; x_wconf 91' lang='lat' dir='ltr'>Ad</span> <span class='ocrx_word' id='word_1_332' title='bbox 408 1817 557 1867; x_wconf 91' lang='lat' dir='ltr'>primae</span> <span class='ocrx_word' id='word_1_333' title='bbox 576 1818 690 1867; x_wconf 88' lang='lat' dir='ltr'>igitur</span> <span class='ocrx_word' id='word_1_334' title='bbox 711 1817 881 1856; x_wconf 88' lang='lat' dir='ltr'>veritatis</span> <span class='ocrx_word' id='word_1_335' title='bbox 900 1817 1251 1855; x_wconf 85' lang='lat' dir='ltr'>manifestationem</span> <span class='ocrx_word' id='word_1_336' title='bbox 1269 1829 1340 1868; x_wconf 89' lang='lat' dir='ltr'>per</span> <span class='ocrx_word' id='word_1_337' title='bbox 1393 1817 1494 1855; x_wconf 83' lang='lat' dir='ltr'>illius</span> <span class='ocrx_word' id='word_1_338' title='bbox 1512 1816 1682 1855; x_wconf 83' lang='lat' dir='ltr'>veritatis</span> <span class='ocrx_word' id='word_1_339' title='bbox 1708 1815 2061 1854; x_wconf 84' lang='lat' dir='ltr'>manifestationem</span> <span class='ocrx_word' id='word_1_340' title='bbox 2086 1814 2351 1866; x_wconf 86' lang='lat' dir='ltr'>procedemus</span> <span class='ocrx_word' id='word_1_341' title='bbox 2367 1824 2473 1865; x_wconf 81' lang='lat' dir='ltr'>quae</span> 
     </span>
     <span class='ocr_line' id='line_1_43' title="bbox 266 1868 2473 1921; baseline 0 -13"><span class='ocrx_word' id='word_1_342' title='bbox 266 1870 433 1908; x_wconf 87' lang='lat' dir='ltr'>rationes</span> <span class='ocrx_word' id='word_1_343' title='bbox 459 1871 792 1918; x_wconf 89' lang='lat' dir='ltr'>demonstrativas,</span> <span class='ocrx_word' id='word_1_344' title='bbox 813 1871 957 1921; x_wconf 90' lang='lat' dir='ltr'>quibus</span> <span class='ocrx_word' id='word_1_345' title='bbox 984 1870 1227 1909; x_wconf 87' lang='lat' dir='ltr'>adversarius</span> <span class='ocrx_word' id='word_1_346' title='bbox 1246 1882 1339 1908; x_wconf 87' lang='lat' dir='ltr'>con·</span> <span class='ocrx_word' id='word_1_347' title='bbox 1395 1870 1587 1908; x_wconf 89' lang='lat' dir='ltr'>rationem</span> <span class='ocrx_word' id='word_1_348' title='bbox 1623 1869 1773 1908; x_wconf 87' lang='lat' dir='ltr'>excedit</span> <span class='ocrx_word' id='word_1_349' title='bbox 1789 1868 1823 1917; x_wconf 67' lang='lat'>⁸,</span> <span class='ocrx_word' id='word_1_350' title='bbox 1851 1871 2048 1907; x_wconf 84' lang='lat' dir='ltr'>solventes</span> <span class='ocrx_word' id='word_1_351' title='bbox 2084 1868 2255 1907; x_wconf 87' lang='lat' dir='ltr'>rationes</span> <span class='ocrx_word' id='word_1_352' title='bbox 2292 1868 2473 1908; x_wconf 64' lang='lat' dir='ltr'>adven-vsa-</span> 
     </span>
     <span class='ocr_line' id='line_1_44' title="bbox 266 1922 2472 1974; baseline 0 -13"><span class='ocrx_word' id='word_1_353' title='bbox 266 1924 368 1962; x_wconf 87' lang='lat' dir='ltr'>vinci</span> <span class='ocrx_word' id='word_1_354' title='bbox 402 1924 535 1974; x_wconf 88' lang='lat' dir='ltr'>possit,</span> <span class='ocrx_word' id='word_1_355' title='bbox 564 1924 862 1974; x_wconf 89' lang='lat' dir='ltr'>procedendum</span> <span class='ocrx_word' id='word_1_356' title='bbox 899 1932 965 1962; x_wconf 89' lang='lat' dir='ltr'>est.</span> <span class='ocrx_word' id='word_1_357' title='bbox 1005 1925 1083 1962; x_wconf 90' lang='lat' dir='ltr'>Sed</span> <span class='ocrx_word' id='word_1_358' title='bbox 1117 1924 1211 1974; x_wconf 89' lang='lat' dir='ltr'>quia</span> <span class='ocrx_word' id='word_1_359' title='bbox 1244 1925 1339 1962; x_wconf 85' lang='lat' dir='ltr'>tales</span> <span class='ocrx_word' id='word_1_360' title='bbox 1394 1923 1555 1971; x_wconf 89' lang='lat' dir='ltr'>riorum,</span> <span class='ocrx_word' id='word_1_361' title='bbox 1584 1931 1622 1960; x_wconf 93' lang='lat' dir='ltr'>et</span> <span class='ocrx_word' id='word_1_362' title='bbox 1649 1922 1878 1962; x_wconf 83' lang='lat' dir='ltr'>rationibus</span> <span class='ocrx_word' id='word_1_363' title='bbox 1894 1922 2165 1973; x_wconf 83' lang='lat' dir='ltr'>probabilibus</span> <span class='ocrx_word' id='word_1_364' title='bbox 2195 1929 2235 1960; x_wconf 79' lang='lat' dir='ltr'>et</span> <span class='ocrx_word' id='word_1_365' title='bbox 2265 1922 2472 1962; x_wconf 70' lang='lat' dir='ltr'>auctorita·-</span> 
     </span>
    </p>
   </div>
   <div class='ocr_carea' id='block_1_11' title="bbox 267 1287 468 1468">
    <p class='ocr_par' dir='ltr' id='par_1_12' title="bbox 267 1287 468 1468">
     <span class='ocr_line' id='line_1_45' title="bbox 267 1287 468 1468; baseline 0 -105"><span class='ocrx_word' id='word_1_366' title='bbox 267 1287 468 1468; x_wconf 95' lang='lat' dir='ltr'>  </span> 
     </span>
    </p>
   </div>
   <div class='ocr_carea' id='block_1_12' title="bbox 266 1977 1338 2027">
    <p class='ocr_par' dir='ltr' id='par_1_13' title="bbox 266 1977 1338 2027">
     <span class='ocr_line' id='line_1_46' title="bbox 266 1977 1338 2027; baseline 0 -13"><span class='ocrx_word' id='word_1_367' title='bbox 266 1977 432 2015; x_wconf 89' lang='lat' dir='ltr'>rationes</span> <span class='ocrx_word' id='word_1_368' title='bbox 451 1978 502 2015; x_wconf 90' lang='lat' dir='ltr'>ad</span> <span class='ocrx_word' id='word_1_369' title='bbox 521 1978 734 2015; x_wconf 90' lang='lat' dir='ltr'>secundam</span> <span class='ocrx_word' id='word_1_370' title='bbox 753 1977 956 2024; x_wconf 85' lang='lat' dir='ltr'>veritatem</span> <span class='ocrx_word' id='word_1_371' title='bbox 983 1977 1119 2016; x_wconf 88' lang='lat' dir='ltr'>haberi</span> <span class='ocrx_word' id='word_1_372' title='bbox 1147 1989 1229 2015; x_wconf 89' lang='lat' dir='ltr'>non</span> <span class='ocrx_word' id='word_1_373' title='bbox 1247 1989 1338 2027; x_wconf 93' lang='lat' dir='ltr'>pos-</span> 
     </span>
    </p>
   </div>
   <div class='ocr_carea' id='block_1_13' title="bbox 1393 1975 2473 2026">
    <p class='ocr_par' dir='ltr' id='par_1_14' title="bbox 1393 1975 2473 2026">
     <span class='ocr_line' id='line_1_47' title="bbox 1393 1975 2473 2026; baseline 0 -11"><span class='ocrx_word' id='word_1_374' title='bbox 1393 1977 1508 2024; x_wconf 86' lang='lat' dir='ltr'>tibus,</span> <span class='ocrx_word' id='word_1_375' title='bbox 1528 1983 1723 2026; x_wconf 84' lang='lat' dir='ltr'>quantum</span> <span class='ocrx_word' id='word_1_376' title='bbox 1750 1977 1860 2014; x_wconf 90' lang='lat' dir='ltr'>Deus</span> <span class='ocrx_word' id='word_1_377' title='bbox 1877 1976 2039 2024; x_wconf 89' lang='lat' dir='ltr'>dederit,</span> <span class='ocrx_word' id='word_1_378' title='bbox 2058 1975 2261 2014; x_wconf 79' lang='lat' dir='ltr'>veritatem</span> <span class='ocrx_word' id='word_1_379' title='bbox 2283 1975 2378 2014; x_wconf 90' lang='lat' dir='ltr'>fidei</span> <span class='ocrx_word' id='word_1_380' title='bbox 2405 1975 2473 2015; x_wconf 74' lang='lat' dir='ltr'>do-</span> 
     </span>
    </p>
   </div>
   <div class='ocr_carea' id='block_1_14' title="bbox 266 2030 1592 2077">
    <p class='ocr_par' dir='ltr' id='par_1_15' title="bbox 266 2030 1592 2077">
     <span class='ocr_line' id='line_1_48' title="bbox 266 2030 1592 2077; baseline -0.001 -9"><span class='ocrx_word' id='word_1_381' title='bbox 266 2038 366 2077; x_wconf 88' lang='lat' dir='ltr'>sunt,</span> <span class='ocrx_word' id='word_1_382' title='bbox 386 2042 468 2068; x_wconf 91' lang='lat' dir='ltr'>non</span> <span class='ocrx_word' id='word_1_383' title='bbox 486 2030 602 2068; x_wconf 90' lang='lat' dir='ltr'>debet</span> <span class='ocrx_word' id='word_1_384' title='bbox 629 2043 713 2068; x_wconf 91' lang='lat' dir='ltr'>esse</span> <span class='ocrx_word' id='word_1_385' title='bbox 731 2031 782 2068; x_wconf 90' lang='lat' dir='ltr'>ad</span> <span class='ocrx_word' id='word_1_386' title='bbox 810 2031 886 2068; x_wconf 93' lang='lat' dir='ltr'>hoc</span> <span class='ocrx_word' id='word_1_387' title='bbox 910 2030 1068 2068; x_wconf 90' lang='lat' dir='ltr'>intentio</span> <span class='ocrx_word' id='word_1_388' title='bbox 1096 2038 1139 2068; x_wconf 88' lang='lat' dir='ltr'>ut</span> <span class='ocrx_word' id='word_1_389' title='bbox 1158 2030 1338 2068; x_wconf 88' lang='lat' dir='ltr'>adversa-</span> <span class='ocrx_word' id='word_1_390' title='bbox 1354 2051 1377 2073; x_wconf 72' lang='grc' dir='ltr'>ις</span> <span class='ocrx_word' id='word_1_391' title='bbox 1393 2032 1592 2069; x_wconf 87' lang='lat' dir='ltr'>clarantes.</span> 
     </span>
    </p>
   </div>
   <div class='ocr_carea' id='block_1_15' title="bbox 265 2082 1338 2292">
    <p class='ocr_par' dir='ltr' id='par_1_16' title="bbox 265 2082 1338 2292">
     <span class='ocr_line' id='line_1_49' title="bbox 265 2082 1337 2130; baseline 0.001 -10"><span class='ocrx_word' id='word_1_392' title='bbox 265 2083 344 2121; x_wconf 90' lang='lat' dir='ltr'>rius</span> <span class='ocrx_word' id='word_1_393' title='bbox 372 2083 585 2122; x_wconf 86' lang='lat' dir='ltr'>rationibus</span> <span class='ocrx_word' id='word_1_394' title='bbox 604 2082 872 2121; x_wconf 84' lang='lat' dir='ltr'>convincatur:</span> <span class='ocrx_word' id='word_1_395' title='bbox 903 2084 971 2121; x_wconf 90' lang='lat' dir='ltr'>sed</span> <span class='ocrx_word' id='word_1_396' title='bbox 992 2091 1035 2121; x_wconf 94' lang='lat' dir='ltr'>ut</span> <span class='ocrx_word' id='word_1_397' title='bbox 1053 2083 1137 2122; x_wconf 90' lang='lat' dir='ltr'>eius</span> <span class='ocrx_word' id='word_1_398' title='bbox 1156 2083 1337 2130; x_wconf 88' lang='lat' dir='ltr'>rationes,</span> 
     </span>
     <span class='ocr_line' id='line_1_50' title="bbox 265 2136 1338 2186; baseline 0 -12"><span class='ocrx_word' id='word_1_399' title='bbox 265 2148 362 2186; x_wconf 88' lang='lat' dir='ltr'>quas</span> <span class='ocrx_word' id='word_1_400' title='bbox 381 2145 515 2175; x_wconf 89' lang='lat' dir='ltr'>contra</span> <span class='ocrx_word' id='word_1_401' title='bbox 528 2136 729 2175; x_wconf 88' lang='lat' dir='ltr'>veritatem</span> <span class='ocrx_word' id='word_1_402' title='bbox 749 2137 876 2185; x_wconf 85' lang='lat' dir='ltr'>habet,</span> <span class='ocrx_word' id='word_1_403' title='bbox 892 2139 1107 2184; x_wconf 83' lang='lat' dir='ltr'>solvantur;</span> <span class='ocrx_word' id='word_1_404' title='bbox 1127 2149 1220 2174; x_wconf 88' lang='lat' dir='ltr'>cum</span> <span class='ocrx_word' id='word_1_405' title='bbox 1239 2136 1338 2174; x_wconf 89' lang='lat' dir='ltr'>veri-</span> 
     </span>
     <span class='ocr_line' id='line_1_51' title="bbox 265 2189 1336 2240; baseline 0 -13"><span class='ocrx_word' id='word_1_406' title='bbox 265 2190 330 2227; x_wconf 90' lang='lat' dir='ltr'>tati</span> <span class='ocrx_word' id='word_1_407' title='bbox 357 2189 450 2228; x_wconf 92' lang='lat' dir='ltr'>fidei</span> <span class='ocrx_word' id='word_1_408' title='bbox 470 2190 566 2228; x_wconf 90' lang='lat' dir='ltr'>ratio</span> <span class='ocrx_word' id='word_1_409' title='bbox 585 2189 768 2228; x_wconf 87' lang='lat' dir='ltr'>naturalis</span> <span class='ocrx_word' id='word_1_410' title='bbox 787 2190 979 2228; x_wconf 83' lang='lat' dir='ltr'>contraria</span> <span class='ocrx_word' id='word_1_411' title='bbox 999 2203 1083 2229; x_wconf 90' lang='lat' dir='ltr'>esse</span> <span class='ocrx_word' id='word_1_412' title='bbox 1103 2202 1184 2228; x_wconf 93' lang='lat' dir='ltr'>non</span> <span class='ocrx_word' id='word_1_413' title='bbox 1204 2189 1336 2240; x_wconf 89' lang='lat' dir='ltr'>possit,</span> 
     </span>
     <span class='ocr_line' id='line_1_52' title="bbox 265 2243 1338 2292; baseline 0.001 -12"><span class='ocrx_word' id='word_1_414' title='bbox 265 2251 308 2280; x_wconf 92' lang='lat' dir='ltr'>ut</span> <span class='ocrx_word' id='word_1_415' title='bbox 335 2251 537 2281; x_wconf 90' lang='lat' dir='ltr'>ostensum</span> <span class='ocrx_word' id='word_1_416' title='bbox 564 2251 622 2281; x_wconf 87' lang='lat' dir='ltr'>est</span> <span class='ocrx_word' id='word_1_417' title='bbox 634 2243 665 2281; x_wconf 80' lang='lat'>*.</span> <span class='ocrx_word' id='word_1_418' title='bbox 697 2243 907 2292; x_wconf 87' lang='lat' dir='ltr'>Singularis</span> <span class='ocrx_word' id='word_1_419' title='bbox 938 2255 1034 2281; x_wconf 89' lang='lat' dir='ltr'>vero</span> <span class='ocrx_word' id='word_1_420' title='bbox 1067 2244 1211 2282; x_wconf 90' lang='lat' dir='ltr'>modus</span> <span class='ocrx_word' id='word_1_421' title='bbox 1245 2255 1338 2281; x_wconf 91' lang='lat' dir='ltr'>con-</span> 
     </span>
    </p>
   </div>
   <div class='ocr_carea' id='block_1_16' title="bbox 1393 2081 2474 2295">
    <p class='ocr_par' dir='ltr' id='par_1_17' title="bbox 1393 2081 2474 2295">
     <span class='ocr_line' id='line_1_53' title="bbox 1447 2081 2474 2134; baseline 0 -12"><span class='ocrx_word' id='word_1_422' title='bbox 1447 2082 1741 2122; x_wconf 90' lang='lat' dir='ltr'>Intendentibus</span> <span class='ocrx_word' id='word_1_423' title='bbox 1774 2081 1889 2132; x_wconf 85' lang='lat' dir='ltr'>igitur</span> <span class='ocrx_word' id='word_1_424' title='bbox 1924 2082 2040 2121; x_wconf 87' lang='lat' dir='ltr'>nobis</span> <span class='ocrx_word' id='word_1_425' title='bbox 2073 2094 2148 2134; x_wconf 90' lang='lat' dir='ltr'>per</span> <span class='ocrx_word' id='word_1_426' title='bbox 2174 2083 2282 2122; x_wconf 87' lang='lat' dir='ltr'>viam</span> <span class='ocrx_word' id='word_1_427' title='bbox 2314 2082 2474 2122; x_wconf 80' lang='lat' dir='ltr'>rationis</span> 
     </span>
     <span class='ocr_line' id='line_1_54' title="bbox 1393 2135 2474 2188; baseline 0.002 -13"><span class='ocrx_word' id='word_1_428' title='bbox 1393 2136 1579 2188; x_wconf 91' lang='lat' dir='ltr'>prosequi</span> <span class='ocrx_word' id='word_1_429' title='bbox 1607 2148 1654 2174; x_wconf 89' lang='lat' dir='ltr'>ea</span> <span class='ocrx_word' id='word_1_430' title='bbox 1675 2148 1778 2187; x_wconf 91' lang='lat' dir='ltr'>quae</span> <span class='ocrx_word' id='word_1_431' title='bbox 1806 2136 1856 2174; x_wconf 91' lang='lat' dir='ltr'>de</span> <span class='ocrx_word' id='word_1_432' title='bbox 1883 2136 1971 2175; x_wconf 91' lang='lat' dir='ltr'>Deo</span> <span class='ocrx_word' id='word_1_433' title='bbox 1999 2135 2096 2175; x_wconf 88' lang='lat' dir='ltr'>ratio</span> <span class='ocrx_word' id='word_1_434' title='bbox 2115 2137 2292 2176; x_wconf 84' lang='lat' dir='ltr'>humana</span> <span class='ocrx_word' id='word_1_435' title='bbox 2316 2136 2474 2177; x_wconf 84' lang='lat' dir='ltr'>investi-</span> 
     </span>
     <span class='ocr_line' id='line_1_55' title="bbox 1393 2189 2473 2241; baseline 0.002 -14"><span class='ocrx_word' id='word_1_436' title='bbox 1393 2201 1483 2240; x_wconf 82' lang='lat' dir='ltr'>gare</span> <span class='ocrx_word' id='word_1_437' title='bbox 1510 2197 1649 2241; x_wconf 86' lang='lat' dir='ltr'>potest‚</span> <span class='ocrx_word' id='word_1_438' title='bbox 1677 2190 1807 2240; x_wconf 88' lang='lat' dir='ltr'>primo</span> <span class='ocrx_word' id='word_1_439' title='bbox 1844 2189 2012 2228; x_wconf 85' lang='lat' dir='ltr'>occurrit</span> <span class='ocrx_word' id='word_1_440' title='bbox 2048 2189 2306 2229; x_wconf 82' lang='lat' dir='ltr'>consideratio</span> <span class='ocrx_word' id='word_1_441' title='bbox 2333 2190 2385 2230; x_wconf 92' lang='lat' dir='ltr'>de</span> <span class='ocrx_word' id='word_1_442' title='bbox 2412 2191 2473 2230; x_wconf 83' lang='lat' dir='ltr'>his</span> 
     </span>
     <span class='ocr_line' id='line_1_56' title="bbox 1394 2243 2473 2295; baseline 0.001 -13"><span class='ocrx_word' id='word_1_443' title='bbox 1394 2256 1496 2294; x_wconf 86' lang='lat' dir='ltr'>quae</span> <span class='ocrx_word' id='word_1_444' title='bbox 1533 2245 1620 2282; x_wconf 91' lang='lat' dir='ltr'>Deo</span> <span class='ocrx_word' id='word_1_445' title='bbox 1658 2244 1878 2282; x_wconf 86' lang='lat' dir='ltr'>seeundum</span> <span class='ocrx_word' id='word_1_446' title='bbox 1915 2244 2090 2295; x_wconf 85' lang='lat' dir='ltr'>seipsum</span> <span class='ocrx_word' id='word_1_447' title='bbox 2123 2243 2384 2292; x_wconf 87' lang='lat' dir='ltr'>conveniunt;</span> <span class='ocrx_word' id='word_1_448' title='bbox 2413 2255 2473 2284; x_wconf 83' lang='lat' dir='ltr'>se-</span> 
     </span>
    </p>
   </div>
   <div class='ocr_carea' id='block_1_17' title="bbox 265 2296 2472 2348">
    <p class='ocr_par' dir='ltr' id='par_1_18' title="bbox 265 2296 2472 2348">
     <span class='ocr_line' id='line_1_57' title="bbox 265 2296 2472 2348; baseline 0.001 -14"><span class='ocrx_word' id='word_1_449' title='bbox 265 2296 444 2334; x_wconf 88' lang='lat' dir='ltr'>vincendi</span> <span class='ocrx_word' id='word_1_450' title='bbox 460 2296 727 2334; x_wconf 87' lang='lat' dir='ltr'>adversarium</span> <span class='ocrx_word' id='word_1_451' title='bbox 742 2305 876 2335; x_wconf 89' lang='lat' dir='ltr'>contra</span> <span class='ocrx_word' id='word_1_452' title='bbox 895 2296 1124 2335; x_wconf 90' lang='lat' dir='ltr'>huiusmodi</span> <span class='ocrx_word' id='word_1_453' title='bbox 1138 2296 1336 2335; x_wconf 85' lang='lat' dir='ltr'>veritatem</span> <span class='ocrx_word' id='word_1_454' title='bbox 1353 2320 1381 2335; x_wconf 73' lang='lat' dir='ltr'><em>w</em></span> <span class='ocrx_word' id='word_1_455' title='bbox 1394 2297 1526 2335; x_wconf 90' lang='lat' dir='ltr'>cundo</span> <span class='ocrx_word' id='word_1_456' title='bbox 1554 2309 1661 2345; x_wconf 75' lang='grc' dir='ltr'><em>νει-ο,</em></span> <span class='ocrx_word' id='word_1_457' title='bbox 1682 2297 1732 2335; x_wconf 89' lang='lat' dir='ltr'>de</span> <span class='ocrx_word' id='word_1_458' title='bbox 1750 2309 1937 2348; x_wconf 89' lang='lat' dir='ltr'>processu</span> <span class='ocrx_word' id='word_1_459' title='bbox 1965 2306 2232 2336; x_wconf 71' lang='lat' dir='ltr'>creaturarum</span> <span class='ocrx_word' id='word_1_460' title='bbox 2260 2297 2311 2336; x_wconf 87' lang='lat' dir='ltr'>ab</span> <span class='ocrx_word' id='word_1_461' title='bbox 2329 2297 2417 2348; x_wconf 84' lang='lat' dir='ltr'>ipso</span> <span class='ocrx_word' id='word_1_462' title='bbox 2428 2297 2472 2344; x_wconf 74' lang='grc' dir='ltr'>*ς</span> 
     </span>
    </p>
   </div>
   <div class='ocr_carea' id='block_1_18' title="bbox 266 2349 1340 2503">
    <p class='ocr_par' dir='ltr' id='par_1_19' title="bbox 266 2349 1340 2503">
     <span class='ocr_line' id='line_1_58' title="bbox 266 2349 1339 2400; baseline 0.002 -14"><span class='ocrx_word' id='word_1_463' title='bbox 266 2358 322 2387; x_wconf 89' lang='lat' dir='ltr'>est</span> <span class='ocrx_word' id='word_1_464' title='bbox 350 2362 396 2387; x_wconf 89' lang='lat' dir='ltr'>ex</span> <span class='ocrx_word' id='word_1_465' title='bbox 416 2349 639 2388; x_wconf 88' lang='lat' dir='ltr'>auctoritate</span> <span class='ocrx_word' id='word_1_466' title='bbox 661 2349 880 2400; x_wconf 89' lang='lat' dir='ltr'>Scripturae</span> <span class='ocrx_word' id='word_1_467' title='bbox 906 2350 1091 2388; x_wconf 90' lang='lat' dir='ltr'>divinitus</span> <span class='ocrx_word' id='word_1_468' title='bbox 1109 2349 1339 2388; x_wconf 89' lang='lat' dir='ltr'>confirmata</span> 
     </span>
     <span class='ocr_line' id='line_1_59' title="bbox 266 2403 1336 2453; baseline 0.001 -13"><span class='ocrx_word' id='word_1_469' title='bbox 266 2403 476 2441; x_wconf 87' lang='lat' dir='ltr'>miraculis:</span> <span class='ocrx_word' id='word_1_470' title='bbox 506 2415 608 2453; x_wconf 90' lang='lat' dir='ltr'>quae</span> <span class='ocrx_word' id='word_1_471' title='bbox 627 2403 733 2441; x_wconf 89' lang='lat' dir='ltr'>enim</span> <span class='ocrx_word' id='word_1_472' title='bbox 757 2415 875 2453; x_wconf 87' lang='lat' dir='ltr'>supra</span> <span class='ocrx_word' id='word_1_473' title='bbox 902 2404 1092 2442; x_wconf 87' lang='lat' dir='ltr'>rationem</span> <span class='ocrx_word' id='word_1_474' title='bbox 1122 2405 1336 2442; x_wconf 87' lang='lat' dir='ltr'>humanam</span> 
     </span>
     <span class='ocr_line' id='line_1_60' title="bbox 267 2456 1340 2503; baseline 0.001 -9"><span class='ocrx_word' id='word_1_475' title='bbox 267 2464 367 2503; x_wconf 86' lang='lat' dir='ltr'>sunt,</span> <span class='ocrx_word' id='word_1_476' title='bbox 403 2468 485 2494; x_wconf 92' lang='lat' dir='ltr'>non</span> <span class='ocrx_word' id='word_1_477' title='bbox 529 2456 724 2495; x_wconf 89' lang='lat' dir='ltr'>credimus</span> <span class='ocrx_word' id='word_1_478' title='bbox 760 2456 834 2495; x_wconf 90' lang='lat' dir='ltr'>nisi</span> <span class='ocrx_word' id='word_1_479' title='bbox 870 2457 957 2495; x_wconf 91' lang='lat' dir='ltr'>Deo</span> <span class='ocrx_word' id='word_1_480' title='bbox 995 2459 1200 2495; x_wconf 86' lang='lat' dir='ltr'>revelante.</span> <span class='ocrx_word' id='word_1_481' title='bbox 1239 2457 1340 2495; x_wconf 87' lang='lat' dir='ltr'>Sunt</span> 
     </span>
    </p>
   </div>
   <div class='ocr_carea' id='block_1_19' title="bbox 1393 2351 2472 2442">
    <p class='ocr_par' dir='ltr' id='par_1_20' title="bbox 1393 2351 2472 2442">
     <span class='ocr_line' id='line_1_61' title="bbox 1394 2351 2472 2402; baseline 0.002 -14"><span class='ocrx_word' id='word_1_482' title='bbox 1394 2351 1505 2389; x_wconf 87' lang='lat' dir='ltr'>tertio</span> <span class='ocrx_word' id='word_1_483' title='bbox 1533 2359 1677 2397; x_wconf 89' lang='lat' dir='ltr'>autem,</span> <span class='ocrx_word' id='word_1_484' title='bbox 1707 2351 1757 2388; x_wconf 90' lang='lat' dir='ltr'>de</span> <span class='ocrx_word' id='word_1_485' title='bbox 1795 2351 1932 2389; x_wconf 90' lang='lat' dir='ltr'>ordine</span> <span class='ocrx_word' id='word_1_486' title='bbox 1970 2359 2235 2390; x_wconf 90' lang='lat' dir='ltr'>creaturarum</span> <span class='ocrx_word' id='word_1_487' title='bbox 2273 2351 2313 2390; x_wconf 92' lang='lat' dir='ltr'>in</span> <span class='ocrx_word' id='word_1_488' title='bbox 2341 2351 2472 2402; x_wconf 90' lang='lat' dir='ltr'>ipsum</span> 
     </span>
     <span class='ocr_line' id='line_1_62' title="bbox 1393 2404 1755 2442; baseline 0 0"><span class='ocrx_word' id='word_1_489' title='bbox 1393 2404 1492 2442; x_wconf 89' lang='lat' dir='ltr'>sicut</span> <span class='ocrx_word' id='word_1_490' title='bbox 1518 2404 1559 2442; x_wconf 92' lang='lat' dir='ltr'>in</span> <span class='ocrx_word' id='word_1_491' title='bbox 1586 2404 1710 2442; x_wconf 90' lang='lat' dir='ltr'>finem</span> <span class='ocrx_word' id='word_1_492' title='bbox 1723 2404 1755 2442; x_wconf 80' lang='lat'><strong>¹⁸¹.</strong></span> 
     </span>
    </p>
   </div>
   <div class='ocr_carea' id='block_1_20' title="bbox 1447 2458 2472 2509">
    <p class='ocr_par' dir='ltr' id='par_1_21' title="bbox 1447 2458 2472 2509">
     <span class='ocr_line' id='line_1_63' title="bbox 1447 2458 2472 2509; baseline 0.002 -13"><span class='ocrx_word' id='word_1_493' title='bbox 1447 2459 1549 2496; x_wconf 89' lang='lat' dir='ltr'>Inter</span> <span class='ocrx_word' id='word_1_494' title='bbox 1565 2470 1613 2496; x_wconf 89' lang='lat' dir='ltr'>ea</span> <span class='ocrx_word' id='word_1_495' title='bbox 1630 2470 1726 2496; x_wconf 90' lang='lat' dir='ltr'>vero</span> <span class='ocrx_word' id='word_1_496' title='bbox 1746 2470 1848 2508; x_wconf 87' lang='lat' dir='ltr'>quae</span> <span class='ocrx_word' id='word_1_497' title='bbox 1867 2458 1917 2496; x_wconf 93' lang='lat' dir='ltr'>de</span> <span class='ocrx_word' id='word_1_498' title='bbox 1936 2458 2023 2496; x_wconf 92' lang='lat' dir='ltr'>Deo</span> <span class='ocrx_word' id='word_1_499' title='bbox 2050 2458 2271 2498; x_wconf 86' lang='lat' dir='ltr'>secundum</span> <span class='ocrx_word' id='word_1_500' title='bbox 2298 2458 2472 2509; x_wconf 86' lang='lat' dir='ltr'>seipsum</span> 
     </span>
    </p>
   </div>
   <div class='ocr_carea' id='block_1_21' title="bbox 265 2509 2472 2615">
    <p class='ocr_par' dir='ltr' id='par_1_22' title="bbox 265 2509 2472 2615">
     <span class='ocr_line' id='line_1_64' title="bbox 265 2509 2472 2564; baseline 0.003 -18"><span class='ocrx_word' id='word_1_501' title='bbox 265 2517 398 2547; x_wconf 85' lang='lat' dir='ltr'>tamen</span> <span class='ocrx_word' id='word_1_502' title='bbox 435 2509 485 2547; x_wconf 88' lang='lat' dir='ltr'>ad</span> <span class='ocrx_word' id='word_1_503' title='bbox 520 2509 747 2548; x_wconf 90' lang='lat' dir='ltr'>huiusmodi</span> <span class='ocrx_word' id='word_1_504' title='bbox 780 2510 981 2548; x_wconf 89' lang='lat' dir='ltr'>veritatem</span> <span class='ocrx_word' id='word_1_505' title='bbox 1015 2510 1337 2549; x_wconf 83' lang='lat' dir='ltr'>manifestandam</span> <span class='ocrx_word' id='word_1_506' title='bbox 1394 2511 1676 2550; x_wconf 87' lang='lat' dir='ltr'>consideranda</span> <span class='ocrx_word' id='word_1_507' title='bbox 1703 2519 1804 2560; x_wconf 91' lang='lat' dir='ltr'>sunt,</span> <span class='ocrx_word' id='word_1_508' title='bbox 1823 2511 2153 2562; x_wconf 79' lang='lat' dir='ltr'>praemittendum</span> <span class='ocrx_word' id='word_1_509' title='bbox 2182 2520 2249 2561; x_wconf 88' lang='lat' dir='ltr'>est,</span> <span class='ocrx_word' id='word_1_510' title='bbox 2276 2512 2388 2564; x_wconf 87' lang='lat' dir='ltr'>quasi</span> <span class='ocrx_word' id='word_1_511' title='bbox 2413 2519 2472 2552; x_wconf 92' lang='lat' dir='ltr'>to-</span> 
     </span>
     <span class='ocr_line' id='line_1_65' title="bbox 267 2562 2472 2615; baseline 0.002 -15"><span class='ocrx_word' id='word_1_512' title='bbox 267 2563 433 2601; x_wconf 88' lang='lat' dir='ltr'>rationes</span> <span class='ocrx_word' id='word_1_513' title='bbox 456 2562 607 2613; x_wconf 88' lang='lat' dir='ltr'>aliquae</span> <span class='ocrx_word' id='word_1_514' title='bbox 634 2563 861 2601; x_wconf 90' lang='lat' dir='ltr'>verisimiles</span> <span class='ocrx_word' id='word_1_515' title='bbox 889 2563 1144 2613; x_wconf 88' lang='lat' dir='ltr'>inducendae,</span> <span class='ocrx_word' id='word_1_516' title='bbox 1167 2564 1216 2602; x_wconf 91' lang='lat' dir='ltr'>ad</span> <span class='ocrx_word' id='word_1_517' title='bbox 1245 2564 1339 2602; x_wconf 88' lang='lat' dir='ltr'>fide·</span> <span class='ocrx_word' id='word_1_518' title='bbox 1355 2582 1378 2604; x_wconf 73' lang='grc' dir='ltr'>ις</span> <span class='ocrx_word' id='word_1_519' title='bbox 1394 2564 1470 2602; x_wconf 92' lang='lat' dir='ltr'>tius</span> <span class='ocrx_word' id='word_1_520' title='bbox 1499 2564 1628 2615; x_wconf 90' lang='lat' dir='ltr'>operis</span> <span class='ocrx_word' id='word_1_521' title='bbox 1655 2565 1919 2604; x_wconf 87' lang='lat' dir='ltr'>necessarium</span> <span class='ocrx_word' id='word_1_522' title='bbox 1951 2565 2266 2613; x_wconf 85' lang='lat' dir='ltr'>fundamentum,</span> <span class='ocrx_word' id='word_1_523' title='bbox 2295 2565 2472 2605; x_wconf 86' lang='lat' dir='ltr'>conside-</span> 
     </span>
    </p>
   </div>
   <div class='ocr_carea' id='block_1_22' title="bbox 267 2616 2510 2669">
    <p class='ocr_par' dir='ltr' id='par_1_23' title="bbox 267 2616 2510 2669">
     <span class='ocr_line' id='line_1_66' title="bbox 267 2616 2510 2669; baseline 0.003 -16"><span class='ocrx_word' id='word_1_524' title='bbox 267 2616 363 2654; x_wconf 91' lang='lat' dir='ltr'>lium</span> <span class='ocrx_word' id='word_1_525' title='bbox 392 2616 552 2666; x_wconf 89' lang='lat' dir='ltr'>quidem</span> <span class='ocrx_word' id='word_1_526' title='bbox 572 2616 796 2654; x_wconf 88' lang='lat' dir='ltr'>exercitium</span> <span class='ocrx_word' id='word_1_527' title='bbox 825 2625 861 2655; x_wconf 91' lang='lat' dir='ltr'>et</span> <span class='ocrx_word' id='word_1_528' title='bbox 889 2617 1082 2664; x_wconf 89' lang='lat' dir='ltr'>solatium,</span> <span class='ocrx_word' id='word_1_529' title='bbox 1106 2629 1188 2656; x_wconf 90' lang='lat' dir='ltr'>non</span> <span class='ocrx_word' id='word_1_530' title='bbox 1207 2626 1340 2656; x_wconf 89' lang='lat' dir='ltr'>autem</span> <span class='ocrx_word' id='word_1_531' title='bbox 1395 2618 1492 2656; x_wconf 85' lang='lat' dir='ltr'>ratio</span> <span class='ocrx_word' id='word_1_532' title='bbox 1521 2631 1601 2669; x_wconf 89' lang='lat' dir='ltr'>qua</span> <span class='ocrx_word' id='word_1_533' title='bbox 1627 2618 1917 2658; x_wconf 86' lang='lat' dir='ltr'>demonstratur</span> <span class='ocrx_word' id='word_1_534' title='bbox 1944 2619 2075 2658; x_wconf 89' lang='lat' dir='ltr'>Deum</span> <span class='ocrx_word' id='word_1_535' title='bbox 2103 2631 2187 2658; x_wconf 89' lang='lat' dir='ltr'>esse</span> <span class='ocrx_word' id='word_1_536' title='bbox 2206 2619 2238 2658; x_wconf 81' lang='lat'>¹⁸¹.</span> <span class='ocrx_word' id='word_1_537' title='bbox 2268 2620 2362 2668; x_wconf 91' lang='lat' dir='ltr'>Quo</span> <span class='ocrx_word' id='word_1_538' title='bbox 2389 2632 2472 2659; x_wconf 90' lang='lat' dir='ltr'>non</span> <span class='ocrx_word' id='word_1_539' title='bbox 2499 2623 2510 2634; x_wconf 87' lang='grc'>·</span> 
     </span>
    </p>
   </div>
   <div class='ocr_carea' id='block_1_23' title="bbox 267 2669 2473 2772">
    <p class='ocr_par' dir='ltr' id='par_1_24' title="bbox 267 2669 2473 2772">
     <span class='ocr_line' id='line_1_67' title="bbox 267 2669 2473 2721; baseline 0.002 -14"><span class='ocrx_word' id='word_1_540' title='bbox 267 2670 315 2707; x_wconf 91' lang='lat' dir='ltr'>ad</span> <span class='ocrx_word' id='word_1_541' title='bbox 340 2669 582 2707; x_wconf 84' lang='lat' dir='ltr'>adversarios</span> <span class='ocrx_word' id='word_1_542' title='bbox 601 2670 909 2709; x_wconf 85' lang='lat' dir='ltr'>convincendos:</span> <span class='ocrx_word' id='word_1_543' title='bbox 931 2670 1023 2721; x_wconf 89' lang='lat' dir='ltr'>quia</span> <span class='ocrx_word' id='word_1_544' title='bbox 1042 2670 1125 2721; x_wconf 90' lang='lat' dir='ltr'>ipsa</span> <span class='ocrx_word' id='word_1_545' title='bbox 1144 2671 1340 2709; x_wconf 87' lang='lat' dir='ltr'>rationum</span> <span class='ocrx_word' id='word_1_546' title='bbox 1395 2671 1541 2719; x_wconf 89' lang='lat' dir='ltr'>habito,</span> <span class='ocrx_word' id='word_1_547' title='bbox 1571 2671 1700 2710; x_wconf 93' lang='lat' dir='ltr'>omnis</span> <span class='ocrx_word' id='word_1_548' title='bbox 1728 2672 1985 2712; x_wconf 88' lang='lat' dir='ltr'>consideratio</span> <span class='ocrx_word' id='word_1_549' title='bbox 2012 2674 2062 2711; x_wconf 95' lang='lat' dir='ltr'>de</span> <span class='ocrx_word' id='word_1_550' title='bbox 2095 2674 2212 2712; x_wconf 90' lang='lat' dir='ltr'>rebus</span> <span class='ocrx_word' id='word_1_551' title='bbox 2239 2673 2381 2712; x_wconf 90' lang='lat' dir='ltr'>divinis</span> <span class='ocrx_word' id='word_1_552' title='bbox 2408 2686 2473 2712; x_wconf 88' lang='lat' dir='ltr'>ne—</span> 
     </span>
     <span class='ocr_line' id='line_1_68' title="bbox 268 2722 1745 2772; baseline 0.002 -11"><span class='ocrx_word' id='word_1_553' title='bbox 268 2722 537 2762; x_wconf 80' lang='lat' dir='ltr'>insufficientia</span> <span class='ocrx_word' id='word_1_554' title='bbox 552 2735 620 2762; x_wconf 91' lang='lat' dir='ltr'>eos</span> <span class='ocrx_word' id='word_1_555' title='bbox 639 2724 761 2772; x_wconf 84' lang='lat' dir='ltr'>magis</span> <span class='ocrx_word' id='word_1_556' title='bbox 775 2723 816 2763; x_wconf 90' lang='lat' dir='ltr'>in</span> <span class='ocrx_word' id='word_1_557' title='bbox 835 2736 909 2762; x_wconf 90' lang='lat' dir='ltr'>suo</span> <span class='ocrx_word' id='word_1_558' title='bbox 929 2736 1059 2763; x_wconf 90' lang='lat' dir='ltr'>errore</span> <span class='ocrx_word' id='word_1_559' title='bbox 1077 2724 1339 2772; x_wconf 89' lang='lat' dir='ltr'>confirmaret,</span> <span class='ocrx_word' id='word_1_560' title='bbox 1396 2725 1563 2764; x_wconf 88' lang='lat' dir='ltr'>cessario</span> <span class='ocrx_word' id='word_1_561' title='bbox 1590 2725 1745 2764; x_wconf 88' lang='lat' dir='ltr'>tollitur.</span> 
     </span>
    </p>
   </div>
   <div class='ocr_carea' id='block_1_24' title="bbox 319 2835 642 2867">
    <p class='ocr_par' dir='ltr' id='par_1_25' title="bbox 319 2835 642 2867">
     <span class='ocr_line' id='line_1_69' title="bbox 319 2835 642 2867; baseline 0.006 -7"><span class='ocrx_word' id='word_1_562' title='bbox 319 2843 337 2867; x_wconf 93' lang='lat'>4</span> <span class='ocrx_word' id='word_1_563' title='bbox 356 2835 388 2861; x_wconf 77' lang='lat' dir='ltr'>ad</span> <span class='ocrx_word' id='word_1_564' title='bbox 425 2842 518 2860; x_wconf 77' lang='lat' dir='ltr'>unnim</span> <span class='ocrx_word' id='word_1_565' title='bbox 533 2835 576 2861; x_wconf 76' lang='lat' dir='ltr'>Ita</span> <span class='ocrx_word' id='word_1_566' title='bbox 594 2836 642 2867; x_wconf 81' lang='lat' dir='ltr'>Pc3</span> 
     </span>
    </p>
   </div>
   <div class='ocr_carea' id='block_1_25' title="bbox 268 2835 2474 2947">
    <p class='ocr_par' dir='ltr' id='par_1_26' title="bbox 268 2835 2474 2947">
     <span class='ocr_line' id='line_1_70' title="bbox 662 2835 2474 2875; baseline 0.003 -13"><span class='ocrx_word' id='word_1_567' title='bbox 662 2843 773 2870; x_wconf 81' lang='lat' dir='ltr'>quarum</span> <span class='ocrx_word' id='word_1_568' title='bbox 790 2837 882 2863; x_wconf 76' lang='lat' dir='ltr'>cereri.</span> <span class='ocrx_word' id='word_1_569' title='bbox 975 2837 988 2863; x_wconf 88' lang='grc'><strong><em>5</em></strong></span> <span class='ocrx_word' id='word_1_570' title='bbox 1008 2837 1172 2872; x_wconf 72' lang='lat' dir='ltr'>investigatio</span> <span class='ocrx_word' id='word_1_571' title='bbox 1183 2837 1302 2873; x_wconf 76' lang='lat' dir='ltr'>rationis]</span> <span class='ocrx_word' id='word_1_572' title='bbox 1319 2839 1526 2873; x_wconf 74' lang='lat' dir='ltr'>investigationis</span> <span class='ocrx_word' id='word_1_573' title='bbox 1544 2840 1641 2874; x_wconf 77' lang='lat' dir='ltr'>BpFH.</span> <span class='ocrx_word' id='word_1_574' title='bbox 1727 2839 1744 2866; x_wconf 90' lang='lat'><strong>8</strong></span> <span class='ocrx_word' id='word_1_575' title='bbox 1763 2839 1818 2875; x_wconf 85' lang='lat' dir='ltr'>qui]</span> <span class='ocrx_word' id='word_1_576' title='bbox 1841 2847 1910 2874; x_wconf 76' lang='lat' dir='ltr'>quae</span> <span class='ocrx_word' id='word_1_577' title='bbox 1931 2840 1974 2867; x_wconf 81' lang='lat' dir='ltr'>Pe.</span> <span class='ocrx_word' id='word_1_578' title='bbox 2062 2839 2095 2866; x_wconf 79' lang='lat'>¹6</span> <span class='ocrx_word' id='word_1_579' title='bbox 2114 2841 2170 2867; x_wconf 73' lang='lat' dir='ltr'>elus</span> <span class='ocrx_word' id='word_1_580' title='bbox 2191 2835 2236 2868; x_wconf 68' lang='lat' dir='ltr'>o&#39;m</span> <span class='ocrx_word' id='word_1_581' title='bbox 2258 2841 2304 2868; x_wconf 79' lang='lat' dir='ltr'>az.</span> <span class='ocrx_word' id='word_1_582' title='bbox 2390 2848 2420 2868; x_wconf 77' lang='lat' dir='ltr'>ai</span> <span class='ocrx_word' id='word_1_583' title='bbox 2443 2849 2474 2868; x_wconf 66' lang='lat' dir='ltr'>a</span> 
     </span>
     <span class='ocr_line' id='line_1_71' title="bbox 268 2871 1511 2906; baseline 0.004 -10"><span class='ocrx_word' id='word_1_584' title='bbox 268 2871 417 2897; x_wconf 77' lang='lat' dir='ltr'>auctoritate</span> <span class='ocrx_word' id='word_1_585' title='bbox 446 2871 596 2897; x_wconf 80' lang='lat' dir='ltr'>auctoritate</span> <span class='ocrx_word' id='word_1_586' title='bbox 613 2871 751 2898; x_wconf 79' lang='lat' dir='ltr'>BFHGW.</span> <span class='ocrx_word' id='word_1_587' title='bbox 843 2872 876 2898; x_wconf 77' lang='lat'>23</span> <span class='ocrx_word' id='word_1_588' title='bbox 895 2873 1028 2899; x_wconf 76' lang='lat' dir='ltr'>revelante</span> <span class='ocrx_word' id='word_1_589' title='bbox 1048 2874 1090 2899; x_wconf 78' lang='lat' dir='ltr'>Ira</span> <span class='ocrx_word' id='word_1_590' title='bbox 1109 2874 1259 2906; x_wconf 66' lang='lat' dir='ltr'>YZsGchg</span> <span class='ocrx_word' id='word_1_591' title='bbox 1277 2875 1402 2900; x_wconf 80' lang='lat' dir='ltr'>revelanti</span> <span class='ocrx_word' id='word_1_592' title='bbox 1420 2876 1511 2901; x_wconf 78' lang='lat' dir='ltr'>ceteri.</span> 
     </span>
     <span class='ocr_line' id='line_1_72' title="bbox 324 2905 2472 2947; baseline 0.004 -16"><span class='ocrx_word' id='word_1_593' title='bbox 324 2906 338 2932; x_wconf 84' lang='lat'>3</span> <span class='ocrx_word' id='word_1_594' title='bbox 356 2905 500 2940; x_wconf 67' lang='lat' dir='ltr'>proposito]</span> <span class='ocrx_word' id='word_1_595' title='bbox 516 2907 603 2940; x_wconf 70' lang='lat' dir='ltr'>posito</span> <span class='ocrx_word' id='word_1_596' title='bbox 617 2907 665 2934; x_wconf 73' lang='lat' dir='ltr'>Pa.</span> <span class='ocrx_word' id='word_1_597' title='bbox 746 2916 764 2940; x_wconf 88' lang='lat'><strong>4</strong></span> <span class='ocrx_word' id='word_1_598' title='bbox 782 2907 906 2943; x_wconf 81' lang='lat' dir='ltr'>primum]</span> <span class='ocrx_word' id='word_1_599' title='bbox 922 2909 1007 2942; x_wconf 82' lang='lat' dir='ltr'>primo</span> <span class='ocrx_word' id='word_1_600' title='bbox 1020 2909 1050 2935; x_wconf 88' lang='lat' dir='ltr'>Z.</span> <span class='ocrx_word' id='word_1_601' title='bbox 1142 2909 1156 2935; x_wconf 92' lang='grc'><strong>5</strong></span> <span class='ocrx_word' id='word_1_602' title='bbox 1176 2909 1339 2945; x_wconf 69' lang='lat' dir='ltr'>inducente-1</span> <span class='ocrx_word' id='word_1_603' title='bbox 1353 2911 1499 2937; x_wconf 76' lang='lat' dir='ltr'>inducendo</span> <span class='ocrx_word' id='word_1_604' title='bbox 1517 2911 1612 2939; x_wconf 83' lang='lat' dir='ltr'>DGPc.</span> <span class='ocrx_word' id='word_1_605' title='bbox 1698 2919 1716 2946; x_wconf 82' lang='lat'>9</span> <span class='ocrx_word' id='word_1_606' title='bbox 1734 2911 1965 2946; x_wconf 74' lang='lat' dir='ltr'>manifestioribus]</span> <span class='ocrx_word' id='word_1_607' title='bbox 1980 2911 2057 2939; x_wconf 74' lang='lat' dir='ltr'>nobi·</span> <span class='ocrx_word' id='word_1_608' title='bbox 2070 2913 2178 2939; x_wconf 69' lang='lat' dir='ltr'>addunt</span> <span class='ocrx_word' id='word_1_609' title='bbox 2189 2912 2239 2939; x_wconf 74' lang='lat' dir='ltr'>Pa.</span> <span class='ocrx_word' id='word_1_610' title='bbox 2320 2919 2356 2947; x_wconf 87' lang='lat'>²7</span> <span class='ocrx_word' id='word_1_611' title='bbox 2373 2912 2472 2947; x_wconf 78' lang='lat' dir='ltr'>babitol</span> 
     </span>
    </p>
   </div>
   <div class='ocr_carea' id='block_1_26' title="bbox 269 2942 786 2977">
    <p class='ocr_par' dir='ltr' id='par_1_27' title="bbox 269 2942 786 2977">
     <span class='ocr_line' id='line_1_73' title="bbox 269 2942 786 2977; baseline 0.004 -10"><span class='ocrx_word' id='word_1_612' title='bbox 269 2942 408 2976; x_wconf 80' lang='lat' dir='ltr'>supposito</span> <span class='ocrx_word' id='word_1_613' title='bbox 427 2942 456 2974; x_wconf 90' lang='lat' dir='ltr'>Z,</span> <span class='ocrx_word' id='word_1_614' title='bbox 474 2942 564 2968; x_wconf 75' lang='lat' dir='ltr'>habito</span> <span class='ocrx_word' id='word_1_615' title='bbox 582 2943 717 2977; x_wconf 80' lang='lat' dir='ltr'>supposita</span> <span class='ocrx_word' id='word_1_616' title='bbox 737 2943 786 2969; x_wconf 81' lang='lat' dir='ltr'>Pd-</span> 
     </span>
    </p>
   </div>
   <div class='ocr_carea' id='block_1_27' title="bbox 1029 3033 1707 3068">
    <p class='ocr_par' dir='ltr' id='par_1_28' title="bbox 1029 3033 1707 3068">
     <span class='ocr_line' id='line_1_74' title="bbox 1029 3033 1707 3068; baseline 0.003 -2"><span class='ocrx_word' id='word_1_617' title='bbox 1029 3033 1368 3068; x_wconf 60' lang='lat' dir='ltr'>Commenta-ia</span> <span class='ocrx_word' id='word_1_618' title='bbox 1396 3035 1707 3068; x_wconf 68' lang='lat' dir='ltr'>Fen-ariensis</span> 
     </span>
    </p>
   </div>
   <div class='ocr_carea' id='block_1_28' title="bbox 269 3127 1344 3661">
    <p class='ocr_par' dir='ltr' id='par_1_29' title="bbox 269 3127 1344 3381">
     <span class='ocr_line' id='line_1_75' title="bbox 274 3127 1343 3201; baseline 0.007 -44"><span class='ocrx_word' id='word_1_619' title='bbox 274 3136 432 3201; x_wconf 61' lang='lat' dir='ltr'>Utrum</span> <span class='ocrx_word' id='word_1_620' title='bbox 451 3127 526 3158; x_wconf 92' lang='lat' dir='ltr'>loco</span> <span class='ocrx_word' id='word_1_621' title='bbox 543 3127 678 3160; x_wconf 88' lang='lat' dir='ltr'>Sanctus</span> <span class='ocrx_word' id='word_1_622' title='bbox 701 3129 856 3166; x_wconf 77' lang='lat' dir='ltr'>Thomas,</span> <span class='ocrx_word' id='word_1_623' title='bbox 873 3139 934 3162; x_wconf 87' lang='lat' dir='ltr'>suo</span> <span class='ocrx_word' id='word_1_624' title='bbox 961 3131 1133 3171; x_wconf 88' lang='lat' dir='ltr'>prooemio</span> <span class='ocrx_word' id='word_1_625' title='bbox 1160 3130 1259 3163; x_wconf 87' lang='lat' dir='ltr'>finem</span> <span class='ocrx_word' id='word_1_626' title='bbox 1283 3133 1343 3163; x_wconf 88' lang='lat' dir='ltr'>im—</span> 
     </span>
     <span class='ocr_line' id='line_1_76' title="bbox 337 3173 1344 3216; baseline 0.006 -14"><span class='ocrx_word' id='word_1_627' title='bbox 337 3180 475 3212; x_wconf 73' lang='lat' dir='ltr'>ponenS,</span> <span class='ocrx_word' id='word_1_628' title='bbox 499 3181 537 3203; x_wconf 85' lang='lat' dir='ltr'>ex</span> <span class='ocrx_word' id='word_1_629' title='bbox 561 3173 731 3213; x_wconf 89' lang='lat' dir='ltr'>praedictis</span> <span class='ocrx_word' id='word_1_630' title='bbox 754 3183 846 3206; x_wconf 87' lang='lat' dir='ltr'>suam</span> <span class='ocrx_word' id='word_1_631' title='bbox 869 3175 1095 3212; x_wconf 90' lang='lat' dir='ltr'>intentionem,</span> <span class='ocrx_word' id='word_1_632' title='bbox 1120 3181 1281 3216; x_wconf 85' lang='lat' dir='ltr'>quantum</span> <span class='ocrx_word' id='word_1_633' title='bbox 1304 3177 1344 3208; x_wconf 90' lang='lat' dir='ltr'>ad</span> 
     </span>
     <span class='ocr_line' id='line_1_77' title="bbox 269 3216 1344 3258; baseline 0.007 -12"><span class='ocrx_word' id='word_1_634' title='bbox 269 3216 406 3247; x_wconf 84' lang='lat' dir='ltr'>modum</span> <span class='ocrx_word' id='word_1_635' title='bbox 426 3216 634 3257; x_wconf 87' lang='lat' dir='ltr'>procedendi,</span> <span class='ocrx_word' id='word_1_636' title='bbox 653 3217 791 3250; x_wconf 82' lang='lat' dir='ltr'>declarat</span> <span class='ocrx_word' id='word_1_637' title='bbox 802 3220 830 3250; x_wconf 65' lang='lat'>⁹.</span> <span class='ocrx_word' id='word_1_638' title='bbox 853 3218 1031 3251; x_wconf 72' lang='lat' dir='ltr'>praemittit</span> <span class='ocrx_word' id='word_1_639' title='bbox 1053 3226 1172 3258; x_wconf 87' lang='lat' dir='ltr'>autem,</span> <span class='ocrx_word' id='word_1_640' title='bbox 1192 3230 1268 3252; x_wconf 87' lang='lat' dir='ltr'>cum</span> <span class='ocrx_word' id='word_1_641' title='bbox 1284 3221 1344 3253; x_wconf 87' lang='lat' dir='ltr'>du-</span> 
     </span>
     <span class='ocr_line' id='line_1_78' title="bbox 270 3260 1343 3304; baseline 0.007 -14"><span class='ocrx_word' id='word_1_642' title='bbox 270 3260 343 3300; x_wconf 87' lang='lat' dir='ltr'>plex</span> <span class='ocrx_word' id='word_1_643' title='bbox 362 3261 475 3292; x_wconf 87' lang='lat' dir='ltr'>veritas</span> <span class='ocrx_word' id='word_1_644' title='bbox 499 3261 685 3293; x_wconf 88' lang='lat' dir='ltr'>divinorum</span> <span class='ocrx_word' id='word_1_645' title='bbox 705 3263 754 3299; x_wconf 85' lang='lat' dir='ltr'>sit,</span> <span class='ocrx_word' id='word_1_646' title='bbox 771 3272 844 3294; x_wconf 82' lang='lat' dir='ltr'>eam</span> <span class='ocrx_word' id='word_1_647' title='bbox 867 3262 1090 3304; x_wconf 85' lang='lat' dir='ltr'>duplicitatem</span> <span class='ocrx_word' id='word_1_648' title='bbox 1112 3265 1252 3296; x_wconf 84' lang='lat' dir='ltr'>veritatis</span> <span class='ocrx_word' id='word_1_649' title='bbox 1275 3275 1343 3298; x_wconf 89' lang='lat' dir='ltr'>non</span> 
     </span>
     <span class='ocr_line' id='line_1_79' title="bbox 271 3305 1344 3355; baseline 0.007 -21"><span class='ocrx_word' id='word_1_650' title='bbox 271 3313 309 3355; x_wconf 75' lang='lat' dir='ltr'>ex</span> <span class='ocrx_word' id='word_1_651' title='bbox 324 3310 412 3355; x_wconf 69' lang='lat' dir='ltr'>parte</span> <span class='ocrx_word' id='word_1_652' title='bbox 429 3306 529 3346; x_wconf 90' lang='lat' dir='ltr'>ipsius</span> <span class='ocrx_word' id='word_1_653' title='bbox 545 3305 606 3337; x_wconf 90' lang='lat' dir='ltr'>Dei</span> <span class='ocrx_word' id='word_1_654' title='bbox 627 3307 850 3348; x_wconf 87' lang='lat' dir='ltr'>accipiendam</span> <span class='ocrx_word' id='word_1_655' title='bbox 873 3317 953 3345; x_wconf 87' lang='lat' dir='ltr'>esse,</span> <span class='ocrx_word' id='word_1_656' title='bbox 977 3308 1033 3340; x_wconf 86' lang='lat' dir='ltr'>sed</span> <span class='ocrx_word' id='word_1_657' title='bbox 1057 3318 1095 3341; x_wconf 89' lang='lat' dir='ltr'>ex</span> <span class='ocrx_word' id='word_1_658' title='bbox 1118 3315 1209 3350; x_wconf 84' lang='lat' dir='ltr'>parte</span> <span class='ocrx_word' id='word_1_659' title='bbox 1231 3311 1344 3351; x_wconf 80' lang='lat' dir='ltr'>cogni-</span> 
     </span>
     <span class='ocr_line' id='line_1_80' title="bbox 270 3354 527 3381; baseline 0.004 -2"><span class='ocrx_word' id='word_1_660' title='bbox 270 3354 367 3380; x_wconf 81' lang='lat' dir='ltr'>tionis</span> <span class='ocrx_word' id='word_1_661' title='bbox 390 3355 527 3381; x_wconf 84' lang='lat' dir='ltr'>nostrae.</span> 
     </span>
    </p>

    <p class='ocr_par' dir='ltr' id='par_1_30' title="bbox 271 3392 1343 3661">
     <span class='ocr_line' id='line_1_81' title="bbox 325 3392 1343 3439; baseline 0.008 -16"><span class='ocrx_word' id='word_1_662' title='bbox 325 3392 377 3424; x_wconf 83' lang='lat' dir='ltr'>Ad</span> <span class='ocrx_word' id='word_1_663' title='bbox 395 3394 487 3425; x_wconf 87' lang='lat' dir='ltr'>cuius</span> <span class='ocrx_word' id='word_1_664' title='bbox 510 3395 764 3435; x_wconf 83' lang='lat' dir='ltr'>intelligentiam,</span> <span class='ocrx_word' id='word_1_665' title='bbox 781 3396 1055 3429; x_wconf 82' lang='lat' dir='ltr'>considerandum</span> <span class='ocrx_word' id='word_1_666' title='bbox 1078 3403 1126 3429; x_wconf 84' lang='lat' dir='ltr'>est</span> <span class='ocrx_word' id='word_1_667' title='bbox 1149 3398 1250 3439; x_wconf 90' lang='lat' dir='ltr'>quod,</span> <span class='ocrx_word' id='word_1_668' title='bbox 1266 3408 1343 3431; x_wconf 85' lang='lat' dir='ltr'>cum</span> 
     </span>
     <span class='ocr_line' id='line_1_82' title="bbox 272 3437 1343 3483; baseline 0.008 -17"><span class='ocrx_word' id='word_1_669' title='bbox 272 3437 384 3468; x_wconf 81' lang='lat' dir='ltr'>veritas</span> <span class='ocrx_word' id='word_1_670' title='bbox 411 3439 451 3468; x_wconf 90' lang='lat' dir='ltr'>sit</span> <span class='ocrx_word' id='word_1_671' title='bbox 476 3439 510 3469; x_wconf 88' lang='lat' dir='ltr'>in</span> <span class='ocrx_word' id='word_1_672' title='bbox 537 3439 703 3473; x_wconf 89' lang='lat' dir='ltr'>intellectu</span> <span class='ocrx_word' id='word_1_673' title='bbox 730 3440 911 3482; x_wconf 82' lang='lat' dir='ltr'>adaequato</span> <span class='ocrx_word' id='word_1_674' title='bbox 943 3442 990 3473; x_wconf 90' lang='lat' dir='ltr'>rei</span> <span class='ocrx_word' id='word_1_675' title='bbox 1021 3451 1078 3483; x_wconf 84' lang='lat' dir='ltr'>per</span> <span class='ocrx_word' id='word_1_676' title='bbox 1105 3452 1198 3474; x_wconf 82' lang='lat' dir='ltr'>suam</span> <span class='ocrx_word' id='word_1_677' title='bbox 1225 3444 1343 3475; x_wconf 86' lang='lat' dir='ltr'>intelli-</span> 
     </span>
     <span class='ocr_line' id='line_1_83' title="bbox 271 3481 1342 3526; baseline 0.007 -15"><span class='ocrx_word' id='word_1_678' title='bbox 271 3482 422 3520; x_wconf 81' lang='lat' dir='ltr'>gentiam,</span> <span class='ocrx_word' id='word_1_679' title='bbox 451 3481 530 3514; x_wconf 89' lang='lat' dir='ltr'>dum</span> <span class='ocrx_word' id='word_1_680' title='bbox 553 3484 674 3517; x_wconf 86' lang='lat' dir='ltr'>scilicet</span> <span class='ocrx_word' id='word_1_681' title='bbox 701 3485 913 3526; x_wconf 85' lang='lat' dir='ltr'>apprehendit</span> <span class='ocrx_word' id='word_1_682' title='bbox 935 3495 1004 3518; x_wconf 89' lang='lat' dir='ltr'>rem</span> <span class='ocrx_word' id='word_1_683' title='bbox 1031 3487 1114 3518; x_wconf 89' lang='lat' dir='ltr'>sicut</span> <span class='ocrx_word' id='word_1_684' title='bbox 1137 3493 1194 3524; x_wconf 83' lang='lat' dir='ltr'>est,</span> <span class='ocrx_word' id='word_1_685' title='bbox 1221 3488 1255 3519; x_wconf 85' lang='lat' dir='ltr'>in</span> <span class='ocrx_word' id='word_1_686' title='bbox 1278 3488 1342 3519; x_wconf 88' lang='lat' dir='ltr'>hoc</span> 
     </span>
     <span class='ocr_line' id='line_1_84' title="bbox 273 3524 1342 3575; baseline 0.008 -20"><span class='ocrx_word' id='word_1_687' title='bbox 273 3524 339 3575; x_wconf 82' lang='lat' dir='ltr'>duo</span> <span class='ocrx_word' id='word_1_688' title='bbox 355 3526 578 3558; x_wconf 87' lang='lat' dir='ltr'>includuntur:</span> <span class='ocrx_word' id='word_1_689' title='bbox 603 3537 708 3560; x_wconf 90' lang='lat' dir='ltr'>unum</span> <span class='ocrx_word' id='word_1_690' title='bbox 723 3529 814 3570; x_wconf 88' lang='lat' dir='ltr'>quod</span> <span class='ocrx_word' id='word_1_691' title='bbox 830 3535 878 3562; x_wconf 87' lang='lat' dir='ltr'>est</span> <span class='ocrx_word' id='word_1_692' title='bbox 893 3530 987 3567; x_wconf 85' lang='lat' dir='ltr'>reale,</span> <span class='ocrx_word' id='word_1_693' title='bbox 1004 3531 1126 3563; x_wconf 85' lang='lat' dir='ltr'>scilicet</span> <span class='ocrx_word' id='word_1_694' title='bbox 1145 3538 1234 3563; x_wconf 87' lang='lat' dir='ltr'>actus</span> <span class='ocrx_word' id='word_1_695' title='bbox 1249 3532 1342 3564; x_wconf 86' lang='lat' dir='ltr'>intel-</span> 
     </span>
     <span class='ocr_line' id='line_1_85' title="bbox 273 3568 1343 3613; baseline 0.009 -15"><span class='ocrx_word' id='word_1_696' title='bbox 273 3568 408 3608; x_wconf 79' lang='lat' dir='ltr'>l1gendi;</span> <span class='ocrx_word' id='word_1_697' title='bbox 432 3570 518 3602; x_wconf 89' lang='lat' dir='ltr'>aliud</span> <span class='ocrx_word' id='word_1_698' title='bbox 541 3572 632 3612; x_wconf 90' lang='lat' dir='ltr'>quod</span> <span class='ocrx_word' id='word_1_699' title='bbox 655 3580 703 3605; x_wconf 85' lang='lat' dir='ltr'>est</span> <span class='ocrx_word' id='word_1_700' title='bbox 725 3575 867 3611; x_wconf 87' lang='lat' dir='ltr'>rationis,</span> <span class='ocrx_word' id='word_1_701' title='bbox 893 3575 1034 3606; x_wconf 86' lang='lat' dir='ltr'>maxime</span> <span class='ocrx_word' id='word_1_702' title='bbox 1057 3576 1091 3607; x_wconf 91' lang='lat' dir='ltr'>in</span> <span class='ocrx_word' id='word_1_703' title='bbox 1114 3576 1198 3613; x_wconf 89' lang='lat' dir='ltr'>Deo,</span> <span class='ocrx_word' id='word_1_704' title='bbox 1222 3577 1343 3609; x_wconf 85' lang='lat' dir='ltr'>scilicet</span> 
     </span>
     <span class='ocr_line' id='line_1_86' title="bbox 273 3612 1343 3661; baseline 0.01 -19"><span class='ocrx_word' id='word_1_705' title='bbox 273 3612 427 3644; x_wconf 89' lang='lat' dir='ltr'>habitudo</span> <span class='ocrx_word' id='word_1_706' title='bbox 455 3614 696 3656; x_wconf 83' lang='lat' dir='ltr'>adaequationis</span> <span class='ocrx_word' id='word_1_707' title='bbox 720 3618 759 3649; x_wconf 88' lang='lat' dir='ltr'>ad</span> <span class='ocrx_word' id='word_1_708' title='bbox 783 3628 850 3650; x_wconf 89' lang='lat' dir='ltr'>rem</span> <span class='ocrx_word' id='word_1_709' title='bbox 877 3619 1083 3651; x_wconf 86' lang='lat' dir='ltr'>intellectam.</span> <span class='ocrx_word' id='word_1_710' title='bbox 1112 3620 1146 3652; x_wconf 93' lang='lat' dir='ltr'>Si</span> <span class='ocrx_word' id='word_1_711' title='bbox 1169 3620 1343 3661; x_wconf 79' lang='lat' dir='ltr'>loquamur</span> 
     </span>
    </p>
   </div>
   <div class='ocr_carea' id='block_1_29' title="bbox 1396 3131 2473 3663">
    <p class='ocr_par' dir='ltr' id='par_1_31' title="bbox 1396 3131 2473 3663">
     <span class='ocr_line' id='line_1_87' title="bbox 1397 3131 2473 3174; baseline 0.001 -10"><span class='ocrx_word' id='word_1_712' title='bbox 1397 3132 1438 3164; x_wconf 90' lang='lat' dir='ltr'>de</span> <span class='ocrx_word' id='word_1_713' title='bbox 1460 3133 1592 3165; x_wconf 87' lang='lat' dir='ltr'>veritate</span> <span class='ocrx_word' id='word_1_714' title='bbox 1619 3138 1780 3174; x_wconf 77' lang='lat' dir='ltr'>quantum</span> <span class='ocrx_word' id='word_1_715' title='bbox 1803 3132 1843 3164; x_wconf 79' lang='lat' dir='ltr'>ad</span> <span class='ocrx_word' id='word_1_716' title='bbox 1864 3132 1975 3174; x_wconf 83' lang='lat' dir='ltr'>ipsum</span> <span class='ocrx_word' id='word_1_717' title='bbox 2000 3137 2110 3164; x_wconf 79' lang='lat' dir='ltr'>actum</span> <span class='ocrx_word' id='word_1_718' title='bbox 2135 3131 2346 3174; x_wconf 74' lang='lat' dir='ltr'>intelligendi,</span> <span class='ocrx_word' id='word_1_719' title='bbox 2370 3132 2416 3164; x_wconf 77' lang='lat' dir='ltr'>sie</span> <span class='ocrx_word' id='word_1_720' title='bbox 2437 3132 2473 3165; x_wconf 81' lang='lat' dir='ltr'>in</span> 
     </span>
     <span class='ocr_line' id='line_1_88' title="bbox 1397 3176 2472 3219; baseline 0 -11"><span class='ocrx_word' id='word_1_721' title='bbox 1397 3177 1469 3209; x_wconf 91' lang='lat' dir='ltr'>Deo</span> <span class='ocrx_word' id='word_1_722' title='bbox 1493 3182 1541 3209; x_wconf 88' lang='lat' dir='ltr'>est</span> <span class='ocrx_word' id='word_1_723' title='bbox 1564 3187 1630 3209; x_wconf 79' lang='lat' dir='ltr'>una</span> <span class='ocrx_word' id='word_1_724' title='bbox 1654 3177 1792 3219; x_wconf 84' lang='lat' dir='ltr'>simplex</span> <span class='ocrx_word' id='word_1_725' title='bbox 1814 3178 1940 3214; x_wconf 69' lang='lat' dir='ltr'>veritas,</span> <span class='ocrx_word' id='word_1_726' title='bbox 1967 3177 2071 3209; x_wconf 87' lang='lat' dir='ltr'>immo</span> <span class='ocrx_word' id='word_1_727' title='bbox 2094 3177 2164 3218; x_wconf 79' lang='lat' dir='ltr'>ipse</span> <span class='ocrx_word' id='word_1_728' title='bbox 2185 3182 2235 3209; x_wconf 83' lang='lat' dir='ltr'>est</span> <span class='ocrx_word' id='word_1_729' title='bbox 2257 3176 2374 3208; x_wconf 74' lang='lat' dir='ltr'>verim</span> <span class='ocrx_word' id='word_1_730' title='bbox 2394 3176 2472 3208; x_wconf 74' lang='lat' dir='ltr'>sim-</span> 
     </span>
     <span class='ocr_line' id='line_1_89' title="bbox 1397 3221 2472 3263; baseline 0 -10"><span class='ocrx_word' id='word_1_731' title='bbox 1397 3222 1586 3263; x_wconf 84' lang='lat' dir='ltr'>plicissima:</span> <span class='ocrx_word' id='word_1_732' title='bbox 1616 3231 1657 3253; x_wconf 89' lang='lat' dir='ltr'>eo</span> <span class='ocrx_word' id='word_1_733' title='bbox 1686 3221 1777 3263; x_wconf 84' lang='lat' dir='ltr'>quod</span> <span class='ocrx_word' id='word_1_734' title='bbox 1806 3231 1872 3253; x_wconf 84' lang='lat' dir='ltr'>una</span> <span class='ocrx_word' id='word_1_735' title='bbox 1899 3221 2136 3262; x_wconf 58' lang='lat' dir='ltr'>simplicissima</span> <span class='ocrx_word' id='word_1_736' title='bbox 2165 3221 2376 3262; x_wconf 74' lang='lat' dir='ltr'>intelligentia</span> <span class='ocrx_word' id='word_1_737' title='bbox 2402 3230 2472 3253; x_wconf 79' lang='lat' dir='ltr'>esse</span> 
     </span>
     <span class='ocr_line' id='line_1_90' title="bbox 1396 3265 2473 3307; baseline 0 -9"><span class='ocrx_word' id='word_1_738' title='bbox 1396 3275 1504 3298; x_wconf 88' lang='lat' dir='ltr'>rerum</span> <span class='ocrx_word' id='word_1_739' title='bbox 1527 3267 1678 3299; x_wconf 87' lang='lat' dir='ltr'>omnium</span> <span class='ocrx_word' id='word_1_740' title='bbox 1699 3266 1865 3307; x_wconf 80' lang='lat' dir='ltr'>intelligat.</span> <span class='ocrx_word' id='word_1_741' title='bbox 1888 3266 1924 3299; x_wconf 85' lang='lat' dir='ltr'>Si</span> <span class='ocrx_word' id='word_1_742' title='bbox 1947 3271 2057 3298; x_wconf 80' lang='lat' dir='ltr'>autem</span> <span class='ocrx_word' id='word_1_743' title='bbox 2079 3265 2121 3297; x_wconf 84' lang='lat' dir='ltr'>de</span> <span class='ocrx_word' id='word_1_744' title='bbox 2142 3266 2275 3297; x_wconf 77' lang='lat' dir='ltr'>veritate</span> <span class='ocrx_word' id='word_1_745' title='bbox 2297 3266 2473 3307; x_wconf 79' lang='lat' dir='ltr'>loquamur</span> 
     </span>
     <span class='ocr_line' id='line_1_91' title="bbox 1397 3310 2472 3353; baseline -0.001 -10"><span class='ocrx_word' id='word_1_746' title='bbox 1397 3317 1557 3351; x_wconf 85' lang='lat' dir='ltr'>quantum</span> <span class='ocrx_word' id='word_1_747' title='bbox 1584 3311 1624 3343; x_wconf 85' lang='lat' dir='ltr'>ad</span> <span class='ocrx_word' id='word_1_748' title='bbox 1647 3313 1751 3353; x_wconf 82' lang='lat' dir='ltr'>ipsam</span> <span class='ocrx_word' id='word_1_749' title='bbox 1777 3311 2000 3343; x_wconf 82' lang='lat' dir='ltr'>habitudinem</span> <span class='ocrx_word' id='word_1_750' title='bbox 2022 3310 2166 3347; x_wconf 80' lang='lat' dir='ltr'>rationis,</span> <span class='ocrx_word' id='word_1_751' title='bbox 2191 3310 2239 3341; x_wconf 74' lang='lat' dir='ltr'>sic</span> <span class='ocrx_word' id='word_1_752' title='bbox 2260 3319 2331 3342; x_wconf 88' lang='lat' dir='ltr'>non</span> <span class='ocrx_word' id='word_1_753' title='bbox 2356 3311 2472 3342; x_wconf 84' lang='lat' dir='ltr'>incon·</span> 
     </span>
     <span class='ocr_line' id='line_1_92' title="bbox 1397 3354 2472 3396; baseline 0 -10"><span class='ocrx_word' id='word_1_754' title='bbox 1397 3357 1484 3387; x_wconf 87' lang='lat' dir='ltr'>venit</span> <span class='ocrx_word' id='word_1_755' title='bbox 1502 3356 1536 3387; x_wconf 89' lang='lat' dir='ltr'>in</span> <span class='ocrx_word' id='word_1_756' title='bbox 1555 3356 1628 3387; x_wconf 89' lang='lat' dir='ltr'>Deo</span> <span class='ocrx_word' id='word_1_757' title='bbox 1651 3366 1721 3388; x_wconf 86' lang='lat' dir='ltr'>esse</span> <span class='ocrx_word' id='word_1_758' title='bbox 1736 3356 1854 3387; x_wconf 86' lang='lat' dir='ltr'>multas</span> <span class='ocrx_word' id='word_1_759' title='bbox 1876 3357 2034 3391; x_wconf 83' lang='lat' dir='ltr'>veritates,</span> <span class='ocrx_word' id='word_1_760' title='bbox 2051 3354 2231 3386; x_wconf 84' lang='lat' dir='ltr'>secundum</span> <span class='ocrx_word' id='word_1_761' title='bbox 2255 3355 2346 3396; x_wconf 90' lang='lat' dir='ltr'>quod</span> <span class='ocrx_word' id='word_1_762' title='bbox 2361 3356 2472 3387; x_wconf 80' lang='lat' dir='ltr'>multis</span> 
     </span>
     <span class='ocr_line' id='line_1_93' title="bbox 1396 3399 2471 3442; baseline -0.001 -10"><span class='ocrx_word' id='word_1_763' title='bbox 1396 3409 1415 3431; x_wconf 79' lang='lat' dir='ltr'>a</span> <span class='ocrx_word' id='word_1_764' title='bbox 1438 3410 1473 3431; x_wconf 84' lang='lat' dir='ltr'>se</span> <span class='ocrx_word' id='word_1_765' title='bbox 1493 3401 1665 3432; x_wconf 83' lang='lat' dir='ltr'>intellectis</span> <span class='ocrx_word' id='word_1_766' title='bbox 1679 3401 1886 3442; x_wconf 78' lang='lat' dir='ltr'>adaequatur.</span> <span class='ocrx_word' id='word_1_767' title='bbox 1910 3400 2033 3431; x_wconf 81' lang='lat' dir='ltr'>Verum</span> <span class='ocrx_word' id='word_1_768' title='bbox 2051 3399 2128 3440; x_wconf 77' lang='lat' dir='ltr'>quin</span> <span class='ocrx_word' id='word_1_769' title='bbox 2149 3408 2187 3431; x_wconf 86' lang='lat' dir='ltr'>ea</span> <span class='ocrx_word' id='word_1_770' title='bbox 2208 3400 2311 3431; x_wconf 78' lang='lat' dir='ltr'>multa</span> <span class='ocrx_word' id='word_1_771' title='bbox 2332 3401 2368 3431; x_wconf 89' lang='lat' dir='ltr'>in</span> <span class='ocrx_word' id='word_1_772' title='bbox 2390 3409 2471 3437; x_wconf 82' lang='lat' dir='ltr'>uno,</span> 
     </span>
     <span class='ocr_line' id='line_1_94' title="bbox 1397 3443 2472 3485; baseline 0 -10"><span class='ocrx_word' id='word_1_773' title='bbox 1397 3445 1518 3477; x_wconf 83' lang='lat' dir='ltr'>scilicet</span> <span class='ocrx_word' id='word_1_774' title='bbox 1538 3446 1574 3477; x_wconf 88' lang='lat' dir='ltr'>in</span> <span class='ocrx_word' id='word_1_775' title='bbox 1598 3446 1735 3477; x_wconf 64' lang='lat' dir='ltr'>oesmtia</span> <span class='ocrx_word' id='word_1_776' title='bbox 1749 3454 1809 3477; x_wconf 78' lang='lat' dir='ltr'>sua</span> <span class='ocrx_word' id='word_1_777' title='bbox 1829 3444 1988 3485; x_wconf 78' lang='lat' dir='ltr'>intelligit,</span> <span class='ocrx_word' id='word_1_778' title='bbox 2003 3443 2079 3475; x_wconf 87' lang='lat' dir='ltr'>ideo</span> <span class='ocrx_word' id='word_1_779' title='bbox 2102 3444 2251 3475; x_wconf 82' lang='lat' dir='ltr'>absolute</span> <span class='ocrx_word' id='word_1_780' title='bbox 2266 3444 2383 3476; x_wconf 83' lang='lat' dir='ltr'>dicitur</span> <span class='ocrx_word' id='word_1_781' title='bbox 2405 3453 2472 3476; x_wconf 80' lang='lat' dir='ltr'>una</span> 
     </span>
     <span class='ocr_line' id='line_1_95' title="bbox 1396 3488 2471 3530; baseline 0 -9"><span class='ocrx_word' id='word_1_782' title='bbox 1396 3489 1532 3530; x_wconf 65' lang='lat' dir='ltr'>simpla</span> <span class='ocrx_word' id='word_1_783' title='bbox 1554 3490 1680 3521; x_wconf 76' lang='lat' dir='ltr'>veritas.</span> <span class='ocrx_word' id='word_1_784' title='bbox 1704 3489 1888 3521; x_wconf 80' lang='lat' dir='ltr'>Intellectus</span> <span class='ocrx_word' id='word_1_785' title='bbox 1911 3494 2021 3520; x_wconf 77' lang='lat' dir='ltr'>autem</span> <span class='ocrx_word' id='word_1_786' title='bbox 2035 3493 2147 3520; x_wconf 86' lang='lat' dir='ltr'>noster</span> <span class='ocrx_word' id='word_1_787' title='bbox 2161 3488 2285 3520; x_wconf 84' lang='lat' dir='ltr'>diversa</span> <span class='ocrx_word' id='word_1_788' title='bbox 2301 3489 2471 3530; x_wconf 68' lang='lat' dir='ltr'>completa</span> 
     </span>
     <span class='ocr_line' id='line_1_96' title="bbox 1397 3533 2471 3574; baseline 0.002 -10"><span class='ocrx_word' id='word_1_789' title='bbox 1397 3533 1528 3565; x_wconf 82' lang='lat' dir='ltr'>diversis</span> <span class='ocrx_word' id='word_1_790' title='bbox 1548 3534 1826 3566; x_wconf 74' lang='lat' dir='ltr'>intellectionibus</span> <span class='ocrx_word' id='word_1_791' title='bbox 1847 3533 2027 3574; x_wconf 77' lang='lat' dir='ltr'>cognoscit.</span> <span class='ocrx_word' id='word_1_792' title='bbox 2056 3533 2134 3565; x_wconf 85' lang='lat' dir='ltr'>Ideo</span> <span class='ocrx_word' id='word_1_793' title='bbox 2157 3533 2338 3565; x_wconf 85' lang='lat' dir='ltr'>secundum</span> <span class='ocrx_word' id='word_1_794' title='bbox 2361 3534 2471 3566; x_wconf 82' lang='lat' dir='ltr'>multi-</span> 
     </span>
     <span class='ocr_line' id='line_1_97' title="bbox 1396 3578 2471 3619; baseline 0 -9"><span class='ocrx_word' id='word_1_795' title='bbox 1396 3578 1544 3610; x_wconf 85' lang='lat' dir='ltr'>tudinem</span> <span class='ocrx_word' id='word_1_796' title='bbox 1568 3579 1810 3611; x_wconf 74' lang='lat' dir='ltr'>intellectorum</span> <span class='ocrx_word' id='word_1_797' title='bbox 1842 3587 1911 3609; x_wconf 89' lang='lat' dir='ltr'>non</span> <span class='ocrx_word' id='word_1_798' title='bbox 1945 3578 2054 3609; x_wconf 85' lang='lat' dir='ltr'>solum</span> <span class='ocrx_word' id='word_1_799' title='bbox 2085 3583 2245 3619; x_wconf 81' lang='lat' dir='ltr'>quantum</span> <span class='ocrx_word' id='word_1_800' title='bbox 2278 3578 2318 3610; x_wconf 80' lang='lat' dir='ltr'>ad</span> <span class='ocrx_word' id='word_1_801' title='bbox 2342 3579 2471 3610; x_wconf 72' lang='lat' dir='ltr'>habitu-</span> 
     </span>
     <span class='ocr_line' id='line_1_98' title="bbox 1397 3621 2470 3663; baseline 0.001 -10"><span class='ocrx_word' id='word_1_802' title='bbox 1397 3622 1522 3659; x_wconf 90' lang='lat' dir='ltr'>dinem,</span> <span class='ocrx_word' id='word_1_803' title='bbox 1550 3623 1607 3654; x_wconf 84' lang='lat' dir='ltr'>sed</span> <span class='ocrx_word' id='word_1_804' title='bbox 1634 3623 1730 3654; x_wconf 82' lang='lat' dir='ltr'>etiam</span> <span class='ocrx_word' id='word_1_805' title='bbox 1757 3627 1917 3663; x_wconf 85' lang='lat' dir='ltr'>quantum</span> <span class='ocrx_word' id='word_1_806' title='bbox 1948 3622 1990 3654; x_wconf 86' lang='lat' dir='ltr'>ad</span> <span class='ocrx_word' id='word_1_807' title='bbox 2021 3621 2271 3655; x_wconf 76' lang='lat' dir='ltr'>fimdamentum</span> <span class='ocrx_word' id='word_1_808' title='bbox 2302 3628 2334 3654; x_wconf 89' lang='lat' dir='ltr'>et</span> <span class='ocrx_word' id='word_1_809' title='bbox 2361 3628 2470 3655; x_wconf 82' lang='lat' dir='ltr'>actmn</span> 
     </span>
    </p>
   </div>
   <div class='ocr_carea' id='block_1_30' title="bbox 2496 356 2712 459">
    <p class='ocr_par' dir='ltr' id='par_1_32' title="bbox 2496 356 2712 459">
     <span class='ocr_line' id='line_1_99' title="bbox 2496 356 2711 405; baseline 0 0"><span class='ocrx_word' id='word_1_810' title='bbox 2496 356 2571 405; x_wconf 61' lang='lat' dir='ltr'>Levi?</span> <span class='ocrx_word' id='word_1_811' title='bbox 2573 362 2711 405; x_wconf 64' lang='lat'>&#39;&#39;1‘”3‹⁵‚⁸‘¹¹·³</span> 
     </span>
     <span class='ocr_line' id='line_1_100' title="bbox 2497 397 2712 459; baseline 0.005 -28"><span class='ocrx_word' id='word_1_812' title='bbox 2497 397 2626 459; x_wconf 43' lang='lat' dir='ltr'>:npgi‘in’in</span> <span class='ocrx_word' id='word_1_813' title='bbox 2641 398 2712 432; x_wconf 70' lang='lat' dir='ltr'>oom-</span> 
     </span>
    </p>
   </div>
   <div class='ocr_carea' id='block_1_31' title="bbox 2499 1868 2634 1892">
    <p class='ocr_par' dir='ltr' id='par_1_33' title="bbox 2499 1868 2634 1892">
     <span class='ocr_line' id='line_1_101' title="bbox 2499 1868 2634 1892; baseline 0 -1"><span class='ocrx_word' id='word_1_814' title='bbox 2499 1870 2509 1880; x_wconf 82' lang='lat'>&#39;</span> <span class='ocrx_word' id='word_1_815' title='bbox 2523 1868 2576 1892; x_wconf 76' lang='lat' dir='ltr'>Lib.</span> <span class='ocrx_word' id='word_1_816' title='bbox 2590 1868 2634 1892; x_wconf 89' lang='lat' dir='ltr'>1v.</span> 
     </span>
    </p>
   </div>
   <div class='ocr_carea' id='block_1_32' title="bbox 2499 2296 2621 2320">
    <p class='ocr_par' dir='ltr' id='par_1_34' title="bbox 2499 2296 2621 2320">
     <span class='ocr_line' id='line_1_102' title="bbox 2499 2296 2621 2320; baseline 0 -1"><span class='ocrx_word' id='word_1_817' title='bbox 2499 2297 2510 2307; x_wconf 73' lang='lat'><em>⁶</em></span> <span class='ocrx_word' id='word_1_818' title='bbox 2524 2296 2576 2319; x_wconf 78' lang='lat' dir='ltr'>Lib.</span> <span class='ocrx_word' id='word_1_819' title='bbox 2592 2296 2621 2320; x_wconf 89' lang='lat' dir='ltr'>n.</span> 
     </span>
    </p>
   </div>
   <div class='ocr_carea' id='block_1_33' title="bbox 2500 2406 2636 2430">
    <p class='ocr_par' dir='ltr' id='par_1_35' title="bbox 2500 2406 2636 2430">
     <span class='ocr_line' id='line_1_103' title="bbox 2500 2406 2636 2430; baseline -0.015 -1"><span class='ocrx_word' id='word_1_820' title='bbox 2500 2407 2509 2417; x_wconf 86' lang='grc'><em>·</em></span> <span class='ocrx_word' id='word_1_821' title='bbox 2524 2406 2577 2430; x_wconf 80' lang='lat' dir='ltr'>ub.</span> <span class='ocrx_word' id='word_1_822' title='bbox 2591 2406 2636 2429; x_wconf 81' lang='lat'>¹11.</span> 
     </span>
    </p>
   </div>
  </div>
 </body>
</html>
