2768 4134
689 286 878 324 SUMMA
907 287 1130 324 CONTRA
1158 286 1433 333 GENTILES,
1463 289 1556 326 LIB.
1578 291 1618 336 ΙΙ,
1650 291 1759 329 CAP.
1780 293 1952 340 XXXIX,
1973 295 2053 332 XL.

2393 296 2468 345 359

1038 406 1374 440 Commentaria.
1405 408 1714 442 Fax-ramensis

279 515 479 578 posraum
501 505 725 537 determinavit
748 505 884 537 Sanctus
907 505 1053 536 Thomas
1081 504 1120 536 de
1144 514 1253 536 rerum
1275 514 1351 545 pro-

332 549 501 586 ductione,
532 559 620 581 nunc
644 549 685 580 de
714 559 823 581 rerum
846 551 989 591 ipsarum
1013 549 1218 581 distinctione
1248 548 1351 579 deter-

34 600 43 608 ·
60 598 97 620 Cf·
115 598 249 620 commem.
276 595 378 625 minat
393 595 421 625 ἦ
446 594 541 625 Circa
555 595 620 625 hoc
636 599 746 625 autern
762 594 828 626 duo
845 594 937 625 facit:
963 595 1080 635 primo,
1097 599 1244 625 removet
1258 592 1352 624 falsas

34 631 85 653 cap.
96 631 119 646 v.

32 1128 45 1140 ’
59 1126 116 1156 Cup.
132 1133 155 1149 iv
165 1112 216 1155 sqq.

277 639 552 680 philosophorum
587 639 776 679 opiniones;
813 639 972 676 secundo,
1001 639 1168 670 veritatem
1203 637 1351 674 declarat,

277 684 420 725 capitulo
443 693 514 714 xnv.

332 728 502 766 Quantum
527 727 566 758 ad
589 729 742 768 primum,
762 729 856 768 ponit
879 738 934 760 sex
958 728 1196 764 conclusiones,
1213 736 1352 767 quarum

276 773 381 814 prima
396 773 430 803 in
450 773 514 803 hoc
538 774 644 813 capite
668 774 811 813 ponitur,
828 773 971 814 reliquae
986 782 1065 803 vero
1081 773 1114 803 in
1131 772 1351 812 sequentibus.

332 817 355 847 1.
379 817 486 848 Prima
509 827 587 858 ergo
612 818 780 848 conclusio
806 823 868 848 est:
893 818 1015 849 Rerum
1039 817 1202 848 distinctio
1220 826 1285 847 non
1305 821 1353 847 est

276 870 297 891 a
327 871 420 896 casu,
446 867 601 903 tanquam
637 863 786 893 videlicet
813 867 949 903 praeter
978 862 1108 903 agentis
1141 860 1351 891 intentionem

277 906 428 937 evenerit.
1230 906 1235 911 '

332 951 497 982 Probatur
513 952 636 992 primo.
660 952 743 983 Sunt
765 950 926 992 quaedam
948 950 1144 981 substantiae
1162 950 1197 980 in
1213 958 1352 990 quarum

276 1001 390 1026 natura
413 1005 481 1026 non
505 1002 554 1027 est
576 997 770 1036 possibilitas
793 996 834 1027 ad
856 1005 925 1026 non
948 1004 1029 1026 esse.
1060 995 1147 1034 Ergo
1178 994 1257 1025 tales
1282 1004 1352 1024 non

277 1045 352 1071 sunt
368 1051 386 1071 a
402 1050 488 1072 casu.
514 1041 601 1081 Ergo
624 1051 686 1072 nec
710 1050 821 1072 earum
845 1040 1008 1071 distinctio
1025 1049 1043 1069 a
1059 1049 1136 1070 casu
1152 1039 1220 1069 erit.
1236 1057 1259 1061 -
1274 1039 1354 1069 Pro-

276 1085 370 1116 batur
393 1086 496 1126 prima
520 1086 763 1126 consequentia.
787 1085 875 1124 Quia
897 1093 989 1115 casus
1011 1093 1081 1115 non
1104 1084 1264 1124 contingit
1288 1084 1351 1114 nisi

276 1131 310 1160 in
333 1130 541 1170 possibilibus
565 1130 655 1161 aliter
669 1140 704 1161 se
719 1130 847 1166 habere,
864 1134 900 1160 ut
915 1133 1003 1170 patet
1018 1128 1046 1159 11
1061 1128 1277 1169 Pnysicorum
1289 1129 1317 1158 '.
1329 1146 1353 1150 -

277 1174 428 1206 Secunda
444 1175 541 1206 etiam
557 1180 655 1215 patet.
679 1175 767 1213 Quia
788 1174 868 1205 tales
886 1174 1082 1205 substantiae
1097 1179 1174 1204 sunt
1188 1181 1246 1213 per
1260 1181 1353 1203 suam

277 1220 488 1250 substantiam
504 1219 689 1250 distinctae:
713 1219 805 1256 idest,
822 1229 860 1250 ex
876 1218 1016 1259 propriis
1040 1227 1150 1248 earum
1174 1217 1353 1248 rationibus

277 1264 520 1295 distinctionem
542 1264 671 1295 habent.

332 1308 498 1349 Ssssslffldof
513 1308 616 1340 Casus
640 1314 687 1340 est
709 1314 835 1339 tantum
851 1309 885 1339 in
900 1307 1107 1348 possibilibus
1130 1306 1220 1337 aliter
1242 1315 1276 1336 se
1296 1306 1352 1337 ha—

277 1352 363 1384 bete.
388 1353 474 1395 Ergo
498 1353 662 1384 distinctio
686 1363 770 1394 quae
791 1358 838 1384 est
860 1363 878 1383 a
899 1353 1032 1383 materia
1047 1351 1130 1382 forte
1146 1351 1265 1392 poterit
1284 1360 1352 1381 esse

277 1407 296 1428 a
319 1407 412 1429 casu:
436 1407 505 1442 non
529 1403 638 1429 autem
661 1397 824 1429 distinctio
849 1407 932 1438 quae
956 1402 1004 1427 est
1027 1406 1046 1427 a
1069 1396 1183 1427 forma.
1216 1395 1281 1426 Sed
1304 1395 1352 1426 di-

277 1442 408 1474 stinctio
432 1443 613 1483 specierum
638 1448 687 1473 est
709 1453 727 1473 a
750 1442 872 1473 forma:
897 1442 1107 1482 singularium
1132 1446 1241 1472 autem
1269 1440 1353 1471 eius-

277 1487 354 1518 dem
368 1488 489 1527 speciei
509 1497 528 1518 a
550 1489 692 1518 materia.
717 1488 805 1527 Ergo
825 1486 988 1517 distinctio
1012 1485 1193 1516 secundum
1209 1486 1352 1526 speciem

276 1541 345 1563 non
361 1538 409 1562 est
425 1543 444 1563 a
459 1542 551 1563 casu:
568 1532 625 1563 sed
641 1532 724 1563 forte
739 1532 925 1572 aliquorum
940 1530 1184 1562 individuorum
1197 1539 1289 1561 casus
1305 1535 1353 1560 est

277 1575 490 1608 distinctivus.
514 1577 602 1617 Ergo
627 1582 688 1607 etc.
711 1596 733 1599 —
758 1577 848 1607 Patet
870 1577 975 1616 prima
998 1575 1242 1615 consequentia.
1266 1574 1352 1613 Quia

276 1621 474 1661 principium
486 1621 572 1652 illius
583 1621 803 1662 possibilitatis
815 1626 863 1652 est
874 1621 1018 1657 materia,
1030 1629 1099 1650 non
1111 1625 1220 1650 autem
1236 1618 1351 1656 forma,

277 1674 361 1706 quae
385 1664 576 1697 determinat
599 1666 846 1706 possibilitatem
869 1665 1022 1696 materiae
1045 1663 1086 1695 ad
1108 1673 1223 1695 unum.

332 1709 578 1742 Advertendum
601 1712 685 1741 circa
707 1710 788 1741 illud
811 1710 903 1751 quod
921 1710 1028 1750 inquit
1043 1708 1180 1740 Sanctus
1196 1708 1351 1744 Thomas,

277 1762 389 1786 casum
412 1754 554 1786 fortassis
578 1755 764 1797 aliquorum
782 1754 1026 1786 individuorum
1042 1763 1139 1794 posse
1155 1763 1224 1784 esse
1241 1751 1352 1783 distin—

277 1799 411 1837 ctivum,
435 1800 526 1841 quod
549 1809 618 1831 non
647 1800 727 1831 dixit
754 1800 998 1831 individuorum
1027 1798 1185 1834 absolute,
1209 1797 1267 1828 sed
1289 1797 1351 1828 ali-

276 1853 416 1885 quorum
432 1845 696 1876 individuorum.-
711 1845 788 1886 quia
804 1845 837 1876 in
852 1843 1028 1876 individuis
1042 1842 1352 1883 incorruptibilibus

278 1889 463 1921 cuiusmodi
485 1895 561 1922 sunt
584 1891 710 1921 animae
734 1890 948 1921 intellectivae
973 1894 1004 1920 et
1027 1887 1088 1918 alia
1111 1886 1310 1923 huiusmodi,
1326 1887 1352 1917 si

277 1939 353 1966 sunt
386 1934 495 1975 aliqua
525 1934 587 1965 alia
617 1934 873 1975 incorruptibilia
904 1934 975 1964 solo
1006 1942 1145 1963 numero
1177 1933 1209 1963 in
1238 1931 1351 1963 eadem

277 1979 385 2019 specie
409 1978 567 2015 distincta,
583 1988 652 2010 non
671 1984 779 2019 potest
802 1988 871 2010 esse
895 1988 998 2014 casus,
1015 1977 1072 2008 sed
1087 1983 1214 2008 tantum
1229 1977 1263 2008 in
1280 1985 1352 2007 cor·

277 2023 493 2065 ruptibilibus.

333 2067 467 2099 Addidit
483 2068 714 2109 autemsorte:
730 2067 806 2108 quia
821 2076 889 2098 non
906 2072 954 2098 est
968 2066 1116 2097 absolute
1132 2075 1245 2097 verum
1261 2065 1352 2105 quod

278 2111 442 2144 distinctio
469 2112 711 2144 individuorum
744 2112 1003 2152 corruptibilium
1033 2112 1073 2141 sit
1096 2121 1114 2140 a
1138 2120 1230 2147 casu;
1254 2110 1311 2141 sed
1335 2120 1353 2140 a

279 2167 356 2188 casu
378 2162 486 2198 potest
502 2156 565 2188 dici
581 2167 650 2188 esse
675 2156 838 2187 distinctio
862 2156 1104 2187 individuorum
1127 2161 1353 2186 monstruoso-

278 2211 362 2238 rum,
386 2203 582 2243 inquantum
605 2202 659 2233 illa
682 2206 807 2242 praeter
829 2201 1044 2232 intentionem
1073 2206 1206 2231 naturae
1237 2209 1354 2242 prove-

278 2247 383 2278 niunt.
407 2246 494 2285 Quia
514 2252 624 2277 tamen
641 2246 738 2278 etiam
753 2251 897 2276 monstra
912 2255 980 2276 non
996 2250 1072 2276 sunt
1087 2245 1224 2276 omnino
1241 2250 1353 2276 contra

278 2297 412 2322 naturae
434 2292 662 2327 intentionem,
679 2291 755 2331 quia
771 2290 884 2321 saltem
907 2289 1099 2321 secundario
1115 2295 1190 2320 sunt
1206 2300 1224 2320 a
1239 2295 1353 2320 natura

278 2336 418 2372 intenta;
442 2335 517 2367 ideo
541 2336 601 2366 sub
625 2335 726 2366 dubio
750 2335 903 2376 relinquit
926 2341 1036 2366 utrum
1054 2335 1095 2365 sit
1110 2344 1128 2365 a
1144 2344 1221 2365 casu
1237 2344 1352 2365 eorum

277 2379 453 2416 distinctio,
469 2381 621 2420 inquiens
645 2380 736 2421 quod
749 2380 848 2422 forte
870 2389 966 2410 casus
988 2385 1036 2410 est
1058 2379 1244 2420 aliquorum
1269 2379 1352 2409 indi-

278 2424 453 2456 viduorum
477 2425 690 2456 distinctivus.

334 2469 372 2500 11.
393 2469 514 2500 Tertio.
538 2470 645 2500 Prima
666 2478 775 2500 rerum
799 2468 972 2509 productio
995 2477 1064 2499 non
1088 2473 1136 2498 est
1155 2477 1193 2498 ex
1208 2467 1352 2498 materia.

278 2514 366 2555 Ergo
387 2515 423 2545 in
445 2514 515 2554 ipsa
538 2524 630 2545 casus
654 2523 723 2544 esse
746 2523 815 2544 non
838 2518 954 2554 potest.
971 2512 1036 2544 Sed
1058 2513 1204 2553 oportuit
1226 2513 1259 2543 in
1283 2513 1353 2552 ipsa

278 2567 349 2590 esse
370 2567 480 2590 rerum
503 2558 761 2590 distinctionem:
786 2567 864 2589 cum
883 2558 985 2588 multa
1000 2558 1064 2588 sint
1078 2558 1112 2588 in
1128 2557 1224 2587 rebus
1239 2557 1353 2588 creatis

279 2613 364 2644 quae
387 2612 495 2644 neque
519 2613 558 2634 ex
579 2604 731 2640 invicem,
755 2612 863 2643 neque
893 2612 932 2633 ex
955 2602 1067 2642 aliquo
1090 2611 1159 2632 uno
1183 2603 1353 2632 communi

278 2649 312 2679 in
336 2657 405 2689 quo
429 2649 635 2684 conveniant,
658 2653 862 2689 generantur.
887 2647 974 2687 Ergo
999 2652 1060 2677 etc.
1086 2664 1110 2669 -
1136 2646 1227 2677 Patet
1249 2647 1353 2686 prima

279 2694 522 2734 consequentia.
546 2693 633 2731 Quia
655 2693 690 2723 in
713 2701 829 2723 eorum
851 2697 978 2722 tanturn
1001 2691 1142 2722 factione
1161 2696 1269 2731 potest
1284 2700 1353 2721 esse

278 2747 371 2768 casus
395 2747 479 2778 quae
503 2748 541 2769 ex
564 2738 697 2768 materia
719 2742 923 2777 generantur.

333 2782 475 2814 Adverte
491 2782 582 2823 quod
597 2781 665 2812 duo
681 2786 827 2812 removet
849 2781 986 2812 Sanctus
1002 2780 1148 2811 Thomas
1172 2778 1353 2810 secundum

278 2835 363 2866 quae
385 2832 497 2868 posset
519 2827 635 2867 aliquis
665 2825 771 2856 dicere
801 2826 836 2856 in
866 2826 970 2866 prima
999 2824 1216 2864 productione
1245 2833 1353 2855 rerum

279 2869 520 2902 distinctionem
542 2880 611 2902 non
626 2870 735 2907 fuisse,
752 2870 874 2901 scilicet
889 2869 1046 2900 dicendo:
1061 2887 1086 2892 -
1100 2875 1156 2899 aut
1179 2868 1270 2909 quod
1293 2868 1354 2899 fuit

279 2924 383 2946 unum
406 2919 533 2947 tantum
555 2914 764 2956 productum,
788 2924 827 2945 ex
851 2923 918 2954 quo
947 2913 1036 2944 aliud
1063 2914 1224 2954 posterius
1248 2913 1287 2943 ab
1311 2923 1352 2944 eo

279 2958 467 2991 distinctum
491 2965 538 2991 est
560 2959 759 3000 productum
783 2969 801 2989 a
824 2968 910 2994 casu,
938 2963 1018 2998 puta
1041 2959 1067 2988 si
1091 2957 1204 2988 fuisset
1226 2963 1352 2988 tantum

1406 513 1459 534 aer
1481 504 1669 544 productus,
1694 516 1732 536 ex
1757 516 1823 546 quo
1847 508 2057 547 postmodum
2080 511 2159 550 ignis
2184 513 2345 543 emerserit
2353 524 2361 550 ;
2377 532 2398 536 -
2415 520 2470 545 aut

1406 548 1497 588 quod
1520 548 1581 579 fuit
1603 559 1668 579 una
1690 552 1822 580 materia
1844 552 2010 591 producta,
2029 563 2065 583 ex
2090 564 2154 594 qua
2176 556 2266 595 plura
2290 564 2402 597 postea
2422 558 2469 588 di-

1405 593 1520 623 stincta
1547 593 1756 633 pullularunt.
1789 595 1970 635 Utrumque
2001 598 2118 628 horum
2148 607 2291 631 removet
2321 611 2378 641 per
2405 603 2468 633 hoc

1405 637 1497 677 quod
1519 643 1595 667 sunt
1617 638 1719 668 multa
1746 648 1829 678 quae
1858 649 1926 669 non
1956 648 2146 679 generantur
2173 654 2211 674 ex
2240 645 2387 682 invicem,
2412 657 2470 687 per

1405 681 1497 722 quod
1520 682 1700 712 excluditur
1729 683 1871 722 primum
1899 683 2037 715 dictum:
2063 695 2169 726 neque
2199 697 2237 718 ex
2267 689 2376 730 aliquo
2400 701 2468 722 uno

1405 727 1584 762 communi,
1615 732 1747 766 propter
1778 727 1868 767 quod
1900 728 2078 759 excluditur
2111 731 2299 763 secundum.
2333 734 2468 766 Caelum

1405 771 1493 801 euim
1517 777 1548 801 et
1572 771 1651 801 haec
1675 770 1836 807 inferiora,
1853 777 1907 802 aut
1931 773 2026 803 etiam
2049 774 2283 814 intelligentiae,
2301 787 2382 817 quae
2401 789 2469 810 non

1406 815 1605 845 conveniunt
1628 816 1661 845 in
1681 816 1823 852 materia,
1847 825 1953 856 neque
1978 826 2015 846 ex
2039 817 2177 849 invicem
2199 829 2306 860 neque
2326 831 2363 852 ex
2380 833 2469 854 com-

1404 860 1498 890 muni
1520 860 1653 890 materia
1675 865 1878 899 generantur.

1461 903 1514 934 111.
1530 903 1669 940 Quarto.
1683 904 1854 935 Distinctio
1867 913 1975 934 rerum
1990 906 2174 936 naturaliter
2188 908 2348 946 praecedit
2363 916 2470 941 motus

1406 954 1438 979 et
1453 949 1806 989 operationes-rerum:
1832 949 2033 979 determinati
2058 951 2143 980 enim
2167 950 2297 982 effectus
2321 960 2394 983 sunt
2417 955 2472 985 de-

1404 994 1647 1023 terminatarum
1670 1003 1778 1024 rerum
1803 999 1835 1023 et
1858 992 2088 1024 distinctarum.
2113 994 2176 1025 Sed
2199 1002 2307 1026 motus
2336 1002 2366 1027 et
2394 1007 2471 1038 ope-

1405 1038 1545 1068 rationes
1568 1047 1677 1068 rerum
1699 1043 1776 1068 sunt
1791 1048 1808 1067 a
1825 1039 1928 1068 causis
1952 1048 2010 1078 per
2032 1048 2065 1068 se
2090 1044 2120 1069 et
2143 1038 2369 1071 determinatis,
2386 1042 2470 1082 Ergo

1405 1088 1437 1113 et
1460 1081 1634 1125 distinctio.
1658 1082 1744 1122 Ergo
1769 1088 1829 1112 etc.
1851 1100 1875 1104 —
1898 1083 1989 1112 Patet
2013 1085 2254 1123 consequentia.
2278 1085 2372 1122 Quia,
2397 1096 2471 1117 cum

1405 1136 1502 1157 causa
1524 1135 1583 1167 per
1605 1136 1639 1157 se
1662 1127 1750 1167 prior
1779 1127 1820 1157 sit
1849 1136 1945 1157 causa
1974 1136 2032 1167 per
2062 1127 2219 1164 accidens,
2242 1130 2472 1162 inconveniens

1406 1177 1454 1202 est
1476 1171 1582 1202 dicere
1605 1172 1784 1212 posteriora
1812 1181 1880 1202 esse
1911 1182 1929 1202 a
1959 1181 2054 1202 causa
2083 1181 2140 1212 per
2169 1182 2212 1209 se,
2236 1174 2341 1213 priora
2365 1181 2471 1207 autem

1406 1225 1475 1247 esse
1499 1226 1518 1246 a
1540 1225 1637 1246 causa
1659 1225 1718 1256 per
1740 1215 1900 1246 accidens.

1463 1259 1597 1296 Quinto.
1622 1261 1819 1291 Universitas
1842 1265 2060 1290 creaturarum
2083 1265 2130 1290 est
2153 1270 2170 1290 a
2194 1261 2263 1292 Deo
2288 1268 2399 1302 agente
2415 1274 2471 1304 per

1405 1305 1606 1336 intellectum
1630 1311 1662 1336 et
1685 1305 1896 1341 voluntatem,
1920 1305 1954 1335 in
1978 1305 2071 1335 cuius
2094 1305 2208 1336 virtute
2232 1305 2373 1337 defectus
2404 1318 2471 1339 esse

1405 1359 1474 1380 non
1496 1355 1614 1390 potest.
1639 1350 1726 1390 Ergo
1750 1349 1855 1380 forma
1878 1350 2019 1380 universi
2043 1354 2089 1379 est
2105 1359 2123 1379 a
2138 1349 2208 1380 Deo
2232 1351 2352 1382 intenta
2369 1358 2400 1382 et
2414 1363 2471 1383 vo—

1404 1394 1470 1425 lita.
1495 1394 1582 1435 Ergo
1607 1400 1639 1425 et
1661 1403 1769 1425 rerum
1793 1394 1967 1425 distinctio.
1994 1412 2017 1416 -
2043 1393 2200 1424 Probatur
2228 1396 2330 1435 prima
2360 1406 2471 1427 conse-

1406 1439 1548 1479 quentia.
1582 1438 1669 1477 Quia
1700 1439 1872 1470 cuiuslibet
1901 1439 1947 1469 rei
1976 1438 2181 1478 procedentis
2211 1441 2250 1469 ab
2277 1446 2389 1480 agente
2416 1451 2473 1482 per

1405 1484 1606 1515 intellectum
1637 1489 1669 1514 et
1695 1484 1908 1520 voluntatem,
1933 1483 2038 1514 forma
2061 1489 2108 1514 est
2131 1484 2170 1514 ab
2198 1490 2310 1524 agente
2337 1486 2471 1517 intenta:

1406 1529 1550 1570 (supple)
1574 1529 1635 1559 nisi
1659 1528 1742 1559 forte
1766 1534 1849 1560 esset
1871 1527 2017 1559 defectus
2041 1528 2074 1558 in
2094 1528 2219 1565 virtute,
2242 1536 2278 1560 ut
2299 1531 2398 1570 possit
2418 1532 2473 1562 de-

1405 1573 1501 1604 ficere
1517 1584 1536 1604 a
1551 1583 1609 1604 sua
1624 1574 1815 1604 intentione.
1833 1591 1853 1596 -
1870 1573 2020 1604 Secunda
2036 1573 2133 1604 etiam
2149 1579 2244 1613 patet.
2270 1574 2354 1612 Quia
2370 1575 2474 1607 forma

1404 1619 1547 1650 universi
1571 1618 1717 1648 consistit
1739 1619 1774 1649 in
1797 1618 2003 1649 distinctione
2028 1623 2060 1648 et
2083 1617 2195 1649 ordine
2218 1620 2366 1659 partium.

1461 1662 1514 1693 IV.
1532 1662 1642 1693 Sexto.
1661 1662 1751 1693 Ordo
1766 1663 1906 1703 partium
1922 1663 2063 1694 universi
2078 1668 2110 1693 et
2125 1662 2286 1694 distinctio
2303 1674 2412 1695 earum
2428 1671 2475 1695 est

1405 1706 1478 1737 finis
1507 1706 1732 1747 productionis
1765 1708 1916 1738 universi.
1952 1707 2038 1747 Ergo
2063 1712 2123 1738 etc.
2149 1726 2173 1730 -
2200 1707 2474 1749 Consequentiam

1404 1752 1501 1782 habet
1515 1751 1653 1783 Sanctus
1665 1752 1811 1782 Thomas
1827 1761 1886 1792 pro
1902 1751 2088 1783 manifesta:
2106 1753 2182 1792 quia
2198 1752 2237 1783 de
2253 1754 2375 1784 ratione
2392 1753 2473 1791 finis,

1404 1797 1600 1837 inquantum
1616 1796 1814 1833 huiusmodi,
1831 1802 1878 1827 est
1894 1797 1985 1837 quod
2008 1797 2048 1827 sit
2070 1797 2223 1828 intentus.
2235 1816 2257 1819 —
2273 1799 2474 1830 Antecedens

1404 1851 1482 1872 vero
1498 1842 1663 1882 probatur.
1677 1841 1763 1880 Quia
1778 1841 1812 1872 id
1828 1841 1918 1882 quod
1931 1847 1978 1872 est
1993 1842 2119 1872 bonum
2134 1847 2165 1872 et
2178 1843 2338 1883 optimum
2354 1844 2387 1874 in
2401 1844 2474 1874 effe-

1405 1892 1470 1923 ctu,
1487 1891 1535 1917 est
1551 1885 1623 1917 finis
1638 1885 1865 1927 productionis
1881 1887 1992 1927 ipsius.
2018 1886 2190 1927 Optimum
2213 1892 2320 1918 autem
2336 1889 2474 1919 universi

1405 1931 1550 1962 consistit
1565 1931 1599 1962 in
1615 1930 1729 1962 ordine
1753 1936 1785 1962 et
1808 1930 2014 1962 distinctione
2039 1932 2176 1972 partium
2201 1933 2277 1962 eius.
2302 1933 2388 1973 Ergo
2413 1939 2472 1963 etc.

1460 1975 1601 2006 Adverte
1624 1975 1715 2016 quod
1739 1974 1859 2016 duplex
1886 1982 1934 2007 est
1952 1975 2042 2006 finis:
2066 1976 2186 2006 scilicet
2209 1978 2417 2017 operationis,
2443 1983 2474 2008 et

1405 2021 1579 2061 operantis.
1603 2020 1692 2051 Finis
1715 2021 1914 2061 operationis
1936 2020 2041 2061 (idest,
2066 2027 2197 2061 propter
2219 2031 2317 2061 quern
2334 2028 2380 2053 est
2395 2032 2473 2062 ope-

1405 2066 1500 2106 ratio)
1525 2071 1576 2096 est
1595 2066 1759 2106 optimum
1783 2065 1874 2106 quod
1896 2075 1955 2106 per
1978 2067 2200 2106 operationem
2219 2066 2416 2106 producitur.
2433 2067 2474 2098 Et

1405 2111 1467 2141 tale
1491 2116 1538 2141 est
1561 2110 1774 2141 intrinsecum
1790 2110 1929 2147 effectui,
1946 2110 2046 2141 veluti
2063 2111 2131 2141 eius
2147 2110 2259 2141 forma.
2283 2111 2323 2142 Et
2339 2112 2383 2142 sic
2399 2121 2473 2152 pro-

1406 2154 1568 2186 ductionis
1593 2155 1733 2186 universi
1756 2154 1829 2186 finis
1854 2161 1901 2186 est
1924 2155 2062 2186 totalitas
2086 2157 2163 2192 eiuS‚
2188 2165 2269 2196 quae
2298 2157 2331 2186 in
2362 2155 2473 2187 ordine

1406 2205 1438 2230 et
1456 2199 1667 2245 ‘distinctione
1690 2200 1830 2240 partium
1854 2201 2009 2231 consistit.
2030 2218 2053 2222 —-
2073 2200 2159 2230 Finis
2182 2206 2290 2231 autem
2313 2202 2473 2241 operantis

1406 2250 1454 2275 est
1477 2244 1600 2285 aliquid
1630 2244 1722 2285 quod
1744 2254 1882 2285 operans
1914 2255 1951 2275 ex
1982 2245 2099 2275 effectu
2131 2244 2290 2285 producto
2321 2245 2471 2276 intendit:

1404 2290 1488 2320 sicut
1511 2288 1725 2326 domificator,
1745 2289 1957 2329 producendo
1982 2289 2128 2325 domum,
2148 2290 2283 2320 intendit
2306 2290 2473 2320 habitatio-

1405 2343 1492 2364 nem.
1517 2334 1559 2364 Et
1581 2334 1651 2364 talis
1674 2333 1747 2364 finis
1770 2343 1839 2364 non
1870 2340 1917 2365 est
1941 2335 2102 2374 optimum
2127 2334 2216 2374 quod
2239 2336 2278 2365 sit
2301 2335 2334 2364 in
2359 2334 2473 2366 effectu

1405 2378 1581 2419 producto,
1613 2378 1670 2409 sed
1700 2384 1747 2409 est
1777 2379 1899 2419 aliquid
1930 2380 2143 2409 extrinsecum
2174 2380 2212 2409 ab
2243 2379 2369 2410 effectu.
2401 2380 2473 2410 Hoc

1403 2422 1506 2454 modo
1530 2422 1611 2454 ordo
1636 2424 1777 2464 partium
1801 2424 1941 2454 universi
1964 2433 2031 2454 non
2049 2429 2096 2454 est
2111 2423 2184 2454 finis
2206 2424 2239 2454 in
2259 2423 2472 2464 productione

1403 2469 1555 2504 universi,
1580 2467 1637 2498 sed
1660 2468 1788 2499 bonitas
1812 2467 1929 2504 divina,
1955 2478 1993 2498 ex
2017 2469 2109 2499 cuius
2139 2478 2248 2499 amore
2277 2469 2364 2499 Deus
2388 2479 2472 2499 crea-

1403 2519 1509 2544 turam
1539 2512 1702 2552 produxit‚
1727 2518 1764 2543 ut
1795 2513 1864 2553 ipsa
1894 2514 2021 2543 bonitas
2050 2513 2279 2544 manifestetur.
2303 2531 2326 2536 —-
2349 2514 2383 2543 In
2414 2514 2473 2544 hac

1405 2567 1482 2598 ergo
1506 2558 1631 2588 ratione
1654 2557 1800 2598 loquitur
1819 2557 1955 2588 Sanctus
1971 2558 2115 2588 Thomas
2131 2557 2170 2588 de
2186 2557 2251 2588 fine
2267 2559 2471 2597 operationis,

1404 2612 1473 2633 non
1497 2607 1607 2632 autern
1630 2601 1670 2632 de
1694 2601 1760 2633 fine
1783 2603 1957 2642 operantis,
1982 2608 2017 2632 ut
2040 2608 2136 2642 patet.

1462 2645 1694 2677 Conrnumrun
1717 2647 1886 2677 conclusio
1910 2647 2098 2677 auctoritate
2123 2646 2255 2676 Genesis
2274 2655 2293 2675 1.

1461 2690 1653 2722 Excluditur
1680 2697 1789 2722 autem
1818 2701 1856 2722 ex
1886 2692 1950 2721 hoc
1973 2692 2085 2731 opinio
2109 2691 2314 2730 antiquorum
2338 2689 2471 2720 Natura-

1405 2735 1487 2765 lium
1516 2736 1712 2776 ponentium
1738 2741 1865 2766 tantum
1889 2745 2018 2766 causam
2048 2735 2252 2770 materialem,
2277 2744 2314 2764 ex
2338 2743 2400 2774 qua
2424 2733 2471 2763 di-

1406 2780 1522 2810 cebant
1545 2781 1656 2811 omnia
1678 2780 1748 2811 fieri
1771 2782 1896 2811 raritate
1920 2786 1952 2810 et
1975 2780 2139 2811 densitate.

1461 2824 1615 2856 Similiter
1637 2825 1816 2856 Democriti
1839 2830 1870 2855 et
1893 2825 2051 2864 Leucippi
2075 2822 2251 2854 excluditur
2275 2823 2385 2862 opinio
2410 2831 2470 2862 po-

1404 2869 1554 2900 nentium
1581 2868 1707 2910 infinita
1737 2870 1894 2910 principia
1921 2869 2104 2904 materialia,
2129 2868 2248 2898 scilicet
2269 2866 2470 2897 indivisibilia

1406 2923 1543 2954 corpora
1566 2913 1712 2945 eiusdem
1735 2920 1876 2950 naturae,
1903 2913 2078 2944 differentia
2101 2918 2207 2942 autem
2241 2910 2358 2951 figuriS,
2383 2911 2469 2950 posi-

1406 2959 1496 2988 tione
1520 2963 1553 2989 et
1575 2958 1699 2995 ordine,
1723 2958 1780 2989 sed
1803 2968 1931 2989 causam
1957 2963 2101 2998 agentem
2125 2956 2319 2996 negantium.

1111 3036 1648 3070 —Wissmffi—

754 3140 1242 3213 CAPITULUM
1280 3139 1999 3219 QUADRAGESIMUM

1250 3249 1280 3279 A
1316 3249 1390 3280 38v
1429 3257 1509 3289 a14.

327 3329 336 3336 ⁶
380 3328 555 3381 QUOD
590 3328 869 3369 MATERIA
903 3328 1033 3369 NON
1067 3328 1183 3370 EST
1215 3329 1406 3370 PRIMA
1441 3329 1647 3370 CAUSA
1681 3321 2370 3381 DISTINCTIONIS'RERUM

420 3478 425 3486 ,
463 3467 474 3487 —;
494 3453 518 3478 x
546 3442 622 3479 hoc
650 3448 781 3478 autem
809 3440 967 3478 ulterius
989 3448 1147 3490 apparet
1166 3441 1274 3490 quod
1294 3454 1351 3478 re-

471 3493 477 3499 *
508 3506 598 3531 rum
626 3494 817 3531 distinctio
850 3506 931 3531 non
960 3501 1016 3530 est
1042 3501 1202 3544 propter
1232 3502 1351 3532 mate-

508 3547 586 3585 riae
605 3547 866 3585 diversitatem
886 3547 984 3584 sicut
1001 3555 1160 3597 propter
1183 3547 1352 3597 primam

508 3612 681 3638 causam.

307 3516 316 3524 *v
355 3519 359 3524 v
402 3504 407 3510 k

301 3544 310 3568 χ
369 3534 377 3557 ᾳ
398 3553 409 3566 „
428 3538 461 3569 ,a

309 3570 326 3611 ‘2
362 3557 476 3621 Ὦ»

336 3653 395 3690 Ex
413 3653 574 3690 materia
593 3653 698 3691 enim
718 3653 814 3691 nihil
831 3653 1131 3691 determinatum
1146 3654 1351 3703 provenire
1374 3671 1383 3692 ς
1408 3654 1544 3699 evenit,
1579 3660 1615 3689 et
1649 3650 1852 3700 praecipue
1888 3647 2034 3684 sublata
2069 3646 2278 3683 intentione
2311 3645 2465 3694 agentis.

1406 3450 1531 3491 potest
1551 3442 1622 3478 nisi
1642 3440 1856 3478 casualiter:
1887 3449 1933 3473 eo
1962 3436 2069 3485 quod
2098 3434 2254 3471 materia
2273 3434 2322 3470 ad
2347 3434 2468 3470 multa

1406 3495 1597 3544 possibilis
1626 3502 1700 3537 est;
1730 3505 1776 3529 ex
1805 3491 1944 3540 quibus
1979 3489 2009 3525 si
2044 3499 2169 3525 unum
2201 3495 2350 3523 tantum
2379 3498 2467 3535 pro-

1406 3548 1545 3593 veniat,
1567 3549 1641 3584 hoc
1661 3554 1702 3583 ut
1730 3546 1768 3582 in
1796 3541 2041 3592 paucioribus
2070 3540 2291 3587 contingens
2311 3551 2466 3576 necesse

1408 3609 1463 3638 est
1491 3613 1591 3645 esse;
1629 3596 1851 3636 huiusmodi
1886 3602 2015 3631 autem
2051 3601 2105 3630 est
2133 3593 2240 3642 quod
2269 3592 2468 3629 casualiter
