2768 4134
31 2740 41 2751 ·
54 2739 93 2762 Cf.
110 2739 245 2762 Commeat.

1 2775 3 2777 ¹
77 2783 83 2789 .
90 2772 186 2793 mxxxvi,
193 2765 244 2788 init.

3 2790 21 2818 3(
30 2793 43 2811 3
89 2799 113 2821 p.
128 2798 204 2821 praec.

5 2907 10 2916 η’
20 2908 42 2930 ’·
57 2917 94 2940 Cf.
116 2923 181 2939 num.
195 2923 226 2940 ix.

720 283 909 321 SUMMA
938 284 1160 322 CONTRA
1188 284 1463 331 GENTILES,
1492 286 1587 323 LlB.
1607 287 1648 332 11,
1678 259 1790 324 CAP.
1810 287 2019 324 LXXXIX.

321 359 444 407 Quod
473 371 566 397 vero
596 368 704 398 sexto
733 360 922 408 obiicitur,
942 370 1046 411 patet
1064 362 1173 412 quod
1191 374 1273 399 non
1292 363 1340 400 de

266 413 490 450 necessitate
505 414 712 451 concludit.
730 414 811 451 Etsi
825 415 932 452 enim
946 415 1059 452 detur
1072 415 1181 465 quod
1199 428 1341 465 corpus

266 466 438 504 hominis
457 466 646 504 formetur
663 467 771 517 prius
795 480 916 517 quam
944 468 1076 506 anima
1094 476 1255 515 creetur,
1275 477 1342 506 aut

266 532 289 557 e
317 532 520 566 converso,
549 532 632 558 non
659 521 834 570 sequitur
861 522 969 571 quod
998 521 1104 559 idem
1137 523 1259 559 homo
1295 522 1342 560 sit

266 573 374 623 prior
401 572 549 623 seipso:
579 585 660 611 non
686 573 793 611 enim
821 575 945 612 homo
964 583 1020 612 est
1049 587 1166 612 suum
1185 587 1340 625 corpus,

267 638 397 676 neque
431 639 502 664 sua
529 626 672 664 anima.
703 627 888 676 Sequitur
915 636 1046 665 autem
1075 629 1184 678 quod
1212 628 1341 678 aliqua

266 692 357 731 pars
385 679 469 717 eius
498 679 545 716 sit
573 681 690 717 altera
717 680 834 730 prior.
866 682 987 729 Quod
1015 694 1096 719 non
1124 689 1180 718 est
1207 681 1341 719 incon-

267 733 444 771 veniens:
475 744 569 770 nam
598 733 759 771 materia
785 735 962 784 temp0re
992 742 1048 772 est
1075 735 1182 784 prior
1199 735 1340 780 forma;

266 785 472 825 materiam
492 785 579 823 dico
600 787 820 825 secundum
839 788 947 837 quod
967 796 1023 825 est
1042 787 1081 826 in
1100 787 1273 838 potentia
1292 787 1341 825 ad

265 840 447 886 formam,
475 851 557 877 non
586 840 806 878 secundum
833 841 942 890 quod
970 849 1059 879 actu
1087 849 1143 878 est
1170 853 1241 891 per
1266 842 1342 878 for-

267 905 376 930 mam
404 893 582 942 perfecta,
615 893 669 930 sic
701 893 807 931 enim
840 902 896 932 est
931 894 1045 932 simul
1079 907 1171 932 cum
1203 895 1340 932 forma.

268 946 424 996 Corpus
452 946 566 995 igitur
586 947 819 993 humanum,
839 948 1058 985 secundum
1082 948 1190 997 quod
1219 955 1275 985 est
1303 947 1342 984 in

266 999 440 1050 potentia
468 999 517 1037 ad
546 999 731 1046 animam,
759 1008 894 1051 utpote
914 1013 1007 1038 cum
1026 1001 1207 1038 nondum
1226 1000 1343 1038 habet

266 1052 454 1099 animam,
484 1060 540 1090 est
567 1053 676 1102 prius
704 1061 881 1103 tempore
910 1066 1031 1104 quarn
1066 1054 1215 1092 anima:
1250 1062 1343 1091 tunc

267 1114 402 1145 autem
429 1118 511 1144 non
538 1114 595 1143 est
622 1107 845 1145 humanum
864 1115 964 1153 actu,
984 1107 1053 1145 sed
1071 1107 1243 1157 potentia
1261 1115 1343 1144 tan-

267 1168 365 1198 tum.
397 1159 501 1197 Cum
529 1172 624 1197 vero
653 1168 709 1197 est
741 1161 964 1198 humanum
997 1168 1096 1207 actu,
1130 1160 1242 1210 quasi
1274 1173 1345 1210 per

269 1213 443 1251 animam
472 1214 690 1250 humanam
708 1214 934 1263 perfectum,
963 1226 1045 1251 non
1065 1221 1121 1251 est
1147 1214 1256 1263 prius
1277 1226 1343 1251 ne-

267 1279 347 1318 que
374 1266 567 1319 posterius
595 1266 737 1313 anima,
766 1267 835 1304 sed
863 1267 979 1305 simul
1006 1279 1099 1304 cum
1127 1279 1184 1304 ea.

291 1320 465 1369 „Neque
493 1318 610 1358 etiam
633 1320 818 1370 sequitur,
847 1320 879 1357 si
906 1319 1038 1358 anima
1057 1332 1103 1358 ex
1122 1320 1262 1358 virtute
1286 1333 1343 1357 se-

268 1373 387 1412 minis
413 1385 495 1411 non
527 1373 757 1424 producitur
788 1373 858 1412 sed
889 1375 1019 1411 solum
1051 1386 1205 1423 corpuS,
1234 1373 1345 1423 quod
1359 1389 1385 1403 ιο

267 1426 316 1464 sit
343 1426 567 1476 imperfecta
585 1427 759 1477 operatio
777 1434 859 1464 tam
878 1426 951 1464 Dei
969 1439 1092 1476 quarn
1111 1434 1282 1472 naturae,
1301 1434 1345 1464 ut

269 1480 435 1530 septima
449 1480 545 1517 ratio
559 1480 806 1530 procedebat.
822 1479 971 1517 Virtute
985 1479 1091 1516 enirn
1107 1479 1178 1517 Dei
1194 1487 1343 1517 utrum-

269 1545 348 1584 que
380 1533 434 1580 fit,
464 1540 501 1570 et
528 1545 671 1582 corpus
695 1540 733 1570 et
760 1532 909 1570 anima:
940 1531 1026 1570 licet
1053 1532 1232 1570 formatio
1261 1545 1344 1570 cor-

268 1586 376 1637 poris
404 1586 451 1624 sit
469 1586 519 1623 ab
539 1598 587 1624 eo
607 1585 802 1624 mediante
821 1585 962 1623 virtute
981 1585 1140 1623 seminis
1167 1585 1343 1632 naturali,

268 1651 444 1678 ammam
458 1646 591 1677 autem
610 1638 834 1676 immediate
854 1638 1055 1688 producat.
1071 1639 1213 1687 Neque
1228 1638 1344 1676 etiam
1359 1653 1370 1667 2

268 1691 445 1742 sequitur
458 1692 567 1741 quod
582 1691 681 1729 actio
698 1691 846 1729 virtutis
860 1690 1019 1728 seminis
1034 1691 1080 1728 sit
1099 1691 1342 1741 imperfecta:

269 1756 363 1784 curn
389 1745 564 1796 perficiat
592 1745 669 1783 hoc
697 1745 746 1782 ad
775 1745 883 1795 quod
912 1752 979 1782 est.

324 1797 539 1837 Sciendum
559 1805 615 1836 est
634 1797 750 1836 etiam
770 1797 809 1835 in
829 1797 977 1835 semine
997 1796 1137 1835 virtute
1156 1797 1344 1835 contineri

269 1851 407 1893 omnia
433 1852 497 1891 illa
524 1864 626 1902 quae
655 1851 839 1889 virtutem
867 1863 1098 1901 corpoream
1126 1863 1208 1888 non
1236 1863 1345 1888 exce-

267 1906 381 1952 dunt,
399 1905 498 1944 sicut
515 1906 688 1951 faenum,
707 1906 872 1951 culmus,
891 1903 1120 1950 internodia,
1138 1911 1175 1941 et
1194 1903 1344 1942 similia.
1362 1927 1387 1946 ,ο

266 1959 331 1997 Ex
345 1971 428 2009 quo
439 1958 623 1997 concludi
638 1970 720 1995 non
734 1965 860 2008 potest
874 1957 982 2007 quod
998 1956 1037 1994 id
1052 1956 1223 1995 hominis
1238 1957 1346 2006 quod

268 2019 392 2050 totam
411 2012 594 2049 virtutem
614 2023 846 2062 corpoream
865 2009 1024 2056 excedit,
1044 2009 1083 2047 in
1103 2009 1252 2048 semine
1270 2010 1345 2047 vir-

269 2073 351 2104 tute
370 2065 625 2111 contineatur,
645 2072 688 2103 ut
706 2072 844 2102 octava
862 2063 958 2102 ratio
978 2063 1245 2101 concludebat.

326 2118 447 2167 Quod
466 2126 599 2157 autem
619 2117 866 2169 operationes
884 2117 1038 2156 animae
1057 2116 1239 2155 videntur
1256 2128 1346 2166 pro-

269 2171 388 2211 ficere
407 2171 448 2210 in
462 2184 648 2222 processu
662 2171 918 2222 generationis
933 2171 1130 2209 humanae
1145 2170 1243 2209 sicut
1257 2182 1345 2219 pro·
1362 2184 1384 2203 π

270 2225 409 2264 ficiunt
436 2225 612 2276 corporis
630 2233 768 2275 partes,
790 2237 871 2263 non
890 2224 1057 2262 ostendit
1080 2224 1253 2262 animam
1272 2224 1345 2261 hu-

271 2290 433 2317 manam
452 2287 489 2317 et
515 2291 660 2330 corpus
684 2279 790 2317 idem
808 2277 1044 2329 principium
1073 2278 1228 2324 habere,
1249 2277 1346 2315 sicut

271 2344 378 2371 nona
406 2332 502 2370 ratio
522 2333 775 2383 procedebat:
805 2332 873 2370 sed
893 2331 1061 2369 ostendit
1078 2331 1187 2381 quod
1215 2331 1342 2382 dispo-

327 2454 356 2473 11
378 2446 500 2480 perfecta]
520 2446 663 2480 perfectam
681 2446 774 2472 EGZb.

327 2489 357 2509 ιι
379 2483 450 2508 enim
469 2482 503 2516 et]
530 2483 607 2507 etiam
625 2482 668 2508 Pe.
762 2489 794 2514 ¹7
813 2480 911 2515 vivum]
933 2489 1015 2507 uuum
1033 2489 1058 2512 α,
1076 2489 1170 2507 verum
1189 2481 1254 2506 EW.

273 2561 306 2588 ²9
326 2553 396 2586 sunt]
414 2553 481 2579 facta
500 2558 562 2579 sunt
579 2553 656 2578 NYz.
749 2552 781 2578 35
801 2557 827 2577 et
845 2560 888 2578 om
907 2553 935 2583 Z,
955 2553 1033 2578 etiam
1051 2552 1119 2578 EPc.

866 2445 900 2471 28
918 2450 960 2471 est
977 2445 1065 2479 etiam]
1085 2450 1126 2470 est
1144 2453 1169 2477 a,
1188 2445 1265 2471 etiam
1285 2450 1326 2470 est
1342 2445 1398 2476 DN,
1417 2445 1495 2470 etiam
1513 2445 1557 2470 cd.

1346 2488 1379 2506 20
1398 2488 1429 2506 ex
1447 2479 1550 2513 virtute]
1576 2479 1814 2505 virtute-EGNYZ.

271 2518 414 2544 humanam
439 2517 559 2551 sequitur
580 2517 636 2549 DX,
660 2517 803 2542 humanam
823 2517 955 2550 praecedit
978 2517 1021 2547 Pe,
1041 2516 1219 2551 'praecedebat
1242 2516 1384 2542 humanam
1407 2516 1437 2547 E,
1461 2516 1599 2548 praecedat
1620 2515 1762 2540 humanam
1781 2516 1805 2540 b.

2392 289 2466 336 543

1395 363 1481 401 sitio
1510 364 1679 413 partium
1708 364 1882 414 corporis
1911 373 1966 402 est
1994 366 2209 404 necessaria
2237 367 2287 404 ad
2314 367 2467 406 animae

1395 417 1677 466 operationem.

1450 470 1571 517 Quod
1599 478 1730 507 autem
1759 470 1912 508 decimo
1933 471 2122 519 obiicitur,
2142 485 2284 523 corpus
2313 474 2466 512 animae

1396 523 1641 571 configurari,
1662 531 1698 560 et
1717 524 1768 561 ob
1788 525 1866 561 hoc
1884 523 2058 562 animam
2078 525 2150 563 sibi
2177 538 2319 577 corpus
2343 527 2467 565 simile

1395 588 1644 626 praeparare:
1680 576 1821 625 partim
1853 577 2014 626 quidem
2049 587 2105 616 est
2138 591 2289 626 verum,
2326 582 2466 630 partim

1396 637 1528 667 autem
1541 629 1693 666 falsum.
1716 629 1757 667 Si
1772 629 1878 667 enim
1897 630 2125 679 intelligatur
2143 633 2192 669 de
2207 632 2338 671 anima
2352 646 2466 683 gene-

1395 682 1525 728 rantis,
1555 690 1611 719 est
1638 694 1779 719 verum
1798 683 1906 732 quod
1934 683 2088 722 dicitur:
2118 685 2257 723 falsum
2285 694 2416 725 autem
2436 687 2467 724 si

1396 735 1625 784 intelligatur
1652 736 1701 772 de
1729 735 1860 773 anima
1877 736 2057 785 generati.
2086 738 2180 775 Non
2200 739 2305 776 enim
2327 740 2467 778 virtute

1396 789 1549 826 animae
1587 788 1756 838 generati
1792 788 1981 826 formatur
2014 802 2156 840 corpus
2191 800 2382 841 quantum
2417 793 2467 831 ad

1369 860 1383 874 o
1396 841 1542 892 primas
1556 850 1593 879 et
1606 840 1835 892 praecipuas
1847 850 1986 892 parteS,
2002 843 2070 880 sed
2084 843 2223 881 virtute
2238 845 2390 884 animae
2404 859 2466 895 ge-

1397 895 1576 941 nerantis,
1597 903 1640 933 ut
1667 907 1785 945 supra
1798 895 1819 917 ’¹‘
1846 896 2056 945 probatum
2076 905 2142 934 est.
2164 897 2344 936 Similiter
2362 899 2467 937 enim

1397 956 1434 986 et
1463 948 1591 986 omnis
1614 948 1775 986 materia
1794 961 1887 986 suae
1906 949 2054 987 formae
2073 950 2355 999 configuratur:
2386 964 2467 989 non

1396 1010 1528 1040 tamen
1557 1003 1654 1039 haec
1682 1002 1936 1050 configuratio
1964 1002 2008 1039 fit
2036 1015 2083 1040 ex
2111 1003 2260 1041 actione
2288 1005 2467 1053 generati,

1398 1056 1467 1093 sed
1494 1068 1541 1093 ex
1569 1055 1719 1093 actione
1746 1055 1893 1093 formae
1920 1056 2148 1104 generantis

1451 1108 1573 1156 Quod
1587 1116 1719 1146 autem
1734 1108 1944 1146 undecimo
1960 1109 2139 1147 obiicitur
2152 1109 2201 1147 de
2216 1109 2375 1148 seminis
2390 1111 2468 1149 vita

1397 1161 1438 1199 in
1457 1161 1648 1212 principio
1676 1161 1900 1199 decisionis:
1930 1184 1955 1188 —
1974 1170 2077 1212 patet
2095 1163 2256 1212 quidem
2284 1175 2331 1200 ex
2360 1164 2468 1201 dictis

1398 1226 1479 1252 non
1507 1227 1590 1252 esse
1609 1215 1747 1252 vivum
1775 1215 1846 1252 nisi
1875 1215 1915 1252 in
1933 1215 2118 1265 potentia:
2143 1216 2249 1253 unde
2276 1224 2369 1254 tunc
2388 1217 2467 1254 ani-

1397 1280 1506 1306 mam
1534 1275 1622 1306 actu
1650 1280 1731 1305 non
1764 1268 1891 1315 habet,
1926 1269 1992 1306 secl
2021 1268 2171 1306 virtute.
2206 1271 2250 1307 In
2283 1282 2468 1319 processu

1398 1329 1531 1359 autem
1549 1321 1804 1370 generationis
1823 1321 1940 1359 habet
1963 1323 2135 1360 animam
2154 1323 2408 1371 vegetabilem
2433 1331 2469 1361 et

1398 1374 1620 1412 sensibilem
1648 1386 1695 1412 ex
1714 1374 1853 1412 virtute
1873 1374 2048 1412 seminis:
2078 1388 2179 1425 quae
2198 1388 2280 1413 non
2298 1385 2467 1422 manent,

1398 1428 1467 1465 sed
1493 1435 1704 1473 transeunt,
1733 1427 1863 1465 anima
1891 1427 2065 1465 rationali
2093 1429 2334 1466 succedente.

1451 1481 1594 1530 Neque
1634 1481 1762 1526 etiam,
1795 1480 1826 1517 si
1866 1481 2045 1518 formatio
2082 1482 2255 1531 corporis
2296 1482 2469 1520 animam

1398 1533 1594 1583 praecedit
1630 1534 1858 1579 humanam,
1892 1534 2066 1583 sequitur
2103 1535 2211 1585 quod
2252 1535 2382 1573 anima
2424 1536 2470 1573 sit

1399 1594 1558 1636 propter
1598 1599 1756 1636 corpuS‚
1791 1594 1834 1623 ut
1874 1587 2110 1625 duodecima
2137 1588 2232 1626 ratio
2274 1588 2468 1626 inferebat.

1400 1640 1468 1676 Est
1495 1638 1601 1677 enim
1619 1639 1765 1688 aliquid
1784 1648 1942 1689 propter
1960 1641 2124 1678 alterum
2144 1641 2357 1690 dupliciter.
2381 1642 2470 1679 Uno

1399 1692 1533 1738 modo,
1553 1700 1712 1742 propter
1739 1691 1822 1729 eius
1850 1692 2129 1741 operationem,
2158 1693 2238 1730 sive
2267 1706 2471 1731 conserva—

1399 1745 1558 1791 tionem,
1587 1746 1650 1782 vel
1678 1744 1864 1795 quicquid
1900 1745 2127 1783 huiusmodi
2155 1754 2211 1783 est
2242 1747 2351 1796 quod
2380 1759 2471 1784 con-

1401 1798 1576 1848 sequitur
1603 1798 1652 1835 ad
1681 1810 1782 1836 esse:
1817 1805 1854 1835 et
1881 1798 2107 1836 huiusmodi
2142 1806 2229 1836 sunt
2258 1800 2472 1850 posteriora

1401 1864 1448 1889 eo
1468 1859 1627 1902 propter
1645 1852 1753 1901 quod
1774 1859 1878 1898 sunt;
1908 1851 2006 1889 sicut
2027 1851 2257 1890 vestimenta
2275 1861 2364 1890 sunt
2382 1865 2471 1903 pro-

1399 1913 1486 1954 pter
1513 1904 1727 1951 hominem,
1757 1912 1793 1941 et
1820 1904 2076 1942 instrumenta
2094 1913 2253 1955 propter
2271 1906 2470 1943 artificem.

1401 1957 1488 1994 Alio
1525 1957 1647 1995 modo
1680 1965 1737 1995 est
1768 1956 1913 2006 aliquid
1948 1965 2106 2007 propter
2142 1960 2323 2005 alterum,
2358 1959 2470 2005 idest,

1400 2018 1559 2060 propter
1587 2022 1670 2047 esse
1698 2010 1799 2047 eius:
1830 2018 1867 2047 et
1894 2009 1947 2048 sic
1975 2011 2084 2060 quod
2113 2019 2169 2048 est
2196 2019 2354 2061 propter
2381 2013 2471 2049 alte-

1402 2076 1501 2110 rum,
1530 2071 1587 2101 est
1613 2063 1721 2114 prius
1740 2071 1917 2113 tempore
1941 2071 1978 2100 et
2005 2072 2142 2101 natura
2159 2065 2361 2114 posterius.
2384 2065 2471 2102 Hoc

1401 2124 1532 2155 autem
1561 2117 1682 2155 modo
1711 2129 1854 2167 corpus
1882 2123 1938 2154 est
1964 2125 2123 2167 propter
2150 2117 2338 2156 animam:
2374 2118 2471 2156 sicut

1401 2178 1438 2208 et
1457 2170 1586 2207 omnis
1605 2169 1764 2208 materia
1786 2178 1945 2220 propter
1963 2171 2141 2208 formam.
2158 2194 2182 2198 -
2199 2172 2320 2209 Secus
2339 2180 2470 2209 autem

1400 2231 1499 2261 esset
1526 2224 1557 2261 si
1586 2236 1633 2261 ex
1661 2223 1791 2261 anima
1824 2231 1861 2260 et
1896 2235 2058 2272 corpore
2087 2236 2169 2262 non
2202 2224 2311 2262 fieret
2344 2237 2469 2262 unum

1400 2277 1619 2315 secundum
1639 2289 1740 2314 esse:
1771 2276 1867 2314 sicut
1887 2276 2019 2314 dicunt
2039 2277 2106 2326 qui
2125 2285 2279 2327 ponunt
2297 2278 2470 2315 animam

1399 2343 1481 2368 non
1509 2343 1592 2368 esse
1621 2329 1793 2380 corporis
1826 2330 2003 2367 formam.

1649 2444 1678 2469 31
1701 2452 1755 2469 non
1773 2451 1815 2469 om
1835 2444 1921 2469 «Dw.

1908 2479 1939 2503 23
1960 2479 2090 2512 praecedit
2107 2478 2259 2513 humanam]
2285 2478 2426 2504 humanam
2446 2487 2472 2510 α,

1909 2522 1940 2546 27
1966 2513 2143 2548 consequitur]
2164 2515 2282 2547 sequitur
2300 2514 2471 2541 aDGWXPc.

1033 2641 1370 2674 Commentaria
1399 2640 1713 2672 Ferrariensis

349 2739 477 2761 ulmum
500 2729 540 2761 ad
564 2735 716 2772 quartum
731 2731 758 2767 *ζ
782 2729 958 2770 respondet
979 2728 1115 2760 Sanctus
1133 2729 1279 2759 Thomas
1298 2738 1347 2759 ra-

273 2735 493 2820 Qtionibus
517 2784 614 2816 supra
636 2775 750 2815 positis
762 2775 789 2804 ’ἦ
815 2773 910 2804 Circa
935 2774 999 2803 hoc
1026 2779 1135 2803 autem
1163 2773 1229 2804 duo
1254 2772 1344 2803 facit:

271 2823 379 2865 primo
407 2820 495 2850 enim
523 2820 618 2860 ponit
644 2818 896 2859 pulcherrimam
924 2817 1088 2858 quandam
1120 2817 1159 2848 de
1191 2826 1345 2858 processu

272 2864 490 2908 generationis
507 2863 702 2899 doctrinam3
727 2862 884 2901 secundo,
901 2862 1086 2902 singillatim
1099 2861 1139 2892 ad
1154 2862 1279 2902 singula
1295 2871 1349 2894 re-.

273 2909 414 2953 spondet
435 2913 624 2949 argumenta
639 2908 666 2939 *-

331 2955 354 2986 1.
379 2954 549 2994 Quantum
572 2951 613 2982 ad
635 2952 787 2992 primum,
812 2950 890 2982 dicit
912 2951 1099 2981 summatim
1122 2955 1257 2990 septem.

330 2999 477 3030 Primum
500 3002 556 3032 est,
581 2995 673 3038 quod
696 2995 810 3036 opinio
836 2994 1014 3025 dicentium
1030 2994 1119 3036 quod
1143 3004 1243 3034 opera
1265 2995 1348 3025 vitae

276 3053 360 3086 quae
383 3046 540 3084 apparent
554 3042 587 3071 in
605 3041 783 3081 embryone
799 3045 873 3070 ante
888 3039 1041 3070 ultimum
1057 3039 1347 3079 complementum,

274 3098 344 3120 non
368 3093 444 3118 sunt
468 3095 506 3116 ex
530 3085 638 3126 aliqua
661 3085 768 3116 anima
783 3084 835 3114 vel
859 3093 897 3114 ex
920 3085 1038 3114 virtute
1060 3084 1095 3114 in
1119 3093 1159 3114 eo
1183 3084 1348 3122 existente,

276 3133 334 3164 sed
346 3142 384 3164 ex
401 3132 508 3162 anima
523 3130 643 3166 matris,
661 3134 708 3160 est
723 3128 811 3159 falsa.
829 3127 918 3159 Tum
934 3129 1011 3168 quia
1027 3129 1160 3169 embryo
1177 3137 1246 3158 non
1267 3133 1349 3158 esset

277 3176 407 3208 animal.
425 3195 447 3198 -
462 3176 552 3206 Tum
576 3175 652 3215 quia
676 3174 881 3214 operationes
904 3173 988 3203 vitae
1011 3182 1079 3203 non
1107 3173 1304 3212 proveniunt
1331 3181 1350 3202 a

276 3222 439 3264 principio
457 3220 636 3251 extrinseco
650 3218 787 3258 (scilicet
801 3217 1012 3256 immediate),
1030 3216 1087 3247 sed
1103 3217 1142 3246 ab
1158 3217 1348 3247 intrinseco:

276 3272 315 3297 ut
336 3267 371 3297 in
394 3265 583 3300 nutritione,
608 3262 789 3294 secundum
805 3271 904 3302 quam
921 3261 1012 3301 quod
1034 3262 1174 3291 nutritur
1198 3260 1350 3291 assimilat

278 3311 339 3341 sibi
361 3311 608 3345 nutrimentum,
634 3313 665 3339 et
680 3307 786 3338 multo
802 3307 904 3346 magis
918 3307 953 3336 in
974 3306 1217 3346 operationibus
1237 3314 1350 3335 sensus

279 3360 421 3396 apparet.

335 3398 518 3429 Secundum
536 3402 592 3432 est,
611 3396 702 3437 quod
717 3396 858 3426 animam
874 3394 1055 3425 secundum
1072 3394 1242 3424 essentiam
1258 3402 1350 3423 suam

280 3443 478 3484 completam
502 3451 572 3473 esse
594 3442 628 3471 in
651 3441 773 3471 semine
804 3449 821 3470 a
849 3439 1021 3479 principio,
1049 3437 1106 3469 sed
1137 3438 1206 3468 eius
1236 3447 1350 3478 opera-

279 3488 388 3518 tiones
411 3491 544 3527 propter
567 3485 732 3516 defectum
748 3493 946 3524 organorum
968 3493 1038 3514 non
1054 3491 1218 3524 apparere,
1235 3481 1352 3512 falsum

282 3537 339 3564 est.
363 3531 453 3562 Tum
477 3531 554 3571 quia
577 3531 685 3561 anima
706 3539 775 3560 non
805 3530 915 3559 unitur
944 3533 981 3558 ut
1009 3527 1115 3558 forma
1138 3527 1268 3566 corpori
1290 3527 1351 3557 nisi

282 3576 480 3617 organizatO.
497 3593 520 3597 -
535 3574 624 3606 Tum
648 3575 724 3615 quia
747 3573 945 3609 Aristoteles,
962 3572 990 3602 II
1006 3571 1045 3602 de
1063 3571 1190 3606 Anima,
1207 3576 1283 3601 text.
1301 3578 1351 3609 10,

281 3621 388 3661 inquit
405 3619 496 3661 quod
517 3629 624 3650 semen
649 3625 680 3650 et
693 3619 831 3661 fructus
853 3618 900 3648 sic
922 3621 998 3647 sunt
1006 3616 1156 3656 potentia
1172 3615 1270 3645 vitam
1294 3615 1351 3645 ha-

282 3665 389 3695 bentia
406 3663 493 3705 quod
515 3663 672 3694 abiiciunt
687 3663 840 3694 animam.
857 3680 880 3685 —
895 3661 983 3692 Tum
1000 3661 1075 3701 quia
1091 3665 1168 3690 tunc
1187 3660 1351 3699 generatio

1402 2728 1546 2758 animalis
1560 2727 1777 2767 compleretur
1789 2727 1822 2756 in
1838 2727 1907 2766 ipsa
1919 2725 2084 2756 decisione
2099 2726 2246 2756 seminis:
2262 2726 2345 2755 sicut
2356 2726 2389 2755 in
2403 2726 2470 2755 ani-

1401 2772 1539 2802 malibus
1555 2771 1697 2802 anulosis
1715 2780 1753 2801 ex
1768 2780 1836 2801 uno
1853 2769 1936 2801 fiunt
1951 2770 2028 2800 duo.
2045 2770 2086 2800 Et
2105 2770 2150 2800 sic
2172 2775 2361 2810 sequeretur
2380 2769 2470 2809 quod

1401 2825 1516 2847 omnes
1540 2816 1822 2846 transmutationes
1846 2819 2018 2855 sequentes
2042 2820 2147 2844 essent
2166 2813 2204 2844 ad
2227 2814 2470 2854 generationem

1400 2861 1658 2901 impertinentes:
1672 2860 1954 2890 transmutationes
1971 2859 2059 2889 enim
2076 2858 2213 2889 formam
2229 2858 2469 2889 substantialem

1401 2910 1573 2945 sequentes
1596 2914 1665 2935 non
1692 2903 1881 2934 ordinantur
1904 2903 1944 2934 ad
1974 2913 2043 2934 esse
2066 2904 2218 2943 generati,
2242 2902 2299 2933 sed
2325 2901 2364 2932 ad
2387 2903 2470 2932 bene

1403 2959 1471 2980 esse
1494 2949 1605 2990 ipsius.
1621 2967 1645 2971 -
1660 2948 1856 2989 Sequeretur
1874 2949 1971 2978 etiam
1994 2947 2084 2988 quod
2108 2948 2215 2977 anima
2237 2946 2399 2977 rationalis
2423 2945 2470 2976 di-

1401 2993 1562 3024 videretur
1577 2993 1617 3024 ad
1641 2992 1833 3023 divisionem
1857 2993 2012 3033 corporis.
2033 3010 2055 3014 -
2078 2992 2119 3022 Et
2143 2990 2233 3031 quod
2256 3001 2295 3022 ex
2318 2990 2470 3021 omnibus

1402 3038 1639 3079 pollutionibus
1663 3047 1702 3068 ex
1726 3038 1844 3078 quibus
1872 3042 2051 3077 conceptus
2075 3045 2143 3066 non
2166 3036 2320 3075 sequitur,
2345 3035 2470 3065 animae

1402 3082 1574 3113 rationales
1598 3082 1899 3122 multiplicarentur.

1462 3127 1607 3157 Tertium
1624 3132 1679 3162 est,
1697 3126 1788 3167 quod
1804 3127 1901 3157 etiarn
1916 3125 1970 3155 illa
1986 3125 2100 3164 opinio
2120 3123 2197 3154 falsa
2220 3128 2268 3154 est
2291 3132 2375 3163 quae
2396 3122 2472 3153 dicit

1404 3171 1504 3212 quod,
1529 3172 1613 3201 sicut
1635 3180 1747 3201 semen
1767 3176 1815 3201 est
1839 3179 1957 3210 corpus
1980 3179 2048 3199 non
2072 3169 2292 3208 organizatum
2320 3172 2393 3197 actu
2416 3166 2472 3197 sed

1403 3215 1629 3256 organizabile,
1653 3216 1697 3245 ita
1719 3216 1820 3245 virtus
1844 3223 1928 3254 quae
1952 3218 1999 3243 est
2027 3214 2061 3243 in
2085 3213 2208 3243 semine
2232 3217 2278 3242 est
2305 3211 2411 3241 anima
2438 3212 2471 3241 in

1404 3261 1561 3301 potentia,
1580 3269 1650 3290 non
1673 3265 1782 3290 autem
1806 3259 1839 3289 in
1863 3263 1951 3294 actu;
1969 3262 2000 3288 et
2024 3256 2124 3297 quod,
2143 3257 2328 3296 organizato
2350 3256 2472 3286 semine

1404 3304 1599 3335 sufficienter
1626 3303 1667 3334 ad
1694 3305 1792 3334 vitam
1822 3303 1961 3342 plantae,
1985 3301 2148 3342 praedicta
2175 3302 2275 3331 virtus
2298 3299 2334 3330 fit
2366 3300 2474 3330 anima

1403 3349 1604 3389 vegetabilis;
1622 3347 1749 3385 deinde,
1766 3348 1894 3387 organis
1914 3346 2016 3386 magis
2034 3345 2194 3386 perfectis,
2211 3344 2325 3375 eadem
2341 3343 2378 3374 fit
2400 3353 2473 3374 sen-

1404 3394 1512 3429 sitiva;
1541 3398 1718 3433 postremo,
1749 3391 1853 3422 forma
1881 3399 2078 3430 organorum
2108 3388 2260 3429 perfecta,
2294 3387 2407 3418 eadem
2437 3386 2474 3418 fit

1405 3438 1512 3468 anima
1534 3437 1707 3473 rationalis,
1731 3445 1799 3466 non
1823 3436 1949 3466 actione
1963 3433 2096 3474 quidem
2119 3434 2244 3463 virtutis
2259 3433 2400 3471 seminis,
2417 3431 2474 3462 sed

1405 3491 1444 3512 ex
1460 3482 1588 3512 actione
1605 3486 1636 3512 et
1651 3481 1888 3511 illuminatione
1904 3479 2068 3509 exterioris
2084 3478 2221 3518 agentis;
2242 3482 2274 3507 et
2292 3475 2383 3517 quod
2399 3485 2474 3516 pro-

1405 3531 1476 3567 pter
1499 3527 1563 3557 hoc
1587 3525 1665 3556 dixit
1688 3524 1876 3555 Aristoteles
1900 3523 2096 3553 intellectum
2121 3522 2160 3552 ab
2188 3521 2371 3552 extrinseco
2395 3530 2473 3551 esse.

1405 3571 1496 3601 Haec
1520 3571 1608 3601 enim
1632 3569 1746 3609 opinio
1770 3568 1848 3598 falsa
1878 3573 1935 3606 est,
1959 3573 2029 3598 tum
2063 3567 2138 3607 quia
2164 3571 2243 3596 tunc
2267 3565 2373 3598 forma
2398 3565 2473 3595 sub-

1406 3615 1559 3645 stantialis
1572 3614 1727 3644 continue
1738 3613 1839 3652 magis
1852 3621 1888 3642 ac
1905 3612 2006 3652 magis
2022 3610 2239 3651 perficeretur.
2256 3627 2278 3632 -
2294 3610 2382 3640 Tum
2398 3610 2475 3649 quia

1407 3659 1512 3690 forma
1535 3657 1749 3689 substantialis
1772 3666 1840 3687 non
1864 3655 1971 3692 simul,
1995 3655 2051 3686 sed
2075 3655 2255 3686 successive
2284 3653 2475 3685 educeretur

2495 907 2504 916 ¹
2518 905 2545 927 In
2559 906 2604 928 hoc
2621 911 2672 934 cap.
