2768 4134
41 1049 98 1074 ‘oe
107 1053 166 1072 mt-
175 1053 197 1072 ει
206 1056 255 1073 var.

41 1449 51 1460 ¹
64 1448 103 1472 Cf.
115 1448 168 1471 init
185 1448 256 1471 Com·

39 1478 112 1499 uun.

15 1625 174 1654 '‘CI-nn.

786 296 975 333 SUMMA
1003 297 1225 334 CONTRA
1253 297 1528 344 GENTlLES,
1556 298 1650 335 LIB.
1671 299 1712 345 11,
1743 299 1853 336 CAP.
1875 299 1972 336 XLL

2405 302 2479 340 363

285 374 439 406 ordinati:
466 381 521 405 aut
543 383 622 405 non.
647 374 681 405 Si
703 374 857 415 primum,
882 384 959 414 ergo
984 375 1067 405 illius
1092 375 1214 406 ordinis
1229 382 1277 406 est
1294 386 1357 406 una
1383 375 1385 395 ¹
1413 381 1519 406 motus
1545 386 1609 417 quo
1638 387 1737 408 unum
1769 378 1967 419 affirmative
1996 381 2215 422 significatum
2243 383 2427 423 acquiritur
2452 388 2483 414 et

285 428 396 450 causa:
422 428 499 450 cum
521 419 623 450 multa
646 428 714 449 non
737 419 891 449 uniantur
913 419 973 450 nisi
998 429 1055 460 per
1078 420 1211 460 aliquod
1242 430 1356 451 unum.

284 464 371 504 Ergo
395 468 468 494 una*
483 464 541 494 erit
565 473 661 494 causa
681 463 905 494 distinctionis.
921 482 944 486 -
960 464 992 495 Si
1009 465 1199 502 secundum,
1217 474 1293 505 ergo
1310 465 1358 495 di-

283 508 414 539 stinctio
437 517 546 539 rerum
576 510 634 539 erit
665 508 817 538 casualis:
844 510 919 549 quia
943 518 1120 540 concursus
1147 510 1293 550 ipsorum
1317 509 1357 539 ad

284 553 447 594 agendum
471 554 530 584 erit
553 562 610 593 per
633 552 794 583 accidens.

338 597 479 628 Adverte
503 598 604 638 quod,
622 607 697 628 cum
714 596 838 628 dicatur
853 608 869 627 a
887 607 962 628 casu
980 599 1108 628 evenire
1127 597 1217 638 quod
1232 604 1358 639 praeter

283 643 500 673 intentionem
516 644 639 682 agentis
656 643 773 679 evenit,
786 643 844 673 erit
861 642 1023 673 distinctio
1040 643 1174 673 casualis
1190 643 1216 672 si
1232 648 1357 684 praeter

283 688 499 718 intentionem
522 688 688 727 agentium
713 688 847 718 eveniat.
880 688 954 718 Hoc
978 693 1087 718 autem
1111 688 1170 718 erit
1192 687 1216 717 si
1241 687 1358 718 diversi

283 738 414 772 agentes
437 731 520 762 inter
543 741 577 762 se
600 730 749 763 ordinem
772 742 839 763 non
864 732 1012 763 habeant.
1043 732 1128 763 Nam
1151 741 1236 762 unus
1260 740 1357 771 agens

283 776 428 807 intendet
451 785 548 807 suum
572 776 724 808 effectum
747 782 890 807 tanturn:
915 777 1006 817 quod
1029 782 1139 807 autern
1156 776 1236 806 alius
1259 785 1357 816 agens

283 821 383 851 alium
406 819 559 852 effectum
589 821 764 862 producat,
789 822 848 852 erit
874 827 1000 862 praeter
1022 821 1238 852 intentionem
1261 821 1358 851 huius

283 866 415 906 agentis.
439 865 481 896 Et
504 867 648 897 similiter
671 866 846 897 dicendum
870 866 910 897 de
934 866 1008 896 alio.
1033 866 1074 896 Et
1094 866 1139 895 sic
1155 875 1216 895 nec
1232 865 1272 895 ab
1289 874 1356 895 uno

282 911 414 941 illorum
437 920 498 942 nec
523 912 561 942 ab
586 912 745 942 ambobus
769 911 932 942 distinctio
955 920 1064 941 rerum
1088 910 1147 941 erit
1170 910 1302 940 intenta.

339 955 507 987 Secundo:
530 962 562 986 et
577 962 624 987 est
640 955 846 987 confirmatio
862 954 1092 996 praecedentis.
1109 955 1173 985 Res
1189 953 1356 985 distinctae

282 1001 492 1032 inveniuntur
523 1001 639 1031 habere
664 1000 812 1031 ordinem
842 1000 883 1031 ad
912 1000 1053 1030 invicem
1080 1008 1148 1029 non
1178 999 1355 1035 casualiter,

284 1054 360 1076 cum
377 1051 412 1076 ut
428 1046 461 1076 in
478 1045 624 1086 pluribus
640 1055 744 1076 unum
760 1046 799 1075 ab
816 1045 880 1076 alio
896 1050 1066 1075 moveatur
1077 1045 1111 1073 *t
1137 1043 1213 1083 quia
1236 1043 1357 1074 scilicet

283 1099 375 1120 casus
399 1091 432 1120 in
456 1090 664 1130 paucioribus
688 1089 813 1120 accidit.
838 1089 902 1120 Sed
925 1088 1069 1129 (supple)
1093 1094 1168 1118 sunt
1191 1088 1292 1119 multa
1308 1087 1356 1118 di-

283 1135 398 1165 stincta
414 1144 556 1175 quorum
572 1144 677 1166 unum
693 1140 730 1165 ut
744 1135 777 1164 in
793 1134 939 1175 pluribus
955 1134 995 1164 ab
1011 1133 1074 1164 alio
1090 1138 1255 1163 movetur:
1273 1133 1356 1163 sicut

282 1179 342 1210 ista
363 1179 516 1210 inferiora
540 1190 558 1210 a
581 1179 683 1210 caelo.
708 1180 795 1219 Ergo
819 1188 934 1209 eorum
958 1178 1121 1209 distinctio
1144 1187 1212 1208 non
1237 1183 1284 1207 est
1303 1187 1355 1208 ca-

283 1224 389 1255 sualis.
414 1225 501 1265 Ergo
524 1234 594 1256 non
617 1230 665 1256 est
687 1234 705 1254 a
728 1223 861 1255 diversis
882 1232 952 1254 non
975 1222 1138 1254 ordinatis.

342 1270 462 1300 Tertio.
487 1269 520 1300 Si
544 1269 636 1311 plura
659 1269 786 1309 agentia
809 1278 847 1299 ex
874 1277 980 1308 aequo
1004 1268 1214 1307 accipiantur,
1237 1266 1356 1297 habent

283 1323 413 1356 causam
437 1314 579 1345 essendi:
605 1320 641 1344 ut
671 1323 709 1344 ex
741 1313 960 1354 superioribus
992 1318 1089 1352 patet.
1121 1311 1207 1351 Ergo
1238 1311 1357 1341 habent

282 1358 412 1389 c‘ausam
429 1368 506 1390 suae
522 1358 746 1389 distinctionis.
771 1358 858 1398 Ergo
883 1357 1047 1387 diversitas
1062 1356 1174 1387 talium
1191 1356 1355 1396 agentium

281 1413 351 1434 non
374 1409 482 1444 potest
505 1413 574 1434 esse
597 1404 701 1443 prima
724 1412 820 1433 causa
844 1402 1057 1433 distinctionis
1080 1410 1198 1431 rerum.
1302 1407 1305 1410 ’

339 1447 376 1478 11.
393 1447 563 1486 Quantum
575 1447 615 1478 ad
629 1447 811 1478 secundum
820 1448 848 1484 ³,
864 1447 1028 1487 probatur,
1041 1446 1158 1486 primo,
1171 1444 1263 1485 quod
1278 1454 1356 1475 con-

282 1492 437 1523 trarietas
459 1493 536 1523 boni
559 1497 590 1523 et
613 1493 692 1523 mali
715 1501 782 1522 non
805 1492 848 1522 sit
871 1501 972 1522 causa
995 1490 1211 1521 distinctionis
1234 1498 1355 1525 rerum,

281 1537 376 1578 quasi
400 1537 512 1567 omnia
534 1537 620 1567 bona
638 1536 823 1577 procedant
845 1546 866 1566 a
890 1536 975 1566 bono
993 1534 1160 1575 principio
1188 1540 1219 1564 et
1245 1533 1356 1563 omnia

281 1581 370 1611 mala
391 1590 411 1611 a
428 1582 515 1611 malo
522 1588 534 1617 ;
556 1580 712 1617 secundo,
728 1579 908 1611 ostenditur
931 1579 1011 1620 quid
1034 1580 1073 1609 sit
1096 1579 1238 1620 primum
1254 1578 1356 1608 malo-

281 1635 355 1656 rum
379 1626 578 1666 principium
590 1626 617 1656 ³.

337 1670 501 1712 Arguitur
524 1679 605 1711 ergo
624 1669 735 1710 primo
758 1668 816 1699 sic.
840 1668 874 1699 Si
898 1668 962 1699 hoc
978 1674 1071 1704 esset,
1088 1672 1253 1707 oporteret
1269 1667 1357 1706 prin-

281 1714 404 1755 cipium
428 1716 571 1746 activum
594 1714 757 1745 malorum
773 1722 842 1744 esse
858 1722 916 1753 per
939 1722 974 1744 se
997 1718 1029 1743 et
1051 1721 1110 1752 per
1132 1721 1225 1742 suam
1244 1719 1357 1741 'essen-

280 1759 359 1791 tiam
385 1760 526 1791 malum:
551 1759 627 1800 quia
649 1767 748 1790 omne
773 1768 837 1799 per
859 1757 952 1788 aliud
980 1756 1144 1788 reducitur
1167 1754 1207 1787 ad
1224 1764 1289 1796 per
1311 1765 1356 1786 se.

280 1802 356 1836 Hoc
379 1810 489 1836 autem
513 1810 560 1835 est
582 1803 794 1845 impossibile.
818 1803 906 1843 Ergo
930 1807 990 1833 etc.
1007 1820 1030 1824 —-
1044 1801 1204 1832 Probatur
1227 1799 1355 1831 falsitas.

280 1847 368 1888 Quia
383 1858 482 1881 omne
499 1848 590 1890 quod
605 1854 663 1886 est,
679 1849 875 1889 inquantum
891 1853 939 1878 est
955 1856 1022 1883 ens,
1035 1853 1083 1878 est
1098 1847 1234 1877 bonurn.
1255 1845 1356 1884 Quod

281 1899 416 1931 constat,
441 1904 481 1926 eo
505 1893 597 1935 quod
621 1891 884 1933 unumquodque
906 1892 1031 1932 appetit
1054 1899 1243 1922 conservare
1259 1899 1355 1921 suum

281 1947 368 1970 esse:
392 1940 512 1970 bonum
536 1943 644 1969 autem
667 1943 715 1969 est
736 1938 824 1979 quod
847 1937 959 1968 omnia
981 1941 1146 1977 appetunt.

336 1983 478 2015 Adverte
501 1982 593 2023 quod
615 1983 668 2014 hic
695 1983 842 2023 loquitur
870 1982 1007 2012 Sanctus
1030 1981 1176 2011 Thomas
1203 1979 1243 2010 de
1267 1979 1354 2009 malo

280 2037 349 2059 non
373 2027 483 2069 quoad
505 2028 719 2069 privationem
742 2027 856 2063 solam,
872 2026 930 2057 sed
945 2026 985 2057 de
1005 2035 1046 2056 eo
1063 2024 1153 2067 quod
1169 2024 1220 2055 isti
1243 2023 1355 2054 dicunt

281 2082 350 2104 esse
374 2072 540 2114 quoddam
565 2082 622 2103 ens
645 2074 678 2103 in
702 2081 810 2103 rerum
834 2077 957 2108 natura,
973 2068 1095 2101 habens
1115 2069 1281 2111 propriam
1299 2078 1355 2099 na-

280 2124 386 2148 turam
410 2123 442 2148 et
465 2118 635 2148 essentiam
660 2122 692 2148 et
715 2126 784 2147 esse
807 2116 941 2153 malum,
966 2121 997 2146 et
1021 2115 1170 2146 omnium
1194 2113 1355 2144 malorum

280 2162 490 2204 principium.

336 2207 497 2238 Secundo.
522 2206 582 2237 Pet
604 2215 639 2236 se
661 2205 785 2236 malum
807 2214 876 2236 non
899 2210 1008 2245 potest
1037 2213 1106 2235 esse
1135 2212 1244 2244 agens.
1268 2203 1354 2243 Ergo

279 2251 404 2283 malum
427 2261 497 2282 non
520 2256 628 2292 potest
651 2259 720 2281 esse
744 2251 886 2290 primum
909 2249 1106 2290 principium
1135 2248 1308 2279 malorum.
1332 2265 1355 2270 —-

279 2296 371 2328 Patet
387 2296 632 2337 consequentia.
657 2294 744 2333 Quia
759 2295 902 2336 primum
917 2294 1115 2335 principium
1129 2293 1291 2324 malorum
1309 2298 1356 2323 est

279 2350 339 2382 per
354 2351 388 2372 se
403 2341 538 2372 malum.
554 2359 578 2363 —
593 2336 751 2370 Probatur
767 2345 876 2370 autem
892 2338 1096 2369 antecedens.
1121 2337 1229 2369 Omne
1246 2347 1354 2377 agens,

271 2387 476 2427 ,inquantum
499 2383 698 2421 huiusmodi,
715 2389 763 2414 est
785 2385 819 2415 in
842 2389 926 2414 actu.
951 2383 1037 2423 Ergo
1057 2382 1249 2424 perfectum.
1266 2382 1353 2422 Ergo

280 2432 416 2462 bonum.
429 2430 516 2471 Ergo
529 2429 620 2470 quod
631 2438 700 2460 non
713 2434 761 2459 est
775 2429 912 2465 bonum,
924 2437 993 2459 non
1011 2433 1058 2459 est
1073 2437 1180 2468 agens.
1193 2428 1280 2468 Ergo
1293 2432 1353 2457 etc.

339 2476 461 2506 Tertio.
486 2475 621 2511 Malum,
644 2474 839 2514 inquantum
862 2473 997 2509 malum,
1018 2478 1066 2503 est
1088 2482 1156 2504 non
1181 2482 1253 2503 ens:
1278 2472 1354 2512 quia

281 2529 381 2551 omne
397 2529 464 2556 enS,
481 2520 677 2559 inquantum
693 2527 760 2555 ens,
778 2523 825 2549 est
841 2518 977 2549 bonum.
1001 2518 1088 2558 Ergo
1112 2517 1199 2554 mali,
1216 2518 1356 2557 inquan-

279 2571 352 2594 tum
373 2563 573 2601 huiusmodi,
589 2573 657 2594 non
682 2568 730 2594 est
753 2572 849 2594 causa
871 2572 930 2603 per
953 2571 987 2593 se
1010 2571 1118 2602 agens.
1142 2562 1229 2602 Ergo
1254 2567 1316 2592 etc.
1332 2579 1355 2583 —

280 2608 438 2639 Probatur
465 2609 568 2649 prima
597 2608 840 2649 consequentia.
865 2607 951 2646 Quia
975 2616 1074 2638 omne
1098 2616 1194 2646 agens
1218 2607 1282 2646 agit
1306 2606 1354 2636 in-

281 2658 440 2694 quantum
457 2658 504 2684 est
519 2654 553 2684 in
569 2658 653 2684 actu.
666 2653 743 2693 Agit
758 2658 868 2683 autem
884 2651 1147 2692 unumquodque
1163 2651 1223 2681 sibi
1239 2650 1353 2680 simile.

280 2698 322 2728 Et
345 2698 390 2728 sic
415 2703 546 2738 oportet
569 2702 604 2728 ut
628 2697 718 2738 quod
741 2696 788 2733 fit,
812 2697 927 2727 habeat
951 2706 1020 2727 esse
1043 2702 1127 2727 actu.

339 2741 478 2778 Quarto.
503 2741 627 2772 Malum
654 2743 688 2772 in
720 2740 837 2772 effectu
868 2750 936 2771 non
966 2746 1075 2781 potest
1098 2739 1268 2780 provenire
1292 2738 1353 2768 nisi

279 2792 405 2826 praeter
428 2787 642 2817 intentionem
666 2786 802 2826 agentis:
827 2795 903 2816 cum
927 2794 1026 2816 omne
1042 2794 1147 2825 ,agens
1162 2784 1287 2814 bonum
1303 2783 1352 2812 in-

280 2831 400 2862 tendat.
418 2831 504 2872 Ergo
520 2831 644 2861 malum
658 2840 727 2860 non
744 2830 840 2861 habet
857 2839 986 2860 causam
1003 2839 1060 2870 per
1076 2839 1119 2859 se.
1132 2847 1155 2850 —
1168 2828 1258 2858 Patet
1274 2836 1352 2857 con-

280 2876 459 2916 sequentia.
483 2875 570 2913 Quia
593 2874 685 2915 quod
708 2875 815 2905 evenit
838 2880 963 2914 praeter
984 2874 1199 2904 intentionem
1219 2871 1351 2912 agentis,

279 2929 348 2951 non
372 2920 468 2951 habet
492 2929 623 2950 causam
646 2928 704 2959 per
727 2928 770 2955 se,
795 2918 851 2949 sed
874 2928 932 2959 per
955 2918 1113 2948 accidens.

339 2963 461 3001 Quinto
474 2965 501 2994 *.
527 2965 659 2995 Bonum
681 2968 712 2994 et
730 2963 854 2993 malum
877 2962 991 2993 eadem
1014 2963 1142 2992 actione
1165 2960 1352 3001 producun-

279 3015 341 3040 tur.
366 3009 452 3050 Ergo
471 3014 531 3040 etc.
547 3027 570 3030 —
585 3009 743 3038 Probatur
759 3008 1004 3047 consequentia.
1029 3006 1114 3044 Quia
1138 3014 1252 3036 eorum
1269 3014 1352 3045 quae

280 3053 394 3084 eadem
417 3054 545 3085 actione
561 3052 796 3093 producuntur,
815 3061 884 3082 non
907 3056 982 3082 sunt
1005 3051 1162 3091 principia
1178 3050 1351 3080 contraria:

280 3108 356 3129 cum
387 3099 622 3129 contrariorum
652 3097 814 3137 agentium
846 3097 909 3126 sint
944 3096 1121 3127 contrariae
1152 3095 1306 3125 actiones.
1329 3112 1352 3116 —

279 3143 486 3174 Antecedens
509 3152 586 3173 vero
609 3142 764 3182 probatur
787 3141 954 3181 exemplo:
980 3139 1094 3171 eadem
1118 3140 1205 3171 enim
1223 3141 1351 3169 actione

279 3197 364 3228 aqua
387 3188 606 3227 corrumpitur
630 3192 661 3217 et
685 3195 738 3216 aer
760 3190 940 3226 generatur.

334 3233 387 3263 ΙΙΙ.
401 3232 495 3264 Circa
510 3233 604 3262 istam
620 3230 890 3271 propositionem,
903 3229 1026 3259 Eadem
1039 3229 1168 3259 actione
1179 3238 1265 3268 aqua
1278 3237 1351 3258 cor-

280 3277 443 3317 rumpitur
465 3282 496 3307 et
518 3286 578 3307 aer
598 3280 789 3317 generatur,
815 3274 952 3305 dubium
975 3274 1126 3304 occurrit.
1156 3272 1242 3310 Quia
1265 3273 1350 3303 actio

279 3322 401 3362 agentis
425 3331 483 3362 per
505 3326 634 3351 motum
658 3326 713 3351 aut
735 3320 951 3350 mutationem
977 3327 1046 3348 non
1069 3323 1117 3348 est
1140 3316 1227 3347 aliud
1250 3322 1350 3347 mate-

278 3366 396 3397 rialiter
419 3372 451 3397 et
474 3365 655 3396 secundum
679 3364 848 3395 essentiam
873 3372 971 3403 quam
995 3363 1064 3402 ipse
1091 3367 1200 3392 motus
1224 3366 1255 3391 et
1278 3371 1350 3391 mu-

278 3411 368 3441 tatio.
402 3410 467 3442 Sed
497 3411 663 3451 corruptio
694 3418 797 3449 aquae
828 3418 895 3438 non
927 3413 974 3437 est
1004 3406 1090 3437 idem
1120 3406 1244 3436 realiter
1274 3415 1350 3436 cum

278 3456 486 3495 generatione
510 3455 607 3485 aeris:
633 3463 708 3485 cum
731 3453 869 3484 habeant
891 3452 1046 3483 terminos
1062 3450 1238 3481 distinctos.
1264 3450 1349 3490 Ergo

278 3509 347 3530 non
371 3506 419 3531 est
441 3499 555 3531 eadem
585 3500 670 3530 actio
695 3508 759 3539 qua
789 3506 893 3528 unum
922 3501 1091 3536 generatur
1114 3501 1146 3526 et
1169 3493 1255 3525 aliud
1279 3504 1350 3525 cor-

278 3545 449 3585 rumpitur.

336 3598 366 3619 2.
393 3588 446 3620 Ad
474 3589 570 3620 huius
598 3587 803 3624 evidentiam,
831 3584 1111 3620 considerandum,
1140 3593 1177 3613 ex
1205 3582 1350 3613 doctrina

279 3632 388 3664 Sancti
413 3633 561 3664 Thomae
590 3633 696 3668 Verit„
722 3641 753 3672 q.
777 3641 883 3667 xxvm,
909 3640 937 3660 a.
958 3638 985 3666 1,
1009 3628 1110 3669 quod,
1134 3637 1210 3658 cum
1239 3632 1350 3658 motus

280 3678 319 3707 sit
339 3678 379 3708 de
401 3678 569 3719 affirmato
587 3677 619 3707 in
637 3677 848 3717 affirmatum,
866 3681 897 3706 et
913 3684 970 3715 per
986 3682 1189 3713 consequens
1210 3672 1251 3702 sit
1267 3671 1349 3701 idem

1412 420 1504 450 aliud
1531 421 1692 457 abiicitur,
1710 428 1839 462 oportet
1863 430 1899 454 ut
1922 426 2026 455 motui
2050 425 2134 456 duae
2154 426 2349 457 mutationes
2364 428 2481 459 adiun-

1410 470 1545 505 gantur,
1569 475 1708 506 quarum
1731 476 1797 497 una
1819 468 1862 498 sit
1882 469 2053 509 generatio
2071 475 2100 500 et
2116 470 2182 500 alia
2199 472 2378 512 corruptio.
2402 472 2480 504 Pro-

1412 515 1482 548 pter
1498 510 1562 539 hoc
1578 519 1751 550 possumus
1774 512 1808 541 in
1831 512 2018 544 huiusmodi
2035 515 2168 544 transitu
2184 516 2222 544 ab
2239 525 2307 546 uno
2323 516 2480 548 affirmato

1411 553 1562 603 adalind
1586 553 1778 585 affirmatum
1803 556 2002 588 considerare
2026 564 2081 588 aut
2103 559 2261 590 rationem
2285 566 2404 598 motus,
2425 567 2480 592 aut

1411 603 1570 628 rationem
1597 599 1795 630 mutationis.
1821 600 1854 630 Si
1877 602 1984 640 ipsum
2008 608 2136 632 motum
2160 604 2410 643 consideremus,
2435 607 2479 637 sic

1413 647 1460 672 est
1483 652 1568 674 unus
1584 648 1616 673 et
1639 643 1725 674 idem
1748 650 1857 674 motus
1873 654 1940 685 quo
1960 647 2105 677 abiicitur
2128 657 2232 678 unum
2252 651 2479 689 oppositorum

1413 692 1444 716 et
1467 695 1535 726 quo
1559 687 1647 718 aliud
1675 689 1862 728 acquiritur:
1889 696 1998 720 motus
2027 692 2113 721 enim
2141 693 2256 732 accipit
2279 695 2420 733 speciem
2448 701 2480 726 et

1411 730 1569 762 unitatem
1585 742 1603 762 a
1619 733 1758 763 termino
1782 733 1823 764 ad
1838 743 1948 773 quem,
1965 744 2032 764 non
2049 741 2157 766 autem
2174 746 2191 766 a
2207 739 2345 769 termino
2363 749 2379 769 a
2400 749 2478 779 quo.

1412 775 1475 806 Sed
1495 776 1521 805 si
1545 776 1787 808 consideremus
1810 778 1913 818 ipsam
1936 779 2094 810 rationem
2118 782 2316 818 mutationis,
2343 783 2387 813 sic
2410 793 2478 814 non

1412 825 1459 850 est
1482 829 1547 850 una
1570 823 1719 858 mutatio,
1735 822 1792 853 sed
1811 829 1887 853 sunt
1901 823 2016 863 plures
2030 834 2064 854 se
2081 824 2216 854 invicem
2232 833 2479 867 consequentes:

1411 874 1452 894 eo
1476 865 1567 904 quod
1591 875 1655 896 una
1678 868 1868 897 terminetur
1894 868 1934 898 ad
1958 878 2036 905 esse,
2061 869 2121 899 alia
2143 878 2221 899 vero
2245 870 2284 900 ad
2307 881 2373 901 non
2399 881 2477 902 esse.

1411 909 1554 949 Utraque
1579 916 1686 941 tamen
1710 913 1848 942 mutatio
1873 921 1906 943 se
1930 913 2025 943 habet
2047 913 2088 943 ad
2110 919 2239 944 motum
2262 924 2319 954 per
2341 916 2479 947 modum

1411 955 1692 991 concomitantiae,
1718 962 1749 987 et
1772 957 1812 986 ab
1835 966 1903 987 uno
1927 963 2021 988 motu
2045 964 2181 998 utraque
2205 958 2375 999 dependet.

1466 998 1519 1029 Ad
1542 998 1678 1030 dubium
1695 1009 1770 1041 ergo
1787 1000 1904 1031 dicitur
1920 1002 2010 1041 quod
2026 1012 2091 1033 una
2106 1003 2234 1033 actione
2251 1010 2281 1034 et
2298 1013 2365 1034 uno
2386 1010 2479 1035 motu

1411 1044 1629 1083 corrumpitur
1652 1054 1735 1085 aqua
1759 1051 1790 1075 et
1812 1052 1982 1086 generatur
2005 1056 2067 1084 aer,
2092 1048 2168 1087 quia
2186 1048 2264 1078 istae
2284 1049 2479 1079 mutationes

1410 1097 1514 1118 unum
1546 1095 1673 1119 motum
1705 1095 1736 1120 et
1765 1099 1864 1120 unam
1898 1091 2060 1122 actionem
2091 1093 2360 1123 concomitantur.
2393 1093 2479 1124 Cum

1410 1138 1519 1174 autem
1535 1134 1687 1173 arguitur,
1704 1135 1780 1174 quia
1795 1136 1880 1165 actio
1897 1137 2019 1175 agentis
2035 1145 2092 1176 per
2107 1142 2235 1167 motum
2251 1143 2306 1168 aut
2326 1139 2478 1168 mutatio-

1409 1186 1486 1207 nem
1505 1178 1584 1208 nihil
1602 1184 1649 1209 est
1664 1178 1751 1209 aliud
1767 1180 1892 1210 realiter
1908 1189 2006 1220 quam
2022 1187 2132 1211 motus
2148 1187 2179 1212 et
2194 1182 2345 1212 mutatio:
2363 1182 2479 1213 dicitur

1410 1221 1510 1261 quod,
1535 1223 1561 1252 si
1585 1229 1760 1263 utrumque
1782 1233 1840 1264 per
1863 1234 1897 1255 se
1922 1231 1953 1255 et
1976 1226 2146 1265 separatim
2163 1232 2340 1263 sumantur,
2357 1227 2478 1257 scilicet

1408 1271 1519 1297 motus
1542 1276 1600 1307 per
1622 1277 1656 1298 se
1680 1274 1711 1298 et
1733 1269 1870 1299 mutatio
1895 1278 1952 1309 per
1974 1279 2018 1306 se,
2042 1270 2088 1301 sic
2111 1271 2195 1301 actio
2219 1280 2302 1311 quae
2330 1271 2394 1311 agit
2421 1281 2478 1311 per

1410 1317 1537 1341 motum
1562 1318 1608 1342 est
1630 1313 1700 1352 ipse
1723 1319 1842 1350 motus,
1859 1319 1890 1344 et
1910 1315 1994 1344 actio
2018 1324 2101 1355 quae
2126 1321 2171 1345 est
2196 1325 2270 1346 curn
2298 1316 2477 1346 mutatione

1410 1361 1457 1385 est
1480 1356 1549 1396 ipsa
1572 1358 1720 1387 mutatio.
1746 1357 1809 1388 Sed
1833 1359 1858 1388 si
1882 1359 2056 1399 accipiatur
2082 1360 2219 1390 mutatio
2251 1365 2286 1390 ut
2315 1361 2477 1391 concomi-

1411 1405 1500 1430 tatur
1523 1406 1655 1437 motum,
1680 1402 1725 1432 sic
1749 1403 1832 1433 actio
1858 1409 1905 1433 est
1928 1403 2061 1443 quidem
2084 1410 2204 1440 motus,
2221 1414 2290 1434 non
2306 1410 2414 1435 autem
2431 1411 2478 1435 est

1409 1445 1548 1476 mutatio
1572 1455 1656 1485 quae
1679 1452 1808 1477 motum
1832 1449 2079 1485 concomitatur,
2103 1455 2134 1479 et
2156 1449 2295 1479 maxime
2318 1449 2370 1479 illa
2394 1459 2478 1490 quae

1409 1489 1598 1520 terminatur
1613 1490 1653 1521 ad
1667 1500 1735 1521 non
1752 1501 1821 1522 esse
1844 1493 1971 1523 termini
1995 1503 2013 1522 a
2036 1502 2120 1533 quo:
2146 1499 2177 1523 et
2200 1499 2307 1524 tamen
2324 1493 2363 1524 ad
2380 1503 2478 1524 unam

1411 1534 1571 1564 actionem
1595 1541 1626 1565 et
1650 1535 1690 1565 ad
1714 1545 1817 1566 unum
1833 1542 1971 1574 motum,
1989 1538 2045 1577 qui
2062 1544 2108 1567 est
2127 1538 2209 1568 inter
2225 1539 2401 1568 contrarios
2416 1544 2478 1568 ter-

1410 1578 1527 1615 minos,
1551 1584 1688 1619 utraque
1711 1582 1859 1617 mutatio,
1884 1590 1967 1621 quae
1991 1587 2038 1611 est
2060 1583 2224 1622 generatio
2249 1583 2344 1612 unius
2361 1588 2391 1612 et
2408 1592 2478 1613 cor-

1410 1623 1520 1662 ruptio
1544 1624 1683 1660 alterius,
1707 1626 1955 1656 concomitatur.
1980 1626 2021 1656 Et
2044 1627 2089 1656 sic
2112 1636 2225 1656 verum
2242 1632 2289 1657 est
2305 1626 2395 1666 quod
2414 1637 2479 1657 una

1411 1668 1538 1698 actione
1562 1669 1780 1708 corrumpitur
1802 1679 1887 1709 aqua
1910 1675 1941 1700 et
1963 1676 2134 1709 generatur
2157 1680 2219 1707 aer,
2235 1680 2293 1710 per
2313 1672 2479 1702 concomi-

1411 1712 1545 1742 tantiam
1568 1712 1608 1742 ad
1631 1719 1770 1744 motum.
2378 1746 2381 1748 .

1468 1756 1521 1787 IV.
1539 1756 1649 1788 Sexto.
1667 1757 1801 1794 Malum,
1818 1757 2012 1798 inquantum
2035 1759 2169 1794 malum,
2187 1764 2234 1789 est
2249 1768 2316 1789 non
2333 1768 2400 1789 ens.
2417 1758 2480 1789 Sed

1410 1810 1479 1832 non
1495 1807 1542 1832 est
1559 1802 1695 1832 omnino
1712 1812 1780 1833 non
1797 1812 1870 1833 ens:
1895 1803 1971 1843 quia
1995 1802 2085 1843 quod
2108 1803 2244 1833 omnino
2263 1812 2330 1833 non
2348 1809 2404 1839 est,
2414 1812 2479 1844 *nec

1411 1851 1458 1876 est
1473 1846 1599 1877 bonum
1614 1856 1723 1887 neque
1739 1848 1872 1878 malum.
1898 1848 1983 1888 Ergo
2008 1854 2055 1878 est
2078 1847 2200 1887 aliquid
2222 1848 2417 1888 inquantum
2434 1853 2480 1878 est

1410 1901 1479 1921 non
1495 1902 1562 1922 ens.
1587 1892 1674 1932 Ergo
1689 1893 1823 1928 malum,
1840 1893 2034 1932 inquantum
2058 1892 2255 1928 huiusmodi,
2272 1898 2319 1922 est
2339 1902 2396 1923 ens
2416 1893 2479 1932 pri-

1411 1942 1537 1967 vatum:
1563 1937 1640 1976 quia
1664 1946 1732 1967 non
1755 1946 1813 1968 ens
1836 1937 1926 1977 quod
1950 1943 1997 1967 est
2019 1937 2152 1976 aliquid,
2168 1942 2216 1967 est
2231 1946 2287 1967 ens
2308 1938 2478 1976 privatum,

1411 1986 1442 2011 et
1457 1982 1565 2022 ipsum
1581 1981 1705 2011 malum
1721 1987 1769 2012 est
1783 1982 1852 2022 ipsa
1867 1982 2014 2022 privatio.
2039 1981 2126 2021 Ergo
2149 1991 2216 2011 non
2233 1981 2328 2011 habet
2349 1991 2478 2011 causam

1409 2035 1467 2066 per
1482 2035 1515 2056 se
1531 2031 1690 2066 agentem.
1715 2026 1802 2066 Ergo
1826 2032 1886 2057 etc.
1903 2043 1923 2048 -
1939 2026 2030 2057 Patet
2052 2026 2254 2056 antecedens.
2279 2025 2364 2063 Quia
2380 2035 2478 2056 omne

1409 2070 1499 2111 quod
1523 2076 1579 2107 est,
1603 2071 1798 2111 inquantum
1822 2077 1878 2107 est,
1903 2071 2028 2101 bonum
2058 2075 2120 2100 est:
2146 2076 2177 2100 et
2207 2070 2261 2106 sic,
2286 2071 2311 2100 si
2343 2070 2476 2106 malum,

1408 2115 1603 2155 inquantum
1626 2115 1823 2152 huiusmodi,
1849 2121 1930 2146 esset
1954 2125 2020 2151 ens,
2045 2115 2163 2155 ipsum,
2187 2115 2379 2154 inquantum
2410 2124 2477 2145 ma-

1409 2160 1488 2196 lum,
1513 2165 1596 2190 esset
1618 2161 1754 2190 bonum.

1466 2214 1495 2235 2.
1521 2204 1615 2235 Circa
1638 2205 1732 2235 istam
1754 2204 2024 2244 propositionem,
2049 2204 2190 2239 Malum,
2217 2204 2407 2244 inquantum
2431 2208 2478 2234 est

1409 2258 1474 2279 non
1503 2258 1570 2284 ens,
1594 2254 1641 2279 est
1670 2249 1805 2290 aliquid,
1829 2248 2006 2279 dubitatur:
2039 2249 2115 2288 quia
2145 2248 2270 2279 videtur
2299 2248 2476 2288 implicatio

1407 2294 1441 2323 in
1465 2293 1602 2324 adiecto.
1627 2293 1711 2324 Nam
1734 2293 1859 2334 aliquid
1886 2293 2083 2324 convertitur
2113 2302 2188 2323 curn
2212 2298 2304 2323 ente:
2331 2298 2367 2323 ut
2390 2298 2478 2332 patet

1407 2338 1447 2368 de
1476 2338 1583 2374 Verit.,
1605 2347 1636 2378 q.
1654 2349 1706 2369 xxr
1721 2340 1748 2368 *.
1774 2339 1888 2368 Dicere
1913 2347 1988 2378 ergo
2013 2337 2103 2378 quod
2126 2337 2259 2374 malum,
2283 2338 2477 2377 inquantum

1407 2391 1475 2413 non
1501 2392 1567 2420 ens,
1593 2388 1640 2412 est
1663 2383 1795 2424 aliquid,
1819 2388 1867 2413 est
1890 2381 1995 2413 dicere
2020 2381 2110 2422 quod
2130 2382 2323 2422 inquantum
2348 2386 2477 2411 estnon

1409 2436 1475 2464 ens,
1501 2433 1548 2458 est
1571 2436 1638 2458 ens.

1463 2471 1690 2512 Respondetur
1713 2471 1803 2512 quod
1826 2472 1859 2512 ly
1883 2472 2074 2512 inquantum
2098 2475 2206 2511 potest
2228 2469 2413 2510 specificare
2429 2480 2477 2500 ra-

1407 2517 1533 2547 tionem
1556 2516 1725 2547 formalem
1749 2525 1814 2556 qua
1836 2517 1959 2547 malurn
1983 2522 2030 2546 est
2053 2515 2185 2556 aliquid.
2210 2515 2251 2545 Et
2281 2516 2326 2545 sic
2355 2524 2476 2555 propo-

1408 2561 1480 2591 sitio
1505 2566 1552 2591 est
1575 2560 1669 2591 falsa:
1694 2570 1762 2591 non
1786 2561 1873 2591 enim
1896 2561 1977 2591 ratio
2000 2570 2067 2590 non
2092 2560 2173 2590 entis
2197 2565 2244 2589 est
2266 2568 2361 2589 causa
2377 2568 2476 2599 quare

1407 2605 1529 2635 malum
1542 2605 1581 2635 sit
1593 2605 1725 2646 aliquid,
1743 2610 1779 2635 ut
1794 2605 1877 2635 bene
1896 2604 2043 2646 procedit
2055 2604 2206 2634 obiectio.
2221 2621 2243 2625 -
2254 2603 2363 2633 Potest
2379 2603 2475 2633 etiam

1406 2649 1609 2680 manifestare
1631 2659 1734 2689 genus
1750 2648 1790 2679 ad
1805 2649 1898 2679 cuius
1922 2649 2063 2689 speciem
2087 2649 2250 2678 limitatur.
2275 2647 2316 2677 Et
2331 2648 2375 2677 sic
2392 2648 2475 2677 acci-

1406 2694 1493 2734 pitur
1515 2694 1579 2724 hoc
1603 2693 1678 2724 loco
1703 2693 1736 2734 ly
1758 2693 1960 2734 inquantum.
1981 2693 2099 2724 Sensus
2116 2693 2202 2722 enim
2218 2698 2266 2722 est
2282 2691 2371 2731 quod
2387 2691 2473 2721 malo

1407 2738 1559 2768 convenit
1582 2739 1661 2768 haec
1685 2738 1809 2778 species
1831 2747 1900 2768 non
1924 2738 2005 2768 entis
2033 2746 2117 2777 quae
2147 2742 2195 2766 est
2224 2736 2357 2776 aliquid,
2382 2735 2472 2771 idest,

1407 2782 1498 2822 quod
1528 2787 1575 2813 est
1609 2792 1666 2813 ens
1687 2783 1856 2822 privatum
1886 2783 2077 2823 inquantum
2106 2781 2290 2811 continetur
2318 2780 2376 2810 sub
2407 2789 2472 2809 non

1406 2832 1487 2858 ente.
1512 2827 1587 2857 Non
1612 2832 1721 2858 autem
1745 2828 1898 2857 convenit
1920 2827 1979 2857 sibi
2008 2835 2076 2856 esse
2106 2825 2186 2856 illud
2211 2834 2279 2855 non
2304 2834 2360 2854 ens
2383 2823 2473 2863 quod

1406 2877 1454 2902 est
1477 2871 1610 2902 omnino
1635 2881 1701 2902 non
1726 2881 1791 2901 ens.
1816 2871 1906 2902 Sicut
1928 2871 1954 2901 si
1977 2870 2157 2901 diceremus
2181 2869 2271 2909 quod
2294 2869 2400 2903 homo,
2424 2878 2472 2898 se-

1405 2916 1546 2946 cundum
1569 2916 1657 2957 quod
1679 2916 1866 2946 continetur
1886 2916 1945 2946 sub
1966 2924 2088 2956 genere
2103 2914 2265 2949 animalis,
2282 2912 2474 2943 determinat

1404 2961 1465 2990 sibi
1486 2960 1622 3001 speciem
1645 2960 1794 2995 hominis,
1821 2970 1886 2990 non
1911 2965 2018 2990 autem
2041 2959 2176 2999 speciem
2200 2958 2282 2999 equi.

1461 3005 1587 3035 Dicitur
1610 3005 1743 3035 ulterius
1766 3004 1857 3044 quod
1879 3004 1942 3035 tale
1965 3014 2033 3035 non
2057 3013 2113 3034 ens
2141 3008 2188 3033 est
2216 3001 2346 3041 aliquid,
2371 3006 2402 3031 et
2425 3006 2472 3031 est

1405 3050 1516 3090 aliquo
1539 3049 1640 3080 modo
1665 3059 1732 3086 ens,
1748 3050 1872 3079 ratione
1895 3049 2017 3079 scilicet
2040 3048 2205 3078 substrati:
2229 3047 2304 3086 quia
2321 3045 2396 3076 dicit
2417 3054 2471 3075 ne-

1404 3094 1572 3135 gationem
1597 3094 1630 3124 in
1654 3094 1807 3124 subiecto.

1462 3139 1500 3169 V.
1526 3138 1677 3169 Secundo
1709 3139 1784 3169 loco
1801 3139 1828 3174 ἢ,
1853 3136 2019 3168 concludit
2049 3136 2183 3166 Sanctus
2207 3135 2351 3165 Thomas
2381 3133 2472 3174 quod

1399 3183 1544 3223 primum
1570 3183 1712 3213 omnium
1738 3183 1899 3212 malorum
1917 3181 2116 3222 principium
2140 3185 2187 3210 est
2210 3189 2309 3209 unum
2326 3178 2470 3218 primum

1404 3228 1533 3263 bonum,
1560 3228 1592 3258 in
1617 3228 1710 3258 cuius
1733 3226 1897 3268 effectibus
1920 3225 2129 3265 consequitur
2154 3224 2275 3254 malum
2301 3232 2364 3263 per
2386 3222 2471 3252 acci-

1405 3273 1504 3303 dens:
1527 3282 1603 3302 cum
1627 3278 1794 3302 ostensum
1817 3271 1857 3300 sit
1881 3270 1970 3310 quod
1993 3270 2115 3300 malum
2145 3277 2212 3298 non
2240 3272 2346 3308 potest
2375 3267 2471 3306 primi

1404 3317 1554 3357 principii
1589 3317 1747 3346 rationem
1782 3316 1908 3345 habere.
1948 3314 2104 3344 Probatur
2138 3318 2246 3343 autem
2281 3311 2471 3342 auctoritate

1405 3361 1513 3392 Isaiae
1528 3371 1598 3397 xix,
1614 3361 1689 3402 Ego
1705 3360 1866 3390 Dominus
1889 3364 1920 3389 et
1943 3368 2007 3388 non
2029 3363 2075 3388 est
2098 3363 2174 3391 etc.;
2198 3357 2299 3386 Eccli.
2316 3365 2357 3391 xr,
2374 3355 2470 3384 Bona

1404 3411 1436 3436 et
1458 3406 1545 3435 mala
1569 3411 1645 3440 etc.;
1671 3411 1702 3435 et
1724 3414 1830 3439 xxxm,
1849 3403 1974 3433 Contra
1998 3403 2117 3432 malum
2142 3407 2202 3431 etc.

1459 3450 1558 3480 Notat
1573 3455 1681 3480 autem
1699 3448 1788 3488 quod
1804 3447 1919 3478 dicitur
1934 3447 2022 3477 Deus
2029 3447 2149 3488 facere
2165 3445 2261 3480 mala,
2279 3444 2329 3474 vel
2345 3452 2469 3479 creare,

1403 3495 1598 3534 inquantum
1614 3499 1700 3524 creat
1715 3503 1752 3523 ea
1769 3501 1852 3532 quae
1867 3491 2047 3522 secundum
2062 3500 2096 3520 se
2111 3491 2197 3520 bona
2220 3495 2294 3519 sunt
2316 3493 2346 3518 et
2361 3494 2470 3518 tamen

1403 3539 1472 3569 aliis
1496 3543 1570 3569 sunt
1593 3538 1718 3574 nociva,
1743 3543 1779 3567 ut
1802 3537 1897 3575 lupus
1922 3536 1975 3565 ovi
2000 3541 2031 3565 et
2053 3535 2134 3574 ignis
2158 3542 2270 3573 aquae.
2303 3533 2355 3563 Sic
2383 3533 2470 3563 enim

1403 3583 1492 3614 Deus
1523 3588 1570 3613 est
1594 3592 1689 3613 causa
1711 3581 1871 3612 malorum
1896 3581 1927 3609 in
1953 3580 2139 3610 hominibus
2167 3587 2250 3618 quae
2278 3586 2404 3617 poenae
2423 3576 2470 3608 di.-

1404 3633 1538 3658 cuntur:
1562 3627 1649 3657 iuxta
1672 3625 1751 3656 illud
1774 3626 1877 3655 Amos
1893 3635 1937 3660 111,
1962 3623 1997 3654 Si
2020 3628 2066 3654 est
2090 3623 2209 3654 malum
2234 3628 2309 3658 etc.;
2335 3627 2366 3652 et
2390 3620 2470 3651 Gre-

1403 3673 1496 3711 gorii,
1520 3671 1629 3701 Etiam
1655 3671 1751 3700 mala.

2504 2335 2513 2343 ·
2527 2334 2580 2356 Art.
2599 2341 2617 2356 ι.

2499 3129 2507 3137 ·
2524 3127 2559 3149 Cf.
2579 3133 2603 3149 n.
2619 3133 2644 3153 n,
2660 3127 2710 3148 init.
