2768 4134
11 1703 23 1714 ·
38 1701 188 1731 oppane.

18 2621 28 2631 '
40 2619 99 2647 cap.
108 2625 175 2642 xxtn.

20 3101 30 3112 ⁸
44 3100 80 3124 ct.
99 3101 233 3124 Commeat.

21 3133 40 3150 e.
52 3133 115 3156 mv,
124 3128 174 3151 init.

768 284 958 322 SUMMA
987 284 1209 323 CONTRA
1237 286 1513 335 GENTILES,
1545 287 1656 325 CAP.
1677 288 1795 335 XLV,
1817 288 1949 325 XLVI.

315 362 454 400 Quarto.
474 363 564 395 Deus
579 368 822 404 compararetur
837 363 877 394 ad
891 363 1070 405 intelligere
1086 365 1168 396 sicut
1183 366 1330 406 potentia

257 407 298 439 ad
308 413 431 439 actum:
445 409 522 448 quia
533 408 712 449 intelligere
727 414 775 439 est
790 413 881 439 actus
896 408 1112 449 intelligentis.
1129 410 1204 440 Hoc
1219 416 1330 442 autem

257 457 304 483 est
326 452 538 492 impossibile,
562 462 601 483 ex
625 462 722 493 supra
745 452 847 484 dictis.
872 453 959 494 Ergo
984 459 1045 485 etc.

307 496 449 533 Quinto.
474 497 591 528 Omnis
613 498 792 528 substantia
820 503 868 528 est
895 504 1027 539 propter
1050 508 1142 531 suam
1166 499 1328 539 operatio—

255 537 344 573 nem.
367 541 466 583 Ergo,
491 543 519 573 si
534 542 682 582 operatio
697 542 760 573 Dei
775 548 823 573 est
839 542 926 573 aliud
944 553 961 573 a
986 553 1043 574 sua
1065 544 1252 580 substantia,
1271 544 1328 574 ali-

256 586 337 626 quid
358 586 447 618 aliud
470 587 529 617 erit
546 585 621 617 finis
639 587 723 618 eius:
740 587 932 618 intrinsecus
955 588 1076 619 scilicet
1095 594 1127 619 et
1149 588 1327 628 proximus.

255 631 344 671 Ergo
367 630 491 672 aliquid
513 631 601 662 aliud
625 631 685 662 erit
707 632 835 662 bonitas
859 633 942 663 eius:
967 642 1043 663 cum
1070 633 1196 664 bonum
1219 634 1328 664 cuius-

255 675 334 707 libet
355 676 402 707 'rei
425 676 465 706 sit
487 674 562 706 finis
585 676 666 706 eius.

2387 290 2458 338 137

1438 366 1492 397 IV.
1517 366 1565 396 Ex
1589 367 1656 397 istis
1680 366 1850 397 deducitur
1881 368 2060 404 corollarie,
2084 369 2203 409 primo,
2227 369 2319 410 quod
2341 370 2460 401 intelli-

1381 419 1462 452 gere
1483 411 1548 441 Dei
1560 411 1614 442 ..sit
1635 416 1804 442 aeternum
1835 417 1866 442 et
1895 412 2089 443 invariabile
2111 418 2143 443 et
2169 414 2203 444 in
2234 419 2310 444 actu
2334 419 2459 446 tantum

1382 455 1533 486 existens.
1551 454 1647 493 Quia,
1664 455 1691 485 si
1707 461 1754 486 est
1777 455 1864 486 idem
1883 457 1974 496 quod
1997 467 2094 488 suum
2117 467 2196 495 esse,
2213 458 2371 499 quicquid
2391 469 2460 490 rea—

1381 500 1454 530 liter
1477 500 1630 530 convenit
1654 500 1716 540 ipsi
1739 509 1820 536 esse,
1845 502 1999 531 convenit
2022 507 2053 532 et
2075 502 2137 542 ipsi
2158 503 2347 544 intelligere.

1409 561 1415 566 ·
1438 543 1602 580 Secundo,
1628 543 1719 584 quod
1742 544 1832 575 Deus
1859 554 1924 575 non
1952 550 2000 575 est
2026 546 2059 576 in
2082 548 2231 586 potentia
2261 548 2458 590 intelligens,

1382 594 1441 619 aut
1462 588 1504 619 de
1526 598 1611 619 novo
1627 589 1754 629 aliquid
1777 589 1933 630 incipiens
1957 590 2151 632 intelligere,
2169 597 2227 622 aut
2249 594 2459 624 mutationem

1382 633 1434 664 vel
1444 633 1710 674 compositionem
1727 633 1760 664 in
1773 634 1986 676 intelligendo
2002 635 2132 666 habens.
2152 636 2238 674 Quia
2254 638 2364 668 omnia
2378 638 2459 669 haec

1383 678 1582 709 conveniunt
1605 678 1672 708 enti
1696 677 1806 709 divino
1830 679 1864 709 in
1884 680 2127 719 comparatione
2146 680 2186 711 ad
2209 690 2277 712 esse
2300 691 2406 713 suum.

545 903 1033 961 CAPITULUM
1070 904 1789 981 QUADRAGESIMUM
1827 903 2175 963 SEXTUM

1133 1004 1163 1034 A
1186 1013 1251 1035 12r
1288 1005 1359 1045 a39
1389 1006 1458 1036 sine
1482 1006 1588 1036 titulo.

694 1077 870 1130 QUOD
905 1077 1070 1118 Deus
1103 1078 1221 1118 PER
1254 1078 1420 1119 NIHIL
1454 1079 1646 1120 ALIUD
1680 1080 2027 1121 INTELLIGIT

902 1147 1083 1201 QUAM
1116 1149 1233 1190 PER
1254 1146 1440 1192 SUAM
1473 1149 1823 1191 ESSENTIAM

466 1281 489 1307 x
521 1269 582 1317 his
614 1277 747 1309 autem
775 1282 877 1320 quae
901 1282 1018 1321 supra
1047 1279 1200 1309 ostensa
1229 1279 1329 1321 sunt,

480 1321 679 1360 evidenter
706 1332 866 1374 apparet
897 1325 1006 1374 quod
1034 1324 1246 1364 intellectus
1274 1325 1330 1363 di-

257 1274 465 1473 g
478 1375 596 1423 vinus
614 1377 720 1422 nulla
738 1375 812 1415 alia
828 1377 958 1427 specie
982 1377 1203 1427 intelligibili
1223 1378 1331 1416 intel-

479 1429 570 1479 ligat
597 1441 720 1480 quam
748 1443 820 1468 sua
848 1431 1024 1469 essentia.

310 1481 338 1521 S
390 1481 468 1520 cies
495 1483 603 1520 enim
619 1483 872 1533 intelligibilis
905 1484 1141 1535 principium
1168 1485 1331 1523 formale

255 1543 314 1585 est
340 1536 606 1590 intellectualis
638 1537 890 1588 operationis:
920 1538 1018 1576 sicut
1049 1536 1176 1576 forma
1204 1538 1331 1576 cuius-

254 1583 347 1627 libet
363 1588 510 1639 agentis
537 1589 775 1641 principium
794 1599 851 1628 est
874 1591 1054 1641 propriae
1083 1591 1331 1642 operationis.

255 1642 400 1693 Divina
426 1651 560 1691 autem
583 1644 758 1694 operatio
786 1644 1050 1683 intellectualis
1078 1653 1134 1682 est
1163 1645 1247 1683 eius
1275 1658 1333 1682 es-

255 1696 389 1745 aemia,
426 1705 470 1736 ut
505 1705 708 1736 ostensum
743 1706 800 1736 est
822 1698 854 1736 ⁸³.
892 1699 1003 1736 Esset
1038 1698 1152 1747 igitur
1187 1698 1333 1749 aliquid

255 1749 360 1790 aliud
389 1750 547 1789 divinae
584 1751 771 1790 essentiae
808 1751 1046 1802 principium
1078 1761 1115 1790 et
1152 1765 1270 1790 causa
1303 1753 1334 1790 si

255 1803 330 1847 alia
356 1803 581 1859 intelligibili
609 1805 738 1857 specie
766 1818 888 1856 quam
920 1817 992 1844 sua
1024 1806 1189 1844 essentia
1226 1806 1334 1844 intel-

255 1856 562 1904 lectuskdivinus
590 1857 824 1908 intelligeret.
850 1859 971 1907 Quod
1000 1859 1152 1910 supra*
1171 1859 1334 1898 ostensis

258 1920 460 1964 Γέ-Ρμῧῐῑᾶῐε

258 1975 261 1976 ’
310 1965 463 2004 Adhuc.
485 1966 560 2004 Per
573 1965 744 2016 speciem
765 1965 1039 2015 intelligibilem
1059 1966 1104 2004 fit
1122 1965 1334 2004 intellectus

256 2018 470 2068 intelligens
508 2027 616 2057 actu:
661 2019 759 2057 sicut
798 2031 869 2070 per
904 2019 1075 2069 speciem
1112 2019 1331 2058 sensibilem

257 2083 395 2111 sensus
423 2081 511 2111 actu
540 2073 719 2112 sentiens.
751 2073 1013 2123 Comparatur
1040 2072 1154 2122 igitur
1185 2073 1333 2123 species

257 2126 499 2176 intelligibilis
520 2127 570 2164 ad
599 2126 835 2165 intellectum
859 2126 957 2164 sicut
984 2134 1092 2164 actus
1120 2127 1167 2164 ad
1198 2135 1333 2177 poten-

256 2179 363 2218 tiam.
380 2180 422 2218 Si
440 2180 554 2230 igitur
572 2180 785 2218 intellectus
804 2180 961 2218 divinus
975 2180 1104 2232 aliqua
1118 2179 1192 2218 alia
1206 2180 1334 2231 specie

257 2233 480 2284 intelligibili
508 2233 733 2284 intelligeret
760 2234 882 2284 quam
905 2234 1046 2284 seipso,
1069 2241 1168 2276 esset
1195 2234 1236 2273 in
1262 2246 1334 2284 po-

256 2287 374 2326 tentia
402 2295 581 2338 respectu
609 2286 782 2325 alicuius.
823 2288 943 2336 Quod
973 2300 1056 2325 esse
1085 2300 1165 2325 non
1194 2295 1333 2338 potest,

257 2349 301 2380 ut
329 2353 447 2392 supra
460 2342 482 2364 *
510 2349 712 2379 ostensum
741 2350 807 2379 est.

311 2395 503 2445 AmpliuS.
521 2395 679 2445 Species
698 2394 940 2444 intelligibilis
958 2394 998 2432 in
1013 2394 1206 2436 intellectu
1224 2407 1335 2447 prae-

257 2456 316 2486 ter
333 2449 541 2487 essentiam
560 2449 644 2487 eius
663 2448 830 2486 existens
845 2460 928 2486 esse
943 2447 1178 2486 accidentale
1197 2448 1332 2486 habet:

258 2501 407 2540 ratione
421 2502 534 2540 cuius
553 2502 710 2540 scientia
730 2510 861 2540 nostra
879 2501 979 2540 inter
996 2501 1209 2539 accidentia
1227 2514 1334 2539 com-

258 2563 428 2606 putatur.
457 2557 500 2594 In
528 2557 614 2605 Deo
643 2565 775 2594 autem
804 2568 886 2594 non
913 2563 1039 2606 potest
1062 2555 1222 2605 aliquod
1250 2567 1334 2592 esse

259 2609 451 2660 accidens,
470 2618 514 2647 ut
534 2621 654 2659 supra
666 2610 688 2632 ⁸
715 2618 916 2648 ostensum
937 2618 1005 2647 est.
1035 2609 1150 2658 Igitur
1177 2621 1259 2646 non
1278 2617 1335 2645 est

314 2731 347 2750 ια
366 2722 490 2754 Quod...
507 2728 638 2756 repngmt
652 2730 698 2749 om
717 2723 747 2748 Z.

261 2766 295 2794 19
313 2759 467 2792 intelligibili
484 2766 528 2784 om
548 2758 644 2790 Gz⁸E;
664 2758 819 2792 intelligeret
836 2766 879 2785 om
899 2759 948 2792 pE.

315 2802 326 2821 ι
349 2795 376 2820 in
394 2793 538 2827 intellectu]
557 2794 726 2827 intelligentia
745 2802 770 2819 α.

259 2831 352 2857 ceteri.
444 2830 476 2856 ¹3
495 2830 527 2856 ab
546 2830 644 2863 aliquo]
663 2830 705 2856 vel
725 2837 740 2855 a
758 2837 789 2856 se
805 2831 848 2856 vel
867 2829 900 2856 ab
919 2830 971 2856 alio
989 2830 1033 2856 Pc.

845 2722 878 2748 16
897 2724 1012 2750 sentiens
1037 2725 1059 2748 Α
1077 2724 1163 2754 solun
1187 2729 1228 2748 est
1251 2724 1376 2748 sentiens.

1039 2758 1070 2784 25
1090 2758 1197 2791 aliquod
1215 2759 1258 2784 hic
1277 2758 1365 2789 wa;
1381 2761 1445 2790 post
1463 2765 1532 2782 esse.

864 2793 878 2819 3
898 2794 1075 2827 intelligibilis]
1094 2799 1197 2827 praeter
1215 2793 1356 2818 essentiam
1374 2793 1456 2826 ipsius
1481 2792 1588 2817 addunt
1606 2791 1626 2817 Z
1646 2795 1672 2817 et
1689 2791 1748 2817 sine
1766 2790 1848 2824 ipsius
1867 2790 1901 2816 G.

1126 2828 1159 2854 16
1177 2829 1282 2862 patienti
1300 2830 1324 2854 A
1342 2829 1427 2860 solus;
1446 2828 1472 2853 in
1491 2829 1633 2860 patientem
1650 2827 1698 2859 W,
1713 2827 1739 2851 in
1758 2827 1870 2859 patiente
1888 2826 1978 2851 ceteri.

1386 1272 1425 1309 in
1459 1272 1651 1310 intellectu
1686 1272 1768 1310 eius
1803 1273 1931 1324 aliqua
1970 1274 2116 1324 species
2150 1283 2301 1325 praeter
2334 1276 2459 1325 ipsam

1385 1325 1560 1363 divinam
1589 1326 1807 1364 essentiam.

1439 1379 1594 1416 Adhuc.
1625 1379 1783 1429 Species
1811 1374 2052 1429 intelligibilis
2072 1381 2282 1420 similitudo
2310 1383 2458 1420 est-ali-

1329 1442 1331 1444 ’
1386 1431 1498 1469 cuius
1527 1432 1716 1470 intellecti.
1747 1432 1788 1470 Si
1817 1431 1931 1482 igitur
1957 1433 1998 1470 in
2025 1433 2218 1472 intellectu
2250 1434 2384 1473 divino
2413 1436 2459 1474 sit

1355 1498 1364 1519 ε
1387 1485 1517 1535 aliqua
1531 1485 1771 1534 intelligibilis
1786 1486 1933 1536 species
1946 1495 2098 1536 praeter
2111 1488 2314 1526 essentiam
2327 1488 2457 1539 ipsius,

1388 1538 1599 1577 similitudo
1615 1539 1776 1577 alicuius
1790 1539 1967 1578 intellecti
1986 1540 2066 1578 erit.
2083 1542 2161 1578 Au't
2179 1541 2292 1590 igitur
2305 1541 2459 1580 divinae

1389 1592 1590 1630 essentiae:
1621 1600 1688 1630 aut
1706 1592 1860 1630 alterius
1890 1593 1954 1630 rei.
1984 1593 2107 1643 Ipsius
2125 1594 2286 1643 quidem
2305 1594 2459 1633 divinae

1390 1645 1576 1683 essentiae
1596 1658 1677 1683 non
1696 1654 1822 1695 potest
1840 1658 1941 1684 esse:
1962 1646 2055 1695 quia
2073 1647 2127 1684 sic
2145 1647 2278 1684 divina
2297 1648 2460 1686 essentia

1390 1710 1472 1737 non
1486 1707 1585 1736 esset
1603 1699 1844 1748 intelligibilis
1863 1711 1933 1749 per
1952 1699 2134 1749 seipsam,
2152 1701 2220 1737 sed
2240 1700 2301 1737 illa
2315 1701 2460 1750 species

1350 1769 1376 1784 ιο
1390 1752 1528 1790 faceret
1547 1765 1635 1790 eam
1655 1752 1940 1802 intelligibilem.
1957 1775 1981 1779 -
1997 1754 2082 1790 Nec
2096 1753 2216 1791 vetiam
2235 1761 2360 1803 potest
2378 1766 2460 1791 esse

1390 1806 1430 1844 in
1459 1806 1650 1845 intellectu
1669 1806 1804 1856 divino
1824 1806 1971 1856 species
1995 1806 2068 1844 alia
2086 1815 2238 1857 praeter
2256 1807 2461 1857 essentiam

1390 1859 1511 1911 ipsius
1539 1872 1641 1910 quae
1669 1859 1716 1898 sit
1744 1859 1899 1898 alterius
1927 1859 1981 1897 rei
2010 1859 2233 1898 similitudo.
2263 1862 2328 1898 Illa
2356 1860 2462 1898 enim

1390 1912 1601 1951 similitudo
1622 1912 1912 1963 imprimeretur
1930 1912 1965 1950 ei
1984 1913 2034 1951 ab
2053 1913 2195 1963 aliquo.
2218 1914 2311 1951 Non
2330 1922 2461 1952 autem

1390 1979 1413 2004 a
1441 1966 1588 2016 seipso:
1619 1966 1712 2016 quia
1733 1966 1794 2004 -sic
1822 1966 1927 2004 idem
1956 1975 2055 2004 esset
2081 1979 2198 2016 agens
2227 1975 2264 2004 et
2290 1967 2459 2016 patiens:

1350 2039 1373 2059 ις
1390 2027 1567 2070 essetque
1592 2019 1751 2069 aliquod
1773 2031 1889 2068 agens
1910 2020 2018 2069 quod
2042 2032 2123 2057 non
2144 2032 2257 2058 suam
2280 2021 2347 2057 sed
2372 2021 2460 2058 alte-

1385 2073 1470 2111 ·rius
1497 2072 1788 2110 similitudinem
1814 2073 2014 2110 induceret
2041 2073 2209 2123 patienti,
2234 2082 2270 2110 et
2299 2073 2352 2110 sic
2379 2086 2460 2110 non

1390 2139 1509 2164 omne
1529 2138 1646 2175 agens
1666 2125 1737 2163 sibi
1757 2126 1880 2163 simile
1900 2135 2037 2175 ageret.
2068 2128 2152 2164 Nec
2176 2127 2225 2164 ab
2249 2126 2341 2164 alio:
2363 2135 2461 2164 esset

1391 2180 1495 2217 enim
1515 2180 1675 2230 aliquod
1699 2191 1815 2228 agens
1837 2179 1945 2230 prius
1969 2192 2028 2217 eo.
2051 2203 2075 2206 —
2095 2181 2198 2229 Ergo
2223 2179 2459 2230 impossibile

1389 2236 1447 2272 est
1474 2234 1598 2284 quod>
1613 2231 1668 2282 in!
1688 2233 1774 2283 ipso
1797 2229 1853 2270 ¹sit
1881 2231 2011 2283 aliqua
2045 2233 2192 2283 speeies
2221 2233 2461 2282 intelligibilis

1350 2309 1377 2325 ,ο
1390 2295 1542 2337 praeter
1570 2286 1690 2337 ipsius
1719 2286 1937 2324 essentiam.

1446 2341 1660 2378 Praeterea.
1677 2339 1886 2388 Intelligere
1901 2339 1974 2377 Dei
1994 2348 2050 2377 est
2069 2339 2151 2377 eius
2166 2351 2259 2387 esse,
2275 2348 2318 2376 ut
2337 2347 2461 2376 osten-

1381 2407 1481 2441 sum
1509 2402 1566 2431 est
1579 2394 1610 2431 *.
1641 2394 1682 2432 Si
1709 2393 1821 2442 igitur
1844 2393 2065 2442 intelligeret
2092 2405 2162 2443 per
2184 2393 2354 2442 aliquam
2378 2405 2462 2443 spe—

1392 2447 1491 2485 ciem
1512 2459 1613 2497 quae
1633 2459 1715 2484 non
1735 2446 1782 2484 sit
1801 2459 1871 2484 sua
1895 2447 2070 2493 essentia,
2095 2454 2193 2484 esset
2216 2458 2286 2495 per
2304 2446 2462 2496 aliquod

1391 2501 1496 2539 aliud
1524 2514 1547 2538 a
1571 2513 1641 2538 sua
1664 2500 1839 2537 essentia.
1857 2501 1977 2548 Quod
2001 2508 2057 2537 est
2075 2499 2311 2549 impossibile
2322 2500 2352 2536 ²¹².
2369 2501 2462 2537 Non

1350 2573 1375 2593 ις
1391 2554 1505 2603 igitur
1527 2553 1699 2602 intelligit
1717 2564 1788 2603 per
1811 2553 1983 2603 aliquam
2003 2553 2172 2603 speciem
2192 2561 2298 2602 quae*
2316 2558 2398 2611 non
2417 2553 2463 2590 ‘sit

1391 2620 1462 2645 sua
1490 2607 1664 2644 essentia.

1470 2721 1547 2754 igitur
1565 2729 1608 2746 om
1628 2728 1654 2751 α,
1673 2725 1760 2745 autem
1780 2720 1834 2745 NZ.
1925 2718 1959 2744 18
1975 2719 2122 2744 intellectus
2142 2722 2206 2751 post
2230 2718 2332 2744 divinus
2355 2718 2462 2745 ὀιΝΖΡε.

1993 2797 2022 2814 11
2045 2789 2131 2815 divino
2150 2788 2176 2815 A
2192 2790 2277 2821 solus;
2296 2790 2352 2814 eius
2371 2790 2398 2820 P,
2418 2797 2460 2814 om

1024 2908 1361 2942 Commentaria
1390 2907 1704 2957 Fert-ariensis

316 3010 375 3031 os‘r
398 2999 702 3031 determinationem
732 2998 772 3028 de
805 2997 992 3038 cognitione
1016 2997 1123 3028 divina
1150 2997 1336 3028 secundum-

317 3054 362 3082 se,
393 3045 528 3076 ulterius
562 3043 756 3075 determinat
783 3042 918 3073 Sanctus
950 3042 1096 3072 Thomas
1125 3041 1164 3074 de
1194 3042 1265 3082 ipsa
1295 3051 1333 3072 ex

262 3096 353 3132 parte
374 3085 474 3120 medii
497 3087 719 3129 cognoscendi
730 3088 757 3118 θ.
782 3087 824 3117 Et
846 3087 941 3127 ponit
963 3087 1046 3117 hanc
1070 3086 1334 3118 conclusionem:

263 3135 451 3166 Intellectus
473 3133 604 3164 divinus
627 3133 719 3163 nulla
744 3132 811 3162 alia
830 3131 935 3172 specie
958 3130 1157 3172 intelligibili
1181 3131 1336 3172 intelligit

262 3190 360 3222 quam
383 3189 444 3210 sua
468 3178 616 3209 essentia.

319 3224 342 3255 1.
359 3224 525 3254 Probatur
534 3222 656 3264 primo.
670 3221 757 3259 Quia
769 3221 795 3251 si
807 3229 865 3261 per
879 3220 1022 3260 speciem
1035 3220 1130 3250 aliam
1142 3220 1182 3250 ab
1199 3219 1336 3250 essentia

263 3279 322 3300 sua
343 3268 547 3309 intelligeret,
564 3272 648 3298 esset
670 3265 793 3306 aliquid
815 3264 903 3295 aliud
926 3263 1053 3295 divinae
1077 3265 1233 3304 essentiae
1247 3264 1336 3304 prin-

264 3315 389 3355 cipium
411 3319 444 3344 et
470 3322 577 3344 causa.
599 3330 622 3334 -
646 3311 804 3341 Probatur
827 3309 1069 3350 consequentia.
1102 3308 1190 3347 Quia
1212 3309 1337 3349 species

265 3364 313 3390 est
335 3359 534 3400 principium
558 3356 694 3387 formale
719 3355 963 3386 intellectionis:
989 3354 1072 3384 sicut
1100 3352 1206 3384 forma
1228 3353 1337 3384 cuius-2

263 3404 343 3435 libet
357 3403 480 3444 agentis
496 3408 544 3434 est
558 3401 756 3443 principium
772 3399 922 3440 propriae
939 3397 1146 3439 operationis.
1161 3397 1248 3428 Cum
1260 3407 1337 3437 ergo

265 3448 412 3490 operatio
434 3441 661 3478 intellectualis
684 3445 747 3475 Dei
770 3445 809 3475 sit
837 3444 906 3475 eius
933 3443 1080 3479 essentia,
1105 3441 1227 3482 aliquid
1250 3442 1338 3473 aliud

265 3494 325 3524 erit
339 3493 546 3534 'principium
570 3490 737 3522 essentiae.

321 3537 462 3568 Adverte
485 3538 539 3568 hic
563 3535 655 3577 quod
677 3534 783 3565 forma
806 3542 890 3574 quae
914 3538 961 3563 est
984 3532 1064 3562 ratio
1088 3531 1204 3571 agendi
1226 3531 1339 3561 inhae-

265 3591 339 3613 rens
360 3582 551 3613 immediato
574 3580 735 3621 principio
760 3577 967 3619 operationis,
993 3582 1024 3607 et
1046 3576 1242 3616 principium
1266 3585 1338 3615 spe-

266 3626 463 3658 cificativum
485 3625 664 3657 formaliter
683 3623 880 3665 operationis
900 3627 957 3658 est,
982 3627 1013 3652 et
1036 3620 1232 3661 principium
1251 3619 1339 3650 elici-

267 3671 371 3702 tivum
388 3672 457 3702 eius
473 3681 510 3702 ac
526 3669 758 3711 productivum
774 3666 934 3698 effective:
959 3671 995 3696 ut
1010 3665 1207 3706 principium
1230 3669 1339 3695 tamen

414 3734 508 3758 Smnu
528 3732 639 3757 Coum
658 3730 793 3755 Gsnmss
812 3730 843 3754 D.
861 3729 979 3754 ‘saonae
998 3728 1066 3753 Tou.
1088 3727 1105 3752 l.

1387 3006 1462 3037 quo,
1479 3005 1548 3027 non
1571 3002 1608 3026 ut
1631 2995 1828 3036 principium
1843 2994 1940 3036 quod.
1957 2994 2141 3035 Propterea,
2162 2995 2188 3025 si
2207 3000 2289 3025 esset
2312 2996 2345 3026 in
2369 2995 2461 3026 intel-

1387 3041 1474 3072 lectu
1490 3040 1601 3071 divino
1617 3041 1742 3081 species
1758 3040 1798 3070 ab
1814 3040 1951 3070 essentia
1965 3039 2124 3076 distincta,
2141 3049 2216 3070 suae
2237 3039 2461 3070 intellectionis

1388 3091 1471 3116 esset
1493 3084 1634 3126 aliquod·
1652 3084 1849 3125 principium
1873 3083 2058 3115 effectivum
2082 3089 2113 3114 et
2141 3083 2414 3124 specificativum.
2428 3089 2461 3114 et
2491 3094 2499 3100 ·

1388 3140 1455 3171 per·
1470 3137 1677 3170 consequens
1700 3129 1802 3169 ipsius
1826 3129 1991 3159 essentiae.

1445 3174 1604 3205 Secundo.
1630 3173 1815 3204 Intellectus
1839 3173 1966 3204 divinus
1990 3178 2072 3203 esset
2087 3172 2121 3202 in
2143 3172 2290 3212 potentia
2312 3177 2461 3212 respectu

1390 3219 1535 3250 alicuius.
1549 3218 1636 3257 Quia
1649 3223 1856 3258 comparatur
1871 3218 1994 3258 species
2011 3216 2050 3246 ad
2065 3216 2265 3246 intellectum
2278 3216 2360 3246 sicut
2372 3221 2461 3248 actus

1390 3263 1431 3294 ad
1454 3264 1650 3304 potentiam:
1675 3272 1751 3293 cum
1774 3271 1832 3303 per
1857 3262 1960 3302 ipsam
1988 3260 2167 3292 intellectus
2191 3266 2336 3291 actuetur
2353 3266 2384 3290 et
2406 3259 2462 3291 fiat

1390 3308 1573 3348 intelligens
1597 3313 1681 3338 actu.

1445 3351 1638 3384 Notandum
1662 3351 1753 3392 quod
1775 3360 1834 3391 per
1855 3351 1997 3391 speciem
2021 3348 2057 3380 fit
2078 3349 2258 3380 intellectus
2281 3348 2462 3389 intelligens

1391 3402 1476 3434 actu,
1501 3407 1571 3427 non
1594 3396 1729 3437 quidem
1752 3395 1865 3426 ultima
1892 3394 2084 3430 actualitate‚
2109 3394 2195 3434 quia,
2219 3399 2256 3423 ut
2279 3393 2418 3424 diximus
2433 3394 2461 3430 *‚
2489 3392 2638 3446 pssssffmfim·
2651 3397 2700 3419 ⁰³¹>-

1391 3451 1449 3482 per
1464 3441 1643 3482 intelligere
1659 3440 1696 3472 fit
1712 3439 1906 3480 completive
1923 3445 1996 3470 actu
2012 3439 2046 3478 in
2060 3447 2178 3478 genere
2195 3438 2460 3478 intelligibilium:

1392 3486 1449 3517 sed
1471 3487 1505 3516 in
1529 3491 1604 3517 actu
1619 3486 1727 3526 primo
1743 3489 1880 3520 tantum,
1897 3493 1937 3514 eo
1956 3482 2057 3513 modo
2082 3491 2149 3522 quo
2165 3491 2223 3522 per
2246 3481 2386 3522 formam
2406 3482 2461 3513 ali-

1392 3530 1471 3571 quid
1494 3529 1530 3561 fit
1554 3531 1588 3561 in
1612 3535 1687 3561 actu
1711 3529 1834 3560 seclusa
1858 3528 2057 3568 operatione.

1452 3575 1572 3606 Tertio.
1587 3575 1623 3605 In
1635 3574 1707 3605 Deo
1719 3583 1788 3604 non
1800 3578 1908 3613 petest
1920 3581 1988 3602 esse
2000 3570 2158 3606 accidens,
2171 3570 2258 3611 Ergo
2270 3580 2378 3611 neque
2389 3580 2462 3612 spe·

1393 3620 1457 3651 cies
1473 3619 1512 3656 ab
1528 3619 1694 3650 intellectu
1711 3618 1868 3649 distincta.
1885 3634 1907 3638 «
1922 3616 2013 3646 Patet
2029 3615 2272 3655 consequentia.
2289 3615 2376 3654 Quia
2389 3625 2462 3656 spe-

1392 3665 1457 3695 cies
1478 3663 1626 3695 distincta
1649 3663 1688 3694 ab
1713 3661 1848 3693 essentia
1863 3660 2044 3691 intellectus
2059 3660 2156 3691 habet
2171 3669 2240 3691 esse
2255 3659 2460 3691 accidentale.

2285 3721 2317 3747 18

2491 2395 2498 2402 ’
2515 2393 2571 2420 Cap.
2585 2399 2661 2421 praec.

2492 2502 2498 2509 ¹
2515 2500 2571 2528 Cap.
2583 2506 2637 2521 xxu.
