2756 4322
72 539 81 550 ⁸
99 538 151 560 Vid.
169 538 197 559 ad
212 539 258 560 loc.

70 949 288 1000 Qffidffizffw·

1284 157 1549 194 APPENDIX

315 228 424 269 ipsum
450 228 775 271 effectum-intelligit
794 244 847 260 non
875 244 922 269 per
950 237 999 262 hoc
1028 240 1100 271 quod
1128 239 1245 271 intelligit
1273 239 1390 272 seipsum

314 289 415 308 tantum
437 280 483 319 (et
499 281 660 321 intendit.)
678 286 740 315 Sed,
755 288 846 313 Potest
857 292 947 314 autem
963 286 1025 317 Sed
1043 296 1099 327 per
1116 297 1214 327 quam
1231 288 1389 318 rationem

315 331 464 371 intelligit
494 342 598 362 unum
627 333 789 371 effectum,
821 342 929 376 potest
961 344 991 367 et
1023 339 1143 368 multos
1166 343 1234 368 alios
1257 339 1390 369 effectus

316 383 396 412 alios
422 393 439 413 a
463 394 496 414 se
522 385 710 424 intelligere.
735 387 845 418 Potest
869 389 965 428 igitur
996 391 1101 420 statim
1134 392 1234 421 multa
1259 401 1389 421 causare

315 434 438 473 absque
455 434 576 465 medio.
602 437 619 474 ἓ
637 437 796 477 Amplius.
815 438 904 469 Sicut
921 450 1016 479 supra
1034 447 1199 471 ostensum
1219 448 1274 477 est,
1294 443 1391 472 virtus

317 484 423 515 divina
444 495 510 515 non
532 490 730 516 determinatur
749 489 903 519 limitatur
920 491 957 520 ad
976 501 1077 521 unum
1097 492 1262 522 effectum:
1281 498 1311 523 et
1329 493 1391 523 hoc

316 547 346 564 ex
360 540 416 565 eius
430 540 596 572 simplicitate
615 543 734 574 provenit
749 545 763 559 ‘³‘
793 539 874 581 (eius
905 543 1099 581 simplicitati
1127 543 1291 585 convenit)
1317 545 1391 584 quia

316 595 440 628 quanto
465 589 573 629 aliqua
591 591 690 620 virtus
708 598 754 621 est
772 594 872 632 magis
890 595 988 629 unita,
1011 601 1099 624 tanto
1125 602 1171 624 est
1195 597 1295 634 magis
1320 595 1391 625 inti-

316 640 383 670 nita
402 649 427 668 ct
446 640 487 670 ad
511 641 602 680 plura
627 651 660 672 se
678 649 794 682 potens
812 644 994 674 extendere.
1021 646 1119 682 Quod
1141 652 1249 676 autem
1268 670 1274 676 .
1291 670 1296 676 .
1313 670 1318 676 .
1338 647 1392 676 de-

315 692 516 722 terminatur.
541 692 616 722 Non
637 701 675 721 est
696 701 826 733 oportet
850 696 945 735 igitur
963 697 1066 726 dicere
1085 697 1185 736 quod,
1205 698 1278 736 quia
1304 698 1392 727 Deus

316 748 364 772 est
391 753 477 774 unus
502 750 533 773 et
558 746 695 775 omnino
720 747 866 786 simplex,
887 751 960 783 quod
979 758 1015 778 ex
1033 749 1104 788 ipso
1125 749 1300 779 multitudo
1318 759 1392 788 pro-

316 794 425 824 venire
445 804 511 825 non
530 797 631 835 possit
655 797 714 826 nisi
741 797 956 829 mediantibus
981 800 1141 838 aliquibus
1161 801 1199 829 ab
1225 801 1292 830 eius
1318 801 1392 830 sim-

315 845 458 884 plicitate
472 846 705 878 deficientibus.
722 851 739 887 §
753 849 928 880 Praeterea.
947 851 1123 881 Ostensum
1138 858 1183 881 est
1197 862 1290 892 supra
1304 852 1393 891 quod

315 896 404 930 solus
430 897 518 928 Deus
544 905 650 938 potest
675 910 792 930 creare.
818 901 920 931 Multa
945 908 1052 932 autem
1078 910 1152 932 sunt
1181 913 1286 933 rerum
1311 913 1392 943 quae

315 955 453 988 possunt
477 950 494 965 ⁴*
518 950 695 989 procedere
727 952 758 980 in
793 962 860 982 esse
892 954 953 982 nisi
984 963 1041 993 per
1073 955 1280 990 creationem,
1312 955 1394 984 sicut

317 1000 427 1030 omnia
447 1011 500 1029 non
521 1011 604 1040 quae
621 1011 687 1031 non
715 1009 787 1032 sunt
812 1005 994 1044 composita
1019 1015 1055 1034 ex
1082 1005 1184 1035 forma
1209 1011 1239 1035 et
1262 1007 1392 1036 materia

315 1051 533 1082 contrarietati
570 1053 723 1083 subiecta:
753 1054 950 1085 Huiusmodi
1038 1057 1245 1096 principium.
1271 1059 1288 1095 ἓ
1308 1057 1393 1087 Hinc

316 1106 364 1131 est
387 1102 479 1142 quod
502 1115 592 1132 sacrae
605 1108 749 1140 scripturae
762 1110 912 1135 auctoritate
931 1112 1114 1143 promulgatur
1127 1112 1200 1144 quod
1213 1112 1286 1136 Deus
1305 1113 1394 1136 omnia

315 1156 375 1182 fecit
390 1164 433 1189 ps.
454 1154 597 1197 (dicitur)
615 1166 687 1196 gen.
711 1158 829 1196 primo,
848 1158 881 1188 In
901 1159 1060 1198 principio
1079 1159 1197 1189 creavit
1216 1159 1305 1189 Deus
1322 1170 1393 1189 cae-
1406 1186 1414 1194 ,

314 1203 383 1234 lum
400 1211 432 1235 et
447 1210 582 1241 terram;
601 1207 665 1236 iob.
685 1218 799 1244 xxxvii,
818 1209 870 1238 Tu
888 1209 1019 1239 forsitan
1038 1209 1209 1239 fabricatus
1227 1220 1260 1239 es
1277 1211 1392 1246 caelos,
1409 1226 1426 1239 2(

314 1256 370 1295 qui
396 1257 582 1287 solidissimi
600 1259 692 1298 quasi
717 1269 789 1290 aere
814 1259 937 1290 fundati
963 1258 1058 1291 sunt?
1082 1272 1123 1297 ps.
1143 1263 1194 1294 Qui
1213 1264 1272 1289 fecit
1292 1265 1392 1290 caelum

314 1316 340 1335 et
359 1315 464 1342 terram,
484 1320 556 1338 mare
576 1319 601 1337 et
620 1315 709 1339 omnia
730 1322 798 1347 quae
817 1315 843 1339 in
863 1316 901 1340 eis
921 1322 994 1347 sunt;
1015 1324 1087 1349 prov⁸
1109 1324 1163 1346 vni,
1186 1316 1298 1346 Quando
1318 1323 1392 1348 prae-

257 1363 423 1395 Llparnbet
441 1362 529 1388 caelos
543 1365 658 1395 aderam,
673 1373 733 1390 cum
747 1374 779 1391 eo
792 1374 863 1390 eram
883 1373 974 1391 cuncta
994 1375 1171 1400 componens;
1185 1376 1227 1400 ys.
1240 1375 1280 1397 xc,
1296 1368 1393 1392 Levate

67 3271 80 3282 ⁸
93 3266 148 3292 vid.
163 3271 193 3293 nd
209 3271 255 3293 loc.

313 1413 340 1439 in
359 1414 492 1439 excelsum
511 1416 604 1440 oculos
619 1422 722 1441 vestros
737 1422 763 1442 et
774 1417 860 1443 videte
874 1418 933 1450 quis
944 1419 1040 1443 creavit
1051 1418 1129 1449 haec;
1150 1418 1194 1442 ier.
1210 1426 1233 1450 x,
1253 1418 1393 1443 Prudentia

314 1473 362 1490 sua
381 1466 496 1491 extendit
516 1468 616 1496 caelos;
637 1473 662 1492 et
681 1469 753 1501 quod
767 1468 896 1493 inducitur
915 1468 957 1494 he.
977 1470 1070 1501 primo,
1091 1469 1178 1502 Opera
1199 1477 1324 1494 manuum
1338 1474 1393 1494 tua-

313 1524 373 1542 rum
388 1522 450 1542 sunt
462 1518 539 1547 caeli;
553 1526 589 1543 ac.
603 1526 663 1548 xvn,
676 1519 755 1550 Deus,
775 1520 820 1552 qui
840 1520 899 1545 fecit
913 1521 1049 1549 mundum,
1063 1521 1125 1544 caeli
1146 1526 1172 1544 et
1190 1526 1273 1544 terrae
1287 1528 1348 1544 cum
1363 1521 1395 1544 sit

314 1568 446 1598 dominus.
466 1574 513 1596 etc.
533 1567 551 1604 §
570 1566 760 1597 Excluditur
778 1573 885 1598 autem
901 1591 907 1598 .
923 1592 930 1598 .
945 1592 952 1598 .
971 1568 1121 1608 producit
1138 1569 1280 1598 animam
1297 1568 1394 1598 orbis.

314 1618 512 1658 inquantum
541 1628 618 1648 vero
647 1619 795 1659 intelligit
821 1629 853 1649 se
878 1621 894 1635 ὕ
923 1620 1074 1660 producit
1095 1623 1299 1656 intelligentiam
1321 1620 1395 1650 sub-

313 1670 464 1700 stantiam
491 1670 578 1699 orbis
605 1670 710 1709 primi.
741 1670 781 1700 Et
804 1671 850 1700 sic
869 1694 874 1700 .
890 1694 897 1700 .
912 1694 919 1701 .
938 1671 1106 1701 secundas.
1132 1672 1147 1687 *
1167 1673 1184 1709 ξ
1206 1671 1395 1701 Excluditur

315 1720 412 1751 etiam

314 1781 429 1812 magus
453 1771 552 1802 fuisse
576 1772 728 1802 inventor
744 1782 775 1801 -ut
797 1782 868 1809 patet
887 1777 912 1802 in
937 1777 1003 1802 libro
1030 1778 1061 1802 de
1087 1776 1250 1803 haeresibus.

520 1882 602 1922 Cap.
628 1883 739 1913 XLIII.
766 1883 863 1920 Quon
888 1893 990 1912 anaim
1017 1894 1192 1914 nisrixtrrio

419 1944 473 1963 izs‘r
498 1944 555 1964 pan
581 1944 721 1964 AMOUEM
746 1945 785 1964 ne
810 1944 957 1965 saeuums
983 1945 1154 1965 AGssx'rmus
1181 1945 1380 1966 isbucm'ran

586 1996 617 2015 isi
644 1995 803 2015 ‚warinnam
829 1996 974 2016 MVERSAS
1000 1996 1131 2016 ronnas.

330 1944 394 1964 NON

361 2079 463 2118 Quod
487 2090 596 2119 rerum
613 2080 778 2110 distinctio
797 2090 864 2110 non
883 2086 929 2110 est
954 2090 1011 2120 per
1027 2081 1169 2121 aliquem
1188 2082 1228 2112 de
1245 2083 1395 2112 secundis

316 2131 486 2171 agentibus
517 2131 726 2161 inducentem
760 2132 791 2161 in
821 2131 988 2162 materiam
1007 2136 1139 2168 proprias
1162 2133 1300 2163 diversas
1331 2132 1392 2162 for-

315 2191 394 2212 mas.
419 2199 441 2204 —
464 2182 581 2221 §Sunt
606 2188 714 2212 autem
741 2182 874 2221 quidam
899 2184 1047 2213 moderni
1072 2183 1223 2214 haeretici
1259 2185 1315 2224 qui
1347 2184 1393 2214 di-

315 2240 394 2264 cunt
419 2234 527 2264 Deum
548 2234 696 2264 omnium
723 2234 897 2264 visibilium
922 2245 1045 2265 creasse
1070 2236 1247 2270 materiam,
1265 2235 1320 2265 sed
1338 2245 1394 2275 per

314 2285 458 2326 aliquem
482 2285 633 2325 angelum
655 2295 757 2322 praeter
776 2289 822 2314 Dei
836 2291 890 2314 veri
905 2291 1066 2315 voluntatem
1087 2290 1222 2315 materiam
1242 2290 1392 2315 huiusmodi

313 2341 485 2366 secundum*
500 2341 616 2366 diversas
630 2341 728 2366 formas
753 2335 901 2380 (diversis
926 2338 1050 2380 formis)
1077 2338 1173 2368 fuisse
1199 2338 1391 2369 distinctam.

314 2387 453 2419 Cuius..
465 2412 471 2418 .
483 2398 550 2418 esse
562 2388 708 2419 formata.
729 2401 788 2417 cum
809 2389 916 2420 Omne
930 2389 1044 2429 (enim)
1059 2389 1149 2429 quod
1163 2389 1197 2419 fit
1210 2399 1248 2419 ex
1260 2391 1392 2420 materia

312 2441 553 2480 praeexistenti,
583 2446 715 2480 oportet
740 2451 777 2470 ex
809 2441 971 2471 contrario
1002 2440 1080 2471 fieri.
1114 2441 1316 2481 Impossibile
1345 2448 1392 2472 est

312 2489 410 2531 igitur
434 2491 525 2531 quod
550 2501 588 2521 ex
615 2491 748 2532 (aliqua)
775 2493 909 2521 materia
940 2493 1029 2532 prius
1057 2502 1074 2521 a
1106 2491 1178 2522 Deo
1207 2498 1312 2522 creata
1336 2503 1391 2523 an-

312 2542 404 2582 gelus
422 2542 538 2582 aliquis
555 2542 703 2572 caelestia
722 2552 860 2582 corpora
877 2542 1071 2573 formaverit.
1095 2546 1114 2582 ς
1130 2543 1291 2583 Amplius.
1309 2544 1391 2574 Cae-

312 2594 404 2625 lestia
428 2604 567 2634 corpora
592 2600 648 2624 aut
672 2595 704 2624 in
730 2595 819 2625 nulla
842 2595 974 2624 materia
995 2596 1196 2625 conveniunt
1220 2605 1295 2626 cum
1321 2606 1390 2626 cor-

313 2645 449 2685 poribus
465 2645 674 2676 inferioribus
693 2655 723 2674 ut
735 2650 802 2674 sorte
814 2650 910 2675 veritas
929 2649 1015 2679 habet,
1035 2653 1090 2676 aut
1106 2656 1173 2676 non
1191 2649 1392 2678 conveniunt

313 2696 347 2725 in
375 2695 485 2735 aliqua
514 2696 647 2726 materia
666 2699 786 2724 sensibili
804 2696 866 2725 nisi
896 2697 1008 2735 prima.
1044 2697 1117 2726 Non
1152 2698 1238 2727 enim
1331 2707 1390 2737 po-

312 2746 412 2776 tentia
438 2751 574 2776 tantum.
601 2746 710 2776 Omne
739 2747 826 2776 enirn
855 2755 923 2776 esse
952 2747 1012 2786 (in)
1045 2754 1118 2777 actu
1148 2754 1195 2777 est
1219 2748 1258 2777 ab
1283 2748 1391 2788 aliqua

313 2787 428 2827 forma.
446 2797 652 2837 Impossibile
665 2820 689 2827 ..
703 2821 709 2827 .
725 2797 922 2827 formaverit.
939 2799 956 2835 ,ξ
970 2798 1097 2828 Adhuc.
1114 2802 1154 2826 Ad
1169 2801 1218 2827 hoc
1232 2803 1304 2835 quod
1318 2803 1351 2827 sit
1363 2802 1391 2827 fit

313 2857 413 2878 omne
439 2848 529 2888 quod
554 2847 589 2877 fit
614 2847 667 2888 (ad
691 2848 755 2877 hoe
780 2847 815 2877 fit
840 2848 931 2887 quod
955 2847 1018 2888 sit.)
1047 2849 1102 2878 Est
1119 2849 1205 2879 enim
1224 2856 1389 2880 ...actus

314 2899 438 2940 (Unde)
462 2904 558 2928 restat
583 2908 670 2928 autem
697 2898 787 2938 quod
816 2900 1037 2938 compositum
1069 2901 1199 2939 proprie
1228 2901 1276 2930 sit.
1313 2901 1390 2930 Eius

312 2951 409 2991 igitur
427 2974 433 2980 .
448 2974 455 2980 .
469 2974 475 2980 .
496 2950 644 2980 formam.
669 2950 745 2980 Non
763 2956 810 2980 est
835 2951 930 2990 igitur
946 2951 1033 2980 aliud
1049 2961 1147 2991 agens
1164 2961 1274 2982 creans
1291 2958 1390 2982 mate·
1405 2971 1410 2975 -

303 3003 392 3032 -riarn
405 3011 432 3031 et
446 3006 514 3030 aliud
529 3000 646 3042 (solam
660 3007 691 3032 et
703 3001 803 3043 aliud)
816 3001 974 3032 inducens
988 3002 1136 3033 formam.
1150 3005 1168 3042 §
1182 3004 1271 3034 Item.
1287 3005 1392 3035 Prima

311 3053 459 3084 inductio
486 3053 663 3083 formarum
688 3054 720 3082 in
745 3053 878 3083 materia
902 3063 968 3083 non
994 3061 1102 3093 potest
1126 3065 1194 3084 esse
1216 3056 1255 3085 ab
1280 3056 1390 3096 aliquo

313 3112 426 3145 agente
452 3115 509 3145 per
533 3111 662 3135 motum
687 3111 823 3135 tantum.
842 3106 957 3135 Omnis
984 3108 1070 3136 enim
1096 3114 1204 3137 motus
1221 3115 1261 3136 est
1287 3112 1324 3136 ad
1346 3113 1390 3137 de-

311 3161 486 3188 terminatam
499 3161 622 3195 son-mam
651 3168 669 3185 a
688 3161 868 3186 determinata
874 3163 980 3194 sor-ma,
1003 3166 1041 3187 est
1062 3159 1100 3188 ad
1118 3159 1255 3190 formam
1282 3166 1328 3190 est
1353 3171 1389 3191 ex

312 3209 417 3240 forma
434 3209 646 3239 determinata
662 3209 695 3238 in
717 3208 855 3239 formam
881 3209 1126 3240 determinatam
1144 3211 1233 3251 (quia
1257 3213 1390 3241 materia

311 3271 379 3292 non
405 3267 512 3301 potest
533 3270 602 3291 esse
626 3261 748 3300 absque
766 3261 857 3290 omni
884 3260 986 3291 forma
1003 3261 1033 3302 ᾗ)
1060 3269 1090 3292 et
1115 3263 1159 3292 sic
1190 3267 1215 3290 in
1243 3267 1286 3291 tali
1317 3272 1389 3292 motu
1403 3271 1430 3289 ις.)

311 3314 587 3354 praesupponitur
604 3313 711 3353 aliqua
736 3313 840 3343 forma
865 3315 895 3343 in
922 3315 1064 3344 materia.
1085 3314 1148 3344 Sed
1173 3324 1271 3344 omne
1292 3325 1389 3354 agens

310 3357 383 3402 quoii
396 3377 448 3394 non
463 3373 503 3394 est
514 3377 577 3395 crea
591 3365 630 3395 ad
643 3364 782 3395 formam
797 3365 914 3405 (solam
927 3365 1139 3404 materialem)
1155 3372 1283 3405 oportet
1300 3366 1390 3406 quod

311 3418 351 3448 sit
366 3427 465 3458 agens
482 3427 539 3457 per
556 3424 685 3447 motum
704 3421 752 3444 nisi
767 3421 799 3444 sit
813 3428 911 3446 creans.
925 3421 993 3453 quia.
1013 3428 1072 3445 cum
1086 3420 1139 3445 fieri
1153 3419 1270 3453 (proprie
1283 3426 1308 3445 et
1321 3422 1389 3454 prin-

311 3472 438 3506 cipaliter)
457 3481 510 3498 non
530 3473 564 3497 sit
583 3472 736 3502 formarum,
756 3478 783 3497 ut
801 3478 938 3497 ostensum
959 3478 1006 3499 est.
1027 3478 1131 3505 oportet
1149 3474 1220 3505 quod
1240 3474 1280 3497 vel
1304 3478 1387 3498 toturn

442 1741 494 1751 ....
518 1721 662 1760 angelos
700 1720 803 1751 Cuius
837 1723 953 1752 erroris
989 1722 1106 1752 dicitur
1137 1723 1243 1762 primo
1278 1731 1393 1762 symon
1412 1739 1435 1757 ῳ

1445 246 1517 267 mae
1541 239 1705 270 sensibiles
1725 252 1777 270 non
1797 244 1858 273 nisi
1882 243 2097 276 mediantibus
2117 247 2332 280 determinatis
2353 253 2516 293 principiis

1446 290 1632 328 suppositi5‚
1657 292 1739 322 sicut
1756 295 1905 325 animalia
1923 297 2080 335 quaedam
2105 308 2171 329 non
2198 299 2279 331 fiunt
2295 302 2311 318 ὕ
2328 303 2387 332 nisi
2411 313 2448 334 ex
2466 315 2514 335 se-

1446 341 1543 371 mine.
1570 342 1674 373 Prima
1693 368 1699 373 .
1715 368 1721 374 .
1738 368 1744 374 .
1763 352 1900 377 creante.
1926 347 1944 387 g
1961 348 2052 379 Item.
2077 350 2166 380 Sicut
2190 351 2274 382 idem
2293 377 2299 383 .
2315 377 2321 383 .
2337 377 2344 383 .
2363 356 2460 385 totius
2485 363 2516 387 et

1448 393 1553 430 partis.
1573 393 1679 424 Partes
1696 402 1803 426 autem
1821 398 1937 428 horum
1955 401 2186 438 generabilium
2203 409 2235 432 et
2259 407 2515 445 corruptibilium

1415 458 1422 477 ς
1447 450 1641 482 generantur
1665 448 1866 486 acquirentes
1884 449 2002 480 formas
2019 451 2051 480 in
2076 458 2147 482 actu
2166 463 2183 483 a
2199 453 2311 485 formis
2335 466 2418 496 quae
2442 465 2516 489 sunt

1448 503 1479 523 in
1505 497 1646 532 materia,
1672 508 1739 528 non
1764 506 1871 530 autem
1897 511 1922 532 a,
1942 501 2053 532 formis
2078 510 2162 534 extra
2186 507 2351 537 materiam
2381 510 2516 540 existen-

1448 545 1542 581 tibus,
1565 553 1594 574 ut
1610 552 1679 582 prob
1701 559 1775 580 cum
1796 558 1944 590 oporteat
1962 564 2000 589 ag
2018 563 2174 593 generans
2199 566 2267 587 esse
2286 559 2395 605 simile
2418 570 2516 600 gene-

1448 596 1515 631 rati,
1534 604 1568 626 ut
1593 599 1707 637 probat
1728 601 1941 642 philosophus
1958 604 1990 633 in
2006 615 2049 635 vn
2066 608 2205 647 metaph.
2223 609 2338 649 Neque
2355 612 2470 651 igitur.
2486 636 2492 643 .
2508 637 2515 644 .

1449 648 1496 677 vel
1533 658 1550 677 a
1586 658 1724 686 creante,
1761 654 1815 691 qui
1852 666 1903 682 non
1923 659 1975 690 agit
1994 667 2039 692 per
2059 666 2158 686 motum
2177 661 2254 699 {agit
2292 662 2358 691 sine
2398 664 2515 703 motu).

1409 715 1432 728 ω
1447 700 1464 736 ξ
1481 699 1607 731 Adhuc.
1633 702 1722 732 Sicut
1747 714 1813 734 esse
1900 709 2074 738 materiam.
2109 714 2250 740 Causalitas
2277 717 2352 748 igitur
2375 718 2517 746 formai-um

1448 753 1529 784 prima
1560 751 1677 789 (Prima
1703 754 1798 793 igitur
1821 757 1987 787 causalitas
2011 757 2200 803 formarum)
2222 765 2360 795 maxime
2385 773 2431 797 est
2454 769 2518 807 pri-

1449 809 1519 830 mae
1545 811 1659 833 causae
1684 806 1893 837 attribuenda.
1918 809 2110 849 §Amplius
2136 812 2221 843 Cum
2246 825 2412 848 omne...
2431 828 2517 850 crea—

1449 858 1551 882 torem
1570 856 1717 885 omnium
1736 857 1852 888 Deum.
1874 860 1891 897 §
1909 859 1949 889 Et
1966 861 2038 891 inde
2056 869 2101 892 est
2119 864 2207 903 quod
2224 866 2263 896 ad
2280 868 2517 901 excludendum

1449 903 1543 933 istum
1563 914 1702 936 errorem
1719 917 1791 947 gen.
1809 910 1915 948 primo
1934 921 2072 951 moyses,
2090 920 2261 955 postquam
2279 917 2398 949 dixerat
2411 920 2518 952 Deum

1410 969 1430 987 ις
1450 957 1538 981 omnia
1558 956 1589 985 in
1616 957 1775 997 principio
1801 960 1926 991 caelum
1958 969 1988 992 et
2019 959 2134 994 terram
2163 975 2295 1003 creasse,
2320 970 2426 1000 subdit
2451 981 2517 1011 quo

1449 1005 1549 1035 modo
1586 1009 1693 1037 omnia
1734 1010 1765 1039 in
1807 1012 1950 1050 proprias
1982 1016 2104 1054 species
2141 1015 2310 1048 formando
2335 1024 2482 1051 distinxerat
2503 1028 2519 1043 2

1451 1056 1664 1099 (distinxerit.)
1691 1059 1730 1088 Et
1748 1062 1914 1100 apostolus
1931 1063 2007 1094 dicit
2024 1069 2114 1100 primo
2131 1068 2192 1097 col.
2219 1069 2324 1108 primo
2343 1094 2349 1100 .
2365 1094 2371 1101 .
2387 1095 2393 1101 .
2410 1073 2519 1103 invisi-

1449 1107 1533 1137 bilia.
1554 1111 1571 1144 ξ
1584 1112 1625 1136 Sic
1639 1113 1716 1145 igitur
1730 1115 1876 1147 praedictus
1893 1124 1964 1142 error
1983 1119 2126 1144 rationibus
2146 1127 2172 1146 et
2190 1123 2339 1149 auctoritate
2357 1126 2520 1160 sufficienter

1449 1169 1536 1195 aperte
1556 1163 1717 1189 convincitur
1735 1173 1794 1190 esse
1814 1166 1904 1191 falsus.

1514 1258 1593 1297 Cap.
1619 1259 1730 1289 XLIV.
1756 1260 1853 1297 Quon
1879 1271 2053 1293 Disrrxcmo
2078 1274 2181 1295 RERUM
2206 1277 2269 1297 xor<
2294 1279 2457 1302 PROCESSlT

1593 1319 1630 1339 ex
1650 1319 1830 1340 MERITORUM
1847 1322 1905 1342 var.
1923 1323 2145 1345 namnniromni
2162 1327 2372 1351 mvsasmira.

1584 1382 1815 1422 Fragmentum
1845 1394 1885 1414 ex
1916 1386 2129 1426 Autographo
2161 1390 2386 1423 Ambrosiano.

1409 1482 1431 1502 25
1493 1467 1593 1504 Quod
1611 1467 1772 1498 distinctio
1792 1492 1798 1498 .
1814 1493 1820 1498 .
1835 1493 1840 1499 .
1859 1469 2049 1502 diversitate.
2066 1491 2087 1495 —
2105 1475 2121 1512 §
2139 1474 2233 1505 Nunc
2253 1484 2398 1517 superest
2415 1502 2421 1509 .
2440 1504 2446 1510 .
2462 1504 2468 1510 .
2486 1487 2522 1511 ut

1450 1518 1558 1556 posuit
1583 1518 1738 1558 Origenes
1755 1521 1786 1549 in
1804 1521 1886 1551 libro
1902 1524 2112 1563 peryarchon.
2138 1525 2259 1556 Volens
2276 1529 2361 1560 enim
2378 1532 2521 1563 resistere

1450 1569 1659 1608 antiquorum
1685 1571 1920 1603 haereticorum
1939 1573 2177 1607 obiectionibus
2195 1584 2226 1608 et
2245 1581 2405 1612 erroribus
2425 1587 2523 1612 scilicet

1451 1622 1616 1652 marchionis.
1638 1624 1803 1650 valentiniani
1827 1632 1852 1652 et
1877 1627 1992 1653 basilidis
2018 1627 2072 1665 qui
2097 1628 2267 1659 ostendere
2287 1635 2414 1661 ⁴volebant
2440 1634 2522 1665 nite-

1451 1670 1566 1700 bantur
1591 1670 1747 1701 diversam
1773 1679 1917 1704 naturam
1944 1676 2020 1706 boni
2052 1684 2082 1707 et
2110 1680 2184 1710 mali
2215 1690 2283 1712 esse
2307 1683 2339 1713 in
2365 1685 2460 1716 rebus
2484 1695 2522 1716 ex

1451 1721 1616 1750 contrariis
1641 1722 1813 1758 actoribus,
1839 1731 1970 1764 propter
1989 1727 2124 1758 multam
2142 1729 2323 1763 distantiam
2338 1737 2364 1762 in
2384 1739 2462 1764 rebus
2475 1736 2523 1766 in-

1453 1777 1579 1801 ventam
1604 1778 1669 1802 tam
1695 1774 1726 1802 in
1752 1775 1846 1804 rebus
1870 1778 2067 1808 naturalibus
2085 1789 2182 1819 quam
2201 1783 2231 1812 in
2249 1784 2342 1814 rebus
2362 1786 2522 1824 humanis,

1451 1832 1549 1862 quam
1567 1824 1654 1854 nulla
1672 1826 1783 1855 merita
1805 1829 2015 1866 praecessisse
2033 1831 2190 1870 videntur,
2211 1841 2241 1862 ut
2261 1834 2408 1878 (scilicet)
2435 1839 2524 1877 quod

1452 1874 1609 1914 quaedam
1635 1886 1772 1916 corpora
1797 1885 1871 1908 sunt
1895 1880 2011 1917 lucida,
2037 1884 2195 1922 quaedam
2221 1887 2367 1924 obscura,
2392 1890 2523 1929 quidam

1451 1926 1599 1956 homines
1625 1938 1661 1957 ex
1687 1929 1836 1966 barbaris,
1867 1932 1998 1970 quidam
2031 1944 2068 1964 ex
2101 1936 2277 1968 christianis
2298 1947 2446 1969 nascantur
2468 1952 2523 1972 na-

1412 1993 1431 2010 33
1451 1984 1593 2014 sciantur,
1620 1985 1751 2009 coactus
1776 1986 1822 2010 est
1846 1991 1968 2021 ponere
1994 1994 2125 2015 omnem
2145 1987 2359 2021 diversitatem
2379 1991 2411 2020 in
2427 1993 2524 2022 rebus

1450 2028 1642 2059 *inventam
1668 2039 1705 2060 ex
1730 2030 1909 2062 diversitate
1934 2035 2121 2066 meritorum
2147 2039 2325 2069 secundum
2351 2040 2410 2071 Dei
2434 2042 2524 2073 iusti-

1447 2079 1524 2123 tiam
1558 2082 1760 2120 processisse.
1794 2082 1878 2113 Dicit
1910 2085 1995 2115 enim
2015 2109 2021 2116 .
2037 2109 2043 2116 .
2059 2110 2064 2116 .
2084 2088 2115 2117 in
2144 2089 2276 2120 statibus
2308 2090 2448 2123 diversis.
2483 2093 2524 2124 Et

1450 2137 1582 2171 propter
1598 2131 1812 2163 diversitatem
1830 2136 2035 2167 rationalium
2053 2145 2269 2171 creaturarum
2290 2145 2377 2171 Deum
2397 2143 2524 2175 dicebat

1450 2181 1664 2213 diversitatem
1685 2187 1711 2211 in
1731 2195 1796 2220 corp
1816 2186 2034 2225 corporalium
2063 2196 2280 2222 creaturarum
2303 2192 2410 2223 Deum
2434 2195 2523 2225 insti-

1448 2234 1556 2269 tuisse,
1574 2239 1609 2263 ut
1625 2235 1839 2266 nobilioribus
1857 2238 2047 2277 corporibus
2063 2241 2238 2272 nobiliores
2254 2244 2432 2283 spirituales
2449 2246 2524 2276 sub-

1448 2286 1581 2314 stantiae
1606 2285 1866 2326 adiungerentur,
1893 2293 1908 2323 †
1921 2300 1981 2318 cum
1993 2297 2020 2319 et
2033 2295 2048 2326 †
2066 2298 2101 2321 ut
2118 2292 2332 2325 diversimode
2349 2298 2524 2336 corporalis

1449 2342 1592 2367 creatura
1624 2338 1838 2378 spiritualium
1873 2342 2122 2373 substantiarum
2147 2343 2319 2376 diversitati
2339 2351 2433 2375 deserv
2452 2349 2523 2388 qui-

1448 2387 1585 2418 buslibet
1603 2389 1708 2419 modis
1721 2390 1788 2420 aliis
1806 2391 1986 2423 deserviret.
2004 2394 2022 2431 §
2035 2398 2123 2424 Huius
2138 2394 2255 2437 (Haec)
2273 2403 2381 2431 autem
2393 2403 2523 2435 opinionis

1448 2440 1590 2479 (opinio)
1612 2444 1709 2469 falsitas
1730 2441 1820 2482 (falsa
1846 2443 1926 2485 esse)
1949 2445 2117 2476 manifeste
2134 2448 2346 2479 convincitur.
2367 2455 2434 2478 Cum
2454 2455 2524 2479 enim

1410 2503 1429 2523 ,ς
1447 2494 1518 2519 Deus
1531 2496 1619 2521 omnia
1628 2501 1735 2529 propter
1748 2505 1823 2522 suam
1837 2498 1911 2523 faciat
1921 2499 2071 2531 bonitatem,
2086 2501 2162 2533 <cum
2177 2510 2227 2526 non
2242 2502 2276 2527 sit
2288 2503 2370 2536 alius>
2390 2502 2469 2537 (quae
2483 2509 2524 2530 est

1408 2250 1434 2269 40

1445 2546 1577 2572 obiectum
1592 2547 1627 2579 et)
1646 2547 1705 2572 finis
1725 2556 1788 2573 suae
1809 2549 1947 2580 <bonitatis
1962 2551 2033 2583 sive>
2053 2553 2192 2578 voluntatis
2213 2555 2308 2586 <quam
2324 2554 2380 2579 eius
2395 2555 2523 2588 bonitas),

1446 2598 1510 2622 illud
1527 2598 1617 2626 solum
1637 2599 1662 2623 in
1681 2599 1761 2624 rebus
1780 2608 1810 2625 ex
1830 2601 1914 2634 prima
1938 2602 1984 2627 Dei
2004 2603 2146 2628 intentione
2174 2604 2303 2629 invenitur
2322 2606 2392 2638 quod
2407 2609 2523 2639 propter

1445 2649 1529 2674 solum
1550 2650 1635 2674 solam
1654 2650 1702 2675 Dei
1721 2651 1862 2677 bonitatem
1882 2661 1987 2678 causam
2005 2654 2090 2682 habet.
2110 2655 2219 2688 Propter
2236 2657 2321 2682 solam
2340 2663 2426 2684 autem
2447 2667 2521 2685 suam

1446 2701 1587 2726 bonitatem
1617 2701 1676 2727 fecit
1697 2702 1777 2733 Deus,
1802 2709 1831 2728 ut
1855 2705 1921 2736 orig.
1945 2705 2012 2735 dicit,
2035 2712 2166 2732 creaturas
2192 2709 2331 2734 rationales
2357 2718 2370 2734 a
2395 2710 2522 2744 principio

1405 2761 1431 2779 50
1445 2757 1540 2775 omnes
1565 2751 1697 2783 aequales,
1721 2751 1840 2776 ordinem
1865 2760 1928 2777 vero
1954 2754 2108 2779 diversitatis
2137 2761 2312 2782 creaturarum
2337 2766 2390 2783 non
2415 2764 2523 2792 propter

1445 2807 1520 2825 suam
1537 2802 1620 2825 solam
1635 2810 1710 2826 suam
1724 2802 1877 2833 bonitatem,
1890 2804 1938 2828 sed
1956 2809 2064 2837 propter
2082 2813 2156 2830 suam
2170 2806 2311 2832 bonitatem
2324 2809 2403 2834 simul
2417 2814 2443 2834 et
2460 2818 2522 2844 pro-

1445 2856 1502 2883 pter
1526 2852 1644 2878 diversos
1670 2859 1758 2878 morus
1784 2854 1975 2880 rationabilium
2002 2861 2187 2884 creaturarum.
2207 2858 2355 2883 Secundum
2374 2859 2424 2884 hoc
2444 2860 2522 2892 igitur

1445 2904 1510 2928 ordo
1536 2904 1692 2930 diversitatis
1718 2913 1806 2930 rerum
1832 2913 1885 2930 non
1908 2912 1948 2931 est
1967 2907 1999 2931 de
2026 2907 2108 2939 prima
2131 2907 2178 2932 Dei
2201 2907 2352 2940 intentione,
2371 2910 2419 2934 sed
2444 2912 2520 2943 quasi

1446 2955 1478 2979 de
1497 2956 1658 2981 secundaria.
1677 2957 1734 2982 Hoc
1753 2962 1840 2982 autem
1859 2963 1900 2982 est
1913 2958 2084 2991 impossibile,
2104 2959 2164 2991 quia
2184 2956 2316 2993 Quanto
2335 2957 2449 3000 (enim)
2464 2958 2519 2988 ali·

1446 3002 1524 3043 quid
1543 3015 1558 3032 e
1577 3010 1624 3033 est
1641 3005 1756 3034 melius
1773 3006 1805 3035 in
1823 3005 2000 3042 effectibus,
2018 3011 2107 3036 tanto
2126 3012 2172 3036 est
2188 3007 2276 3046 prius
2289 3008 2320 3037 in
2338 3009 2519 3040 intentione

1446 3055 1578 3094 agentis.
1612 3054 1783 3094 Optimum
1812 3061 1919 3086 autem
1949 3057 1981 3086 in
2013 3057 2106 3086 rebus
2140 3058 2253 3087 creatis
2285 3064 2332 3087 est
2360 3058 2518 3098 perfectio

1445 3112 1471 3136 in
1493 3107 1643 3142 universi,
1661 3116 1744 3146 quae
1759 3108 1904 3137 consistit
1920 3108 1951 3137 in
1970 3108 2083 3137 ordine
2099 3111 2253 3137 diversitatis
2270 3107 2518 3152 (distinctarum)

1445 3168 1562 3193 rerum,
1582 3161 1652 3187 sicut
1670 3161 1740 3186 enim
1754 3162 1803 3186 bon
1819 3159 1850 3188 in
1868 3159 2020 3188 omnibus
2037 3160 2122 3189 enim
2140 3159 2296 3199 perfectio
2313 3161 2411 3191 totius
2427 3171 2518 3201 prae-

1444 3211 1546 3240 minet
1559 3209 1751 3249 perfectioni
1765 3209 1963 3249 singularum
1980 3211 2129 3249 partium.
2143 3214 2201 3239 Non
2221 3210 2319 3250 Igitur
2331 3211 2518 3243 diversitas*

1445 3271 1551 3291 rerum
1585 3263 1635 3301 (ex
1670 3261 1840 3301 principali
1870 3261 2049 3291 intentione
2081 3262 2174 3301 primi
2206 3261 2340 3304 agentis)
2368 3264 2518 3303 provenit

1446 3311 1542 3353 (non)
1557 3322 1594 3342 ex
1609 3311 1789 3342 diversitate
1806 3312 2008 3342 meritorum.
2025 3313 2041 3328 ᾗ
2058 3311 2087 3352 (ἓ
2095 3312 2221 3342 Adhuc.
2240 3312 2272 3343 Si
2289 3322 2404 3344 omnes
2417 3337 2424 3344 .
2439 3337 2446 3343 .
2462 3337 2468 3344 .
2483 3319 2518 3344 ut

1444 3374 1540 3404 supra
1566 3364 1732 3393 ostensum
1759 3361 1829 3402 est.)
1859 3363 1875 3379 ÷÷
1891 3364 1909 3401 §
1925 3363 2085 3402 Amplius.
2111 3363 2210 3400 Quod
2235 3370 2281 3393 est
2370 3365 2517 3395 volunta-

1445 3422 1520 3445 tem.
1547 3415 1656 3444 Motus
1681 3414 1766 3443 enim
1794 3414 1977 3449 voluntatis,
2003 3415 2069 3444 sive
2092 3415 2184 3444 liberi
2209 3415 2338 3451 arbitrii,
2364 3425 2517 3456 praesup—

1445 3467 1538 3506 ponit
1570 3466 1771 3495 existentiam
1805 3465 1943 3496 volentis
1962 3476 2030 3502 quae
2049 3470 2106 3494 sine
2125 3469 2293 3495 naturalibus
2314 3470 2370 3495 eius
2388 3478 2445 3496 esse
2463 3478 2516 3496 non

1407 3018 1428 3037 35

311 3524 490 3556 compositum
509 3528 619 3553 creetur,
634 3524 674 3548 vel
694 3522 738 3548 fiat
758 3524 933 3556 compositum
947 3531 992 3555 per
1005 3524 1247 3548 transmutationem
1268 3525 1390 3549 materiae
1403 3528 1426 3552 65
1440 3524 1531 3552 potest
1566 3517 1604 3546 ad
1636 3526 1733 3556 quam
1769 3517 1838 3546 eius
1869 3516 2026 3546 naturalia
2057 3517 2237 3556 exiguntur.
2270 3517 2302 3547 Si
2333 3518 2430 3558 igitur
2459 3527 2517 3558 per

312 3576 344 3600 de
356 3575 442 3600 forma
455 3575 479 3599 in
500 3574 623 3599 formam.
636 3574 800 3607 Impossibile
816 3580 856 3598 est
869 3574 945 3606 igitur
957 3574 1029 3606 quod
1043 3579 1154 3606 ponatur
1167 3582 1236 3598 unus
1250 3580 1351 3599 creator
1364 3581 1390 3599 et

311 3626 377 3651 alius
396 3625 524 3651 formator
542 3626 692 3650 visibilium.
713 3620 813 3662 (Cum
837 3622 922 3651 enim
949 3621 1070 3651 formae
1085 3645 1090 3651 .
1107 3645 1113 3651 .
1129 3645 1135 3651 .
1151 3628 1275 3651 creator
1299 3632 1389 3652 com-

311 3672 433 3714 positi.)
458 3674 476 3711 §
493 3672 620 3703 Adhuc.
647 3673 757 3703 Motus
782 3672 820 3702 ad
849 3672 984 3702 formam
1011 3678 1056 3701 est
1081 3673 1239 3711 posterior
1262 3679 1388 3702 natura-

311 3726 382 3755 liter
401 3731 495 3755 motu
519 3724 700 3755 secundum
725 3724 846 3759 locum,
873 3734 946 3754 cum
972 3724 1010 3753 sit
1031 3730 1119 3753 actus
1145 3724 1244 3762 magis
1270 3724 1387 3763 imper-

312 3776 388 3807 fecti
411 3780 527 3813 perfecta
551 3780 621 3804 enim
642 3785 703 3804 sunt
727 3780 814 3811 priora
840 3780 989 3803 naturaliter
1015 3779 1172 3811 imperfectis
1202 3776 1250 3814 (ut
1275 3775 1388 3814 probat

310 3828 552 3869 philosophus).
589 3828 772 3858 Posteriora
805 3834 912 3858 autem
933 3851 938 3857 .
955 3851 960 3857 .
977 3851 982 3856 .
1001 3826 1162 3856 mediante
1177 3861 1183 3864 .
1196 3833 1288 3856 motu
1318 3836 1387 3855 cae-

311 3880 392 3910 lesti.
422 3880 467 3909 Ea
497 3880 594 3919 igitur
625 3889 708 3919 quae
739 3889 804 3909 non
835 3885 971 3919 possunt
1004 3878 1069 3908 fieri
1103 3877 1264 3907 mediante
1295 3883 1387 3907 motu

311 3930 451 3967 caelesti,
469 3941 536 3961 non
562 3937 700 3970 possunt
717 3930 785 3960 fieri
803 3931 842 3959 ab
859 3930 969 3970 aliquo
987 3937 1099 3969 agente
1118 3930 1171 3968 qui
1191 3938 1256 3958 non
1282 3934 1388 3968 potest

310 3991 404 4022 agere
421 3983 482 4012 nisi
496 3992 552 4022 per
565 3970 692 4012 motum
707 3981 850 4022 (qualem
864 3988 994 4022 oportet
1007 4005 1013 4011 .
1026 3977 1051 4011 Γ.
1062 3987 1228 4011 ostensum
1241 3979 1310 4019 est.)
1331 3980 1389 4010 Per

312 4039 439 4063 motum
458 4039 565 4063 autem
585 4034 754 4063 caelestem
780 4043 847 4063 non
873 4039 1009 4073 possunt
1027 4032 1161 4073 produci
1179 4032 1298 4061 multae
1325 4031 1388 4060 for·
1404 4045 1414 4064 7

1445 3575 1571 3598 motum
1590 3569 1678 3598 liberi
1698 3569 1816 3598 arbitrii
1832 3568 2018 3608 acquisita*
2039 3574 2086 3598 est
2110 3573 2244 3598 diversitas
2265 3569 2423 3610 (diversus
2447 3579 2516 3609 gra-

1445 3619 1517 3654 dus)
1536 3619 1741 3649 rationalium
1767 3624 1995 3655 creaturarum,
2012 3619 2090 3650 nulli
2116 3625 2278 3650 creaturae
2295 3620 2442 3650 rationali
2459 3620 2516 3650 erit

1443 3680 1520 3700 suus
1541 3679 1624 3699 status
1644 3669 1788 3710 (gradus)
1806 3670 1968 3706 naturalis,
1994 3669 2049 3700 sed
2074 3670 2288 3700 accidentalis.
2314 3670 2387 3700 Hoc
2408 3675 2516 3700 autem

1444 3729 1490 3752 est
1508 3722 1707 3761 impossibile
1734 3721 1821 3762 (curn
1848 3722 1934 3751 enim
1959 3721 2135 3752 differentia
2161 3721 2310 3761 specifica
2329 3722 2369 3752 sit
2391 3722 2515 3752 unicui—

1403 3787 1428 3806 70
1444 3783 1507 3812 que
1525 3772 1690 3810 naturalis)
1709 3773 1854 3812 sequitur
1873 3776 1941 3800 enim
1963 3771 2052 3811 quod
2069 3781 2183 3802 omnes
2202 3772 2398 3802 substantiae
2421 3773 2515 3801 ratio-

1443 3824 1530 3854 nales
1556 3830 1680 3854 creatae
1705 3825 1767 3853 sint
1792 3825 1887 3854 unius
1913 3824 2042 3864 speciei,
2059 3823 2180 3854 scilicet
2197 3824 2311 3863 angeli,
2329 3824 2514 3858 daemones,

1445 3882 1474 3905 et
1494 3880 1554 3904 hom
1575 3876 1700 3905 animae
1726 3876 1887 3905 humanae
1912 3881 1943 3905 et
1966 3875 2092 3905 animae
2118 3875 2302 3905 caelestium
2328 3883 2514 3914 corporum,

1445 3935 1527 3965 quae
1557 3926 1635 3965 orig.
1666 3926 1805 3955 animata
1830 3926 1982 3965 ponebat.
2012 3926 2052 3955 Et
2076 3926 2139 3955 hoc
2172 3935 2239 3955 esse
2269 3924 2384 3954 falsum
2412 3923 2515 3954 diver-

1444 3979 1518 4008 sitas
1543 3979 1709 4007 actionum
1738 3977 1932 4007 naturalium
1964 3977 2117 4007 declarat:
2149 3986 2215 4006 non
2249 3976 2333 4005 enim
2358 3981 2405 4006 est
2428 3975 2515 4006 idem

1419 4045 1426 4063 5
1769 4049 1788 4070 a:
1870 4049 1890 4070 ae
1971 4049 1991 4070 :r
2072 4049 2091 4069 a:
2174 4048 2193 4069 a:

2445 172 2516 208 53*
2554 218 2558 220 μ

2542 307 2713 334 Autog.Ambr.
2724 307 2729 328 i
2743 313 2754 326 v

2541 339 2553 353 a
2570 340 2588 354 i.

2546 1031 2555 1040 ·
2571 1030 2622 1051 Vid.
2635 1031 2662 1051 ad
2677 1031 2723 1051 loc.

2550 1490 2723 1517 Autog.Ambr.
2733 1490 2739 1510 i
2749 1496 2756 1510 i

2549 1522 2562 1536 a
2571 1521 2610 1544 35-
2616 1522 2639 1543 p.
2649 1516 2698 1544 368.

2552 2056 2686 2077 lb.ivb¹.

2545 3227 2554 3236 ·
2570 3226 2623 3248 vid.
2638 3226 2666 3247 ad
2682 3227 2726 3249 loc.

2546 3320 2716 3347 Autog.Ambi·.
2729 3320 2756 3340 iv

2545 3347 2559 3367 b
2572 3351 2618 3373 mg.
2634 3346 2675 3368 inf.

2545 3382 2579 3403 lb.
2595 3382 2608 3402 b
2623 3388 2658 3410 35.

2546 3579 2552 3586 ¹
2568 3577 2628 3597 Casu
2649 3582 2693 3597 non
2709 3582 2756 3596 cor-

2544 3603 2625 3634 rigitur
2638 3603 2660 3633 in
2677 3603 2756 3630 acqui·

2545 3629 2668 3651 xllu5.Vld.
2676 3628 2702 3649 ad
2711 3631 2754 3650 loc.
