2768 4134
6 697 35 711 ‘⁴¹
49 695 107 724 Cap.
116 700 176 718 xm.

824 296 1014 334 SUMMA
1044 297 1267 336 CONTRA
1295 298 1571 346 GENTILES,
1603 299 1714 337 CAP.
1734 300 1902 337 XXVIII.

265 383 388 413 totam
416 375 569 413 essendi
597 381 847 425 potestatem:
877 374 986 421 sicut,
1017 375 1047 412 si
1076 384 1174 413 esset
1211 377 1340 427 aliqua

265 428 406 466 albedo
449 436 641 479 separata,
678 427 774 465 nihil
812 427 847 464 ei
884 428 933 465 de
975 428 1115 466 virtute
1153 430 1340 467 albedinis

265 482 400 520 deesse
432 490 578 532 posset;
609 493 703 519 nam
737 480 851 518 alicui
887 481 975 519 albo
1011 482 1156 532 aliquid
1188 484 1237 521 de
1265 483 1340 520 vir-

265 543 346 573 tute
370 535 559 573 albedinis
582 535 690 572 deest
708 547 756 572 ex
776 534 926 572 defectu
955 535 1170 586 recipientis
1198 536 1341 574 albedi-

266 601 373 637 nem,
392 600 494 639 quae
514 600 605 626 eam
625 587 847 626 secundum
866 589 1032 626 modurn
1055 602 1173 627 suurn
1195 589 1340 640 recipit,

266 650 304 680 et
322 642 481 680 fortasse
499 654 582 679 non
601 641 821 678 secundum
844 649 971 679 totum
998 655 1114 692 posse
1142 642 1340 680 albedinis.

266 696 375 734 Deus
403 695 527 744 igitur,
557 694 626 745 qui
654 702 711 732 est
739 707 856 732 suum
885 707 980 742 esse,
1001 704 1044 733 ut
1069 708 1187 746 supra
1204 695 1225 718 *
1252 707 1342 745 pro-

265 749 403 787 batum
422 756 489 796 est,
509 748 627 786 habet
651 760 734 785 esse
763 749 982 786 secundum
1009 757 1131 787 totam
1159 748 1343 786 virtutem

266 801 387 853 ipsius
416 814 512 839 esse.
542 802 637 839 Non
665 809 791 852 potest
811 814 901 851 ergo
921 814 1051 840 carere
1075 802 1204 852 aliqua
1231 801 1342 839 nobi-

266 855 367 894 litate
397 867 499 905 quae
527 854 642 893 alicui
669 854 723 893 rei
751 855 969 893 conveniat.

321 908 429 948 Sicut
457 916 590 946 autem
618 908 746 947 omnis
774 907 953 946 nobilitas
979 915 1016 945 et
1041 907 1223 957 perfectio
1246 907 1344 945 inest

266 962 322 1001 rei
340 962 561 1001 secundum
575 962 686 1013 quod
700 970 768 1007 est,
783 961 835 1000 ita
853 961 982 1000 omnis
1001 961 1173 998 defectus
1192 960 1290 998 inest
1309 961 1344 998 ei

266 1017 486 1055 secundum
505 1016 619 1067 quod'
635 1015 850 1066 aliqualiter
867 1026 949 1052 non
968 1021 1035 1051 est.
1066 1014 1174 1052 Deus
1198 1022 1342 1062 autem,

266 1070 364 1108 sicut
382 1070 500 1108 habet
519 1082 603 1108 esse
621 1069 795 1115 totaliter,
811 1068 863 1106 ita
881 1067 930 1105 ab
950 1079 998 1105 eo
1017 1067 1182 1105 totaliter
1199 1067 1344 1106 absistit

266 1136 348 1162 non
377 1136 476 1162 esse:
507 1122 600 1172 quia
627 1134 699 1173 per
726 1121 894 1159 modum
913 1133 984 1171 per
1003 1133 1124 1171 quem
1143 1121 1260 1159 habet
1278 1121 1343 1159 ali-

266 1177 364 1228 quid
391 1189 487 1223 esse,
508 1175 639 1214 deficit
657 1188 681 1213 a
699 1187 782 1213 non
811 1187 906 1212 esse.
937 1175 972 1211 A
990 1175 1077 1213 Deo
1097 1187 1188 1224 ergo
1215 1175 1344 1213 omnis

266 1228 438 1269 defectus
457 1229 614 1268 absistit.
635 1229 705 1267 Est
723 1227 837 1277 igitur
854 1227 1122 1266 universaliter
1140 1230 1342 1279 perfectus,

321 1285 387 1322 Illa
412 1295 510 1334 vero
537 1294 640 1333 quae
667 1290 820 1320 tantum
848 1290 950 1328 sunt,
980 1294 1061 1319 non
1085 1291 1175 1320 sunt
1203 1282 1344 1333 imper-

249 1335 541 1398 -fecta'propter
558 1335 893 1386 imperfectionem
913 1335 1034 1385 ipsius
1054 1348 1137 1374 esse
1161 1336 1342 1374 absoluti:

266 1403 350 1431 non
363 1402 471 1429 emm
485 1401 570 1441 ipsa
583 1389 730 1428 habent
743 1401 827 1427 esse
847 1389 1066 1427 secundum
1081 1402 1198 1427 suurn
1218 1398 1345 1428 totum

265 1457 396 1497 posse,
425 1444 495 1482 sed
522 1443 753 1495 participant
781 1455 864 1480 esse
898 1455 969 1493 per
1003 1443 1203 1493 quendam
1230 1443 1345 1494 parti-

267 1499 441 1538 c‘ularern
468 1497 637 1536 modum
665 1505 702 1534 et
730 1496 1121 1547 imperfectissimum.

321 1553 429 1591 Item.
467 1551 599 1590 Omne
627 1550 899 1601 imperfectum
933 1550 982 1588 ab
1017 1550 1148 1600 aliquo
1176 1550 1345 1600 perfecto

267 1616 426 1645 necesse
453 1610 512 1643 ‘est
539 1612 582 1644 ut
609 1604 879 1655 praecedatur:
909 1615 1046 1641 semen
1079 1603 1185 1641 enim
1213 1612 1269 1641 est
1297 1603 1346 1642 ab

268 1658 428 1704 animali
454 1659 519 1696 vel
547 1671 571 1697 a
597 1659 740 1709 planta.
770 1657 887 1707 Igitur
913 1657 1088 1707 primum
1107 1670 1177 1695 ens
1196 1665 1347 1707 oportet

268 1725 353 1752 esse
372 1711 710 1764 perfectissimum.
732 1711 948 1750 Ostensum
976 1719 1033 1748 est
1060 1718 1193 1749 autem
1216 1712 1348 1749 Deum

268 1779 353 1806 esse
381 1766 569 1817 primum.
585 1778 655 1804 ens
669 1765 700 1803 *.
730 1765 799 1803 Est
826 1764 941 1814 igitur
967 1764 1279 1815 perfectissimus.

322 1819 515 1871 Amplius.
563 1818 888 1869 Unumquodque
929 1818 1144 1869 perfectum
1191 1826 1247 1856 est
1292 1818 1348 1855 in-

268 1882 463 1925 quantum
482 1881 539 1912 est
557 1880 663 1920 actu;
685 1872 958 1923 imperfectum
977 1880 1109 1910 autem
1129 1872 1348 1910 secundum

269 1927 379 1979 quod
397 1935 454 1966 est
471 1926 645 1977 potentia
663 1938 756 1964 cum
775 1924 992 1976 privatione
1021 1933 1140 1963 actus
1171 1925 1214 1963 Id
1236 1925 1350 1974 igitur

269 1981 380 2032 quod
407 1981 515 2018 nullo
545 1979 667 2018 modo
696 1987 753 2016 est
784 1978 824 2016 in
859 1978 1032 2029 potentia
1060 1979 1127 2016 sed
1157 1987 1214 2016 est
1241 1987 1349 2016 actus

269 2046 406 2086 puru8‚
436 2041 590 2085 oportet
616 2032 941 2084 perfectissimum
969 2043 1064 2069 esse.
1093 2033 1190 2070 Tale
1216 2040 1348 2070 autem

269 2089 379 2127 Deus
407 2095 464 2126 est
476 2087 508 2125 *.
539 2087 608 2125 Est
636 2086 750 2135 igitur
777 2085 1088 2136 perfectissimus,

325 2140 518 2192 Amplius.
547 2139 657 2178 Nihil
684 2139 759 2189 agit
786 2139 860 2177 nisi
892 2139 1112 2177 secundum
1149 2138 1258 2189 quod
1293 2146 1350 2176 est

270 2194 312 2234 in
339 2202 440 2233 actu.
477 2193 589 2232 Actio
618 2193 733 2242 igitur
759 2192 1012 2243 consequitur
1046 2192 1214 2230 modum
1242 2200 1349 2230 actus

270 2249 312 2288 in
339 2256 488 2298 agente.
518 2246 760 2298 Impossibile
780 2254 836 2284 est
855 2246 968 2296 igitur
985 2246 1170 2284 effectum
1189 2245 1258 2296 qui
1281 2258 1351 2296 per

271 2302 464 2341 actionem
495 2300 685 2348 educitur,
715 2312 799 2338 esse
828 2300 868 2337 in
896 2299 1078 2338 nobiliori
1113 2307 1200 2337 actu
1229 2311 1351 2349 quam

272 2356 320 2395 sit
347 2363 455 2394 actus
483 2354 643 2404 agentis:
673 2353 856 2404 possibile
883 2361 939 2391 est
957 2361 1091 2391 tamen
1109 2360 1240 2390 actum
1260 2352 1351 2390 effe-

2414 300 2462 348 87

1394 377 1544 424 dicitur,
1574 385 1616 415 ut
1644 390 1691 415 ex
1725 377 1833 415 dictis
1851 378 1871 400 ’¹‘
1898 386 2012 428 patet,
2042 391 2065 416 a
2092 391 2173 428 quo
2202 386 2292 416 sunt
2326 391 2464 417 omnes

1395 442 1467 475 res,
1488 438 1531 467 ut
1549 430 1589 467 in
1608 431 1858 480 sequentibus
1871 431 1892 453 ²⁸³
1911 432 2145 469 ostendetur.
2170 432 2335 482 Oportet
2353 432 2466 482 igitur

1395 483 1583 533 quicquid
1603 491 1690 520 actu
1709 491 1765 520 est
1789 483 1828 520 in
1848 496 2097 534 quacumque
2126 498 2166 523 re
2195 485 2279 533 alia,
2300 486 2463 524 inveniri

1396 535 1436 573 in
1456 536 1542 574 Deo
1562 537 1686 573 multo
1715 536 1946 574 eminentius
1966 550 2087 587 quam
2106 538 2152 575 sit
2171 538 2210 575 in
2229 551 2268 576 re
2288 539 2361 586 illa,
2382 552 2463 578 non

1363 603 1374 624 x
1396 596 1529 626 autem
1548 601 1569 626 e
1588 601 1790 627 converso.
1813 590 1880 626 Est
1898 589 2011 639 igitur
2029 591 2136 628 Deus
2154 592 2462 641 perfectissimus.

1450 643 1557 679 Item.
1587 643 1630 679 In
1658 654 1902 692 unoquoque
1930 655 2069 692 genere
2093 652 2148 681 est
2171 645 2315 694 aliquid
2343 647 2463 696 perfe-

1396 694 1612 732 ctissimum
1645 694 1686 732 in
1717 706 1857 744 genere
1885 695 1962 744 illo,
1991 697 2041 734 ad
2068 698 2176 747 quod
2204 698 2336 736 omnia
2364 712 2464 750 quae

1397 755 1488 785 sunt
1502 748 1601 785 illius
1614 748 1764 797 generis
1779 758 2068 788 mensurantur:
2090 751 2182 800 quia
2196 763 2243 788 ex
2257 764 2304 789 eo
2323 765 2464 790 unum·

1397 801 1585 852 quodque
1614 801 1828 840 ostenditur
1854 802 1975 852 magis
2003 805 2066 841 vel
2097 804 2227 842 minus
2254 806 2465 854 perfectum

1358 868 1384 883 ¹⁰
1398 867 1494 901 esse,
1524 856 1631 905 quod
1660 855 1710 893 ad
1738 868 1965 894 mensuram
1993 857 2053 894 sui
2080 857 2229 906 generis
2257 858 2378 907 magis
2406 861 2467 897 vel

1398 908 1530 946 minus
1564 909 1869 959 appropinquat3
1907 909 2005 947 sicut
2041 912 2175 948 album
2212 911 2350 949 dicitur
2385 925 2466 949 esse

1398 974 1582 1000 mensura
1602 962 1641 1000 in
1660 962 1846 1001 omnibus
1873 963 2081 1011 coloribus,
2102 972 2139 1002 et
2157 965 2353 1003 virtuosus
2372 965 2469 1003 inter

1399 1027 1538 1053 omnes
1566 1016 1746 1054 homines
1764 1016 1796 1054 ²¹³.
1826 1017 1868 1054 Id
1897 1025 2029 1055 autem
2057 1018 2165 1068 quod
2198 1026 2254 1056 est
2285 1031 2468 1056 mensura

1399 1069 1580 1107 omnium
1595 1069 1744 1107 entium
1759 1082 1839 1108 non
1854 1078 1980 1120 potest
1994 1083 2078 1109 esse
2092 1071 2198 1109 aliud
2211 1084 2332 1122 quam
2347 1073 2466 1119 Deus,

1360 1135 1382 1156 ις
1399 1122 1467 1172 qui
1494 1131 1550 1160 est
1568 1135 1686 1161 suum
1714 1136 1809 1161 esse.
1838 1124 1913 1175 Ipsi
1941 1124 2054 1174 igitur
2081 1126 2187 1163 nulla
2213 1126 2321 1163 deest
2347 1126 2467 1176 perfe-

1399 1176 1574 1214 ctionum
1603 1189 1704 1227 quae
1733 1177 1926 1227 aliquibus
1955 1178 2070 1216 rebus
2098 1179 2347 1217 conveniant:
2377 1179 2468 1217 alias

1399 1242 1481 1268 non
1510 1238 1607 1268 esset
1635 1243 1815 1268 ommum
1843 1232 2065 1269 communis
2093 1244 2288 1270 mensura.

1454 1283 1556 1321 Hinc
1575 1291 1631 1321 est
1650 1284 1770 1334 quod,
1790 1296 1883 1322 curn
1902 1293 2104 1334 quaereret
2118 1287 2276 1336 Moyses
2295 1285 2468 1324 divinam

1399 1336 1531 1374 videre
1559 1336 1697 1375 faciem
1732 1349 1801 1375 seu
1836 1338 2010 1386 gloriam,
2039 1351 2272 1389 responsum
2301 1347 2357 1376 est
2384 1339 2418 1376 ei
2446 1352 2469 1377 a

1359 1403 1387 1418 ²0
1399 1389 1586 1437 Domino,
1605 1392 1692 1441 Ego
1720 1391 1910 1428 ostendam
1938 1394 2004 1429 tibi
2030 1405 2141 1430 omne
2168 1395 2319 1439 bonum,
2340 1400 2383 1430 ut
2401 1393 2468 1430 ha-

1400 1444 1513 1481 betur
1530 1445 1654 1482 Exod.
1675 1441 1866 1491 mmmm,
1893 1457 1963 1494 per
1986 1446 2062 1483 hoc
2081 1446 2177 1483 dans
2205 1445 2409 1494 intelligere
2430 1446 2469 1483 in

1400 1509 1441 1534 se
1461 1497 1590 1535 omnis
1609 1497 1789 1535 bonitatis
1807 1497 2090 1547 plenitudinem
2110 1511 2203 1536 esse.
2219 1522 2244 1525 —
2259 1499 2469 1549 Dionysius

1401 1550 1528 1595 etiam,
1558 1550 1598 1588 in
1617 1563 1641 1587 v
1660 1563 1743 1600 cap.
1774 1552 1819 1588 de
1837 1552 1922 1589 Div.
1943 1552 2060 1589 Nom.
2075 1551 2108 1599 ³¹²,
2137 1551 2242 1589 dicit:
2265 1554 2366 1590 Deus
2394 1565 2468 1590 non

1402 1605 1564 1655 quodam
1599 1605 1710 1642 modo
1743 1610 1795 1641 est
1826 1607 1995 1651 existens,
2024 1605 2090 1642 sed
2114 1606 2328 1655 simpliciter
2355 1612 2388 1643 et
2416 1608 2470 1643 in-

1361 1676 1386 1696 as
1401 1659 1718 1708 circumscriptive
1734 1663 1849 1695 totum
1869 1670 1946 1695 esse
1964 1660 2001 1695 in
2021 1660 2139 1708 sezpso
2159 1661 2298 1709 accepit
2317 1665 2350 1696 et
2359 1672 2471 1709 prae-

1402 1713 1555 1762 accepit.

1458 1764 1671 1803 Sciendum
1698 1772 1830 1802 tamen
1858 1772 1914 1802 est
1941 1764 2050 1814 quod
2073 1764 2254 1815 perfectio
2277 1765 2362 1802 Deo
2383 1777 2472 1802 con-

1403 1818 1603 1856 venienter
1629 1817 1784 1856 attribui
1812 1830 1893 1855 non
1921 1826 2047 1868 potest
2074 1818 2105 1855 si
2134 1818 2303 1856 nominis
2332 1818 2472 1868 signifi-

1404 1872 1503 1910 catio
1522 1879 1715 1922 quantum
1734 1872 1784 1909 ad
1807 1871 1867 1909 sui
1891 1871 2079 1920 originem
2105 1872 2335 1909 attendatur:
2366 1872 2473 1922 quod

1364 1940 1390 1961 ³⁰
1404 1925 1510 1963 enirn
1527 1927 1678 1975 factum
1711 1937 1792 1963 non
1825 1933 1891 1971 est,
1922 1937 1994 1963 nec
2017 1926 2229 1975 perfectum.
2254 1937 2370 1975 posse
2398 1925 2473 1962 dici

1403 1979 1567 2016 videtur.
1599 1979 1676 2017 Sed
1705 1978 1797 2028 quia
1825 1990 1944 2016 omne
1973 1979 2081 2028 quod
2102 1978 2156 2025 fit,
2177 1978 2226 2015 de
2245 1978 2415 2028 potentia
2433 1978 2473 2015 in

1403 2040 1534 2070 actum
1549 2032 1763 2070 deductum
1777 2039 1833 2068 est
1845 2039 1883 2068 et
1897 2031 1945 2069 de
1960 2043 2042 2069 non
2056 2043 2139 2069 esse
2157 2031 2197 2069 in
2216 2043 2299 2069 esse
2314 2031 2472 2081 quando

1403 2085 1548 2123 factum
1563 2093 1630 2132 est,
1641 2093 1738 2124 ‚tunc
1753 2092 1853 2123 recte
1867 2085 2081 2135 perfectum
2100 2096 2182 2122 esse
2197 2084 2346 2132 dicitur,
2363 2085 2473 2134 quasi

1403 2140 1562 2177 totaliter
1578 2139 1743 2188 factum,
1772 2139 1932 2188 quando
1960 2138 2132 2188 potentia
2157 2137 2320 2175 totaliter
2347 2145 2403 2175 est
2423 2139 2473 2176 ad

1365 2211 1388 2232 ες
1404 2200 1536 2230 actum
1564 2192 1732 2239 reducta,
1752 2199 1796 2229 ut
1814 2191 1909 2229 nihil
1933 2192 1981 2229 de
2005 2204 2086 2229 non
2110 2203 2192 2229 esse
2216 2191 2385 2238 retineat,
2406 2192 2474 2229 sed

1406 2246 1546 2283 habeat
1574 2258 1656 2283 esse
1683 2246 1933 2295 completum.
1964 2246 2038 2282 Per
2056 2245 2254 2295 quandam
2274 2244 2387 2293 igitur
2405 2257 2474 2282 no-

1406 2298 1522 2336 minis
1545 2298 1811 2336 extensionem
1834 2299 2043 2348 perfectum
2073 2297 2211 2335 dicitur
2237 2310 2318 2335 non
2347 2299 2475 2335 solum

1406 2353 1515 2402 quod
1542 2351 1676 2390 fiendo
1703 2351 1879 2401 pervenit
1906 2351 1956 2389 ad
1984 2359 2114 2389 actum
2137 2353 2387 2400 completum,
2408 2351 2475 2388 sed

272 2417 357 2449 ctus
385 2408 711 2460 imperfectiorem
740 2420 824 2446 esse
852 2419 974 2457 quam
1002 2406 1048 2444 sit
1076 2414 1184 2444 actus
1212 2418 1351 2444 causae
1407 2405 1446 2444 id
1466 2405 1583 2444 etiarn
1601 2405 1711 2455 quod
1729 2412 1785 2442 est
1803 2404 1843 2442 in
1862 2413 1950 2442 actu
1978 2406 2172 2455 completo
2201 2404 2347 2454 absque
2368 2404 2476 2442 omni

273 2463 430 2514 agentiS‚
460 2475 508 2500 eo
537 2462 646 2512 quod
675 2461 774 2499 actio
802 2468 929 2511 potest
956 2459 1144 2498 debilitari
1173 2472 1219 2497 ex
1244 2467 1352 2510 parte
1366 2459 1582 2499 mfactione.
1623 2460 1672 2496 Et
1699 2459 1753 2496 sic
1781 2459 1911 2496 Deum
1943 2459 2156 2508 perfectum
2188 2470 2271 2495 esse
2299 2458 2474 2503 dicimus,

274 2517 358 2556 eius
377 2516 417 2554 in
436 2516 547 2567 quod
564 2515 805 2553 terminatur.
835 2516 878 2552 In
901 2526 1041 2564 genere
1061 2521 1190 2551 autem
1212 2525 1352 2551 causae
1408 2513 1627 2550 secundum
1662 2511 1756 2549 illud
1783 2513 1918 2550 Matth.
1943 2510 2022 2549 v⁴⁸:
2052 2514 2176 2549 Estote
2202 2513 2362 2560 perfecti
2386 2514 2477 2549 sicut

275 2569 475 2609 efficientis
489 2569 533 2607 fit
546 2569 721 2607 reductio
737 2569 786 2606 ad
806 2580 929 2606 unam
949 2580 1109 2605 causam
1124 2579 1225 2617 quae
1245 2567 1353 2604 Deus

328 2693 346 2717 4
366 2684 448 2718 deest]
469 2685 563 2710 deesse
581 2689 669 2718 potest
687 2684 773 2710 οιΕΡε.
872 2684 942 2708 Ante
966 2682 1113 2716 recipientis
1138 2682 1164 2707 in
1191 2683 1215 2706 A
1239 2682 1346 2706 deletur

276 2728 309 2755 ¹7
328 2720 469 2755 perfectus]
489 2720 633 2754 perfectum
652 2728 678 2744 α.
762 2718 796 2745 ι8
815 2719 862 2744 llla
879 2720 901 2743 A
920 2719 1006 2748 solus3
1026 2719 1085 2743 Ista.

1171 2725 1205 2742 20
1223 2724 1301 2742 suum
1320 2716 1363 2742 hic
1376 2716 1457 2745 NYZ;
1473 2718 1538 2747 post
1554 2720 1646 2740 totum.

1409 2572 1442 2603 et
1469 2568 1582 2603 Pater
1608 2572 1727 2603 vester
1754 2566 1916 2603 caelestis
1939 2566 2127 2614 perfectus
2154 2570 2215 2602 est.

1370 2680 1525 2713 capacitatis.
1627 2679 1640 2704 5
1661 2678 1738 2713 quae]
1764 2679 1808 2712 qui
1832 2678 1983 2704 DEGsFPc.
2083 2686 2098 2711 7
2118 2678 2205 2712 suum]
2225 2683 2309 2704 totum
2331 2686 2409 2703 suum
2428 2679 2475 2704 Pd.

1734 2714 1766 2739 23
1786 2714 1818 2739 ab
1837 2715 1925 2746 aliquo
1943 2714 2059 2747 perfecto
2079 2722 2187 2739 necesse
2205 2719 2246 2739 est
2262 2719 2291 2739 ut
2309 2715 2477 2747 praecedatur

275 2756 419 2788 DEGNW3
438 2757 514 2782 nb...
533 2756 690 2789 procedatur
703 2755 734 2786 Y,
750 2756 827 2781 ab...
845 2755 970 2788 procedat
984 2754 1029 2786 Zb,
1049 2761 1158 2779 necesse
1177 2758 1218 2778 est
1236 2757 1264 2777 ut
1282 2750 1322 2786 (ut
1340 2752 1372 2776 ab
1392 2750 1474 2784 BHX)
1493 2751 1580 2784 aliquo
1599 2750 1714 2783 perfecto
1732 2750 1887 2782 procedatur
1904 2748 2039 2782 (procedat
2056 2749 2091 2782 X)
2111 2757 2136 2781 α,
2150 2757 2259 2774 necesse
2278 2755 2318 2774 est
2336 2749 2367 2774 ab
2387 2750 2475 2782 aliquo

274 2793 391 2827 perfecto
409 2793 552 2826 procedere
571 2792 614 2817 Pc.

275 2828 302 2854 in
319 2829 437 2862 potentia
455 2828 529 2854 NZP.

274 2864 504 2897 perfectissimum.

708 2798 742 2822 ²4
760 2791 830 2816 enim
849 2797 893 2815 om
913 2797 938 2815 α.

623 2826 654 2852 33
674 2826 746 2851 Deus
766 2831 806 2851 est
823 2827 847 2851 Α
865 2825 951 2855 solus3
970 2830 1011 2850 est
1030 2825 1111 2850 Deus.

1025 2789 1057 2814 25
1077 2787 1189 2822 oportet]
1210 2788 1288 2813 debet
1306 2787 1367 2812 cPc.

1211 2824 1259 2848 Est
1277 2821 1362 2856 igitur]
1382 2822 1460 2855 igitur
1477 2826 1518 2847 est
1537 2822 1598 2853 αΡο,
1617 2822 1693 2854 igitur
1712 2821 1744 2852 G,
1763 2821 1834 2846 Deus
1853 2820 1929 2853 igitur
1953 2826 1993 2846 est
2010 2820 2053 2845 W.

1465 2794 1497 2818 27
1516 2791 1558 2812 est
1571 2790 1637 2818 post
1654 2786 1732 2819 igitur
1749 2785 1812 2811 «Pe.
1910 2792 1942 2819 29
1962 2784 2028 2818 actu]
2048 2785 2074 2810 in
2093 2791 2150 2810 actu
2170 2785 2221 2810 NZ.
2301 2784 2333 2809 30
2352 2784 2473 2818 potentia]

2144 2820 2346 2853 perfectissimus
2364 2820 2475 2850 GWsY;

597 2862 631 2894 34
649 2862 770 2895 Amplius
789 2863 813 2886 A
831 2861 916 2891 solun
935 2860 1038 2886 Adhuc.
1059 2860 1095 2885 Et
1113 2860 1176 2884 bene
1195 2859 1310 2892 quidem.
1332 2858 1406 2883 Inter
1424 2858 1474 2883 hoc
1491 2857 1562 2882 enim
1585 2860 1774 2891 argumentum
1793 2859 1820 2882 er
1834 2856 2001 2888 praecedens
2019 2856 2046 2880 in
2065 2857 2088 2880 A
2107 2856 2211 2882 deletur
2228 2859 2416 2889 argumentum
2435 2856 2475 2881 in-

275 2899 377 2932 cipiens
393 2906 445 2932 per
456 2899 608 2933 formulam
628 2897 734 2926 Adhuc;
753 2897 792 2923 sic
809 2904 873 2922 casu
887 2896 995 2930 sactum
1015 2899 1055 2921 est
1075 2899 1105 2920 ut
1122 2895 1165 2920 hic
1184 2895 1238 2920 duo
1256 2897 1419 2927 argumenta
1437 2893 1567 2927 contigua
1584 2893 1619 2918 ab
1637 2893 1730 2918 eadem
1744 2893 1876 2926 formula,
1895 2892 2024 2924 Amplius,
2044 2891 2182 2924 incipiant,
2204 2891 2281 2917 unico
2300 2891 2423 2924 exemplo
2449 2891 2475 2916 in

277 2939 500 3003 ωωὸοειριξῖἓιυίἀ]
521 2969 593 3002 quod
618 2968 743 3002 quicquid
762 2967 853 2993 GZPc.
943 2975 960 3001 9
979 2967 1022 2991 vel
1042 2967 1063 2991 Α
1083 2966 1167 2996 solus;
1187 2971 1222 2990 et.

277 3006 331 3031 niat
347 3005 467 3031 DNYPc.
567 3003 600 3029 18
619 3002 766 3037 quaereret]
787 3007 941 3036 quereretur
959 3010 985 3027 οι.
1087 3009 1120 3033 24
1139 3006 1166 3026 et
1182 3009 1225 3026 om
1245 3008 1286 3026 ac.

279 3041 312 3067 36
330 3041 408 3075 igitur
427 3041 450 3065 A
468 3040 553 3071 solun
572 3044 670 3064 autem.

1312 2965 1455 2998 perfectum
1471 2969 1536 2997 post
1553 2971 1613 2990 esse
1632 2964 1681 2989 αἱ).

1775 2971 1808 2989 ιο
1826 2962 1878 2997 vel}
1903 2969 1929 2988 et
1951 2962 2057 2988 oeNZPc.

2149 2961 2182 2988 16
2201 2961 2362 2996 conveniant]
2383 2969 2475 2987 conve-

1389 3000 1422 3025 30
1440 3008 1520 3033 posse
1540 3003 1606 3033 post
1630 2999 1678 3025 dici
1703 2999 1816 3025 BFYPc.

1917 2998 1946 3024 31
1968 2999 1993 3023 in
2012 3003 2098 3023 actum
2114 3002 2178 3031 post
2198 2999 2337 3024 deductum
2357 3003 2396 3023 est
2415 2998 2477 3023 αΡε.

1042 3126 1379 3160 Commenta-ia
1408 3125 1720 3158 Fax-ramensis

336 3246 485 3268 osteum
508 3235 733 3267 determinavit
757 3234 894 3266 Sanctus
918 3233 1064 3264 Thomas
1088 3232 1128 3264 de
1152 3233 1356 3274 simplicitate

283 3249 455 3318 PdIvina,
472 3291 512 3312 ex
537 3290 602 3322 qua
625 3280 736 3311 haberi
759 3284 867 3320 potest
889 3277 967 3319 quid
989 3278 1032 3308 sit
1054 3278 1154 3314 Deus,
1175 3277 1356 3308 secundum

282 3326 373 3367 quod
389 3337 407 3357 a
422 3327 518 3357 nobis
534 3325 690 3366 cognosci
709 3329 826 3365 potest,
843 3333 932 3354 nunc
955 3323 1070 3363 incipit
1093 3322 1132 3353 de
1155 3321 1356 3362 perfectione

240 3389 253 3405 ,-
281 3371 391 3402 divina
414 3370 638 3406 determinare,
655 3379 713 3410 per
729 3368 820 3409 quod
836 3367 1016 3398 ostenditur
1031 3367 1138 3408 qualis
1153 3367 1196 3397 sit
1210 3368 1236 3397 ’ἱ
1262 3366 1358 3397 Circa

202 3406 254 3449 ’Τ
281 3416 347 3447 hoc
361 3421 472 3447 autem
488 3415 555 3447 duo
572 3414 662 3446 facit:
682 3415 801 3455 primo,
819 3412 858 3444 de
874 3412 1074 3453 perfectione
1091 3411 1237 3442 absolute
1254 3411 1357 3442 deter-

281 3461 398 3498 minat;
415 3460 561 3492 secundo
574 3459 615 3491 de
630 3458 885 3500 perfectionibus
897 3457 1152 3498 particularibus,
1162 3465 1232 3496 cap.
1241 3466 1357 3486 xxxvn.

339 3505 434 3537 Circa
456 3506 601 3546 primum
623 3505 683 3535 tria
706 3503 796 3535 facit:
820 3503 939 3543 primo,
964 3501 1003 3532 de
1027 3501 1135 3531 divina
1157 3499 1358 3541 perfectione

283 3549 489 3586 determinat;
514 3548 671 3585 secundo,
693 3547 733 3579 de
757 3546 966 3579 similitudine
990 3551 1152 3577 creaturae
1176 3544 1216 3575 ad
1239 3545 1358 3581 Deum,

283 3604 368 3635 quae
392 3604 431 3626 ex
454 3595 510 3626 tali
534 3593 734 3635 perfectione
757 3593 899 3628 resultat,
916 3601 986 3632 cap.
1003 3590 1166 3631 sequenti;
1190 3590 1296 3625 tertio,
1319 3589 1358 3620 de

283 3640 420 3670 vocibus
437 3640 555 3680 quibus
572 3638 715 3670 diversae
738 3636 954 3678 perfectiones
979 3635 1105 3666 divinae
1129 3633 1359 3675 significantur,

286 3693 356 3724 cap.
373 3694 445 3715 xxx·

1465 3232 1559 3263 Circa
1575 3233 1719 3272 primum
1735 3231 1801 3262 duo
1818 3230 1907 3262 facit:
1932 3231 2048 3271 primo,
2068 3230 2183 3270 probat
2199 3229 2305 3259 Deum
2322 3238 2389 3259 esse
2405 3229 2477 3259 uni·

1408 3277 1571 3308 versaliter
1586 3276 1781 3317 perfectum;
1799 3275 1954 3311 secundo,
1968 3274 2107 3306 excludit
2123 3273 2258 3304 dubium
2275 3272 2440 3313 quoddam
2449 3274 2476 3303 ἦ

1465 3322 1488 3352 1.
1516 3321 1674 3361 Proponit
1705 3330 1781 3361 ergo
1812 3321 1918 3360 primo
1950 3319 2204 3354 conclusionem,
2237 3317 2345 3348 dicens
2377 3317 2476 3358 quod,

1409 3366 1483 3397 licet
1514 3375 1552 3396 ea
1579 3375 1662 3406 quae
1690 3371 1765 3395 sunt
1795 3370 1827 3395 et
1853 3365 1965 3395 vivunt
1998 3364 2060 3394 sint
2092 3362 2282 3403 perfectiora
2315 3371 2414 3402 quam
2441 3372 2478 3392 ea

1410 3420 1494 3451 quae
1524 3416 1599 3440 sunt
1629 3415 1765 3445 tantum,
1789 3410 1879 3440 Deus
1909 3414 2025 3443 tamen,
2053 3408 2109 3448 qui
2131 3412 2178 3438 est
2201 3407 2302 3447 ipsum
2330 3416 2407 3442 esse,
2432 3412 2479 3437 est

1411 3455 1641 3486 universaliter
1656 3464 1712 3485 ens
1730 3454 1930 3496 perfectum:
1954 3453 2042 3488 idest,
2058 3452 2119 3482 sibi
2142 3461 2206 3482 non
2230 3451 2318 3482 deest
2339 3451 2479 3482 alicuius

1409 3500 1542 3541 generis
1566 3499 1728 3530 nobilitas.

1466 3544 1519 3575 Ad
1550 3543 1743 3574 evidentiam
1774 3552 1888 3573 eorum
1918 3550 2000 3582 quae
2029 3541 2082 3571 hic
2113 3539 2273 3575 dicuntur,
2305 3545 2478 3580 antequam

1411 3589 1567 3629 probetur
1590 3588 1768 3623 conclusio,
1792 3585 2061 3617 considerandum
2077 3590 2124 3615 est
2144 3585 2261 3625 primo,
2286 3583 2377 3624 quod
2400 3594 2479 3620 esse,

1412 3632 1593 3664 secundum
1617 3641 1828 3663 communem
1851 3631 2009 3661 rationem
2025 3639 2127 3665 suam,
2144 3628 2286 3659 diversos
2309 3628 2425 3669 gradus
2449 3634 2479 3659 et

1412 3677 1628 3718 perfectiones
1652 3676 1778 3707 essendi
1802 3676 1945 3710 continet
1961 3675 2020 3705 sub
2037 3683 2084 3705 se:
2110 3674 2192 3704 sicut
2207 3673 2322 3704 albedo
2339 3673 2480 3704 diversos

2491 387 2500 396 ·
2516 386 2573 414 Cap.
2583 392 2633 408 ¹111.

2491 433 2501 442 ·
2516 431 2567 453 Lib.
2579 431 2608 458 11,
2618 438 2656 453 xv.

2495 1020 2541 1042 '111
2552 1020 2635 1048 Ethic„
2645 1027 2674 1046 ιν,
2700 1038 2705 1048 ‚

2495 1053 2517 1097 is.
2529 1046 2674 1099 sshsiffffi.
2683 1064 2706 1096 8'.

2496 1554 2505 1564 '
2520 1552 2544 1575 S.
2560 1552 2604 1576 Th.
2620 1552 2635 1575 l.
2649 1559 2668 1574 ι.

2505 3275 2514 3285 ’
2529 3274 2566 3296 Cf.
2582 3281 2605 3296 n.
2616 3280 2647 3295 vr.
