2768 4134
829 293 1017 331 SUMMA
1047 296 1268 336 CONTRA
1296 299 1573 349 GENTILES,
1603 301 1713 339 CAP.
1734 303 1940 341 LXXXIV.

289 371 465 408 cundum
494 373 571 409 hoc
598 379 730 409 autem
759 371 868 420 quod
902 372 1047 421 aliquid
1083 385 1269 424 repugnat
1304 390 1361 414 ra·

288 423 384 461 tioni
413 425 510 462 entis
539 424 773 474 inquantum
801 424 1040 471 huiusmodi,
1069 440 1150 465 non
1178 438 1303 478 potest
1322 430 1361 467 in

289 489 336 514 eo
366 478 504 516 salvari
533 478 743 515 similitudo
777 476 894 527 primi
930 491 1023 525 esse,
1053 480 1193 518 scilicet
1227 482 1359 530 divini,

289 531 398 580 quod
427 539 483 568 est
510 532 596 569 fons
625 531 790 568 essendi.
826 531 921 568 Non
949 540 1074 581 potest
1108 533 1221 582 igitur
1254 537 1360 573 Deus

288 585 386 621 velle
416 584 561 634 aliquid
581 585 690 634 quod
718 593 907 634 repugnat
926 585 1064 622 rationi
1084 587 1179 624 entis
1198 588 1360 638 inquan-

288 645 373 674 tum
402 637 642 675 huiusmodi.
673 637 780 675 Sicut
808 646 939 675 autem
960 639 1095 676 rationi
1117 641 1285 678 hominis
1306 643 1360 679 in-

289 698 482 740 quantum
505 698 563 727 est
587 691 712 728 homo
732 699 922 741 repugnat
950 703 1033 728 esse
1061 692 1290 741 irrationale,
1311 695 1362 733 ita

289 743 427 781 rationi
442 744 540 780 entis
554 744 789 793 inquantum
809 745 1036 782 huiusmodi
1053 756 1239 795 repugnat
1254 750 1361 797 quod

289 796 433 847 aliquid
453 797 500 834 sit
518 797 635 835 simul
654 810 723 835 ens
742 806 779 836 et
798 810 879 836 non
899 810 979 835 ens,
1001 799 1094 835 Non
1109 808 1233 848 potest
1252 800 1364 849 igitur

289 851 396 888 Deus
414 851 513 888 velle
541 851 650 901 quod
679 851 885 890 affirmatio
914 859 952 889 et
979 851 1130 900 negatio
1151 853 1224 890 sint
1248 853 1363 892 simul
1379 873 1404 887 ιο

288 915 416 941 verae.
446 904 534 942 Hoc
562 913 695 942 autem
723 904 934 943 includitur
956 904 996 942 in
1016 905 1125 943 omni
1144 918 1214 955 per
1233 919 1272 944 se
1292 908 1363 945 im-

288 957 473 1007 possibili,
503 959 612 1008 quod
639 958 690 995 ad
723 959 895 1008 seipsum
924 959 1220 1008 repugnantiam
1249 961 1364 998 habet

289 1010 523 1060 inquantum
565 1011 911 1049 contradictionem
952 1012 1133 1062 implicat.
1176 1014 1364 1052 Voluntas

289 1064 402 1113 igitur
420 1065 493 1102 Dei
518 1077 598 1102 non
617 1073 744 1115 potest
772 1077 855 1103 esse
883 1077 955 1115 per
982 1077 1022 1102 se
1051 1065 1362 1116 impossibilium.

345 1188 359 1206 2
378 1181 456 1216 entia]
476 1182 534 1207 eiua
554 1189 580 1207 α.
673 1180 687 1206 3
706 1180 811 1215 salvari]
830 1181 929 1206 servari
949 1181 997 1207 Pd.

2407 306 2482 344 233

1470 379 1659 428 Amplius.
1689 382 1876 418 Voluntas
1904 394 1984 419 non
2013 391 2068 420 est
2096 383 2168 420 nisi
2196 383 2356 422 alicuius
2390 386 2484 423 boni

1416 431 1603 470 intellecti.
1634 434 1731 471 Illud
1759 434 1871 482 igitur
1898 436 2005 484 quod
2032 448 2114 474 non
2141 437 2241 474 cadit
2268 437 2308 475 in
2341 438 2484 476 intelle—

1417 493 1534 532 ctum,
1565 498 1645 523 non
1674 494 1800 536 potest
1826 488 1964 525 cadere
1992 488 2030 525 in
2059 491 2310 528 voluntatem.
2341 492 2417 529 Sed
2438 505 2484 530 ea

1417 550 1517 587 quae
1546 547 1635 576 sunt
1664 540 1882 577 secundum
1902 553 1942 577 se
1962 541 2212 591 impossibilia
2235 556 2316 581 non
2341 546 2485 582 cadunt

1384 603 1393 623 ε
1417 591 1456 628 in
1476 592 1721 640 intellectum,
1737 605 1829 630 curn
1849 593 1919 630 sibi
1938 593 2029 643 ipsis
2049 605 2276 644 repugnent:
2298 597 2370 635 nisi
2388 599 2483 636 forte

1415 656 1486 693 per
1500 657 1671 683 errorem
1691 658 1772 683 non
1792 646 2030 695 intelligentis
2045 660 2175 685 rerum
2193 650 2481 699 proprietatem;

1417 698 1524 746 quod
1553 698 1601 735 de
1630 699 1715 736 Deo
1744 698 1819 736 dici
1847 711 1928 736 non
1955 708 2090 749 potest.
2120 702 2162 738 ln
2181 702 2354 740 divinam
2373 704 2485 753 igitur

1417 752 1658 788 voluntatem
1686 764 1766 789 non
1795 761 1959 802 possunt
1987 754 2123 791 cadere
2147 767 2246 803 quae
2267 758 2483 794 secundum

1418 815 1458 840 se
1487 812 1576 841 sunt
1603 804 1867 854 impossibilia.

1471 857 1621 894 Adhuc.
1646 858 1874 896 Secundum
1895 860 2004 908 quod
2024 862 2338 911 unumquodque
2358 874 2398 899 se
2417 864 2482 901 ha-

1418 910 1482 947 bet
1508 910 1557 947 ad
1586 923 1680 957 esse,
1701 911 1752 948 ita
1779 924 1819 949 se
1847 912 1964 949 habet
1992 913 2040 949 ad
2069 913 2291 952 bonitatem.
2318 915 2394 953 Sed
2414 915 2483 952 im-

1418 962 1612 1011 possibilia
1633 972 1721 1001 sunt
1740 977 1840 1014 quae
1860 977 1941 1002 non
1960 974 2123 1015 possunt
2151 979 2245 1004 esse.
2276 968 2378 1016 Ergo
2404 980 2484 1006 non

1418 1024 1581 1064 possunt
1609 1029 1691 1054 esse
1719 1018 1835 1055 bona.
1866 1019 1968 1066 Ergo
1997 1031 2070 1056 nec
2097 1019 2213 1056 volita
2241 1032 2264 1057 a
2291 1021 2388 1068 Deo⁷
2418 1021 2484 1070 qui

1419 1081 1499 1106 non
1519 1071 1600 1106 vult
1619 1070 1690 1107 nisi
1711 1083 1756 1107 ea
1776 1083 1875 1120 quae
1896 1079 1985 1108 sunt
2004 1073 2064 1108 vel
2083 1081 2246 1122 possunt
2265 1085 2346 1110 esse
2368 1074 2482 1112 bona.

1090 1189 1123 1214 ¹4
1142 1190 1202 1208 esse
1216 1186 1282 1215 post
1299 1190 1347 1216 per
1365 1191 1394 1208 se
1414 1184 1476 1209 aPc.

1052 1279 1389 1313 Commentario.
1417 1280 1727 1314 Fen-ariensis

339 1397 361 1419 x
389 1385 562 1428 praedictis
588 1385 768 1416 rationibus
799 1383 932 1415 deducit
961 1384 1097 1416 Sanctus
1125 1385 1270 1416 Thomas
1298 1386 1365 1417 duo

255 1465 262 1471 ,
341 1431 511 1464 corollaria
525 1431 553 1461 *.
585 1429 738 1468 Quorum
766 1429 909 1470 primum
934 1435 995 1460 est:
1025 1430 1181 1461 Voluntas
1207 1430 1271 1461 Dei
1299 1440 1364 1461 non

246 1474 262 1486 '’
282 1482 394 1521 potest
415 1485 484 1508 esse
507 1484 621 1507 eorum
645 1483 729 1516 quae
743 1473 921 1505 secundum
944 1484 978 1505 se
999 1479 1076 1506 sunt
1099 1475 1320 1516 impossibilia.

343 1522 407 1553 Pro
432 1530 498 1563 qua
520 1518 755 1551 advertendum
779 1518 879 1560 quod,
904 1519 987 1549 sicut
1010 1520 1227 1550 necessarium
1244 1525 1291 1550 est
1307 1519 1366 1550 du-

255 1604 259 1607 ,
287 1566 374 1615 plex,
401 1566 523 1597 scilicet
553 1574 592 1595 ex
621 1573 655 1595 se
687 1569 720 1595 et
748 1562 906 1599 absolute,
931 1569 963 1594 et
990 1564 1114 1594 ratione
1144 1564 1272 1594 alterius
1299 1564 1365 1594 sive

288 1620 328 1643 ex
340 1610 581 1653 suppositione,
597 1610 641 1640 ita
657 1608 777 1650 duplex
801 1614 848 1640 est
872 1609 1083 1649 impossibile.
1107 1608 1310 1650 Impossibile
1325 1618 1367 1639 ex

286 1665 332 1694 se,
355 1652 424 1688 sive
445 1654 638 1696 simpliciter
659 1658 692 1684 et
713 1653 870 1690 absolute,
895 1652 1012 1684 dicitur
1039 1662 1130 1687 cum,
1146 1653 1366 1694 praedicatum

286 1706 446 1743 &Pugnat
469 1700 618 1732 subiecto
640 1697 823 1730 secundum
846 1707 940 1729 suam
969 1703 1118 1729 naturam
1145 1697 1364 1729 considerato:

287 1747 372 1780 sieut
392 1745 562 1778 hominem
579 1753 648 1776 esse
663 1743 884 1774 irrationalem
899 1749 948 1773 est
962 1743 1174 1783 impossibile,
1192 1749 1224 1774 et
1239 1743 1366 1774 asinum

287 1801 358 1831 esse
380 1789 583 1822 rationalem.
608 1788 810 1830 Impossibile
834 1788 964 1818 ratione
986 1787 1124 1818 atterius
1143 1793 1190 1818 est
1206 1786 1296 1828 quod
1317 1797 1365 1818 se-

287 1832 433 1868 cundum
445 1844 479 1866 se
490 1833 623 1875 quidem
635 1833 789 1874 possibile
803 1838 861 1869 est,
870 1831 926 1863 sed
937 1832 1062 1863 ratione
1075 1833 1210 1863 alicuius
1222 1832 1366 1863 adiuncti

287 1885 336 1912 eet
357 1878 569 1922 impossibile,
586 1878 663 1919 quia
677 1877 828 1908 videlicet
850 1876 1071 1917 praedicatum
1095 1882 1254 1918 repugnat
1269 1877 1365 1908 alicui

287 1924 471 1957 conditioni
485 1923 658 1955 adiunctae
673 1922 836 1953 subiecto:
860 1921 943 1952 sicut
963 1920 1091 1952 Sortem
1105 1931 1174 1952 non
1191 1921 1301 1952 sedere
1318 1927 1365 1952 est

287 1969 421 2011 quidem
440 1968 587 1999 absolute
606 1966 770 2008 possibile,
787 1965 854 2002 sed,
871 1966 980 2006 posito
997 1964 1088 2006 quod
1107 1965 1225 2002 sedeat,
1241 1966 1364 2006 impos-

287 2013 379 2046 sibile
393 2023 454 2055 pro
471 2019 550 2044 tunc
563 2017 610 2043 est
626 2017 662 2042 ut
677 2020 746 2042 non
762 2010 880 2042 sedeat.
893 2010 1055 2051 Loquitur
1071 2019 1147 2051 ergo
1163 2010 1215 2041 hic
1228 2010 1364 2041 Sanctus

287 2058 434 2090 Thomas
458 2057 498 2088 de
521 2056 582 2088 illis
606 2055 860 2096 impossibilibus
878 2055 913 2085 in
932 2055 1050 2096 quibus
1073 2054 1293 2095 praedicatum
1310 2056 1364 2085 ab—

287 2103 394 2135 solute
417 2106 576 2144 repugnat
599 2101 756 2132 subiecto.
781 2099 859 2131 Ideo
883 2099 962 2130 dixit
985 2099 1075 2140 quod
1091 2099 1240 2130 voluntas
1257 2099 1364 2130 divina

286 2148 356 2180 non
380 2151 428 2179 est
451 2145 698 2188 impossibilium
721 2144 897 2175 secundum
915 2151 968 2175 se:
990 2144 1083 2180 idest,
1100 2153 1168 2175 non
1185 2150 1232 2175 est
1248 2154 1362 2175 eorum

288 2201 374 2234 quae
397 2201 437 2224 ex
459 2200 518 2222 sua
540 2190 666 2221 ratione
689 2194 764 2220 sunt
782 2189 1005 2230 impossibilia.
1274 2200 1278 2204 ·

343 2236 508 2268 Probatur
531 2245 613 2277 ergo
631 2235 742 2276 primo
759 2234 815 2264 sic.
840 2233 930 2264 Deus
945 2233 1126 2264 necessario
1142 2233 1210 2264 vult
1227 2243 1263 2263 ea
1280 2243 1364 2274 quae

287 2282 497 2322 requiruntur
512 2279 553 2310 ad
567 2280 632 2311 hoc
644 2278 736 2320 quod
751 2278 948 2319 supponitur
959 2277 1052 2308 velle.
1070 2277 1156 2318 Ergo
1173 2287 1240 2308 non
1257 2283 1364 2319 potest

287 2326 370 2358 velle
398 2335 436 2357 ea
463 2334 547 2366 quae
572 2325 617 2355 eis
640 2329 832 2365 repugnant.
857 2323 944 2363 Ergo
968 2332 1036 2353 non
1060 2327 1175 2363 potest⁴
1194 2322 1276 2353 velle
1303 2323 1364 2353 im-

287 2370 454 2412 possibilia
470 2369 669 2410 simpliciter.
685 2387 707 2391 —
723 2368 881 2398 Probatur
896 2367 1000 2408 prima
1017 2366 1364 2407 consequentia..Quia

288 2415 380 2457 quod
394 2419 554 2456 repugnat
569 2413 667 2444 alicui
679 2412 821 2444 excludit
837 2411 960 2452 aliquid
972 2421 1087 2442 eorum
1103 2421 1188 2452 quae
1204 2411 1245 2442 ad
1256 2412 1364 2452 ipsum

287 2461 510 2501 requiruntur:
527 2459 610 2491 sicut
623 2467 693 2489 esse
705 2458 830 2488 asinum
848 2456 989 2487 excludit
1004 2457 1146 2487 hominis
1162 2456 1331 2487 rationem.
1341 2475 1364 2478 —

288 2503 438 2536 Secunda
453 2509 550 2544 patet.
575 2503 662 2542 Quia
684 2502 896 2542 impossibilia
918 2501 1107 2541 simpliciter
1127 2506 1202 2531 sunt
1224 2510 1307 2541 quae
1330 2501 1363 2531 in

288 2549 401 2590 seipsis
423 2548 671 2589 repugnantiam
694 2547 824 2577 habent.

343 2592 504 2625 Secundo.
529 2592 619 2624 Deus
641 2601 711 2623 non
735 2596 844 2632 potest
865 2590 947 2621 velle
965 2590 1055 2630 quod
1074 2595 1233 2630 repugnat
1247 2589 1363 2620 rationi

288 2639 371 2670 entis
393 2638 588 2679 inquantum
611 2635 810 2667 huiusmodi.
835 2635 921 2675 Ergo
945 2644 1014 2665 non
1037 2639 1145 2675 potest
1167 2634 1249 2665 velle
1273 2633 1363 2673 quod

288 2682 457 2714 affirmatio
482 2687 515 2713 et
536 2682 667 2722 negatio
691 2681 755 2711 sint
777 2679 874 2711 simul
897 2689 981 2710 vera.
1005 2679 1092 2719 Ergo
1109 2684 1169 2709 etc.
1186 2697 1209 2701 -
1223 2678 1363 2708 Antece-

287 2727 367 2759 dens
390 2727 556 2768 probatur.
581 2726 669 2764 Quia
684 2726 785 2762 Deus,
801 2724 944 2755 volendo
960 2733 1056 2754 suum
1072 2733 1152 2759 esse,
1168 2723 1238 2753 vult
1253 2722 1363 2752 omnia

287 2772 348 2803 alia
362 2772 558 2812 inquantum
581 2771 701 2802 habent
723 2769 969 2800 similitudinem
992 2768 1071 2798 eius.
1096 2766 1283 2798 Secundum
1299 2767 1363 2796 hoc

286 2822 396 2848 autem
410 2815 528 2857 [quod]
542 2820 701 2856 repugnat
717 2813 839 2854 aliquid
851 2813 967 2843 rationi
979 2813 1060 2843 entis
1071 2812 1266 2852 inquantum
1282 2810 1362 2846 talis,

285 2861 321 2892 in
340 2870 381 2892 eo
403 2859 584 2892 similitudo
605 2859 706 2890 divini
722 2868 791 2889 esse
806 2858 924 2888 servari
938 2866 1006 2887 non
1023 2862 1139 2897 potest.
1159 2856 1246 2895 Ergo
1263 2861 1324 2885 etc.
1339 2873 1362 2877 -

286 2905 393 2936 Prima
416 2905 514 2936 etiam
537 2903 772 2944 consequentia
794 2902 959 2942 probatur.
984 2900 1070 2939 Quia
1084 2901 1202 2931 rationi
1218 2900 1299 2930 entis
1314 2908 1363 2929 re-

286 2954 410 2990 pugnat
425 2948 516 2989 quod
532 2947 654 2988 aliquid
670 2947 710 2978 sit
725 2946 822 2978 simul
838 2956 895 2976 ens
911 2951 943 2976 et
965 2954 1033 2976 non
1053 2954 1123 2975 ens:
1149 2945 1231 2975 sicut
1247 2944 1362 2974 rationi

286 2994 440 3030 hominis,
459 2994 655 3033 inquantum
679 2997 727 3022 est
748 2992 862 3027 homo,
881 2994 1041 3030 repugnat
1063 2988 1154 3029 quod
1178 2989 1218 3019 sit
1239 2989 1363 3018 irratio-

286 3038 370 3069 nale.
393 3055 416 3060 —
438 3037 562 3068 Ultima
584 3045 720 3077 quoque
743 3035 978 3074 consequentia
993 3039 1090 3074 patet.
1115 3033 1201 3071 Quia
1220 3033 1254 3062 in
1271 3033 1363 3062 omni

286 3089 352 3124 per'
367 3092 401 3113 se
423 3081 616 3122 impossibili
637 3079 814 3111 includitur
830 3079 1076 3110 affirmationem
1101 3083 1132 3108 et
1154 3077 1361 3117 negationem

287 3137 357 3159 esse
381 3126 478 3157 simul
500 3135 585 3156 vera.

343 3171 439 3202 Circa
467 3169 661 3201 antecedens
690 3169 788 3199 huius
811 3167 953 3203 rationis,
978 3165 1248 3197 considerandum
1273 3165 1362 3205 quod

433 3728 526 3752 811qu
547 3726 656 3751 Coum
676 3724 810 3749 Gan-ruas
830 3723 860 3748 D.
880 3723 994 3746 Tuomst
1014 3721 1083 3745 Tou.
1103 3719 1120 3743 Ι.

1418 1387 1540 1428 aliquid
1563 1393 1670 1427 potest
1692 1398 1870 1428 repugnare
1889 1390 2003 1420 rationi
2021 1390 2100 1420 entis
2115 1400 2183 1421 uno
2200 1390 2312 1428 modo,
2329 1391 2391 1422 alio
2407 1401 2484 1422 vero

1418 1432 1520 1462 modo
1543 1441 1612 1462 non
1643 1442 1835 1473 repugnare:
1864 1434 1947 1464 sicut
1973 1434 2117 1470 caecitas,
2141 1435 2333 1475 inquantum
2356 1437 2484 1477 negatio

1418 1477 1515 1512 visus,
1538 1482 1697 1517 repugnat
1720 1477 1801 1514 enti;
1825 1478 1948 1508 ratione
1971 1487 2048 1508 vero
2072 1479 2229 1514 substrati,
2245 1489 2312 1510 non
2329 1486 2485 1521 repugnat

1419 1521 1495 1557 enti,
1510 1521 1612 1551 immo
1629 1520 1705 1552 dicit
1721 1531 1788 1558 em,
1801 1522 1922 1552 scilicet
1937 1522 2070 1552 oculum
2085 1528 2139 1553 aut
2151 1523 2277 1554 animal.
2290 1524 2485 1565 Repugnans

1420 1575 1496 1605 ergo
1520 1566 1586 1595 enti
1608 1575 1676 1595 non
1700 1571 1807 1606 potest
1826 1566 1938 1596 cadere
1955 1567 2013 1597 sub
2029 1566 2194 1598 voluntate
2211 1577 2248 1597 ex
2265 1577 2302 1598 ea
2317 1573 2405 1608 parte
2421 1578 2485 1608 qua

1419 1610 1485 1640 enti
1508 1615 1679 1650 repugnat:
1705 1610 1781 1650 quia
1804 1610 1866 1640 tale
1893 1620 1960 1640 non
1989 1611 2156 1651 participat
2183 1612 2340 1642 rationem
2368 1613 2485 1643 obiecti

1419 1654 1604 1690 voluntatis,
1618 1663 1700 1694 quae
1717 1659 1764 1684 est
1779 1655 1860 1685 ratio
1876 1655 1955 1685 boni
1970 1654 2101 1685 fundata
2116 1655 2149 1686 in
2166 1665 2244 1686 esse.
2260 1656 2397 1687 Ratione
2408 1666 2485 1687 vero

1420 1708 1488 1730 esse
1500 1699 1635 1729 alicuius
1651 1698 1795 1729 adiuncti
1810 1704 1917 1739 potest
1929 1699 2041 1729 cadere
2057 1700 2116 1729 sub
2128 1699 2303 1736 voluntate,
2316 1706 2352 1730 ut
2364 1700 2486 1731 dictum

1419 1750 1466 1775 est
1489 1752 1586 1783 supra
1600 1744 1617 1760 ¹*
1641 1742 1681 1774 de
1703 1752 1771 1773 non
1796 1753 1879 1774 esse:
1904 1749 2010 1783 potest
2034 1744 2120 1774 enim
2144 1744 2259 1784 aliquis
2281 1745 2486 1784 negationem
2513 1745 2522 1754 '
2537 1744 2686 1772 (Ἀρ-13111·

1418 1788 1501 1819 velle
1524 1788 1719 1828 inquantum
1734 1787 1804 1818 vult
1819 1787 1952 1828 aliquod
1974 1797 2031 1818 ens
2055 1787 2144 1828 quod
2167 1788 2296 1828 negatio
2320 1790 2486 1819 concomi-

1418 1838 1512 1864 tatur.
1536 1831 1669 1863 Addidit
1691 1833 1801 1872 itaque
1824 1831 1960 1863 Sanctus
1976 1832 2121 1862 Thomas
2143 1833 2176 1862 in
2200 1832 2419 1869 antecedente,
2439 1834 2486 1863 in-

1417 1882 1575 1919 quantum
1601 1876 1800 1912 huiusmodi,
1828 1882 1866 1907 ut
1891 1882 2106 1917 praeservaret
2132 1886 2165 1907 se
2193 1886 2210 1906 a
2239 1886 2307 1907 non
2338 1882 2411 1907 ente
2438 1878 2486 1907 in-

1418 1927 1577 1963 quantum
1600 1921 1808 1961 coniungitur
1831 1921 1907 1957 enti,
1931 1921 2006 1961 quia
2029 1922 2074 1951 sic
2101 1926 2208 1961 potest
2235 1922 2293 1951 sub
2320 1922 2485 1952 voluntate

1418 1966 1542 1997 cadere.

1477 2010 1596 2040 Tertio.
1614 2009 1707 2048 Quae
1723 2014 1798 2040 sunt
1813 2008 1993 2039 secundum
2008 2018 2042 2039 se
2058 2009 2268 2048 impossibilia
2283 2018 2350 2039 non
2367 2008 2485 2039 cadunt

1416 2056 1449 2085 in
1462 2054 1638 2089 intellectu,
1651 2063 1726 2084 cum
1739 2053 1798 2083 sibi
1809 2053 1886 2093 ipsis
1898 2058 2091 2093 repugnent:
2109 2053 2169 2083 nisi
2182 2053 2263 2084 forte
2274 2062 2332 2093 per
2344 2062 2483 2084 errorem

1416 2109 1484 2130 non
1508 2098 1713 2138 intelligentis
1741 2107 1847 2128 rerum
1875 2098 2119 2137 proprietatem;
2149 2097 2238 2137 quod
2262 2097 2302 2127 de
2325 2097 2396 2128 Deo
2421 2097 2484 2128 dici

1416 2153 1484 2174 non
1508 2148 1625 2183 potest.
1649 2142 1736 2182 Ergo
1757 2147 1817 2172 etc.
1833 2159 1856 2164 -
1871 2141 1962 2172 Patet
1985 2142 2225 2182 consequentia.
2250 2141 2336 2179 Quia
2358 2142 2483 2173 bonurn

1417 2187 1618 2219 intellectum
1642 2192 1689 2217 est
1711 2186 1885 2217 voluntatis
1909 2186 2084 2216 obiectum.

1472 2230 1715 2263 Advertendum
1738 2231 1792 2261 hic
1815 2230 1916 2271 quod,
1940 2231 2022 2261 sicut
2044 2231 2170 2261 bonum
2186 2235 2233 2260 est
2248 2230 2411 2261 obiectum
2427 2240 2484 2270 per

1417 2287 1451 2308 se
1474 2276 1660 2312 voluntatis,
1679 2281 1711 2305 et
1734 2285 1802 2305 non
1825 2280 1932 2315 potest
1955 2275 2077 2305 malum
2101 2276 2160 2305 sub
2183 2274 2348 2304 voluntate
2373 2275 2484 2305 cadere

1416 2322 1478 2352 nisi
1495 2321 1554 2351 sub
1570 2321 1694 2351 ratione
1709 2319 1798 2356 boni,
1815 2320 2009 2359 inquantum
2026 2319 2174 2350 videlicet
2194 2324 2324 2359 apparet
2344 2319 2483 2356 bonum;

1416 2366 1461 2397 ita
1482 2374 1596 2396 verum
1621 2370 1668 2395 est
1691 2373 1748 2404 per
1771 2374 1805 2394 se
1829 2364 1994 2394 obiectum
2017 2363 2208 2399 intellectus,
2226 2363 2340 2393 falsum
2355 2373 2432 2393 vero
2451 2364 2484 2393 in

1416 2410 1581 2441 intellectu
1606 2408 1720 2440 cadere
1746 2418 1814 2439 non
1843 2414 1949 2449 potest
1975 2408 2036 2438 nisi
2059 2417 2172 2438 verum
2199 2413 2360 2448 appareat.
2385 2407 2484 2445 Quod

1417 2456 1504 2485 enim
1521 2454 1701 2485 intellectus
1717 2453 1860 2493 concipit
1875 2452 1914 2483 de
1931 2462 1974 2489 re,
1991 2453 2051 2492 ipsi
2067 2453 2112 2482 rei
2128 2452 2280 2488 attribuit,
2291 2452 2484 2492 inquantum

1417 2498 1630 2540 apprehendit
1653 2497 1732 2528 illud
1754 2503 1908 2537 tanquam
1933 2496 2054 2537 aliquid
2079 2497 2134 2533 rei,
2161 2502 2191 2526 et
2214 2496 2259 2526 illi
2283 2495 2484 2526 conformem

1416 2554 1450 2574 se
1474 2552 1542 2574 esse
1566 2542 1685 2573 iudicat
1708 2542 1788 2572 illud
1812 2541 1851 2572 de
1875 2551 1909 2571 re
1932 2540 2150 2581 intelligendo.
2176 2540 2270 2571 Unde
2294 2540 2408 2570 accidit
2422 2541 2483 2580 ipsi

1417 2594 1453 2619 ut
1476 2587 1591 2618 falsum
1619 2585 1838 2627 apprehendat
1865 2586 2057 2625 inquantum
2085 2585 2205 2615 iudicat
2235 2585 2281 2614 rei
2311 2586 2483 2614 convenire

1417 2638 1449 2663 et
1464 2631 1634 2663 conforme
1654 2639 1722 2661 esse
1738 2629 1828 2670 quod
1843 2631 1889 2660 rei
1909 2635 1964 2660 aut
1985 2635 2141 2669 repugnat
2156 2634 2211 2659 aut
2233 2637 2300 2658 non
2321 2629 2481 2658 convenit.

1415 2677 1551 2716 Propter
1572 2676 1636 2706 hoc
1659 2675 1742 2705 bene
1765 2674 1871 2714 inquit
1893 2674 2027 2705 Sanctus
2047 2673 2190 2703 Thomas
2209 2672 2418 2712 impossibilia
2433 2682 2482 2702 se-

1417 2720 1559 2751 cundum
1576 2729 1610 2750 se
1625 2719 1790 2749 intellectu
1802 2718 1873 2758 capi
1888 2727 1956 2748 non
1968 2727 2063 2757 posse
2077 2717 2139 2747 nisi
2148 2726 2212 2757 per
2226 2726 2370 2746 errorem
2387 2717 2481 2757 igno—

1417 2765 1521 2796 rantis
1536 2773 1646 2794 rerum
1665 2763 1902 2804 proprietates:
1925 2762 2001 2802 quia
2017 2761 2164 2792 videlicet
2180 2770 2218 2791 ex
2233 2761 2287 2791 tali
2302 2761 2481 2800 ignorantia

1415 2809 1585 2850 provenire
1608 2813 1715 2848 potest
1738 2813 1774 2838 ut
1796 2806 1918 2837 iudicet
1941 2815 2052 2836 verum
2076 2815 2145 2836 esse
2168 2804 2258 2845 quod
2282 2810 2328 2834 est
2354 2803 2479 2834 falsum.

1416 2854 1510 2892 Quae
1532 2852 1712 2893 ignorantia
1734 2852 1760 2882 si
1783 2856 1996 2886 removeatur,
2019 2859 2087 2880 non
2107 2854 2215 2890 potest
2233 2848 2412 2879 intellectus
2434 2849 2480 2879 rei

1416 2898 1587 2929 attribuere
1616 2896 1706 2936 quod
1733 2896 1793 2926 sibi
1819 2901 1990 2936 repugnat:
2016 2900 2047 2925 et
2070 2895 2114 2925 sic
2137 2903 2204 2924 non
2231 2898 2338 2933 potest
2367 2902 2479 2933 appre-

1415 2942 1557 2974 hendere
1581 2940 1789 2982 impossibile.

1475 2986 1612 3023 Quarto.
1638 2984 1852 3026 Impossibilia
1874 2993 1943 3014 non
1965 2988 2102 3023 possunt
2117 2991 2186 3012 esse
2201 2982 2300 3012 bona:
2322 2990 2396 3011 cum
2411 2990 2479 3010 non

1416 3031 1542 3071 possint
1564 3039 1648 3067 esse;
1672 3028 1934 3069 unumquodque
1951 3033 2068 3063 autem,
2085 3027 2167 3057 sicut
2187 3035 2220 3056 se
2235 3026 2330 3056 habet
2345 3024 2384 3055 ad
2400 3034 2478 3060 esse,

1415 3077 1458 3106 ita
1482 3085 1515 3106 se
1538 3075 1634 3105 habet
1658 3074 1698 3105 ad
1720 3074 1909 3104 bonitatem.
1933 3072 2019 3112 Ergo
2043 3080 2104 3102 nec
2127 3070 2235 3100 volita.
2251 3087 2273 3092 -
2296 3069 2385 3099 Patet
2400 3078 2478 3099 con-

1416 3121 1593 3160 sequentia.
1626 3119 1711 3157 Quia
1734 3127 1802 3148 non
1826 3118 1895 3148 vult
1916 3117 1977 3147 nisi
2002 3126 2038 3147 ea
2062 3125 2144 3156 quae
2167 3119 2241 3145 sunt
2264 3113 2313 3144 vel
2343 3118 2479 3153 possunt

1417 3174 1485 3195 esse
1508 3165 1604 3194 bona.
