2768 4134
784 266 974 303 SUMMA
1003 266 1226 304 CONTRA
1254 267 1531 316 GENTILES,
1562 268 1674 306 CAP.
1696 269 1825 316 XLIII,
1846 269 1979 306 XLIV.

277 351 369 383 actu;
393 346 457 377 alio
473 346 587 383 modo,
604 346 682 387 quia
703 346 806 386 magis
821 345 977 386 disposita
993 351 1040 377 est
1056 346 1096 377 ad
1111 348 1353 388 susceptionem

277 395 379 427 actus,
396 400 436 422 eo
453 390 555 422 modo
572 400 640 432 quo
665 390 803 421 dicimus
817 390 852 421 in
875 390 964 430 ligno
984 396 1039 421 aut
1062 401 1134 422 aere
1158 401 1227 422 esse
1249 392 1353 423 maio-

277 444 347 466 rem
369 436 551 476 potentiam
575 434 616 466 ad
639 439 778 466 statuam
802 443 902 475 quam
925 435 958 465 in
987 445 1080 475 aqua.
1110 436 1220 467 Primo
1250 436 1352 467 modo

276 480 424 520 potentia
447 479 565 511 dicitur
594 479 783 520 simpliciter
812 479 916 509 maior
947 481 1106 520 potentia:
1132 481 1209 521 quia
1232 481 1354 512 scilicet

276 525 386 556 minus
409 525 507 555 habet
530 523 571 555 de
586 529 671 555 actu.
689 523 842 555 Secundo
858 523 960 554 modo
985 524 1101 555 dicitur
1124 526 1228 556 maior
1250 526 1284 556 in
1301 535 1353 556 or·

277 569 354 600 dine
369 568 410 600 ad
423 574 547 600 actum:
565 569 642 609 quia
657 569 809 609 capacior
827 574 875 599 est
890 574 980 599 actus
1004 575 1036 600 et
1058 570 1160 610 magis
1184 569 1225 600 ad
1243 570 1354 610 ipsum

277 613 443 654 disposita.
468 613 655 653 Propositio
685 622 763 653 ergo
797 613 906 644 Sancti
929 613 1079 645 Thomae
1102 614 1290 655 intelligitur
1312 614 1354 645 de

275 657 423 698 potentia
445 658 562 688 maiori
585 657 692 698 primo
709 657 822 695 modo,
842 667 909 688 non
934 664 1043 689 autem
1066 658 1211 690 secundo
1235 658 1352 690 modo:

277 701 439 732 difficilius
467 701 555 732 enim
585 707 633 732 est
657 711 695 732 ex
719 712 802 743 aqua
833 702 936 733 facere
967 707 1116 739 statuam,
1140 709 1172 734 et
1194 703 1353 734 maiorem

275 746 429 777 virtutem
453 746 597 786 requirit,
622 756 722 787 quam
745 746 850 778 facere
874 757 912 777 ex
936 747 1026 788 ligno
1050 753 1107 779 aut
1129 757 1245 787 cupro.

333 790 416 823 XIII.
437 791 584 821 Decimo.
602 791 803 822 Diutumitas
819 792 881 822 Dei
897 798 944 823 est
959 791 1093 823 infinita.
1112 792 1199 832 Ergo
1216 797 1248 822 et
1264 793 1353 823 Deus

277 841 326 866 est
347 834 504 868 infinitus.
522 853 543 857 -
557 835 715 867 Probatur
739 837 983 876 consequentia.
1008 836 1095 874 Quia
1117 845 1167 866 res
1190 841 1281 867 tanto
1306 842 1354 867 est

276 879 461 911 diuturnior
483 886 608 921 quanto
632 881 701 911 eius
725 890 822 912 causa
851 886 899 911 est
922 880 1094 912 efficacior.
1123 880 1157 911 Si
1181 890 1258 921 ergo
1282 880 1354 911 diu-

275 925 412 955 turnitas
428 924 490 956 Dei
513 930 560 955 est
582 924 718 962 infinita,
735 935 812 956 cum
835 934 966 956 causam
989 934 1057 955 non
1081 925 1197 955 habeat
1219 925 1280 955 nisi
1305 934 1353 955 se-

275 969 395 1010 ipsum,
419 970 489 1010 ipse
513 970 573 1000 erit
595 969 752 1001 infinitus.

331 1013 589 1050 Advertendum,
618 1024 695 1045 curn
725 1013 843 1044 dicitur
870 1013 976 1043 Deum
1009 1022 1076 1043 non
1104 1013 1223 1044 habere
1253 1013 1353 1044 aliam

276 1067 409 1089 causam
435 1059 499 1090 nisi
520 1059 672 1099 seipsum,
697 1057 789 1098 quod
811 1058 876 1088 hoc
908 1066 976 1088 non
1007 1057 1083 1088 ideo
1113 1057 1230 1088 dicitur
1262 1058 1355 1098 quasi

261 1103 346 1144 'ipse
369 1113 467 1134 suum
490 1113 561 1134 esse
584 1103 754 1144 producat,
784 1102 849 1133 hoc
876 1102 964 1132 enirn
987 1107 1035 1132 est
1058 1102 1272 1142 impossibile:
1297 1102 1355 1133 sed

276 1148 354 1189 quia
376 1158 434 1179 sua
453 1148 631 1179 substantia
654 1152 702 1178 est
725 1146 786 1177 sibi
808 1147 890 1177 ratio
915 1146 1052 1182 essendi,
1078 1152 1109 1177 et
1132 1157 1201 1178 non
1225 1152 1355 1188 oportet

275 1202 400 1234 ponere
424 1193 520 1223 aliam
543 1201 675 1223 causam
699 1191 769 1222 eius
791 1190 1029 1232 productivum.

332 1246 363 1269 2.
379 1236 476 1268 Circa
489 1237 585 1267 istam
600 1236 872 1277 propositionem.
894 1236 1116 1277 Unaquaeque
1131 1245 1184 1266 res
1200 1241 1291 1266 tanto
1308 1241 1356 1266 est

275 1281 469 1312 diuturnior
490 1285 613 1322 quanto
637 1281 708 1311 eius
731 1290 832 1311 causa
859 1285 907 1311 est
929 1280 1107 1322 efficacior,
1133 1279 1269 1311 dubium
1298 1290 1355 1311 oc-

256 1360 265 1361 ?
276 1326 384 1359 currit.
397 1325 545 1356 -Videtur
560 1326 648 1356 enim
672 1326 858 1356 contrariari
874 1325 904 1356 ei
921 1325 1012 1366 quod
1031 1325 1190 1366 superius,
1215 1335 1286 1366 cap.
1303 1335 1354 1362 xx,

275 1370 356 1405 dixit
379 1370 518 1402 Sanctus
545 1369 703 1403 Thomas.
733 1370 778 1401 lbi
811 1370 899 1401 enim
922 1370 1028 1400 voluit
1059 1369 1160 1410 quod,
1186 1370 1262 1410 quia
1286 1379 1355 1400 esse

274 1415 461 1447 invariabile
472 1424 542 1446 non
554 1415 651 1446 habet
666 1415 810 1455 aliquam
825 1415 1050 1446 extensionem
1067 1415 1264 1456 quantitatis,
1280 1413 1356 1445 ideo

275 1459 404 1493 duratio
426 1458 553 1491 infinita
568 1460 670 1500 ipsius
685 1459 845 1491 infinitam
861 1460 1013 1490 virtutem
1030 1469 1099 1490 non
1119 1460 1263 1500 requirit,
1280 1459 1357 1499 quia

274 1514 344 1536 non
366 1503 464 1536 refert
480 1504 572 1546 quod
586 1514 645 1545 per
668 1504 757 1535 illam
772 1505 924 1535 virtutem
944 1503 1067 1544 aliquid
1091 1503 1184 1535 duret
1207 1509 1356 1544 ternpore

274 1548 404 1581 infinito
427 1549 479 1580 vel
502 1548 608 1582 finito.
633 1549 720 1590 Ergo
737 1549 841 1580 maior
864 1548 1057 1580 diuturnitas
1072 1549 1106 1579 in
1130 1558 1199 1579 esse
1221 1548 1357 1578 invaria-

275 1593 332 1626 bili
354 1603 424 1626 non
448 1594 546 1635 exigit
568 1594 728 1625 maiorem
759 1600 791 1625 et
819 1592 1035 1624 efficaciorem
1063 1593 1226 1623 virtutem.
1251 1592 1357 1624 Cuius

275 1639 468 1681 oppositum
491 1639 544 1670 hic
567 1638 696 1670 dicitur.

331 1683 384 1715 Ad
406 1684 472 1715 hoc
495 1683 613 1715 dicitur
635 1684 755 1724 primo,
780 1682 872 1724 quod
898 1682 988 1713 nulla
1013 1688 1060 1713 est
1084 1681 1298 1713 contradictio
1323 1682 1356 1712 in

275 1728 370 1761 dictis
385 1729 494 1761 Sancti
510 1728 672 1760 Thomae.
697 1728 784 1767 Quia
807 1728 860 1759 hic
876 1727 1024 1768 loquitur
1040 1726 1081 1758 de
1098 1727 1216 1758 virtute
1240 1735 1356 1757 causae

276 1772 442 1805 effectivae
459 1773 693 1805 diuturnitatis:
709 1773 781 1804 talis
797 1773 886 1804 enim
902 1778 950 1804 est
965 1771 1091 1803 infinita
1108 1772 1133 1802 si
1151 1771 1357 1802 durationem

2410 282 2482 319 ¹29

1407 347 1568 378 infinitam
1599 354 1718 379 causet.
1744 348 1899 389 Superius
1930 354 2039 380 autem
2069 350 2264 390 loquebatur
2294 350 2334 382 de
2366 352 2482 382 virtute

1408 401 1523 423 causae
1547 391 1690 423 formalis
1706 402 1775 423 esse
1798 393 1854 430 rei,
1872 403 1971 434 quam
1995 403 2063 425 non
2087 400 2218 435 oportet
2236 404 2304 426 esse
2323 394 2483 427 infinitam

1407 437 1434 466 si
1457 442 1567 467 causet
1599 445 1668 467 esse
1699 443 1906 476 perpetuum.
1934 438 2025 469 Patet
2054 439 2118 469 hoc
2142 449 2180 470 ex
2204 439 2350 470 doctrina
2374 439 2482 471 Sancti

1408 480 1558 511 Thomae
1570 480 1628 510 XII
1640 481 1795 521 Metaph„
1809 482 1881 512 lect.
1897 482 1928 518 6,
1942 487 1973 513 et
1985 483 2018 513 in
2033 482 2284 519 Quaestionibus
2299 484 2340 515 de
2350 485 2480 522 Anima,

1408 530 1465 557 art.
1483 533 1533 564 14,
1558 524 1599 555 ad
1621 534 1653 563 4.
1781 532 1784 535 ·

1464 569 1590 600 Dicitur
1612 569 1769 605 secund0,
1787 569 1878 610 quod
1900 570 1982 600 ratio
2006 571 2101 601 huius
2125 571 2312 603 diversitatis
2336 578 2384 603 est
2406 574 2483 614 quia

1408 623 1477 644 esse
1494 618 1701 654 comparatur
1716 613 1756 644 ad
1772 613 1911 644 formam
1928 615 2011 645 sicut
2026 615 2128 655 ipsam
2145 625 2202 656 per
2218 626 2251 647 se
2267 626 2481 658 consequens.

1408 657 1509 696 Quod
1522 663 1631 689 autem
1647 657 1770 698 aliquid
1786 667 1843 699 per
1855 668 1888 689 se
1906 668 2110 700 consequens
2126 670 2194 691 rem
2210 670 2336 701 semper
2352 663 2381 693 ei
2397 663 2481 698 insit,

1407 712 1477 733 non
1501 703 1605 743 arguit
1621 703 1690 733 eius
1705 701 1913 734 infinitatem:
1931 704 2014 734 sicut
2030 703 2119 744 quod
2139 704 2274 735 dualitas
2298 715 2425 747 semper
2443 707 2483 737 sit

1408 756 1476 787 par,
1500 757 1569 778 non
1593 747 1698 787 arguit
1721 747 1824 787 ipsam
1848 757 1918 778 esse
1941 747 2112 779 infinitam.
2140 749 2191 779 Ad
2221 759 2350 781 causam
2374 757 2483 782 autem

1409 790 1603 822 efficientem
1626 797 1832 832 comparatur
1855 793 1938 823 sicut
1961 791 2094 823 effectus
2117 794 2156 823 ab
2179 794 2248 824 eius
2270 795 2386 826 virtute
2409 805 2483 836 pro-

1409 835 1536 867 ductus.
1561 835 1704 867 Effectus
1727 842 1838 867 autem
1861 846 1976 867 causae
2000 836 2167 868 efficientis
2191 843 2280 868 tanto
2309 838 2483 870 durabilior

1409 886 1466 917 est,
1491 881 1604 911 ceteris
1619 881 1760 921 paribus,
1778 886 1902 921 quanto
1926 882 2026 912 virtus
2050 882 2172 922 agentis
2195 881 2290 913 fuerit
2313 883 2482 914 efficacior.

1409 924 1567 956 Videmus
1590 926 1679 956 enim
1702 925 1794 966 quod
1816 931 1906 956 tanto
1931 931 1978 956 est
1995 925 2170 957 durabilior
2194 927 2335 958 caliditas
2350 928 2384 958 in
2400 937 2484 968 aqua

1409 975 1533 1010 quanto
1549 969 1589 1000 ab
1613 969 1794 1001 efficaciore
1810 971 1926 1001 virtute
1943 970 2025 1011 ignis
2049 970 2145 1001 fuerit
2167 971 2360 1003 introducta.
2377 972 2482 1009 Unde,

1408 1014 1483 1045 licet
1503 1014 1630 1045 duratio
1654 1015 1810 1055 temporis
1827 1024 1885 1055 per
1900 1014 2050 1046 accidens
2065 1025 2099 1046 se
2115 1016 2231 1046 habeat
2254 1016 2294 1047 ad
2318 1026 2386 1047 esse
2409 1018 2483 1048 sub—

1409 1059 1565 1095 stantiale,
1591 1058 1631 1089 ad
1654 1060 1758 1100 ipsam
1781 1064 1890 1090 tamen
1921 1060 2074 1091 virtutem
2106 1061 2228 1100 agentis
2252 1070 2285 1091 se
2308 1061 2404 1092 habet
2426 1071 2484 1102 per

1409 1113 1453 1140 se,
1477 1109 1636 1143 tanquam
1660 1103 1793 1134 effectus
1817 1103 1974 1135 conditio.

1466 1147 1592 1178 Dicitur
1614 1149 1709 1179 tertio
1734 1148 1834 1189 quod,
1852 1149 1935 1179 sicut
1950 1158 2000 1179 res
2020 1148 2203 1180 diuturnior
2219 1155 2267 1180 est
2282 1150 2374 1181 cuius
2388 1160 2484 1181 causa

1409 1191 1552 1223 efficiens
1577 1197 1624 1223 est
1647 1192 1808 1224 efficacior
1831 1193 1864 1223 in
1888 1193 2027 1233 agendo,
2051 1194 2105 1230 ita,
2126 1194 2152 1224 si
2175 1194 2282 1234 aliqua
2306 1204 2355 1226 res
2379 1200 2483 1226 careat

1410 1245 1506 1267 causa
1518 1236 1676 1268 efficiente
1688 1242 1821 1279 propter
1836 1247 1928 1268 suam
1944 1238 2189 1278 perfectionem,
2205 1243 2295 1269 tanto
2311 1238 2484 1279 perfectior

1410 1281 1468 1311 erit
1483 1281 1517 1311 in
1534 1291 1568 1311 se
1584 1287 1707 1321 quanto
1723 1281 1820 1313 fuerit
1835 1281 2031 1313 diuturnior:
2046 1284 2123 1323 quia
2134 1293 2192 1313 sua
2208 1283 2399 1314 diuturnitas
2414 1293 2483 1314 non

1409 1326 1559 1366 provenit
1583 1326 1621 1356 ab
1645 1327 1720 1362 alio,
1745 1326 1801 1357 sed
1831 1332 1957 1357 tantum
1981 1337 1999 1357 a
2021 1327 2221 1368 perfectione
2253 1333 2385 1359 naturae
2408 1337 2483 1368 pro-

1408 1370 1507 1410 priae.
1532 1370 1610 1401 Ideo
1635 1371 1718 1402 bene
1741 1370 1838 1402 infert
1860 1371 1996 1402 Sanctus
2020 1372 2165 1403 Thomas
2189 1372 2289 1413 quod,
2313 1373 2390 1413 quia
2412 1372 2483 1404 diu-

1409 1416 1545 1446 turnitas
1569 1415 1630 1445 Dei
1654 1421 1701 1446 est
1723 1415 1858 1452 infinita,
1876 1421 1908 1446 et
1931 1417 2000 1456 ipse
2023 1417 2083 1447 sibi
2101 1426 2178 1447 suae
2202 1417 2417 1448 diuturnitatis
2436 1422 2484 1448 est

1410 1469 1506 1490 causa
1529 1460 1677 1499 negative
1694 1460 1799 1500 (idest,
1816 1469 1884 1491 non
1900 1461 1997 1491 habet
2013 1460 2256 1492 diuturnitatem
2275 1462 2314 1492 ab
2335 1462 2410 1498 alio,
2428 1461 2483 1492 sed

1409 1504 1479 1579 ipze
1503 1509 1551 1534 est
1574 1514 1631 1534 sua
1654 1504 1780 1535 infinita
1804 1504 1956 1546 duratio),
1982 1505 2051 1535 eius
2076 1506 2175 1536 virtus
2200 1511 2231 1536 et
2257 1505 2412 1546 perfectio
2437 1511 2484 1536 est

1409 1549 1442 1579 in
1470 1548 1546 1579 nita.

1467 1592 1700 1623 Coxnamrun
1723 1593 1841 1624 ultimo
1865 1593 2055 1624 auctoritate
2084 1593 2281 1624 Psalmistae.
2309 1612 2331 1616 —-
2360 1595 2484 1624 Aucto-

1410 1637 1501 1668 ritate
1525 1638 1623 1668 etiam
1647 1637 1859 1677 antiquorum
1882 1638 2165 1678 philosophorum,
2186 1639 2253 1678 qui,
2276 1639 2315 1668 ab
2339 1639 2408 1679 ipsa
2429 1647 2484 1669 ve-

1409 1682 1501 1712 ritate
1525 1682 1641 1718 coacti,
1669 1688 1851 1722 posuerunt
1881 1683 2024 1723 primum
2054 1683 2251 1723 principium
2282 1692 2351 1713 esse
2378 1682 2485 1713 infini-

1409 1731 1495 1757 tum:
1521 1726 1597 1757 licet
1621 1732 1762 1758 errarent
1778 1727 1812 1757 in
1831 1727 1988 1768 ponendo
2005 1727 2112 1767 ipsum
2132 1728 2273 1767 primum
2290 1727 2485 1768 principium

1380 1793 1384 1811 ,
1410 1780 1480 1802 esse
1504 1780 1633 1812 corpus.

1337 1885 1348 1912 ⁵
1358 1877 1412 1919 aa·
1420 1885 1441 1911 ἓ,

537 2028 1026 2086 CAPITULUM
1063 2027 1785 2106 QUADRAGEsmUM
1824 2026 2228 2104 QUARTUM

1107 2148 1136 2178 Α
1165 2155 1231 2177 ιον
1261 2155 1351 2187 marg

1374 2145 1432 2182 inf,
1457 2146 1526 2176 sine
1548 2145 1655 2175 titulo.

781 2238 988 2292 QUOD
1038 2236 1235 2279 DEUS
1286 2236 1421 2278 EST
1471 2234 1978 2276 INTELLIGENS

487 2384 512 2409 x
533 2369 756 2422 praemissis
775 2378 908 2407 autem
931 2368 1083 2407 ostendi
1101 2376 1227 2418 potest
1246 2367 1356 2417 quod

501 2425 612 2463 Deus
641 2423 687 2462 sit
715 2423 940 2473 intelligens.

306 2509 319 2525 »,
351 2475 471 2530 ,js-⁴3⁴2
557 2479 771 2517 Ostensum
794 2477 901 2515 enim
925 2484 982 2514 est
1006 2487 1124 2526 supra
1139 2475 1159 2497 *
1177 2474 1286 2525 quod
1316 2474 1356 2512 in

279 2527 282 2530 ¹
311 2535 317 2554 ⁴
368 2527 467 2554 Ψ
502 2532 754 2570 moventibus
773 2539 810 2569 et
838 2530 955 2569 motis
982 2542 1065 2567 non
1094 2537 1150 2566 est
1173 2528 1356 2579 possibile

276 2587 318 2625 in
332 2586 532 2625 infinitum
546 2586 770 2636 procedere,
787 2585 855 2623 sed
871 2591 1023 2635 oportet
1042 2582 1203 2621 mobilia
1222 2582 1356 2620 omnia

278 2641 476 2686 reducere,
496 2647 539 2677 ut
557 2639 758 2690 probabile
779 2646 847 2686 est,
867 2639 907 2676 in
926 2650 1054 2676 unum
1077 2637 1252 2687 primum
1271 2648 1355 2674 mo-

277 2707 375 2733 vens
395 2694 580 2744 seipsum.
610 2694 779 2731 Movens
798 2700 931 2730 autem
960 2691 1133 2742 seipsum
1153 2703 1193 2727 se
1222 2698 1356 2727 movet

278 2761 350 2800 per
368 2747 585 2799 appetitum
604 2754 641 2784 et
660 2745 1034 2797 apprehensionem:
1055 2746 1138 2782 sola
1157 2743 1263 2781 enim
1283 2744 1355 2781 hu-

278 2801 450 2841 iusmodi
487 2800 741 2839 inveniuntur
777 2799 904 2850 seipsa
940 2810 1114 2845 movere,
1152 2804 1286 2847 utpote
1315 2796 1355 2833 in

279 2856 424 2907 quibus
453 2863 509 2893 est
543 2853 697 2892 moveri
730 2862 767 2891 et
801 2865 883 2890 non
918 2852 1082 2890 moveri.
1117 2852 1212 2888 Pars
1240 2849 1355 2899 igitur

279 2922 446 2948 movens
465 2909 506 2946 in
524 2908 653 2958 primo
673 2914 858 2944 movente
878 2906 1052 2956 seipsum
1076 2911 1228 2954 oportet
1246 2904 1355 2954 quod

280 2963 327 3002 sit
345 2971 532 3014 appetens
552 2970 589 2999 et
607 2960 917 3011 apprehendens
938 2961 981 2997 In
1001 2966 1112 2996 motu
1136 2965 1267 2995 autem
1287 2957 1356 3007 qui

280 3025 337 3055 est
363 3029 436 3067 per
462 3015 678 3066 appetitum
707 3022 743 3052 et
771 3012 1138 3064 apprehensionem,
1168 3018 1355 3061 appetens

280 3079 318 3109 et
345 3069 644 3121 apprehendens
672 3076 728 3105 est
755 3079 922 3105 movens
946 3074 1118 3103 motum:
1149 3064 1356 3115 appetibile

280 3132 413 3163 autem
433 3131 470 3162 et
494 3123 785 3174 apprehensum
812 3128 868 3158 est
891 3132 1058 3157 movens
1081 3131 1163 3156 non
1185 3126 1353 3156 motum.

282 3179 387 3217 Cum
415 3177 528 3227 igitur
559 3177 599 3214 id
627 3176 736 3226 quod
774 3182 831 3212 est
859 3173 1040 3211 omnium
1068 3172 1243 3222 primum
1271 3184 1356 3209 mo-

280 3244 390 3279 venS,
420 3232 529 3282 quod
557 3231 689 3268 Deum
717 3228 895 3273 dicimus,
924 3226 971 3264 sit
998 3238 1164 3264 movens
1193 3225 1356 3263 omnino

281 3298 364 3324 non
391 3293 558 3330 motum,
593 3290 745 3334 oportet
781 3281 890 3332 quod
918 3287 1167 3330 comparetur
1194 3279 1244 3317 ad
1272 3291 1357 3316 mo-

281 3348 408 3378 torem
428 3338 496 3389 qui
525 3346 580 3376 est
599 3349 688 3388 pars
708 3335 902 3374 moventis
921 3335 1095 3384 seipsum
1123 3332 1221 3370 sicut
1239 3344 1357 3383 appe-

282 3393 386 3431 tibile
414 3393 465 3431 ad
484 3399 744 3442 appetentem.
765 3391 860 3427 Non
879 3396 1011 3426 autem
1035 3387 1132 3425 sicut
1151 3385 1357 3436 appetibile

283 3446 451 3485 sensuali
486 3446 676 3496 appetitu:
707 3456 799 3482 nam
827 3442 1019 3493 appetitus
1053 3439 1241 3478 sensibilis
1276 3451 1358 3476 non

303 2408 306 2455 1
349 2404 473 2469 2²23&

339 3561 353 3587 3
374 3562 444 3587 enim
462 3561 506 3586 hic
524 3560 645 3591 GNWX;
661 3563 725 3592 post
743 3559 823 3584 enim.

284 3604 319 3622 ιο
336 3597 437 3623 moveri
450 3604 498 3630 pr.
516 3597 575 3622 loco
593 3595 728 3624 DWXsN3
747 3601 863 3620 movere.
953 3600 1007 3617 non
1025 3599 1068 3617 om
1087 3591 1111 3616 b.

339 3640 351 3659 ι
373 3633 518 3666 paniculati
535 3633 557 3658 B
563 3640 571 3664 ;
589 3632 736 3665 particulari
755 3630 804 3662 ‹1ss,
822 3629 983 3663 particularis
1002 3626 1218 3652 DGNWYZch.

284 3677 337 3694 non
354 3673 456 3695 tantum
474 3668 540 3694 ZPc.
561 3695 563 3698 ,
950 3671 982 3697 ¹7
1002 3670 1112 3688 movens
1131 3670 1174 3687 om
1195 3669 1220 3686 α.

428 3725 522 3750 Sumu
542 3723 653 3748 Coum
672 3721 806 3746 Gan-nus
824 3720 856 3746 D.
874 3719 991 3745 Tuom
1010 3718 1078 3743 Tou.
1099 3717 1118 3742 l.

630 3667 748 3700 seipsum
767 3674 809 3692 om
829 3666 858 3691 Z.

914 3557 928 3582 5
948 3556 1054 3581 mobilia
1071 3555 1115 3581 hic
1132 3556 1155 3580 Α
1173 3555 1259 3585 solnm
1273 3557 1339 3587 post
1356 3553 1454 3579 omnia.

1205 3597 1234 3615 τι
1258 3589 1382 3622 sensuali]
1402 3588 1519 3614 sensibili
1536 3588 1567 3614 Z.

1319 3625 1334 3650 3
1352 3630 1393 3651 est
1411 3632 1455 3650 om
1474 3632 1500 3650 α.

1312 3659 1345 3686 18
1363 3659 1477 3693 moveat]
1497 3660 1535 3685 sic
1554 3664 1658 3684 moveat
1676 3657 1786 3687 CDch,
1806 3656 1844 3680 sic
1861 3658 1996 3679 moveatur
2014 3654 2046 3679 B.

1412 2376 1468 2404 est
1496 2365 1590 2403 boni
1619 2364 1853 2415 simpliciter,
1884 2365 1952 2402 sed
1985 2363 2102 2401 huius
2137 2363 2351 2413 particulati
2379 2363 2482 2411 boni,

1412 2432 1505 2458 cum
1533 2427 1570 2456 et
1598 2417 1858 2469 apprehensio
1887 2430 2024 2455 sensus
2043 2429 2125 2454 non
2149 2416 2196 2454 sit
2218 2416 2291 2454 nisi
2319 2417 2484 2467 particu-

1412 2473 1516 2520 laris;
1547 2473 1585 2510 id
1614 2480 1745 2510 autem
1781 2472 1890 2522 quod
1928 2479 1984 2509 est
2021 2472 2173 2509 bonum
2210 2478 2247 2508 et
2279 2470 2484 2521 appetibile

1412 2526 1646 2577 slmpliciter‚
1668 2535 1724 2563 est
1751 2526 1860 2575 prius
1880 2538 1927 2563 eo
1957 2525 2065 2575 quod
2094 2532 2150 2562 est
2177 2524 2329 2562 bonum
2358 2532 2395 2562 et
2417 2536 2484 2574 ap-

1380 2600 1389 2620 s
1411 2580 1566 2631 petibile
1595 2587 1638 2617 ut
1665 2580 1729 2617 hic
1756 2587 1793 2616 et
1820 2591 1938 2616 nunc.
1978 2579 2142 2628 Oportet
2170 2577 2283 2626 igitur
2310 2577 2483 2627 primum

1411 2646 1577 2672 movens
1614 2645 1698 2670 esse
1736 2632 1942 2683 appetibile
1980 2639 2023 2669 ut
2059 2631 2306 2668 intellectum.
2346 2632 2395 2668 Et
2432 2630 2483 2668 ita

1412 2695 1564 2738 oportet
1592 2699 1758 2724 movens
1786 2686 1895 2736 quod
1924 2685 2068 2735 appetit
2095 2684 2238 2734 ipsum,
2264 2696 2347 2720 esse
2375 2683 2482 2720 intel-

1411 2741 1542 2790 ligens.
1563 2741 1689 2778 Multo
1719 2739 1832 2789 igitur
1858 2738 1981 2788 magis
2001 2746 2037 2775 et
2065 2738 2195 2787 ipsum
2223 2737 2396 2786 primum
2416 2749 2482 2786 ap-

1410 2794 1565 2845 petibile
1595 2794 1664 2832 erit
1692 2793 1921 2842 intelligens:
1947 2791 2038 2842 quia
2067 2799 2254 2842 appetens
2282 2790 2412 2840 ipsum
2439 2789 2483 2827 fit

1371 2867 1397 2882 10
1411 2848 1623 2897 intelligens
1652 2855 1739 2885 actu
1768 2859 1838 2897 per
1865 2848 1940 2883 hoc
1969 2846 2077 2895 quod
2106 2845 2140 2882 ei
2168 2852 2356 2893 tanquam
2375 2843 2482 2880 intel-

1411 2902 1541 2951 ligibili
1569 2901 1713 2939 unitur.
1745 2901 1910 2950 Oportet
1938 2899 2051 2947 igitur
2078 2899 2209 2936 Deum
2237 2910 2320 2935 esse
2348 2896 2482 2946 intelli-

1411 2963 1577 3006 gentem,
1598 2955 1695 2992 facta
1715 2953 1981 3004 suppositione
2000 2953 2108 3002 quod
2128 2951 2301 3001 primum
2329 2957 2482 2987 motum

1411 3017 1570 3048 moveat
1598 3008 1783 3059 seipsum,
1813 3015 1856 3045 ut
1883 3005 2108 3057 philosophi
2136 3006 2355 3042 voluerunt.

1465 3063 1618 3100 Adhuc.
1649 3062 1757 3099 Idem
1775 3072 1933 3098 necesse
1952 3068 2009 3097 est
2027 3058 2136 3108 sequi
2157 3057 2187 3095 si
2215 3057 2282 3095 fiat
2309 3055 2481 3093 reductio

1372 3139 1394 3160 ις
1412 3116 1620 3155 mobilium
1649 3128 1730 3153 non
1763 3114 1803 3152 in
1835 3113 1995 3164 aliquod
2028 3111 2202 3162 primum
2230 3121 2395 3147 movens
2423 3121 2481 3146 se-

1412 3170 1556 3220 ipsum,
1586 3170 1654 3207 sed
1682 3169 1722 3206 in
1750 3180 1916 3206 movens
1945 3166 2108 3204 omnino
2136 3163 2348 3201 immobile.
2376 3163 2482 3199 Nam

1412 3224 1586 3274 primum
1601 3234 1767 3260 movens
1786 3229 1842 3258 est
1856 3220 2074 3258 universale
2088 3216 2322 3268 principium
2337 3223 2480 3253 motus.

1414 3278 1579 3327 Oportet
1612 3276 1735 3325 igitur,
1769 3287 1862 3312 cum
1890 3285 2008 3311 omne
2037 3283 2201 3309 movens
2229 3277 2386 3306 moveat
2413 3280 2483 3318 per

1413 3331 1585 3381 aliquam
1598 3331 1767 3368 formam
1783 3340 1903 3378 quam
1918 3325 2079 3364 intendit
2092 3325 2132 3362 in
2147 3322 2357 3370 movendo,
2374 3322 2482 3371 quod

1372 3406 1399 3421 ,ο
1412 3385 1539 3422 forma
1557 3396 1628 3434 per
1646 3395 1767 3433 quarn
1786 3389 1920 3420 movet
1942 3380 2113 3430 primum
2132 3388 2309 3424 movens,
2333 3375 2379 3413 sit
2396 3374 2482 3412 uni-

1413 3437 1571 3476 versalis
1585 3438 1710 3474 forma
1725 3444 1761 3474 et
1776 3435 1992 3473 universale
2008 3433 2170 3469 bonum.
2188 3430 2332 3467 Forma
2351 3436 2483 3466 autem

1545 3551 1562 3577 6
1580 3558 1610 3577 ut
1627 3550 1763 3585 probabile
1782 3549 1831 3582 est}
1850 3554 1879 3573 ut
1896 3547 2034 3580 probatum
2049 3551 2088 3571 est
2103 3545 2164 3570 GPc
2182 3548 2208 3570 n
2224 3547 2286 3576 post
2299 3544 2416 3576 seipsum
2430 3542 2485 3568 NZ.

1657 3586 1787 3612 sensibilis
1805 3585 1861 3615 NZ;
1880 3582 2019 3608 sensualis.

1601 3623 1633 3648 13
1654 3620 1800 3654 voluerunt]
1819 3624 1963 3653 posuerunt
1980 3618 2024 3644 Pc.
2120 3615 2152 3642 15
2171 3624 2224 3642 non
2243 3619 2307 3641 ante
2324 3622 2434 3640 movens
2453 3614 2484 3646 N,

2308 3712 2340 3738 ¹7
