2768 4134
6 943 10 962 J
38 951 49 962 ·
61 949 99 974 Cf.
116 949 250 982 Commeat.

3 985 13 1018 j
33 982 90 1006 σιμ.
103 983 151 1005 ni,
165 981 217 1000 mn.

755 283 955 321 SUMMA.
973 283 1196 321 CONTRA
1224 282 1499 330 GENTILES,
1528 286 1623 322 LIB.
1643 287 1684 332 ΙΙ,
1715 287 1826 324 CAP.
1847 288 2013 326 LXXIII.

2405 290 2482 337 463

282 374 386 423 unus
421 370 458 399 et
490 370 680 422 aeternus3
716 362 922 401 necessitas
940 363 1276 413 phantasmatum
1308 363 1359 399 ad
1414 364 1596 401 reductus
1624 365 1664 402 in
1683 374 1814 403 actum
1836 379 1907 416 per
1934 368 2080 417 species
2108 369 2368 418 intelligibiles,
2397 370 2483 420 qui-

281 417 518 453 intellectum
536 416 852 466 possibilem‘erit
871 416 968 453 sicut
992 423 1048 453 est
1066 415 1165 453 illius
1189 415 1257 465 qui
1280 415 1358 452 iarn
1414 416 1504 453 libet
1540 418 1663 455 homo
1705 419 1843 468 poterit
1884 421 2138 469 considerare,
2176 435 2268 460 cum
2305 424 2481 470 voluerit,

281 469 398 507 habet
435 469 634 507 scientiam
676 470 726 508 ad
767 469 1098 507 considerandum
1139 469 1358 507 secundum

281 522 481 560 scientiam
500 523 616 570 illam,
637 523 746 572 quod
767 522 883 560 etiam
912 522 994 561 sine
1022 521 1358 573 phantasmatibus

1413 469 1506 507 scita
1534 470 1714 508 omniurn
1743 471 1999 511 scientiarum.
2037 475 2157 522 Quod
2193 483 2249 513 est
2283 477 2482 514 manifeste

1413 522 1572 560 falsum:
1612 523 1666 560 sic
1703 524 1808 561 enim
1845 527 1974 563 nullus
2016 526 2199 576 indigeret
2236 529 2394 567 doctore
2432 530 2482 568 ad

279 588 362 613 non
389 584 531 626 posset.
563 576 667 614 Cum
694 575 809 625 igitur
835 576 995 626 quilibet
1022 577 1145 614 homo
1178 575 1359 624 intelligat
1380 597 1389 618 ς
1413 575 1697 625 acquirendum
1727 577 1936 615 scientiam.
1966 581 2059 617 Non
2087 590 2143 618 est
2171 582 2283 630 igitur
2315 595 2417 620 unus
2445 591 2482 620 et

280 641 352 679 per
378 629 616 670 intellectum
643 629 869 679 possibilem
905 630 1124 667 seeundum
1159 629 1269 679 quod
1303 636 1359 666 est
1413 636 1592 666 aeternus
1620 628 1831 667 intellectus
1859 631 2060 680 possibilis.

1042 761 1380 795 Commenta-ria
1410 761 1723 794 Fax-ariensis

283 868 483 933 pos-mmm
506 858 732 890 determinavit
755 860 891 891 Sanctus
915 860 1060 891 Thomas
1084 859 1124 890 de
1148 860 1272 890 unione
1287 859 1356 890 ani-

335 913 410 935 mae
433 904 648 935 intellectivae
671 903 712 935 ad
733 914 863 945 corpus,
886 914 976 935 nunc
999 904 1040 935 de
1064 904 1134 935 eius
1152 904 1275 934 unitate
1299 903 1355 934 de-

277 949 430 980 terminat
445 949 472 979 *.
497 948 584 987 Quia
606 954 716 980 autern
746 949 927 980 intellectus
957 948 1130 989 possibilis,
1155 957 1223 989 quo
1247 949 1356 979 anima

277 994 438 1034 intelligit,
462 994 496 1024 in
511 994 581 1034 ipsa
604 994 731 1024 animae
751 994 888 1025 essentia
902 993 1083 1030 radicatum
1103 997 1238 1034 propter
1253 992 1354 1033 quod,

278 1039 305 1069 si
320 1043 498 1080 poneretur
514 1048 599 1069 unus
615 1039 766 1069 omnium
778 1039 962 1075 hominum,
979 1042 1146 1079 oporteret
1161 1037 1269 1069 dicere
1285 1047 1355 1069 esse

277 1093 379 1114 unam
402 1084 553 1114 omnium
576 1083 749 1114 hominum
777 1084 919 1114 animam
949 1082 1194 1113 intellectivam:
1218 1082 1353 1119 idcirco,

277 1128 392 1159 volens
421 1137 576 1169 quaerere
605 1127 741 1159 Sanctus
768 1127 914 1158 Thomas
941 1127 982 1158 de
1009 1127 1133 1158 unitate
1155 1128 1283 1158 animae
1306 1128 1355 1158 in-

277 1172 468 1210 tellecti-vae,
493 1172 533 1204 de
556 1172 679 1203 unitate
703 1172 887 1203 intellectus
913 1172 1077 1213 possibilis
1100 1172 1244 1212 inquirit.
1268 1172 1356 1210 Quia

277 1223 388 1249 autem
411 1217 452 1248 ad
474 1216 722 1258 intelligendum
745 1218 910 1248 concurrit
933 1217 1030 1248 etiam
1048 1217 1230 1248 intellectus
1246 1226 1355 1258 agens,

277 1260 364 1299 ideo,
387 1268 463 1303 post
481 1262 787 1293 determinationem
802 1261 843 1293 de
858 1262 1027 1293 intellectu
1049 1262 1206 1302 possibili,
1231 1262 1356 1302 quaerit

278 1313 311 1338 et
332 1306 374 1338 de
396 1306 565 1342 intellectu
584 1311 712 1347 agente,
729 1312 890 1347 quantum
905 1306 946 1337 ad
961 1307 1211 1337 abstractionem
1235 1312 1268 1337 et
1283 1307 1356 1337 uni-

276 1356 390 1389 tatem,-
407 1350 517 1392 capite
540 1360 643 1382 Lxxvr.

333 1396 430 1428 Circa
451 1396 653 1427 intellectum
669 1395 858 1436 possibilem
873 1395 940 1427 duo
965 1395 1056 1426 facit:
1081 1397 1199 1437 primo,
1215 1395 1358 1426 ostendit

278 1450 344 1472 non
361 1450 430 1472 esse
445 1451 547 1472 unum
557 1441 761 1471 intellectum
777 1441 923 1471 omnium
938 1441 1116 1477 hominum,
1130 1446 1244 1471 contra
1255 1441 1356 1472 Aver-

276 1494 371 1517 roem
385 1485 548 1517 dicentem
571 1494 677 1516 unum
691 1485 894 1516 intellectum
916 1485 1106 1526 possibilem
1129 1486 1280 1516 omniurn
1295 1485 1355 1516 ho-

276 1530 406 1562 minum
429 1531 487 1571 qui
509 1536 595 1566 sunt,
616 1531 674 1570 qui
697 1535 793 1560 erunt
816 1535 848 1561 et
871 1530 928 1570 qui
951 1530 1100 1567 fuerunt;
1125 1530 1282 1567 secundo,
1306 1540 1355 1561 ra·

276 1575 383 1607 tiones
405 1575 666 1606 Averroistarum
688 1574 785 1605 solvit
799 1575 827 1605 ἡ

332 1619 356 1651 1.
381 1619 551 1658 Quantum
574 1618 615 1650 ad
638 1619 792 1660 primum,
816 1618 932 1660 arguit
946 1619 1059 1659 primo
1082 1619 1139 1650 sic.

305 1671 307 1674 ’
332 1664 518 1696 Substantia
540 1663 733 1700 intellectus,
757 1663 840 1694 idest
863 1664 1039 1694 substantia
1062 1664 1096 1694 in
1113 1673 1178 1705 qua
1194 1663 1355 1694 radicatur

275 1709 376 1740 virtus
398 1708 605 1745 intellectiva,
620 1708 732 1739 unitur
747 1708 879 1748 corpori
897 1708 1043 1739 humano
1067 1714 1104 1739 ut
1127 1707 1242 1739 forma.
1266 1708 1354 1749 Ergo

275 1762 346 1786 non
369 1758 418 1785 est
439 1762 535 1784 unus*
552 1753 736 1784 intellectus
763 1753 914 1784 omnium
941 1753 1125 1784 hominum.
1149 1771 1174 1776 —
1196 1753 1355 1784 Probatur

276 1799 524 1840 consequentia.
540 1797 628 1836 Quia
642 1798 846 1839 impossibile
861 1803 910 1828 est
925 1807 995 1829 esse
1011 1807 1111 1829 unam
1135 1798 1276 1829 formam
1291 1799 1354 1829 nisi

274 1844 374 1876 um'us
394 1843 564 1874 materiae:
589 1852 666 1874 cum
682 1843 835 1883 proprius
861 1848 952 1873 actus
977 1843 1018 1874 sit
1041 1844 1075 1874 in
1097 1843 1229 1883 propria
1252 1849 1354 1874 mate-

274 1889 486 1929 rin,-sintque
509 1886 551 1918 ad
572 1887 713 1918 invicem
736 1888 993 1928 proportionata.

294 1942 296 1944 ’
330 1932 483 1969 Adverte‚
507 1941 584 1963 cum
607 1931 725 1963 dicitur
741 1931 832 1972 quod
852 1941 919 1963 una
932 1932 1054 1973 forma
1077 1941 1143 1962 non
1161 1935 1354 1972 potestesse

276 1977 347 2009 nisi*
364 1977 462 2009 unius
484 1976 652 2012 materiae,
678 1976 770 2017 quod
792 1976 872 2007 illud
887 1975 1135 2016 intelligendum
1151 1981 1199 2007 est
1222 1975 1262 2007 de
1285 1985 1354 2007 ma-

274 2022 355 2054 teria
370 2031 456 2063 quae
471 2027 519 2052 est
533 2022 678 2062 primum
693 2020 893 2062 perfectibile
909 2031 928 2051 a
943 2020 998 2051 tali
1020 2019 1136 2052 forma.
1161 2020 1249 2051 Talis
1265 2021 1354 2052 enim

275 2068 410 2098 materia
433 2067 700 2107 proportionatur
718 2065 853 2102 formae,
876 2066 920 2096 ita
936 2065 1027 2106 quod
1050 2075 1112 2096 nec
1135 2064 1241 2096 forma
1263 2066 1354 2096 inve-

275 2112 363 2143 nitur
386 2115 474 2143 extra
496 2110 578 2142 illud
601 2110 813 2151 perfectibile,
829 2120 891 2141 nec
906 2110 1040 2141 materia
1063 2116 1111 2141 est
1134 2110 1264 2141 alterius
1288 2110 1353 2141 for-

275 2165 350 2188 mae
372 2156 569 2196 susceptiva:
594 2156 674 2186 haec
690 2156 779 2186 enirn
794 2156 928 2185 materia
951 2155 1086 2195 requirit
1104 2155 1187 2186 hanc
1203 2154 1353 2191 formam,

276 2207 310 2232 et
323 2202 404 2232 haec
419 2200 525 2231 forma
540 2201 675 2241 requirit
689 2201 773 2231 hanc
788 2200 967 2230 materiam.
984 2199 1048 2230 Sed
1064 2199 1104 2230 de
1120 2200 1253 2230 materia
1269 2209 1353 2240 quae

276 2250 324 2277 est
346 2255 420 2287 pars
445 2245 542 2286 primi
568 2244 787 2286 perfectibilis,
818 2254 887 2275 non
915 2250 963 2275 est
989 2245 1224 2275 inconveniens
1253 2251 1354 2275 unam

275 2289 415 2322 formam
429 2290 540 2330 plures
554 2290 704 2320 materias
719 2289 910 2320 informare:
935 2289 1059 2319 dictum
1075 2294 1124 2320 est
1146 2289 1234 2320 enim
1257 2298 1354 2330 supe-

275 2335 372 2367 rius*
392 2344 493 2366 unam
508 2335 651 2365 animam
675 2343 745 2365 esse
760 2339 870 2365 actum
891 2339 923 2364 et
945 2333 1084 2364 formam
1108 2334 1260 2364 omnium
1282 2343 1355 2374 par-

275 2381 361 2412 tium
387 2380 546 2420 corporis.

333 2424 371 2455 11.
395 2423 556 2455 Secundo.
573 2423 758 2454 Intellectus
774 2428 983 2463 comparatur
1002 2422 1042 2453 ad
1058 2431 1178 2463 corpus
1194 2428 1230 2454 ut
1246 2428 1355 2454 motor

276 2470 396 2510 ipsius:
420 2474 458 2500 ut
480 2467 598 2499 dicitur
613 2467 655 2498 111
671 2467 715 2499 de¹
726 2467 856 2498 Anima.
872 2467 960 2508 Ergo
975 2467 1159 2498 intellectus
1182 2468 1279 2499 unius
1295 2468 1355 2498 ho-

276 2514 376 2545 minis
390 2522 460 2544 non
476 2518 524 2544 est
538 2512 723 2543 intellectus
738 2512 879 2543 alterius.
895 2529 919 2534 -
933 2512 1092 2542 Probatur
1109 2513 1354 2553 consequentia.

278 2558 366 2597 Quia
387 2558 568 2598 unicuique
582 2557 706 2588 motori
720 2556 880 2588 debentur
895 2557 1026 2597 propria
1040 2557 1270 2588 instrumenta:
1287 2567 1356 2589 non

278 2604 368 2635 enim
390 2602 583 2633 architector
604 2602 706 2633 utitur
728 2601 949 2632 instrumentis
971 2601 1121 2632 tibicinis.
1359 2623 1361 2625 .

336 2657 367 2678 2.
391 2646 463 2678 Sed
477 2655 547 2678 non
559 2646 687 2678 videtur
697 2647 758 2677 ista
772 2647 854 2677 ratio
867 2645 989 2676 efficax.
1003 2646 1120 2683 Immo,
1133 2655 1172 2676 ex
1185 2646 1249 2677 hoc
1266 2646 1357 2687 quod

279 2692 462 2723 intellectus
478 2690 686 2732 eomparatur
701 2690 742 2722 ad
758 2700 878 2731 corpus
893 2691 977 2721 sicut
990 2696 1111 2727 motor,
1127 2691 1254 2722 videtur
1266 2691 1357 2731 quod

278 2746 349 2768 non
363 2741 522 2776 repugnet
544 2745 649 2767 unum
672 2735 873 2766 intellectum
897 2744 966 2766 esse
990 2736 1023 2765 in
1046 2735 1193 2775 pluribus
1215 2736 1358 2766 homini·

280 2782 358 2812 bus:
384 2781 461 2821 quia
478 2789 564 2811 unus
582 2785 692 2811 motor
714 2780 817 2810 multa
838 2779 974 2810 mobilia
991 2789 1124 2810 movere
1147 2786 1266 2821 potest.

336 2825 474 2856 Videtur
497 2825 594 2855 etiam
617 2824 709 2865 quod
731 2825 882 2864 probatio
913 2825 1168 2865 consequentiae
1194 2825 1284 2856 nulla
1306 2825 1357 2855 sit.

282 2870 432 2911 Corpora
447 2870 535 2901 enim
558 2869 702 2900 hominis
724 2875 801 2900 sunt
822 2869 1036 2899 instrumenta
1058 2869 1241 2900 intellectus
1260 2869 1366 2900 unius·

281 2914 425 2946 rationis.
449 2915 626 2954 Assumpta
649 2919 759 2944 autem
781 2914 976 2954 propositio,
992 2913 1084 2954 quod
1099 2914 1274 2955 unicuique
1288 2923 1368 2944 mo·-

283 2960 350 2991 tori
371 2959 529 2990 debentur
552 2958 693 2999 propria
720 2958 952 2993 instrumenta,
979 2957 1168 2998 intelligitur
1198 2959 1239 2990 ad
1269 2959 1358 2989 hunc

283 3013 425 3040 sensum,
449 3003 542 3044 quod
565 3013 651 3034 unus
673 3002 786 3034 artifex
801 3003 903 3033 utitur
919 3002 1141 3033 instrumentis
1156 3003 1287 3034 alterius
1309 3012 1359 3033 ra-

283 3049 381 3080 tionis
405 3049 444 3078 ab
467 3047 691 3079 instrumentis
704 3047 834 3078 alterius
857 3046 941 3077 artis.
966 3046 1080 3083 Modo,
1103 3046 1179 3078 licet
1201 3056 1287 3078 unus
1310 3056 1359 3078 ar-

283 3093 362 3124 tifex
387 3101 457 3124 non
479 3097 588 3123 utatur
609 3091 831 3123 instrumentis
853 3091 983 3121 alterius
1005 3092 1090 3127 artis,
1120 3100 1189 3122 non
1212 3091 1359 3132 sequitur

284 3137 377 3179 quod
398 3147 468 3168 non
483 3138 586 3178 possit
601 3137 649 3168 uti
665 3135 797 3167 diversis
819 3144 958 3166 numero
976 3135 1196 3166 instrumentis
1212 3135 1359 3167 eiusdem·

284 3183 369 3214 artis.
393 3181 600 3213 Antecedens
623 3181 711 3212 enim
735 3179 782 3211 est·
797 3189 922 3215 verum,
947 3185 979 3210 et
1002 3189 1208 3220 consequens
1230 3180 1357 3211 falsum.

342 3227 372 3258 3.
396 3226 626 3267 Respondemr
652 3225 693 3256 ad
719 3225 863 3265 primum
885 3224 977 3264 quod
1006 3225 1087 3255 ratio
1112 3223 1224 3255 efficax
1251 3230 1308 3261 est,
1332 3225 1360 3255 si

285 3272 370 3302 bene
385 3271 590 3312 intelligatur.
607 3269 765 3308 Quamvis
781 3270 870 3300 enim
885 3278 971 3299 unus
993 3274 1103 3299 motor
1118 3270 1221 3309 possit
1236 3268 1360 3299 diversa

285 3316 420 3347 mobilia
442 3315 655 3356 inadaequata
677 3316 820 3350 movere,
841 3319 873 3344 et
888 3313 1034 3354 pluribus
1049 3314 1270 3344 instrumentis
1292 3314 1360 3344 ina-

286 3360 454 3401 daequatis
476 3361 535 3397 uti,
552 3365 695 3401 quorum
710 3359 839 3390 nullum
861 3368 919 3399 per
937 3367 972 3388 se
994 3356 1112 3388 sufficit
1134 3357 1175 3388 ad
1198 3358 1360 3398 operatio-

285 3414 364 3436 nem
379 3406 556 3442 moventis;
569 3414 638 3436 non
650 3410 760 3435 tamen
771 3412 857 3434 unus
873 3411 1012 3433 numero
1024 3401 1137 3432 artifex
1149 3402 1246 3432 simul
1260 3403 1362 3432 utitur

286 3450 441 3490 pluribus·
455 3450 678 3480 instrumentis
699 3454 733 3479 et
755 3448 853 3479 motis
869 3447 1064 3487 adaequatis,
1081 3445 1223 3486 'quorum
1239 3446 1362 3477 scilicet

286 3493 552 3535 unumquodque
574 3503 633 3534 per
654 3498 696 3524 'se
727 3492 844 3524 sufficit
875 3491 916 3523 ad
939 3492 1102 3522 actionem
1125 3491 1300 3527 moventis;
1324 3496 1362 3521 ut

287 3544 376 3580 patet
398 3548 457 3579 per
472 3543 554 3570 artes
570 3544 605 3569 et-
617 3547 676 3579 per
691 3538 896 3579 operationes
910 3542 1044 3567 naturae
1063 3535 1262 3566 discurrenti.
1280 3534 1362 3566 Cor-

287 3590 351 3624 pus
373 3589 484 3614 autem
506 3583 766 3623 uniuscuiusque
780 3582 923 3612 hominis
939 3586 986 3612 est
1000 3581 1251 3611 instrumentum
1267 3579 1362 3610 adae—

289 3633 425 3668 quatum
447 3626 642 3658 intellectui:
674 3628 751 3668 quia
777 3635 911 3658 omnem
940 3625 1163 3666 operationem
1190 3633 1282 3654 suam
1304 3633 1362 3664 per

288 3678 394 3703 unum
409 3681 528 3713 corpus
543 3671 686 3703 hominis
701 3670 896 3703 sufficienter
912 3674 1047 3702 exercet.
1061 3669 1147 3709 Ergo
1159 3678 1227 3699 non
1243 3668 1363 3708 poterit

1408 867 1494 888 unus
1510 857 1692 888 intellectus
1711 858 1808 888 simul
1832 858 1879 889 uti
1902 858 2048 898 pluribus
2073 861 2262 900 corporibus
2282 868 2313 893 et
2335 865 2480 904 pluribus

1408 902 1607 933 hominibus.
1635 902 1723 934 Cum
1747 912 1824 943 ergo
1857 902 1954 933 simul
1982 903 2089 943 plures
2116 904 2264 936 homines
2291 915 2481 940 moveantur

1408 947 1450 977 ab
1471 947 1648 987 intellectu,
1666 948 1743 988 quia
1757 947 1866 988 plures
1881 947 2031 978 homines
2046 948 2153 988 simul,
2170 959 2208 980 ex
2225 951 2482 991 apprehensione

1408 992 1604 1023 intellectiva
1634 992 1810 1023 coniuncta
1835 992 2068 1032 imaginationi,
2097 994 2272 1031 ambulant,
2304 995 2486 1028 intellectus·

1408 1036 1493 1067 enim
1512 1036 1681 1077 practicus
1704 1042 1752 1067 est
1774 1041 1884 1067 motor
1906 1038 1939 1067 in
1963 1037 2161 1075 hominibus,
2181 1044 2217 1069 ut
2240 1038 2356 1070 dicitur
2379 1041 2420 1071 ΙΙΙ
2443 1042 2482 1073 de

1408 1082 1571 1118 Anima*;
1596 1087 1628 1112 et
1650 1081 1796 1112 similiter
1819 1081 1928 1122 plures
1951 1082 2100 1112 homines
2116 1089 2289 1114 moventur
2304 1085 2343 1115 ad
2358 1086 2481 1117 intelle-

1409 1126 1553 1156 ctionem
1569 1126 1666 1157 unius
1682 1131 1714 1157 et
1730 1125 1876 1157 eiusdem
1891 1127 1938 1156 rei
1953 1127 2059 1163 simul,
2077 1132 2108 1158 et
2123 1127 2163 1158 ad
2179 1137 2278 1168 opera
2296 1130 2393 1169 partis
2409 1140 2481 1162 sen-

1408 1171 1521 1201 sitivae
1544 1180 1628 1211 quae
1647 1171 1825 1202 intellectui
1841 1170 2000 1202 obediunt
2023 1177 2055 1202 et
2076 1175 2105 1202 ei
2121 1171 2319 1204 deserviunt:
2337 1175 2482 1215 sequitur

1409 1215 1501 1256 quod
1512 1215 1657 1256 plurium
1672 1215 1846 1246 hominum
1862 1215 1970 1256 plures
1986 1217 2167 1247 intellectus
2179 1218 2251 1254 sint,
2266 1223 2297 1248 et
2312 1228 2379 1250 non
2396 1229 2480 1251 unus

1409 1270 1548 1291 numero
1573 1269 1734 1291 omnium.

1465 1304 1518 1336 Ad
1545 1304 1727 1336 secundum
1754 1304 1871 1335 dicitur
1903 1304 1993 1345 quod
2017 1315 2055 1335 ex
2083 1315 2123 1336 eo
2148 1306 2238 1346 quod
2265 1316 2349 1338 unus
2372 1315 2481 1339 motor

1410 1354 1442 1380 et
1463 1359 1550 1380 unus
1574 1349 1687 1380 artifex
1709 1358 1778 1380 non
1802 1350 1903 1380 utitur
1918 1350 2137 1381 instrumentis
2160 1351 2289 1382 alterius
2313 1353 2396 1389 artis,
2413 1354 2481 1383 vult

1409 1394 1528 1425 habere
1552 1393 1689 1425 Sanctus
1712 1394 1858 1425 Thomas
1875 1394 1965 1434 quod
1981 1395 2077 1425 etiam
2100 1404 2184 1426 unus
2207 1405 2345 1427 numero
2369 1397 2481 1428 artifex

1409 1447 1478 1470 non
1508 1439 1609 1470 utitur
1631 1439 1779 1480 pluribus
1806 1440 2027 1470 instrumentis
2055 1440 2200 1471 eiusdem
2223 1441 2343 1481 speciei
2366 1442 2479 1472 simul:

1409 1485 1486 1524 quia
1509 1484 1684 1525 utrobique
1700 1489 1748 1515 est
1767 1483 1880 1515 eadem
1896 1485 1988 1514 ratio,
2014 1484 2104 1515 Sicut
2120 1485 2207 1516 enim
2230 1486 2480 1517 instrumentum

2486 1091 2488 1093 '
2509 1089 2518 1098 ·
2535 1088 2591 1114 Cap.
2608 1095 2631 1114 x,
2655 1096 2672 1115 ι,
2695 1095 2719 1114 2:

2509 1122 2528 1135 s.
2544 1115 2588 1137 Th.
2604 1116 2619 1136 l.
2632 1121 2663 1143 ¹5.

1409 1527 1453 1559 ad·
1476 1528 1571 1560 aliam
1602 1534 1703 1560 artem
1734 1529 1899 1569 pertinens
1930 1535 2013 1559 esset
2041 1529 2243 1570 superfluum
2274 1530 2326 1560 isti
2356 1530 2489 1568 artifici,'

1408 1573 1461 1610 ita,
1486 1574 1512 1604 si
1527 1573 1621 1614 plura
1637 1574 1798 1615 acciperet
1818 1574 2030 1604 instrumenta
2054 1583 2194 1614 quorum
2218 1575 2479 1616 unumquodque

1409 1623 1492 1648 esset
1521 1625 1581 1658 per
1606 1627 1640 1649 se
1668 1617 1841 1654 sufficiens,
1869 1623 2035 1659 oporteret
2062 1619 2198 1649 alterum
2225 1629 2339 1650 eorum
2369 1629 2480 1660 super-

1407 1661 1513 1693 fluum
1536 1672 1616 1694 esse.
1641 1663 1683 1694 Et
1698 1663 1743 1694 sic
1767 1663 1848 1693 ratio
1872 1663 2029 1704 procedit,
2046 1669 2078 1693 et
2101 1665 2334 1703 consequentia
2357 1665 2480 1704 optime

1406 1707 1573 1747 probatur.

1462 1761 1495 1791 4.
1519 1751 1661 1783 Adverte
1677 1757 1787 1783 autem
1803 1752 1894 1793 quod
1909 1753 1992 1783 hanc
2014 1753 2174 1783 rationem
2193 1753 2330 1793 sumpsit
2345 1752 2480 1784 Sanctus

1407 1795 1555 1827 Thomas
1570 1797 1610 1827 ab
1626 1797 1698 1837 ipso
1714 1797 1869 1833 Averroe,
1887 1797 1928 1827 111
1944 1797 1984 1828 de
1995 1797 2123 1833 Anima,
2142 1803 2330 1828 commento
2349 1798 2366 1828 5
2380 1799 2407 1834 “,
2425 1799 2481 1829 ubi

1406 1841 1451 1871 ait
1474 1841 1575 1882 quod,
1598 1841 1627 1872 si
1648 1846 1726 1872 sunt
1740 1841 1853 1882 aliqua
1876 1842 2023 1872 animata
2038 1851 2178 1882 quorum
2187 1842 2299 1882 prima
2316 1843 2479 1884 perfectio

1406 1891 1454 1916 est
1475 1886 1655 1916 substantia
1678 1891 1831 1926 separata
1850 1896 1870 1916 a
1885 1887 1954 1917 suis
1976 1886 2135 1922 subiectis,
2161 1891 2197 1917 ut
2218 1886 2426 1917 existimatur
2440 1887 2480 1918 de

1406 1930 1599 1970 corporibus
1615 1930 1814 1966 caelestibus,
1831 1930 2026 1970 impossibile
2041 1935 2089 1961 est
2102 1935 2138 1960 ut
2154 1931 2340 1961 inveniatur
2354 1941 2397 1962 ex
2412 1941 2479 1962 una

1405 1975 1511 2014 specie
1533 1982 1647 2006 eorum
1665 1974 1744 2015 plus
1767 1984 1834 2005 uno
1858 1974 2037 2005 individuo.
2057 1974 2157 2012 Quod
2173 1976 2288 2015 probat
2310 1975 2387 2016 quia
2411 1985 2479 2006 esse

1406 2028 1521 2049 eorum
1544 2024 1627 2050 esset
1649 2019 1809 2049 otiosum?
1821 2019 1906 2050 sicut
1921 2029 1989 2050 esse
1998 2019 2076 2059 plus
2100 2029 2165 2049 una
2190 2020 2268 2050 navi
2283 2020 2316 2050 in
2341 2030 2477 2051 numero

1407 2063 1465 2094 uni
1488 2068 1609 2095 nautae
1633 2064 1666 2094 in
1689 2063 1802 2094 eadem
1825 2064 1918 2100 hora,
1943 2069 1991 2094 est
2013 2064 2172 2101 otiosum,·
2187 2069 2218 2094 et
2240 2065 2390 2095 similiter
2412 2069 2479 2096 e'sse

1400 2109 1479 2149 plus
1503 2118 1569 2139 uno
1586 2109 1800 2139 instrumento
1817 2109 1958 2139 eiusdem
1973 2108 2091 2149 speciei
2115 2108 2172 2138 uni
2188 2109 2318 2150 artifici.
2343 2109 2383 2140 Et
2400 2119 2478 2140 con-

1406 2152 1512 2183 firmat
1535 2163 1577 2184 ex
1593 2152 1686 2183 dictis
1702 2153 1735 2183 in
1752 2153 1773 2183 I
1788 2153 1889 2189 Caeli,
1908 2153 1962 2184 ubi
1984 2153 2105 2184 dicitur
2120 2153 2216 2194 quod,
2240 2154 2269 2184 si
2289 2159 2371 2184 esset
2393 2154 2479 2185 alius

1406 2197 1556 2234 mundus,
1582 2202 1664 2228 esset
1685 2197 1778 2228 aliud
1792 2207 1911 2238 corpus
1927 2198 2072 2234 caeleste,
2089 2202 2121 2228 et
2140 2198 2271 2229 haberet
2293 2199 2394 2229 alium
2410 2209 2479 2229 mo-

1407 2248 1510 2273 torem
1535 2252 1670 2273 numero
1695 2251 1716 2272 a
1739 2247 1866 2273 motore
1889 2243 1981 2273 istius
2004 2242 2170 2283 corporis:
2186 2243 2262 2283 quia
2287 2244 2480 2283 impossibile

1406 2293 1454 2318 est
1477 2292 1512 2317 ut
1535 2288 1650 2317 unicus
1673 2291 1783 2317 motor
1805 2296 1941 2318 numero
1957 2287 2000 2317 sit
2018 2287 2158 2318 duorum
2175 2296 2350 2328 corporum
2374 2287 2480 2318 diver-

1406 2342 1519 2363 sorum
1543 2341 1576 2362 m
1601 2340 1748 2362 numero.

1464 2377 1516 2407 111.
1533 2377 1655 2407 Tertio.
1671 2376 1790 2407 Anima
1806 2376 1948 2406 hominis
1963 2385 2031 2406 non
2047 2381 2155 2417 potest
2170 2375 2295 2416 ingredi
2307 2376 2393 2407 aliud
2410 2386 2481 2407 cor-

1407 2431 1470 2462 pus
1493 2431 1593 2462 quam
1609 2421 1765 2452 hominis:
1782 2426 1819 2451 ut
1834 2421 1970 2451 habetur
1986 2430 2024 2451 ex
2039 2419 2251 2460 philosopho,
2269 2420 2281 2450 1
2297 2421 2336 2451 de
2351 2422 2479 2457 Anima,

1409 2471 1523 2497 contra
1545 2466 1708 2506 antiquos,
1731 2470 1807 2496 text.
1827 2465 1878 2496 53.
1896 2465 1982 2505 Ergo
1999 2466 2107 2495 anima
2129 2465 2225 2495 huius
2249 2465 2390 2496 hominis
2412 2475 2482 2496 non

1409 2517 1518 2553 potest
1528 2510 1653 2550 ingredi
1669 2509 1756 2541 aliud
1772 2519 1892 2550 eorpus
1908 2519 2007 2550 quam
2018 2510 2115 2540 huius
2131 2510 2282 2540 hominis.
2296 2510 2359 2541 Sed
2374 2511 2482 2541 anima

1409 2557 1506 2587 huius
1536 2555 1678 2586 hominis
1710 2560 1759 2585 est
1785 2563 1843 2595 per
1875 2563 1974 2594 quarn
2001 2554 2054 2585 hic
2082 2555 2184 2584 homo
2215 2554 2376 2594 intelligit:
2405 2564 2481 2586 cum

1409 2602 1517 2631 anima
1540 2600 1580 2630 sit
1602 2609 1661 2640 per
1676 2608 1776 2640 quam
1798 2599 1902 2629 horno
1924 2598 2082 2638 intelligit,
2099 2599 2111 2628 1
2127 2598 2167 2629 de
2181 2598 2309 2634 Anima,
2326 2601 2401 2629 text.
2427 2599 2479 2638 64.

1410 2645 1496 2686 Ergo
1520 2654 1589 2675 non
1613 2649 1660 2674 est
1683 2653 1768 2674 unus
1790 2643 1972 2674 intellectus
2001 2643 2098 2673 huius
2122 2648 2153 2673 et
2175 2643 2260 2673 illius
2283 2644 2435 2674 hominis.
2458 2653 2485 2666 -‘

1410 2691 1568 2721 Probatur
1594 2689 1698 2729 prima
1725 2688 1969 2728 consequentia.
2000 2687 2087 2726 Quia
2117 2696 2201 2727 quae
2233 2692 2280 2717 est
2309 2688 2479 2728 proportio

2507 1799 2517 1808 ·
2527 1798 2577 1819 Fol.
2587 1796 2721 1824 147v(Ven.

2509 1824 2577 1852 1562).

1410 2736 1537 2766 animae
1566 2733 1709 2764 hominis
1737 2732 1778 2763 ad
1806 2742 1924 2773 corpus
1954 2732 2106 2768 hominis,
2137 2731 2251 2762 eadem
2279 2737 2327 2762 est
2354 2733 2480 2763 animae

1410 2781 1507 2811 huius
1529 2778 1672 2809 hominis
1695 2777 1736 2808 ad
1759 2786 1878 2818 corpus
1901 2777 1998 2808 huius
2020 2777 2172 2807 hominis.

1466 2823 1607 2855 Adverte
1631 2821 1731 2863 quod,
1755 2831 1832 2853 curn
1854 2822 2036 2852 intellectus
2053 2821 2092 2851 sit
2114 2820 2148 2851 id
2171 2830 2238 2861 quo
2263 2821 2409 2860 proxime
2432 2820 2481 2850 in-

1410 2868 1585 2909 telligimus
1608 2873 1765 2907 tanquam
1783 2867 1943 2907 principio
1963 2866 2102 2896 elicitivo
2118 2865 2355 2901 intellectionis,
2380 2865 2406 2895 si
2421 2864 2481 2905 po-

1410 2919 1505 2944 natur
1527 2912 1696 2943 hominem
1712 2921 1769 2952 per
1785 2912 1927 2942 animam
1941 2910 2130 2950 intelligere,
2147 2914 2277 2951 oportet
2300 2914 2355 2940 aut
2377 2915 2414 2939 ut
2427 2909 2481 2939 illa

1411 2958 1451 2988 sit
1474 2957 1665 2993 intellectus,
1682 2962 1737 2987 aut
1753 2962 1789 2987 ut
1803 2957 1919 2986 habeat
1934 2955 2134 2986 intellectum
2153 2959 2307 2994 tanquam
2330 2954 2492 2983 virtutem*v

1411 3008 1443 3033 et
1466 3002 1646 3044 potentiam
1669 3010 1772 3031 suam.
1796 3001 1932 3041 Propter
1954 3000 2019 3030 hoc
2049 2999 2209 3030 conclusit
2232 2998 2367 3029 Sanctus
2390 2997 2490 3039 Tho-¹

1410 3056 1492 3083 mas,
1515 3056 1554 3077 ex
1581 3047 1646 3076 hoc
1675 3045 1766 3086 quod
1796 3046 1903 3075 anima
1930 3054 1996 3084 qua
2018 3044 2070 3074 hic
2096 3044 2198 3074 homo
2226 3042 2384 3082 intelligit,
2412 3051 2490 3072 non*

1411 3086 1520 3132 potest
1542 3096 1611 3121 esse
1627 3091 1734 3121 anima
1750 3090 1878 3121 alterius
1899 3089 2051 3125 hominis,
2068 3087 2158 3128 quod
2182 3087 2362 3118 intellectus
2386 3087 2488 3117 huius-

1411 3136 1553 3166 hominis
1576 3145 1645 3166 non
1668 3139 1776 3175 potest
1799 3144 1868 3164 esse
1891 3133 2073 3163 intellectus
2096 3132 2224 3163 alterius
2247 3131 2398 3162 hominis.

1468 3180 1522 3210 IV.
1549 3179 1677 3216 Quarto
1694 3180 1721 3209 ’ἢ
1746 3179 1865 3209 Forma
1887 3178 1984 3208 huius
1999 3177 2141 3207 hominis
2165 3181 2212 3206 est
2234 3177 2340 3206 anima
2358 3175 2482 3205 intelle-

1413 3225 1506 3255 ctiva.
1518 3224 1606 3264 Ergo
1618 3223 1819 3264 impossibile
1835 3227 1883 3253 est
1894 3222 2095 3252 diversorum
2111 3221 2283 3251 hominum
2299 3229 2367 3250 esse
2383 3225 2481 3250 unam

1413 3270 1554 3299 animam
1577 3268 1816 3299 intellectivam.
1842 3267 1928 3306 Ergo
1953 3272 2013 3296 etc.
2028 3283 2051 3288 —
2067 3266 2224 3296 Probatur
2240 3264 2482 3304 consequentia.

1413 3313 1500 3351 Quia
1522 3313 1722 3353 impossibile
1746 3317 1794 3342 est
1813 3311 2014 3342 diversorum
2041 3309 2283 3340 individuorum
2311 3309 2483 3339 hominum

1414 3367 1483 3388 esse
1506 3367 1606 3388 unam
1635 3356 1787 3387 formam:
1817 3365 1892 3386 cum
1920 3353 2194 3394 unumquodque,
2222 3354 2305 3383 sicut
2332 3363 2350 3382 a
2379 3352 2484 3383 forma

1413 3402 1510 3432 habet
1533 3411 1612 3438 esse,
1636 3403 1679 3431 ita
1697 3401 1736 3431 ab
1760 3401 1882 3431 unitate
1905 3398 2029 3429 formae
2051 3398 2167 3428 habeat
2190 3398 2356 3428 unitatem.

1459 3446 1504 3477 Si
1528 3445 1651 3476 dicatur
1666 3446 1807 3476 animam
1822 3444 2006 3474 sensitivam
2021 3443 2117 3473 huius
2140 3442 2281 3472 hominis
2305 3450 2373 3472 esse
2388 3441 2485 3472 aliam

1414 3491 1454 3521 ab
1477 3491 1585 3521 anima
1607 3490 1756 3521 sensitiva
1779 3489 1874 3524 illius,
1899 3493 1931 3518 et
1954 3487 2044 3528 quod
2062 3487 2126 3517 hoc
2149 3485 2267 3517 sufficit
2289 3485 2330 3516 ad
2353 3485 2490 3516 diversi-v

1414 3540 1514 3566 tatem
1536 3535 1720 3570 hominurn,
1737 3534 1812 3563 licet
1831 3533 1871 3563 sit
1893 3541 1978 3563 unus
1993 3531 2191 3562 intellectus:
2208 3531 2272 3561 hoc
2293 3540 2363 3561 non
2378 3535 2487 3571 potest

1415 3585 1507 3610 stare.
1531 3579 1618 3617 Quia
1641 3583 1829 3618 sequeretur
1845 3576 1935 3617 quod
1949 3576 2002 3606 isti
2018 3576 2076 3616 qui
2098 3580 2264 3615 ponuntur
2287 3574 2355 3606 duo
2378 3575 2486 3606 homi-

1415 3633 1484 3660 nes,
1507 3633 1576 3654 non
1599 3628 1693 3654 erunt
1719 3622 1786 3652 duo
1810 3622 1969 3657 homines
1993 3620 2050 3651 sed
2075 3625 2202 3650 tantum
2225 3619 2291 3650 duo
2312 3619 2484 3650 animalia.

1417 3667 1517 3706 Quod
1540 3672 1588 3698 est
1610 3666 1819 3707 impossibile.
1836 3683 1858 3687 -
1873 3665 2031 3695 Probatur
2053 3664 2194 3705 sequela.
2210 3664 2297 3702 Quia
2316 3664 2380 3695 hoc
2402 3663 2486 3694 indi-

2509 3182 2519 3192 ·
2533 3181 2570 3204 Cf.
2586 3186 2609 3202 n.
2618 3186 2669 3202 vui.
