2664 4120
274 252 357 277 XLVI

387 315 537 348 CLPNS:
561 313 681 344 modus
697 311 896 343 conveniens
912 309 1096 350 operationi
1113 307 1276 349 proprius
1295 306 1351 337 ali-

442 360 534 391 cuius
558 364 606 389 est
629 357 749 388 modus
765 357 815 386 sui
830 354 967 387 subiecti
990 354 1189 394 inquantum
1213 357 1261 383 est
1283 351 1354 382 eius

441 405 619 435 obiectum.

277 453 326 482 55.
345 451 425 490 Cap.
450 449 504 488 98,
528 458 570 484 x1,
593 456 618 478 1.
643 446 762 487 poterit
782 444 973 487 (substantia
989 440 1148 484 separata)
1168 451 1226 482 per
1247 441 1352 482 ipsam

331 493 568 535 (substantiam)
599 492 711 522 omnia
733 501 751 521 a
775 500 808 521 se
833 488 1020 521 naturaliter
1036 485 1272 527 cognoscibilia
1296 495 1353 516 co-

327 548 496 623 gngscgtg
526 581 735 616 naturaliter,
773 579 890 610 falsum
926 576 1163 618 compendium
1199 572 1351 612 militem

440 627 578 658 CLPNS
601 625 830 657 materialiter.

273 673 323 703 56.
342 672 432 708 Ibid.,
449 682 514 708 xm,
536 672 565 703 3.
590 671 714 711 species
738 667 954 708 intelligibiles
970 665 1162 706 angelorum
1181 674 1251 695 non
1274 669 1351 695 sunt

325 726 440 748 eorum
464 717 677 758 proprietates
698 714 870 746 essentiam
894 713 1041 752 ipsorum
1059 710 1247 741 naturaliter
1270 718 1350 740 con-

327 768 540 837 seqligiltiirsrA
550 815 609 846 pro
620 804 818 835 naturaliter
827 802 945 833 falsum
955 799 1193 841 compendium
1202 798 1349 836 militem

439 850 576 882 CLPNS
600 849 828 880 materialiter.

271 897 323 935 57.
341 896 432 932 Ibid.,
448 906 501 926 xrx
516 894 602 926 med.
619 895 700 925 ratio
717 900 765 924 est
781 891 970 923 excellentia
993 890 1114 930 speciei
1138 889 1304 930 angelicae
1319 889 1350 919 A

328 939 554 981 (compendim
581 937 720 980 effitia).

381 984 518 1016 CLPNS
549 985 630 1015 ratio
662 988 709 1014 est
740 981 914 1013 existentia
949 979 1071 1020 speciei
1102 978 1285 1019 angelicae;
1318 983 1350 1009 et

435 1030 534 1071 paulo
552 1028 633 1059 infra
657 1037 717 1069 pro
742 1026 969 1058 excellentiam
990 1025 1023 1055 in
1040 1024 1189 1060 essendo,
1205 1023 1350 1054 existen-

434 1075 513 1105 tiam
533 1075 566 1104 in
591 1073 737 1107 essendo,
755 1072 811 1102 ubi
828 1071 857 1101 A
874 1071 975 1101 utitur
999 1069 1118 1100 eodem
1135 1068 1347 1109 compendio.

269 1119 319 1150 58.
338 1119 427 1156 Ibid.‚
453 1129 523 1155 xxv,
543 1128 571 1149 2.
597 1118 738 1148 rationes
762 1122 873 1147 autem
888 1115 959 1146 illas
983 1123 1068 1155 quae
1092 1114 1234 1155 probant
1257 1113 1349 1154 quod

322 1164 455 1204 angelus
479 1173 546 1194 non
578 1166 755 1202 cognoscat
778 1160 932 1201 angelum
959 1159 1061 1190 alium
1089 1168 1148 1200 per
1175 1159 1349 1190 essentiam

321 1209 427 1249 angeli
451 1209 509 1238 visi
534 1208 585 1238 vel
608 1207 756 1243 videntis,
782 1205 1006 1236 concedimus.

376 1254 405 1283 A
429 1262 489 1294 pro
514 1252 584 1287 visi,
608 1261 684 1283 casu
709 1250 782 1282 nisi.
806 1268 830 1273 -
855 1249 994 1281 CLNPS
1009 1259 1140 1281 ...non
1168 1254 1350 1290 cognoscat

431 1297 582 1338 angelum
599 1297 699 1328 alium
713 1296 778 1327 nisi
793 1304 852 1336 per
866 1295 1040 1326 essentiam
1053 1294 1161 1335 angeli
1176 1293 1257 1336 (om.
1271 1292 1346 1336 visi)

434 1342 485 1373 vel
507 1341 658 1373 videntis.

266 1388 316 1427 59.
335 1386 425 1424 Ibid.‚
449 1397 558 1424 xxxin,
583 1396 594 1417 ι
615 1386 671 1419 fin.
688 1387 723 1418 in
738 1395 808 1417 uno
825 1390 900 1416 actu
917 1390 1175 1426 cognoscuntur,
1191 1385 1308 1418 immo.
1320 1409 1328 1417 .
1340 1408 1348 1415 .

375 1432 405 1462 A
429 1441 489 1473 pro
514 1432 623 1469 immo,
649 1441 740 1463 casu:
765 1428 863 1461 ἶῖῖο.
887 1447 910 1453 -
934 1429 1090 1462 CLPNS:
1116 1430 1149 1461 in
1179 1440 1249 1462 uno
1273 1435 1348 1461 actu

431 1483 678 1518 cognoscuntur
701 1477 734 1507 in
759 1475 870 1506 modo.

263 1521 316 1552 60.
334 1520 416 1562 Cap.
445 1530 518 1559 101,
543 1532 608 1553 vm.
633 1521 728 1553 Circa
744 1520 777 1552 id
797 1519 890 1562 quod
913 1520 967 1552 hic
990 1520 1119 1558 dicitur,
1143 1520 1349 1552 intellectum

318 1575 386 1598 non
402 1566 498 1598 simul
514 1567 693 1607 intelligere
710 1576 747 1597 ea
764 1575 850 1607 quae
871 1575 930 1607 per
948 1565 1090 1598 diversas
1108 1566 1235 1607 species
1254 1565 1350 1597 intel-

319 1611 398 1652 ligit.
423 1611 456 1643 S.

376 1666 442 1687 non
467 1666 534 1687 om.
558 1656 716 1689 ACLPN.
740 1655 815 1688 Vid.
839 1662 918 1688 text.

1461 304 1670 337 Editionibus
1680 306 1778 346 igitur
1790 307 2027 348 posterioribus
2041 306 2172 338 nullum
2183 306 2383 339 adiutorium
2398 316 2492 349 prae-

1403 349 1567 387 bentibus,
1584 349 1646 381 alia
1662 351 1714 381 via
1735 351 1986 391 procedendum
2002 357 2070 382 erat
2086 351 2127 382 ad
2143 351 2410 384 emendationem
2424 355 2491 394 pri-

1403 402 1478 425 mae
1494 393 1659 425 editionis.
1674 395 1762 426 Ante
1778 397 1892 427 omnia
1906 397 1941 428 in
1961 402 2073 427 mente
2092 396 2255 427 tenendae
2271 403 2362 428 erant
2377 404 2494 430 natura

1404 444 1436 469 et
1460 439 1652 470 occasiones
1679 449 1839 472 errorum.
1867 441 1950 476 Fere
1978 451 2096 472 omnes
2120 441 2209 472 enim
2232 451 2271 472 ex
2295 441 2493 474 confusione

1403 483 1596 521 litterarum,
1620 484 1780 525 siglorum
1807 491 1840 516 et
1863 486 2141 527 compendiorum
2169 486 2368 518 oriebantur.
2393 487 2447 519 Sic
2469 498 2492 519 u

1405 534 1437 558 et
1461 538 1492 565 ν,
1517 528 1539 559 d
1555 534 1587 559 et
1606 528 1628 565 1,
1653 538 1671 559 c
1695 534 1708 560 t
1730 535 1762 560 et
1785 539 1813 567 e,
1828 530 1861 572 f
1869 536 1903 562 et
1916 540 1944 568 s,
1968 540 2066 572 saepe
2087 529 2347 562 confunduntur.
2372 532 2493 564 Erratis

1402 572 1492 613 siglis
1508 579 1540 604 et
1564 574 1781 614 compendiis,
1798 574 1986 616 frequenter
2005 581 2243 617 permutantur,
2261 577 2402 618 exempli
2421 587 2493 618 gra-

1403 618 1458 654 tia,
1482 617 1551 654 sed,
1581 618 1677 655 sicut,
1704 619 1884 651 secundum
1890 627 1904 657 ,·
1934 626 1992 658 est,
2020 630 2100 658 esse,
2129 622 2238 658 etiam,
2270 627 2311 658 et,
2336 631 2376 653 ea
2382 629 2397 660 ;
2416 632 2491 664 per,

1397 671 1495 703 prae,
1514 672 1582 704 pro
1588 670 1601 700 ;
1624 664 1776 700 materia,
1801 669 1946 703 natura,·
1969 675 2047 702 non,
2069 676 2159 702 vero,
2177 666 2265 698 ratio
2272 673 2286 704 ;
2308 667 2375 708 qui,
2392 667 2491 709 quod,

1403 715 1506 748 quae;
1530 708 1627 745 videt,
1652 708 1812 746 videlicet,
1837 710 1935 740 valet.
1959 710 2092 742 Erratur
2107 713 2206 743 etiam
2230 712 2264 742 in
2287 711 2382 743 lineis
2406 722 2491 754 quae

1404 753 1665 784 abbreviationes
1687 753 1844 791 indicant,
1872 755 1941 786 sive
1972 756 2158 788 omittendo
2186 757 2255 788 sive
2277 758 2491 798 apponendo.

1403 797 1472 836 Qui
1497 807 1574 829 vero
1599 808 1724 829 errores
1747 798 1788 830 ad
1815 799 2007 831 huiusmodi
2034 810 2104 832 non
2134 801 2346 839 reducuntur,
2373 812 2491 844 prove-

1403 843 1499 874 niunt
1514 843 1566 874 vel
1583 853 1621 874 ex
1638 843 1851 875 similitudine
1867 853 2001 882 vocum,
2018 854 2048 876 v.
2060 855 2093 886 g.
2105 845 2211 878 dictas
2225 852 2260 878 et
2273 846 2411 879 dilectas
2429 847 2490 890 (9),

1403 893 1484 919 nota
1507 894 1540 919 et
1563 893 1633 919 tota
1657 888 1741 931 (27),
1765 889 1834 920 sive
1849 895 1882 920 et
1897 890 1970 921 sine
1987 888 2075 932 (39):
2100 890 2152 921 vel
2176 901 2215 922 ex
2239 892 2419 924 omissione
2434 899 2491 925 aut

1402 933 1582 964 insertione
1609 933 1747 966 alicuius
1777 935 1941 972 vocabuli,
1970 935 2159 976 praesertim
2186 937 2338 977 negativi.
2369 938 2430 969 His
2457 939 2491 969 in

1401 983 1515 1009 mente
1538 979 1667 1016 habitis,
1691 979 1725 1010 in
1748 980 1861 1011 multis
1892 981 2057 1011 recenseri
2081 980 2224 1021 aperitur
2249 982 2301 1013 via
2325 981 2428 1014 facilis
2451 983 2492 1015 ad

1402 1023 1643 1055 correctionem
1658 1029 1775 1055 textus.
1801 1025 1866 1056 Ubi
1882 1035 1960 1056 vero
1977 1035 2027 1056 res
2047 1026 2219 1057 obscurior
2242 1033 2386 1068 apparet,
2402 1037 2492 1059 error

1402 1068 1574 1109 detegitur,
1598 1069 1696 1100 simul
1720 1075 1753 1100 et
1779 1069 1964 1102 remedium
1987 1071 2163 1108 invenitur,
2187 1081 2226 1102 ex
2252 1071 2491 1112 ponderatione

1402 1119 1587 1151 contextus,
1604 1114 1657 1145 vel
1672 1123 1806 1146 recursu
1821 1114 1863 1146 ad
1878 1121 2005 1147 textum
2021 1115 2053 1147 S.
2071 1116 2224 1148 Thomae
2246 1117 2281 1148 in
2297 1118 2393 1150 cuius
2408 1127 2490 1149 con-

1401 1158 1598 1190 sideratione
1629 1159 1883 1191 Commentator
1913 1166 2105 1202 occupatur.
2131 1161 2261 1193 Utiliter
2285 1162 2383 1194 etiam
2399 1161 2491 1195 adhi-

1401 1204 1520 1236 bentur
1543 1204 1605 1235 alia
1627 1204 1702 1236 loca
1717 1205 1820 1246 ipsius
1836 1205 1862 1236 F
1864 1206 2047 1237 errariensis
2062 1206 2095 1237 in
2113 1207 2234 1247 quibus
2250 1206 2291 1238 de
2308 1207 2423 1239 eadem
2439 1207 2492 1239 vel

1400 1249 1499 1281 simili
1522 1250 1657 1280 materia
1681 1250 1796 1291 agitur.
1825 1250 1986 1288 Tandem,
2011 1250 2146 1292 quando
2170 1251 2240 1293 ipse
2264 1252 2409 1294 aliquem
2433 1262 2492 1284 au—

1402 1300 1529 1326 ctorem
1553 1295 1641 1332 citat,
1660 1300 1768 1326 textus
1791 1295 1958 1336 originalis
1978 1296 2121 1328 multum
2144 1297 2278 1328 inservit
2296 1306 2358 1338 pro
2381 1307 2491 1331 errore

1402 1339 1588 1380 detegendo
1611 1339 1664 1371 vel
1686 1340 1893 1381 corrigendo.

1460 1384 1606 1416 Criteriis
1622 1394 1712 1416 nunc
1735 1395 1825 1417 nunc
1845 1386 2001 1427 expositis
2025 1391 2214 1418 constanter
2229 1387 2280 1418 usi
2296 1396 2421 1419 sumus.
2445 1387 2491 1420 Ut

1402 1435 1514 1461 autem
1537 1435 1647 1461 totum
1669 1436 1820 1462 nostrum
1851 1437 2026 1472 operatum
2049 1437 2169 1472 pateat,
2197 1431 2374 1464 elenchum
2400 1432 2490 1464 exhi-

1402 1476 1519 1507 bemus
1542 1475 1696 1507 locorum
1710 1476 1746 1507 in
1762 1476 1884 1517 quibus
1906 1476 2084 1508 lectionem
2100 1477 2225 1518 primae
2241 1476 2394 1508 editionis
2417 1486 2491 1509 cor-

1403 1521 1557 1552 reximus.
1570 1519 1838 1562 Comparationis
1852 1521 1964 1562 gratia,
1977 1521 2096 1553 Pianae
2107 1522 2268 1554 lectiones
2282 1521 2492 1564 adiungimus

1403 1565 1460 1607 ubi
1484 1575 1503 1596 a
1526 1571 1638 1597 nostra
1661 1565 1778 1597 differt.
1804 1566 1973 1598 Variantes
1996 1567 2076 1598 item
2099 1567 2235 1599 ultimae
2250 1567 2421 1599 Romanae
2439 1565 2489 1610 (S)

1403 1609 1599 1653 indicamus,
1615 1610 1751 1642 limitate
1767 1617 1877 1643 tamen
1893 1611 1934 1643 ad
1950 1611 2024 1643 loca
2040 1617 2175 1653 propter
2192 1612 2224 1644 A
2243 1612 2295 1644 vel
2318 1612 2344 1644 P
2366 1617 2489 1644 uotam.

1404 1655 1541 1687 Istarum
1557 1655 1706 1697 singulae
1732 1655 1838 1699 (APS)
1865 1665 1905 1688 ex
1927 1656 2058 1688 silentio
2081 1657 2258 1688 nobiscum
2281 1657 2390 1698 legere
2413 1666 2491 1689 cen-

1404 1699 1524 1732 sendae
1547 1706 1634 1732 sunt.
1659 1701 1709 1732 De
1733 1700 1822 1732 CLN
1846 1701 1975 1733 solliciti
2000 1711 2069 1733 non
2093 1701 2227 1734 fuimus.

520 1857 757 1898 VARIAE
790 1855 1139 1898 LECTIONES
1173 1855 1235 1897 IN
1271 1854 1745 1896 COMMENTARIIS
1779 1854 2230 1898 FERRARIENSIS

600 1926 653 1963 lN
685 1925 921 1964 SUMMAM
951 1925 1178 1963 CONTRA
1206 1924 1476 1962 GENTILES
1505 1923 1544 1962 S.
1574 1923 1809 1962 THOMAE
1837 1924 1909 1962 DE
1941 1924 2150 1972 AQUINO

261 2036 288 2065 A
299 2042 310 2064 :
321 2034 433 2065 Editio
440 2034 618 2075 primaria,
634 2034 833 2071 Ven.1.524-
845 2033 886 2064 Ρ.·
897 2032 1010 2064 Editio
1018 2032 1135 2068 Piana,
1146 2031 1242 2063 Rom.
1253 2032 1345 2072 1570.

318 2079 363 2110 L:
386 2079 448 2110 Ed.
474 2079 629 2122 Lugdun.
654 2078 734 2119 1567
749 2097 768 2101 —
788 2078 841 2110 N:
863 2078 926 2109 Ed.
950 2077 1058 2114 Paris,
1075 2076 1157 2109 1660

316 2125 411 2155 Rom.
436 2122 577 2167 1897—8.

717 2230 844 2255 LIBER
871 2230 890 2254 l.

738 2301 820 2342 Cap.
846 2311 866 2332 1.

261 2366 362 2398 Num.
387 2375 408 2403 r,
437 2373 463 2396 ι.
489 2365 530 2395 II
546 2365 624 2405 Top.
638 2374 665 2396 c.
681 2374 694 2394 1
710 2382 732 2386 -
752 2363 780 2395 11
793 2364 880 2405 Top.
898 2373 925 2395 c.
938 2374 971 2395 vr
995 2363 1064 2400 AS;
1090 2363 1102 2394 1
1120 2363 1207 2404 Top.
1225 2373 1253 2395 c.
1275 2372 1286 2394 ι
1308 2363 1344 2394 P.

531 2427 553 2432 -
577 2409 746 2440 Variantes
769 2409 802 2440 in
819 2408 922 2440 modo
939 2408 1060 2440 citandi
1075 2418 1145 2440 non
1160 2408 1346 2440 indicamus

532 2454 593 2485 nisi
620 2463 709 2485 error
731 2453 824 2485 adsit.

309 2513 322 2527 ›
383 2509 416 2530 11.
441 2509 515 2530 cum
539 2499 783 2541 alia...agant
805 2517 827 2521 -
851 2498 1061 2530 cum...alia
1084 2504 1184 2539 agunt
1204 2498 1298 2530 APS.

310 2558 323 2571 ι·
384 2555 428 2575 ιιι.
454 2545 487 2575 ὶη
511 2545 574 2575 hoc
598 2549 696 2575 natus
717 2554 790 2575 sum
813 2562 837 2567 —
861 2545 893 2575 in
917 2544 978 2575 hac
1002 2549 1098 2574 natus
1121 2553 1195 2575 sum
1219 2544 1260 2574 A.

389 2603 402 2617 »
454 2599 484 2620 2.
509 2590 563 2621 lib.
590 2589 627 2626 11,
651 2599 723 2630 cap.
748 2599 822 2620 xxiv
845 2607 868 2612 —
891 2589 946 2619 lib.
972 2588 1010 2625 11,
1035 2597 1106 2629 cap.
1134 2588 1174 2620 23
1199 2588 1264 2620 AS.

384 2645 426 2665 rv.
450 2635 530 2666 bene
553 2634 661 2675 inquit
682 2653 704 2657 -
728 2635 812 2665 bene
837 2634 880 2664 ait
904 2633 939 2664 P.

396 2689 425 2716 v,
451 2679 481 2711 3.
506 2680 577 2710 init.
593 2679 716 2710 dicitur
730 2679 827 2720 quod.
844 2695 866 2702 -
882 2679 990 2719 primo
1007 2677 1185 2710 dicendum
1202 2677 1294 2719 quod
1309 2678 1342 2710 S.

397 2738 411 2752 »
446 2724 590 2756 secundo
603 2729 730 2755 tantum
743 2724 841 2755 modo
850 2723 1028 2755 —secundo
1036 2723 1268 2755 tantummodo
1275 2723 1341 2756 ΑΡ.

398 2782 411 2796 ›
439 2780 470 2810 4.
495 2769 550 2800 Ex
573 2769 633 2800 his.
661 2770 690 2800 A
714 2769 902 2810 regulariter
930 2769 1027 2800 habet
1050 2769 1101 2804 iis,
1126 2768 1218 2809 quod
1245 2768 1271 2799 P
1294 2778 1343 2800 re-

528 2814 681 2854 gulariter
712 2819 816 2845 mutat
846 2814 880 2845 in
911 2814 977 2851 his3
1005 2814 1046 2846 de
1070 2813 1093 2845 S
1115 2823 1184 2845 non
1209 2813 1341 2854 indaga-

531 2859 648 2890 vimus.
673 2876 695 2881 -
718 2859 793 2890 Non
818 2859 958 2900 amplius
981 2865 1147 2890 notamus.

397 2917 410 2930 »
445 2902 501 2936 fin.
525 2909 574 2935 est
596 2904 748 2934 doctrina
772 2904 958 2935 Aristotelis
982 2904 1025 2935 VI
1040 2903 1148 2935 Ethic.
1163 2922 1187 2927 —
1203 2903 1266 2934 Pro
1290 2903 1342 2940 VI,

529 2949 557 2979 A
580 2949 670 2980 VIII.
683 2966 706 2972 -
718 2949 740 2980 S
756 2958 799 2980 ex
814 2948 966 2980 doctrina
984 2949 1171 2980 Aristotelis
1186 2947 1212 2980 8
1224 2953 1256 2980 et
1270 2947 1344 2980 hic!

730 3019 812 3060 Cap.
838 3030 870 3051 n.

385 3092 417 3112 n.
443 3091 540 3113 verae
563 3082 774 3113 beatitudinis
796 3099 820 3106 -—
842 3092 917 3114 vere
942 3083 1150 3114 beatitudinis
1173 3083 1209 3114 Ρ.
1235 3101 1256 3106 -
1279 3083 1343 3114 Va-

531 3127 649 3158 riantes
673 3128 758 3158 circa
788 3137 885 3159 usum
909 3127 1133 3169 diphthongae
1156 3127 1345 3169 regulariter

529 3181 597 3203 non
621 3178 784 3203 notamus.

260 3081 359 3113 Num.

723 3242 805 3284 Cap.
829 3253 875 3274 nr.

261 3303 360 3334 Num.
386 3314 406 3333 n
430 3304 498 3334 init.
524 3305 635 3335 omnia
659 3304 699 3335 de
722 3314 761 3336 eo
783 3323 804 3327 —
829 3306 941 3337 omnia
964 3305 1004 3338 de
1030 3306 1102 3338 Deo
1126 3306 1161 3338 P.

311 3362 323 3374 ›
384 3358 413 3378 v.
437 3349 503 3378 Pro
527 3349 726 3380 auctoritate
749 3368 767 3373 -
795 3351 824 3381 A
851 3349 954 3392 (casu)
980 3351 1044 3382 Pro
1067 3352 1304 3383 auctoritatem.

388 3405 402 3420 ›
441 3393 531 3424 Hinc
555 3394 745 3426 Manichaei
769 3413 790 3416 -
815 3395 877 3426 Hic
903 3395 1086 3427 Manichaei
1110 3396 1169 3428 PS.

386 3448 415 3467 vi
440 3447 550 3469 versus
574 3438 629 3469 fin.
656 3439 707 3469 IV
726 3439 814 3470 Sent.
840 3440 870 3473 d.
896 3450 978 3478 xux,
1003 3451 1033 3482 q.
1058 3451 1100 3478 xr,
1124 3441 1169 3473 ad
1187 3450 1251 3482 2,-
1279 3441 1342 3472 Pro

531 3483 631 3519 Sent.,
656 3485 736 3521 sine,
760 3485 790 3515 A
814 3494 902 3516 casu.
918 3504 940 3508 -
959 3485 1054 3517 Item:
1081 3495 1114 3527 q.
1138 3496 1169 3523 x,
1193 3485 1234 3517 ad
1259 3495 1289 3517 2.

397 3526 501 3557 Nou.
526 3527 703 3559 indicando
727 3530 958 3570 responsiones
973 3531 1006 3561 in
1024 3530 1235 3562 citationibus
1258 3540 1344 3562 sem-

443 3580 500 3610 per
516 3572 637 3603 utimur
660 3575 905 3614 praepositione
929 3575 973 3606 ad
992 3575 1046 3616 (ad
1068 3585 1098 3615 2,
1122 3575 1163 3607 ad
1188 3575 1219 3612 3,
1243 3574 1340 3617 etc.):

442 3615 471 3645 A
496 3616 695 3657 quandoque
721 3619 830 3656 utitur,
855 3618 1055 3661 quandoque
1079 3629 1148 3651 non
1173 3620 1285 3651 utitur.

1871 2030 1953 2073 Cap.
1978 2041 2020 2063 iv.

1177 2094 1199 2100 “
1215 2075 1259 2108 3³
1281 2075 1344 2108 Ed·
1401 2094 1502 2126 Num.
1527 2105 1549 2126 u
1572 2095 1643 2127 init.
1666 2094 1758 2126 circa
1782 2094 1942 2126 obiectum
1964 2112 1986 2116 —
2009 2095 2094 2126 circa
2117 2094 2247 2127 obiecta
2269 2095 2305 2127 P.

1530 2153 1544 2168 »
1572 2140 1626 2171 col
1651 2149 1682 2171 2.
1707 2139 1824 2181 accipi.
1846 2157 1870 2163 —
1893 2139 1940 2171 sic
1955 2140 2062 2182 accipi
2083 2139 2120 2172 P.
2143 2157 2168 2164 -
2191 2140 2272 2172 Item
2296 2140 2406 2173 statim
2424 2149 2488 2184 pro

1671 2184 1907 2222 habitudinem,
1931 2184 2090 2216 habitum.

1525 2239 1559 2260 m
1583 2228 1670 2260 med.
1690 2234 1801 2270 potest
1826 2229 2011 2261 intellectus
2041 2247 2064 2253 -
2091 2229 2156 2261 Pto
2177 2234 2298 2272 potest,
2329 2239 2488 2274 compen—

1671 2273 1764 2306 dium
1787 2275 2009 2316 aequivocum
2025 2275 2066 2306 A.
2088 2293 2111 2298 —
2133 2273 2176 2306 P:
2201 2275 2368 2318 potentiae
2391 2275 2488 2308 intel-

1672 2319 1786 2351 lectus.

1399 2363 1479 2396 Ibid.
1505 2363 1614 2395 Multo
1639 2364 1746 2406 igitur
1772 2364 1881 2396 minus
1906 2382 1930 2387 —
1957 2364 2064 2396 Multo
2091 2364 2189 2406 igitur
2215 2364 2319 2406 magis
2345 2363 2436 2398 APS.
2464 2383 2487 2388 —

1671 2408 1786 2440 Statim
1810 2409 1833 2441 S
1855 2419 1916 2451 pro
1943 2418 2029 2451 quae
2042 2432 2050 2440 .
2065 2433 2073 2440 .
2087 2432 2095 2441 .
2113 2409 2354 2442 remotissima:
2384 2418 2486 2452 quam

1670 2455 1813 2486 maxime
1836 2454 2085 2486 immaterialem
2109 2460 2141 2486 et
2164 2464 2183 2486 a
2205 2454 2355 2487 sensibus
2377 2463 2486 2488 remo·

1669 2499 1837 2531 tissimam.

1398 2543 1498 2575 Num.
1523 2553 1555 2574 iv
1574 2542 1630 2575 fin.
1656 2543 1768 2576 Isaiae
1790 2554 1842 2576 ων
1864 2561 1889 2568 -
1911 2543 1951 2575 P:
1976 2544 2076 2576 Isaiae
2098 2554 2154 2585 44.

1522 2599 1563 2620 v1.
1589 2589 1769 2631 Aequis-itio
1793 2589 1960 2621 scientiae.
1989 2608 2008 2612 —
2030 2589 2216 2632 Aequisitio
2241 2589 2376 2622 scientia
2398 2588 2439 2621 A.

1522 2644 1542 2664 x
1576 2634 1663 2666 med.
1689 2635 1722 2666 in
1743 2634 1988 2676 prosecutione.
2008 2652 2029 2658 -
2053 2634 2087 2666 in
2110 2635 2380 2676 prosecutionem
2402 2633 2438 2666 P.

1875 2704 1956 2746 Cap.
1981 2715 2011 2736 v.

1396 2767 1497 2799 Num.
1522 2778 1543 2806 ι,
1570 2777 1588 2799 2
1613 2767 1700 2800 med.
1726 2768 1775 2800 vis
1799 2768 1942 2800 rationis
1965 2787 1986 2791 -
2011 2768 2062 2800 via
2085 2767 2221 2800 rationis
2244 2768 2286 2800 A.

1395 2813 1476 2845 Ibid.
1502 2823 1606 2855 neque
1628 2813 1776 2845 secundo
1793 2813 1870 2845 loco
1885 2830 1909 2837 -
1925 2822 1984 2845 nec
2003 2813 2038 2844 P.
2064 2813 2141 2845 Non
2157 2812 2299 2854 amplius
2318 2818 2482 2846 notamus.

1395 2859 1495 2891 Num.
1521 2868 1542 2895 1,
1565 2869 1598 2899 4.
1623 2859 1772 2890 exterior
1795 2858 1946 2900 operatio
1969 2875 1992 2880 -
2025 2858 2175 2890 exteriori
2205 2858 2356 2900 operatio
2391 2857 2432 2891 A.
2459 2875 2485 2882 -

1668 2903 1870 2935 Huiusmodi
1885 2912 2010 2935 errores
2025 2902 2280 2945 typographicos
2296 2901 2399 2935 facilis
2410 2911 2484 2935 cor—

1669 2948 1823 2980 rectionis
1846 2957 1944 2990 saepe
1971 2948 2166 2980 omittimus.

1445 3008 1459 3021 »
1519 3004 1550 3025 v.
1578 2992 1632 3035 (de
1655 2993 1773 3025 Praed.
1790 2991 1915 3036 Sanct.)
1941 3003 1970 3026 c.
1985 3003 2007 3025 v
2021 3010 2045 3015 —
2061 3002 2089 3025 c.
2113 3002 2136 3033 4
2151 2993 2216 3026 AS.
2234 2991 2280 3034 (et
2296 2991 2415 3024 Scotua
2430 2991 2482 3025 ed.

1526 3097 1539 3111 ι
1580 3094 1597 3115 2
1612 3037 1888 3126 fluxam-taralis
1910 3101 1932 3106 —
1956 3082 2030 3115 finis
2053 3082 2240 3114 naturaliter
2262 3081 2299 3114 P.

1527 3144 1539 3155 .
1581 3129 1597 3160 3
1623 3128 1680 3160 sed
1695 3134 1816 3160 actum.
1834 3128 1932 3160 -Pro
1947 3128 2015 3165 sed,
2040 3128 2070 3159 A
2094 3127 2212 3159 falsum
2227 3125 2482 3168 compendium;

1668 3173 1693 3204 P
1717 3172 1912 3205 secundum.

1867 3244 1949 3287 Cap.
1974 3254 2016 3276 vr.

1397 3308 1496 3339 Num.
1521 3318 1544 3339 11
1567 3307 1623 3339 fin.
1643 3308 1856 3349 perhiberent
1877 3325 1899 3330 -
1919 3307 2102 3349 perhiberet
2125 3304 2215 3337 APS.

1446 3367 1460 3380 »
1520 3363 1552 3383 ιν
1576 3351 1632 3384 fin.
1657 3353 1851 3394 operatione
1884 3351 2054 3383 daemonis
2087 3349 2226 3392 [possit]
2251 3359 2322 3382 esse
2338 3350 2482 3392 praesti-

1667 3398 1762 3440 gium
1777 3415 1800 3420 —
1815 3397 1855 3428 P:
1879 3397 2071 3438 operatione
2095 3395 2265 3427 daemonis
2288 3399 2371 3427 esset
2380 3404 2481 3437 prae-

1667 3442 1804 3484 stigium
1841 3439 1946 3483 (quod
1985 3439 2069 3472 forte
2107 3439 2358 3482 praeferendum
2397 3446 2482 3472 esset

1667 3493 1797 3518 nostrae
1813 3483 2063 3527 emendationi).
2083 3503 2102 3509 -
2123 3485 2162 3517 S:
2180 3485 2329 3526 operatio
2346 3483 2479 3516 daemo-

1668 3531 1719 3563 nis
1742 3537 1775 3563 et
1797 3530 2007 3572 praestigium
2031 3539 2100 3561 esse
2124 3529 2236 3571 possit.

1521 3587 1550 3607 v.
1570 3586 1706 3618 passum
1745 3584 1814 3607 esse
1847 3593 1869 3598 -
1904 3584 2036 3616 passum
2073 3575 2169 3606 etiam
2202 3574 2231 3606 A
2268 3572 2364 3616 (falso
2389 3583 2481 3605 com-

1670 3619 1782 3662 pend.)
1807 3619 1866 3652 PS.
