2768 4134
73 720 83 730 ‘
98 718 134 740 cf.
149 723 200 745 cap.
210 723 265 739 nvn.

69 1470 78 1478 ·
92 1468 128 1490 Cf.
147 1467 280 1499 Commeat.

68 1500 119 1522 cap.
137 1501 216 1521 Lxxu,
230 1498 280 1516 lnlt.

66 1644 76 1654 ·
91 1644 129 1666 Cf.
143 1650 167 1666 n.
182 1651 208 1666 n.

65 2665 75 2675 ·
88 2665 127 2686 ΑΙ.
141 2669 191 2692 cap.
203 2670 229 2690 ιι,
240 2670 260 2685 2.

66 2793 76 2802 '
89 2791 124 2814 Cf.
140 2792 190 2815 init.
209 2792 278 2814 Com-

66 2822 138 2841 men!-

322 317 397 363 524

317 398 620 440 corrumpuntur
637 401 718 426 non
738 396 869 425 manet
887 386 1099 424 substantia
1118 386 1268 431 eadem,
1289 385 1386 423 sicut

317 452 448 482 manet
475 444 514 480 in
545 443 603 480 his
632 454 732 492 quae
761 441 979 478 secundum
1009 442 1141 477 locum
1161 447 1383 476 moventur.

317 497 393 535 Sed
422 497 452 533 si
481 508 560 533 una
588 495 719 533 anima
747 493 907 531 diversis
935 493 1165 542 corporibus
1197 491 1386 541 generatis

315 550 447 587 unitur
461 548 688 594 successive,
704 548 841 585 redibit
860 547 965 584 idem
985 558 1154 584 numero
1173 547 1296 583 homo
1316 557 1386 595 per

314 602 614 652 generationem.
645 602 766 649 Quod
799 600 950 638 Platoni
984 601 1032 637 de
1067 599 1292 637 necessitate
1327 611 1385 635 se-

315 656 454 706 quitur,
476 655 543 705 qui
571 654 664 692 dixit
692 654 896 692 hominem
916 666 999 691 esse
1028 657 1196 691 animam
1226 665 1386 702 corpore

314 709 480 747 indutam
495 708 525 745 ³¹³.
547 707 731 758 Sequitur
749 707 865 745 etiam
893 714 929 744 et
948 707 1029 744 aliis
1049 706 1383 756 quibuscumque:

313 762 414 812 quia,
448 774 540 800 cum
568 761 694 799 unitas
723 761 777 799 rei
805 768 990 810 sequatur
1017 760 1195 805 formam,
1225 758 1322 796 sicut
1350 766 1387 795 et

313 828 406 862 esse,
429 823 581 866 oportet
608 816 716 865 quod
745 815 806 852 illa
835 814 908 851 sint
936 825 1062 851 unum
1092 824 1259 850 numero
1287 823 1385 862 quo-

312 882 400 907 rum
420 877 476 906 est
494 869 618 907 forma
647 881 813 906 numero
842 880 931 905 una.
963 868 1055 904 Non
1085 866 1199 914 igitur
1222 873 1278 903 est
1296 877 1385 915 pos-

312 923 420 960 sibile
448 935 570 960 unam
603 922 775 959 animam
810 920 971 958 diversis
1005 919 1236 969 corporibus
1270 918 1383 956 uniri.

365 1055 378 1080 5
400 1055 498 1080 Platoni
517 1061 552 1079 an
572 1054 706 1078 Platonem
722 1051 807 1084 aliqui
825 1051 963 1080 incertum,
979 1050 1125 1075 secundum
1138 1050 1274 1075 Platonem
1287 1049 1340 1080 Pd;
1354 1049 1389 1083 qs.

764 312 951 349 SUMMA
982 309 1204 347 CONTRA
1234 308 1510 355 GENTILES,
1540 308 1635 344 LIB.
1657 308 1698 353 ΙΙ,
1730 307 1841 344 CAP.
1862 308 2067 344 LXXXIII.

1441 386 1500 422 Ex
1519 397 1600 435 quo
1620 385 1735 422 etiam
1757 384 1932 434 sequitur
1949 385 2058 435 quod
2087 397 2159 423 nec
2187 386 2340 424 animae
2364 387 2519 425 fuerunt

1441 446 1529 475 ante
1557 450 1734 487 corpora.

1494 491 1597 528 Huic
1625 499 1757 528 autem
1782 491 1930 528 veritati
1959 491 2182 529 Catholicae
2210 491 2303 529 fidei
2331 493 2519 531 sententia

1441 542 1663 582 concordat.
1693 543 1843 581 Dicitur
1870 544 2036 582 enimin
2061 546 2217 582 Psalmo
2236 545 2272 582 *ε
2308 546 2385 588 Qui
2398 548 2519 594 finxit

1408 615 1417 634 5
1440 599 1659 648 singillatim
1688 598 1806 635 corda
1834 609 1986 635 eorum.-
2014 598 2107 648 quia
2135 598 2277 636 scilicet
2304 598 2517 649 unicuique

1441 663 1620 688 seorsum
1649 651 1757 688 Deus
1785 650 1959 688 animam
1990 651 2088 698 fecit,
2125 663 2207 689 non
2240 659 2372 689 autem
2401 652 2519 690 simul

1441 716 1580 741 omnes
1608 703 1763 750 creavit,
1793 716 1922 754 neque
1951 717 2072 743 unam
2098 705 2260 743 diversis
2288 705 2518 756 corporibus

1441 757 1627 794 adiunxit.
1649 780 1674 785 —
1693 757 1796 795 Hinc
1824 757 1941 795 etiam
1970 758 2010 795 in
2037 758 2158 796 Libro
2186 759 2233 796 de
2253 759 2519 797 Ecclesiasticis

1441 812 1691 862 Dogmatibus
1725 810 1864 849 dicitur
1880 811 1916 848 *ε
1950 813 2111 849 Animas
2138 813 2333 850 hominum
2362 813 2519 850 dicimus

1403 881 1427 895 m
1442 878 1517 902 non
1548 877 1626 901 esse
1652 866 1700 902 ab
1729 867 1833 902 initio
1861 867 1958 902 inter
1985 871 2127 903 ceteras
2162 866 2423 904 intellectuales
2451 879 2518 904 na-

1441 924 1556 963 turas,
1587 930 1656 955 nec
1681 918 1794 955 simul
1820 924 1978 964 creatas,
2007 920 2101 956 sicut
2132 919 2316 969 Origenes
2331 921 2463 970 fingit.

1405 1048 1456 1074 523
1470 1057 1485 1074 a
1499 1048 1533 1074 56
1552 1049 1721 1083 consequitur
1734 1054 1873 1082 ponentes,
1886 1052 1913 1075 et
1928 1057 1995 1075 mox
2008 1057 2033 1083 7.
2106 1049 2123 1075 6
2136 1050 2255 1084 corpore]
2271 1050 2374 1083 corpori
2388 1058 2413 1082 α,
2432 1057 2475 1076 om
2486 1051 2519 1076 Y.

309 1099 325 1123 7
345 1091 401 1116 aliis
419 1090 630 1123 quibuscumque
647 1087 759 1119 (scilicet
777 1087 899 1112 omnibus
910 1086 1016 1111 animas
1027 1086 1137 1118 corpori
1152 1085 1342 1117 praeexistere
1355 1084 1529 1117 ponentibus)
1544 1085 1585 1110 Ita
1603 1085 1639 1115 X;
1653 1085 1680 1110 in
1694 1084 1751 1110 aliis
1770 1084 1982 1118 quibuscumque
1994 1085 2158 1115 eDWYch,
2176 1085 2233 1111 aliis
2245 1086 2404 1119 quibusdam
2418 1086 2521 1112 EGYz.

309 1134 326 1160 9
344 1125 435 1158 unum]
455 1125 525 1150 idem
544 1132 626 1149 unum
644 1123 695 1156 pY,
714 1123 783 1148 idem
802 1123 846 1148 Pc.

362 1161 378 1186 6
397 1159 527 1192 seorsum]
546 1159 653 1184 addunt
672 1158 804 1192 propriam
823 1158 911 1189 aDXc,
931 1158 1043 1191 primam
1062 1156 1106 1188 W,
1125 1156 1230 1190 proprie
1249 1156 1297 1182 Pa.

1391 1162 1419 1181 n
1442 1154 1525 1189 fingit]
1545 1155 1618 1181 finxit
1635 1156 1707 1181 ZPd.

1070 1263 1410 1297 Commentario.
1440 1263 1754 1296 Fert-ariensis

364 1382 511 1404 OSTQUAM
544 1371 768 1403 determinavit
795 1371 930 1402 Sanctus
967 1370 1112 1401 Thomas
1140 1369 1181 1401 de
1213 1369 1383 1401 duratione

313 1385 500 1448 panimae
523 1422 699 1458 postquam
722 1421 770 1446 est
793 1416 883 1446 unita
907 1415 1048 1456 corpori,
1068 1419 1309 1455 consequenter
1327 1414 1384 1445 de-

309 1463 458 1493 terminat
474 1461 513 1492 de
531 1462 599 1492 eius
612 1461 782 1492 duratione
795 1465 955 1500 quantum
972 1459 1012 1490 ad
1024 1460 1073 1490 sui
1090 1458 1343 1500 productionem
1355 1459 1383 1489 ⁹.

309 1506 404 1538 Circa
418 1507 482 1537 hoc
506 1511 613 1536 autem
631 1506 690 1536 tria
705 1505 796 1536 facit:
818 1506 925 1545 primo
943 1505 1030 1535 enim
1047 1504 1178 1535 adducit
1193 1509 1385 1544 argumenta

307 1551 477 1592 probantia
503 1551 607 1591 ipsam
638 1560 766 1591 semper
792 1549 902 1587 fuisse,
933 1555 965 1580 et
992 1558 1060 1580 non
1088 1549 1238 1579 habuisse
1264 1549 1383 1589 princi-

307 1597 401 1637 pium
419 1605 496 1626 suae
520 1595 718 1631 durationis;
742 1594 899 1631 secundo,
916 1593 1058 1624 ostendit
1081 1594 1184 1634 ipsam
1199 1602 1269 1624 non
1286 1593 1384 1624 fuisse

309 1646 382 1672 ante
407 1650 526 1681 corpus
539 1641 572 1677 “;
601 1640 707 1676 tertio,
732 1644 921 1679 argumenta
944 1639 977 1669 in
1000 1638 1191 1679 oppositum
1219 1637 1326 1674 solvit,
1350 1638 1384 1668 in

310 1685 414 1726 capite
438 1684 597 1725 sequenti.

365 1729 387 1759 1.
411 1728 582 1767 Quantum
598 1727 638 1758 ad
653 1728 807 1768 primum,
824 1727 919 1768 ponit
935 1732 1076 1767 quatuor
1094 1727 1235 1757 rationes
1250 1731 1385 1767 propter

309 1783 389 1814 quas
405 1778 565 1813 ponentes
581 1773 703 1803 animas
718 1773 876 1803 humanas
894 1772 929 1802 in
947 1772 999 1802 sui
1013 1771 1222 1802 multitudine
1238 1780 1307 1802 esse
1322 1772 1384 1802 im-

308 1818 469 1854 mortales,
493 1823 530 1848 ut
553 1817 721 1853 Platonici,
746 1816 896 1848 dixerunt
919 1817 1004 1856 ipsas
1026 1816 1066 1846 ab
1090 1821 1223 1847 aeterno
1247 1823 1327 1852 esse,
1351 1821 1384 1847 et

308 1862 530 1893 vicissitudine
554 1861 695 1902 quadam
711 1862 796 1892 uniri
812 1861 1005 1901 corporibus
1029 1866 1062 1891 et
1084 1860 1124 1890 ab
1148 1861 1226 1900 ipsis
1249 1860 1382 1891 absolvi.

308 1906 344 1937 Id
359 1905 450 1946 quod
466 1907 563 1936 etiam
580 1905 763 1936 Manichaei
775 1911 850 1936 sunt
866 1905 979 1935 secuti.
992 1923 1015 1926 —
1026 1904 1191 1935 Ponentes
1203 1914 1281 1935 vero
1297 1905 1383 1945 ipsas

308 1960 376 1981 esse
392 1950 591 1980 immortales
608 1949 789 1980 secundum
806 1948 929 1990 aliquid
945 1957 1060 1985 unum,
1077 1947 1158 1979 illud
1173 1957 1278 1979 unum
1295 1948 1383 1980 dixe-

306 1999 381 2025 runt
397 2003 465 2024 esse
489 1994 527 2024 ab
552 1999 700 2024 aeterno:
726 1994 792 2024 sive
816 1993 856 2023 sit
879 1992 1062 2023 intellectus
1078 2001 1187 2032 agens,
1211 1998 1247 2023 ut
1271 1993 1382 2033 posuit

306 2038 504 2074 Alexander3
528 2039 596 2068 sive
618 2037 800 2068 intellectus
824 2037 997 2078 possibilis,
1021 2042 1059 2067 ut
1081 2037 1243 2068 Averroes
1265 2037 1380 2074 voluit,

306 2089 338 2114 et
361 2083 511 2114 videntur
537 2082 698 2123 quaedam
724 2082 906 2112 Aristotelis
930 2082 1027 2112 verba
1050 2090 1176 2118 sonare,
1201 2081 1280 2112 dum
1303 2081 1382 2112 dicit

305 2129 414 2169 ipsum
427 2137 496 2158 esse
506 2132 711 2168 perpetuum.
727 2145 751 2149 -
762 2125 907 2165 Quidam
925 2135 1013 2162 vero,
1030 2131 1066 2156 ut
1082 2125 1243 2166 Origines,
1259 2135 1381 2167 posue-

305 2178 380 2204 runt
403 2172 488 2212 ipsas
511 2178 585 2202 ante
608 2169 771 2202 mundum
794 2171 953 2202 visibilem
973 2175 1094 2201 creatas
1118 2179 1198 2207 esse,
1223 2176 1381 2202 ettamen

306 2226 359 2248 eas
384 2215 424 2247 de
447 2226 535 2247 novo
552 2216 745 2257 corporibus
761 2215 896 2256 alligari:
921 2224 989 2246 non
1005 2220 1114 2246 tamen
1131 2220 1276 2246 aeternas
1300 2224 1380 2246 esse.

359 2261 466 2291 Prima
498 2261 578 2292 ratio
610 2266 674 2297 est,
706 2261 783 2302 quia
814 2259 905 2301 quod
935 2269 1106 2300 nunquam
1137 2259 1262 2291 desinet
1294 2269 1379 2297 esse,

304 2314 475 2346 nunquam
498 2306 644 2345 incoepit
667 2314 746 2336 esse.
769 2305 889 2335 Anima
912 2310 1021 2336 autem
1045 2305 1187 2335 humana
1210 2314 1380 2345 nunquam

307 2350 431 2381 desinet
454 2359 534 2380 esse.

362 2393 522 2430 Secunda,
539 2394 615 2434 quia
631 2403 670 2424 ex
686 2393 989 2434 incorruptibilitate
1009 2394 1149 2425 veritatis
1171 2393 1381 2434 intelligibilis

307 2438 487 2470 ostenditur
510 2439 618 2469 anima
641 2448 709 2469 esse
732 2438 997 2478 incorruptibilis.
1022 2438 1099 2469 Ideo
1127 2439 1225 2469 etiam
1249 2447 1287 2469 ex
1311 2438 1381 2469 eius

308 2484 493 2514 aeternitate
516 2487 623 2524 potest
647 2483 772 2514 animae
796 2483 964 2514 aeternitas
988 2483 1128 2523 probari.

363 2527 472 2558 Tertia
495 2533 552 2564 est,
570 2528 646 2568 quia
662 2527 816 2558 universo
832 2527 941 2568 plures
957 2533 1063 2568 partes
1079 2527 1274 2569 principales
1289 2526 1381 2559 dees-

307 2577 387 2608 sent,
403 2578 435 2603 et
458 2572 615 2613 plurimae
633 2573 662 2603 ei
686 2572 834 2613 quotidie
853 2571 1056 2603 adderentur.
1074 2573 1115 2604 Et
1130 2573 1176 2603 sic
1192 2572 1381 2604 universum

307 2622 390 2648 esset
412 2617 650 2658 imperfectum.

362 2661 494 2700 Quarta,
519 2662 595 2702 quia
618 2661 735 2692 dicitur
761 2661 840 2692 Gen.
858 2662 908 2698 ι’,
933 2661 1024 2702 quod
1051 2661 1104 2693 die
1129 2662 1265 2702 septimo
1293 2671 1381 2693 com-

301 2706 403 2747 plevit
425 2707 515 2737 Deus
539 2716 620 2747 opus
635 2716 729 2737 suum
746 2706 834 2747 quod
839 2705 983 2747 fecerat,
1004 2711 1036 2737 et
1051 2706 1209 2748 requievit
1230 2706 1270 2737 ab
1292 2707 1382 2737 omni

308 2760 404 2792 opere
427 2751 514 2792 quod
530 2755 696 2792 patrarat.

362 2795 400 2826 11.
417 2795 586 2834 Quantum
599 2795 639 2826 ad
652 2794 833 2826 secundum
845 2796 872 2831 *,
890 2804 967 2826 cum
982 2795 1017 2826 in
1033 2795 1255 2835 superioribus
1271 2801 1381 2826 osten-

306 2849 378 2870 sum
394 2841 434 2870 sit
449 2849 517 2870 non
534 2850 602 2871 esse
616 2849 721 2870 unum
737 2840 938 2871 intellectum
955 2840 1144 2880 possibilem
1160 2845 1216 2871 aut
1231 2845 1381 2881 agentem

306 2885 466 2921 omnium,
491 2884 632 2916 ostendit
655 2884 790 2915 Sanctus
810 2884 957 2915 Thomas
981 2885 1103 2915 animas
1131 2891 1205 2916 ante
1231 2894 1380 2926 corpora,

305 2930 372 2959 sive
395 2930 434 2959 ab
458 2934 590 2960 aeterno
614 2930 682 2959 sive
705 2939 723 2959 a
746 2929 862 2960 mundi
877 2929 1122 2966 constitutione,
1142 2939 1211 2960 non
1228 2930 1381 2961 extitisse.

360 2973 404 3004 Et
418 2974 533 3015 arguit
541 2973 652 3014 primo
669 2973 725 3004 sic.
740 2973 858 3004 Anima
871 2979 918 3004 est
931 2978 1021 3004 actus
1037 2974 1194 3015 corporis.
1209 2974 1296 3016 Ergo
1313 2984 1382 3005 non

305 3017 466 3058 praecedit
485 3019 593 3059 ipsum
610 3017 789 3048 duratione.
807 3036 827 3041 -
844 3018 1003 3048 Probatur
1026 3019 1270 3059 consequentia.
1295 3018 1381 3058 Quia

305 3062 338 3092 in
363 3071 430 3093 uno
455 3068 486 3092 et
510 3062 628 3093 eodem
652 3067 741 3093 actus
765 3068 812 3093 est
842 3062 1004 3103 posterior
1027 3063 1175 3103 potentia
1198 3063 1380 3095 duratione.

362 3106 412 3136 Ad
428 3107 510 3138 hanc
522 3108 683 3138 rationem
697 3112 808 3147 posset
821 3107 885 3138 dici
898 3106 989 3147 quod
1001 3107 1116 3148 utique
1128 3108 1246 3148 probat
1261 3117 1381 3149 corpus

305 3151 496 3190 praecedere
527 3151 697 3182 duratione
728 3152 855 3183 animae
887 3152 1046 3182 unionem
1074 3151 1115 3182 ad
1145 3161 1280 3193 corpus:
1311 3163 1381 3184 non

306 3200 415 3226 autem
438 3195 630 3236 praecedere
649 3196 846 3236 simpliciter.
863 3214 886 3219 -
903 3195 967 3228 Sed
985 3196 1046 3227 ista
1061 3198 1231 3236 responsio
1248 3207 1317 3228 non
1331 3207 1381 3228 sa-

306 3238 421 3270 tisfacit
437 3246 638 3280 argumento.
657 3239 743 3278 Quia
759 3241 792 3271 in
808 3250 876 3271 uno
894 3246 925 3272 et
941 3239 1060 3271 eodem
1073 3239 1189 3271 dicitur
1205 3247 1295 3272 actus
1311 3251 1380 3273 esse

306 3284 466 3323 posterior
490 3285 635 3324 potentia
660 3285 724 3315 iam
748 3285 939 3326 aliqualiter
958 3289 1162 3326 praeparata
1185 3285 1229 3316 ad
1254 3291 1382 3317 actum:

307 3336 347 3357 eo
365 3327 453 3368 quod
470 3334 559 3359 actus
583 3329 623 3359 sit
638 3330 794 3360 terminus
810 3329 1046 3370 generationis;
1071 3330 1247 3361 terminum
1271 3336 1380 3361 autern

307 3374 521 3411 generationis
545 3378 576 3403 et
600 3379 709 3404 motus
732 3379 863 3414 oportet
886 3383 956 3405 esse
979 3375 1194 3414 posteriorem
1210 3374 1381 3406 duratione

308 3421 340 3446 et
362 3417 433 3456 ipso
458 3423 562 3454 motu,
587 3423 618 3448 et
642 3419 788 3458 potentia
804 3428 888 3459 quae
912 3424 1121 3460 praeparatur
1136 3418 1177 3450 ad
1202 3425 1322 3450 actum.
1339 3420 1381 3450 Et

307 3460 352 3490 sic
375 3467 504 3500 oportet
520 3471 587 3492 non
604 3462 712 3493 solum
736 3463 843 3503 ipsum
863 3463 1024 3503 posterius
1044 3463 1129 3494 uniri
1143 3464 1307 3500 materiae,
1323 3463 1380 3495 sed

309 3505 405 3534 etiarn
428 3506 587 3545 posterius
611 3516 690 3537 esse.

363 3548 495 3580 Dicetur
517 3549 622 3581 adhuc
646 3550 787 3581 fortassis
807 3551 897 3591 quod
920 3561 995 3583 vera
1022 3557 1098 3583 sunt
1124 3552 1205 3582 haec
1234 3551 1274 3582 de
1305 3558 1380 3583 actu

309 3599 365 3630 per
387 3595 627 3632 generationem
655 3600 710 3626 aut
740 3601 868 3626 motum
892 3596 1072 3637 producto:
1104 3605 1173 3628 non
1203 3601 1312 3628 autem
1340 3596 1380 3628 de

310 3640 383 3665 actu
398 3646 464 3667 non
482 3638 642 3677 producto
658 3648 716 3679 per
731 3641 984 3680 generationem,
1008 3640 1066 3672 sed
1082 3650 1139 3681 per
1162 3641 1379 3678 creationem

310 3687 377 3718 quo
401 3680 501 3710 modo
526 3681 636 3712 dicunt
659 3689 831 3714 sectatores
856 3684 1004 3725 Origenis
1033 3691 1063 3716 et
1091 3685 1234 3716 Platonis
1257 3685 1380 3716 animas

1437 1368 1612 1410 productas
1636 1379 1717 1401 esse.
1734 1388 1755 1392 —
1772 1369 1836 1401 Sed
1859 1374 1989 1401 contra:
2015 1370 2091 1411 quia
2114 1370 2142 1401 si
2164 1369 2270 1401 forma
2290 1380 2374 1412 quae
2398 1377 2446 1402 est
2458 1381 2519 1414 per

1438 1415 1647 1451 creationem,
1671 1423 1739 1445 non
1764 1420 1813 1445 est
1834 1415 1997 1456 posterior
2020 1415 2167 1455 potentia
2190 1420 2223 1446 et
2245 1415 2455 1456 generatione
2478 1416 2519 1454 ad

1437 1459 1660 1499 compositum
1687 1458 1844 1496 ordinata,
1870 1465 1950 1490 tunc
1973 1459 2139 1500 generatio
2166 1459 2311 1490 hominis
2337 1469 2407 1491 non
2434 1466 2519 1493 esset

1436 1504 1600 1534 naturalis.
1624 1503 1717 1535 Licet
1740 1504 1829 1535 enim
1851 1504 1954 1535 homo
1971 1509 2140 1544 generaret
2154 1513 2284 1545 corpus,
2300 1509 2411 1536 tamen
2424 1505 2518 1538 nullo

1436 1547 1540 1579 modo
1556 1554 1746 1589 operaretur
1759 1548 1802 1580 ad
1817 1558 1887 1580 esse
1910 1549 1997 1580 illius
2012 1554 2103 1580 actus
2119 1558 2188 1589 quo
2202 1549 2306 1589 honio
2323 1554 2372 1580 est
2394 1550 2517 1582 homo:

1436 1602 1556 1634 neque,
1580 1593 1727 1633 inquam,
1750 1593 1971 1634 principaliter
1986 1592 2202 1634 producendo
2224 1594 2346 1634 ipsam3
2370 1603 2431 1626 nec
2453 1594 2518 1627 dis-

1437 1636 1594 1678 ponendo
1618 1637 1786 1668 materiam
1808 1638 1842 1668 in
1873 1647 1939 1678 qua
1964 1647 2033 1669 esse
2057 1638 2204 1679 accipiat,
2229 1638 2306 1679 quia
2328 1638 2394 1669 iam
2420 1638 2519 1671 habet

1438 1691 1517 1712 esse.
1541 1681 1617 1712 Hoc
1641 1686 1750 1712 autem
1767 1687 1815 1713 est
1837 1683 2017 1713 maximum
2032 1683 2280 1713 inconveniens.
2297 1682 2385 1723 Ergo
2409 1688 2471 1714 etc.

1493 1726 1546 1756 III.
1570 1725 1731 1757 Secundo.
1756 1727 1848 1757 Prius
1871 1727 2055 1758 attribuitur
2077 1727 2258 1768 unicuique
2281 1727 2373 1768 quod
2396 1733 2445 1759 est
2466 1737 2517 1760 se-

1437 1770 1584 1802 cundum
1599 1776 1759 1808 naturam,
1775 1780 1875 1812 quam
1892 1771 1983 1812 quod
1999 1773 2155 1803 convenit
2169 1772 2199 1803 ei
2215 1777 2343 1812 praeter
2356 1777 2516 1805 naturam.

1436 1815 1524 1856 Ergo
1549 1815 1676 1846 animae
1700 1817 1790 1856 prius
1805 1816 1960 1847 convenit
1983 1825 2054 1847 esse
2069 1817 2162 1848 unita
2176 1817 2309 1858 corpori
2325 1825 2426 1858 quam
2444 1826 2516 1849 esse

1436 1869 1455 1890 a
1479 1869 1618 1900 corpore
1641 1866 1831 1900 separatam.
1857 1861 1944 1901 Ergo
1969 1866 2031 1892 etc.
2047 1879 2069 1883 -
2084 1861 2176 1892 Patet
2199 1859 2406 1893 antecedens.
2429 1861 2518 1903 Quia

1436 1957 1480 1978 se.
1496 1965 1519 1970 -
1535 1947 1782 1989 Consequentia
1797 1957 1876 1979 vero
1899 1949 2066 1989 probatur.
2086 1948 2173 1987 Quia
2196 1949 2376 1990 unicuique
2390 1948 2516 1982 formae

1436 1997 1484 2022 est
1506 1992 1652 2023 naturale
1674 1993 1826 2033 propriae
1841 1993 1996 2024 materiae
2011 1993 2112 2024 uniri:
2129 1993 2276 2035 alioquin
2299 1995 2517 2027 constitutum

1436 2045 1475 2066 ex
1498 2036 1561 2067 illis
1584 2042 1668 2068 esset
1691 2042 1819 2077 praeter
1841 2042 2002 2069 naturam.

1496 2081 1618 2112 Tertio.
1642 2081 1763 2113 Anima
1784 2087 1931 2125 separata
1946 2092 1964 2113 a
1979 2091 2041 2113 suo
2057 2087 2130 2114 toto
2146 2088 2194 2114 eet
2208 2082 2411 2124 imperfecta.
2426 2083 2515 2126 Eme

1435 2134 1505 2156 non
1529 2126 1684 2158 convenit
1706 2126 1845 2158 naturali
1868 2125 1976 2158 ordini
2000 2126 2093 2168 quod
2114 2127 2205 2169 prius
2232 2126 2330 2159 fuerit
2354 2126 2517 2169 producta

1435 2179 1454 2200 a
1483 2179 1623 2211 corpore
1647 2176 1801 2211 separata.
1828 2189 1849 2194 —
1874 2171 2034 2202 Probatur
2064 2171 2271 2204 antecedens.
2295 2171 2383 2212 Quia
2405 2173 2515 2206 omnis

1433 2223 1507 2255 pars
1524 2225 1542 2246 a
1557 2224 1619 2246 suo
1642 2220 1714 2246 toto
1739 2221 1885 2257 separata
1901 2221 1949 2247 est
1972 2215 2172 2257 imperfecta.
2196 2216 2317 2248 Anima
2340 2221 2451 2249 autem
2466 2222 2515 2249 est

1433 2268 1507 2299 pars
1522 2260 1643 2300 speciei
1658 2259 1833 2298 humanae,
1848 2265 1886 2291 ut
1901 2261 1971 2292 eius
1987 2259 2102 2292 forma.
2114 2279 2138 2284 -
2153 2260 2402 2302 Consequentia
2414 2262 2515 2294 etim

1433 2304 1599 2344 probatur.
1623 2304 1711 2343 Quia
1734 2304 1916 2345 perfectum
1939 2311 1988 2336 est
2010 2306 2100 2346 prius
2127 2305 2320 2347 imperfecto
2347 2307 2382 2338 in
2404 2315 2514 2340 term

1433 2349 1630 2380 naturalium
1655 2349 1780 2381 ordine.

1489 2393 1631 2426 Adverte
1648 2393 1750 2435 quod,
1766 2394 1842 2426 licet
1856 2393 2040 2426 secundum
2055 2393 2205 2427 ordinem
2219 2395 2437 2436 generationis
2452 2396 2514 2428 im-

1433 2437 1617 2479 perfectum
1645 2439 1686 2469 sit
1715 2439 1805 2480 prius
1835 2437 1993 2480 perfecto,
2020 2439 2169 2471 absolute
2197 2444 2307 2471 tamen
2330 2439 2514 2482 perfectum

1434 2488 1483 2514 est
1505 2483 1595 2524 prius
1618 2482 1824 2525 imperfecto,
1848 2489 2006 2524 tanquam
2030 2483 2173 2516 educens
2195 2484 2305 2526 ipsum
2335 2483 2376 2516 ad
2404 2483 2511 2526 perfe-

1434 2528 1589 2559 ctionem.
1606 2527 1684 2559 Ideo
1707 2528 1814 2569 inquit
1833 2527 1971 2560 Sanctus
1986 2528 2134 2560 Thomas
2157 2529 2249 2570 quod
2272 2528 2306 2560 ἱη
2326 2538 2438 2560 reram
2453 2539 2512 2561 na-

1434 2573 1592 2604 turalium
1609 2572 1725 2604 ordine
1747 2572 1930 2614 perfectum
1953 2578 2002 2604 est
2024 2574 2114 2614 prius
2137 2573 2348 2615 imperfecto:
2373 2574 2451 2615 quia
2464 2575 2513 2607 vi-

1433 2617 1551 2649 delicet
1567 2617 1648 2649 ordo
1672 2623 1806 2649 naturae
1821 2618 1970 2649 absolute
1986 2623 2035 2649 est
2050 2618 2133 2650 ordo
2149 2618 2369 2660 perfectionis,
2392 2619 2427 2651 in
2442 2628 2512 2662 quo

1433 2661 1617 2703 perfectum
1640 2662 1806 2704 praecedit
1827 2661 2067 2704 imperfectum.

1491 2706 1544 2738 IV.
1565 2706 1694 2744 Quarto
1707 2708 1734 2738 *.
1751 2707 1810 2738 Illo
1828 2706 1915 2745 dato,
1932 2707 2097 2749 quaeritur
2112 2717 2153 2739 an
2176 2708 2304 2739 animae
2319 2708 2383 2739 sint
2402 2707 2511 2740 unitae

1435 2752 1628 2792 corporibus
1639 2752 1812 2783 violenter:
1830 2761 1871 2783 an
1887 2761 1946 2794 per
1960 2749 2132 2783 naturam?
2146 2752 2224 2784 Non
2239 2753 2409 2784 violenter.
2421 2751 2511 2784 Tum

1435 2797 1512 2836 quia
1534 2796 1606 2827 talis
1629 2797 1710 2827 unio
1734 2802 1819 2827 esset
1841 2802 1968 2837 praeter
1990 2801 2150 2828 naturam.
2174 2797 2216 2828 Et
2238 2797 2284 2828 sic
2315 2798 2429 2835 homo,
2453 2797 2512 2839 qui

1435 2850 1474 2872 cx
1498 2846 1639 2881 utroque
1663 2842 1885 2882 componitur,
1901 2846 1986 2873 esset
2001 2850 2059 2873 ens
2076 2842 2268 2874 innaturale.
2284 2858 2307 2866 -
2322 2842 2412 2874 Tum
2433 2842 2512 2883 quia

1435 2886 1468 2916 in
1485 2885 1670 2916 substantiis
1693 2886 1960 2918 immaterialibus
1975 2886 2056 2918 nihil
2079 2886 2244 2918 invenitur
2258 2886 2443 2919 violentum
2455 2892 2513 2919 aut

1435 2935 1548 2961 contra
1571 2935 1735 2962 naturam:
1761 2940 1837 2962 cum
1860 2931 1924 2962 sint
1953 2930 2076 2962 altioris
2103 2929 2226 2963 ordinis
2250 2940 2350 2972 quam
2373 2940 2512 2974 corpora

1435 2974 1594 3012 caelestia,
1619 2975 1652 3006 in
1677 2974 1796 3016 quibus
1819 2975 1900 3006 nihil
1922 2975 2088 3006 invenitur
2111 2980 2224 3007 contra
2246 2981 2405 3007 naturam.

1491 3019 1567 3050 Non
1584 3019 1681 3050 etiam
1694 3019 1885 3057 secundum,
1898 3026 2033 3061 propter
2048 3019 2127 3051 duo.
2143 3019 2266 3057 Primo,
2278 3020 2354 3061 quia
2363 3025 2443 3052 tunc
2453 3028 2513 3061 per

1436 3064 1623 3095 violentiam
1636 3069 1743 3095 essent
1755 3065 1866 3105 aliquo
1879 3070 2028 3106 tempore
2041 3064 2325 3106 separatae.Quod
2337 3069 2386 3096 est
2396 3065 2511 3098 incon-

1435 3109 1586 3140 veniens:
1602 3114 1674 3140 tum
1687 3109 1764 3149 quia
1780 3109 1814 3140 in
1829 3109 2050 3150 spiritualibus
2064 3109 2146 3141 nihil
2161 3114 2210 3141 est
2224 3109 2424 3146 violentumz
2438 3114 2511 3141 nam

1435 3154 1512 3194 quia
1523 3153 1705 3184 violentum
1716 3163 1786 3185 non
1801 3159 1910 3195 potest
1920 3163 1990 3185 esse
2005 3155 2095 3195 prius
2110 3163 2151 3185 eo
2164 3153 2256 3196 quod
2271 3159 2319 3185 est
2329 3153 2511 3186 secundum

1434 3203 1593 3234 naturam,
1604 3207 1681 3229 cum
1692 3199 1732 3229 sit
1743 3207 1802 3239 per
1813 3197 1974 3230 accidens.
1986 3198 2145 3230 Probatur
2156 3198 2400 3239 consequentia.
2413 3196 2510 3236 Quia,

1435 3242 1460 3273 si
1484 3242 1670 3274 naturaliter
1693 3242 1860 3280 uniuntur,
1887 3252 1965 3284 ergo
1989 3243 2195 3285 appetierunt
2217 3243 2251 3274 in
2274 3242 2324 3273 sui
2347 3242 2510 3273 creatione

1434 3287 1529 3318 uniri.
1546 3286 1634 3328 Ergo
1651 3286 1742 3328 quod
1757 3297 1826 3318 non
1842 3286 1963 3318 fuerint
1978 3297 1996 3318 a
2011 3287 2174 3329 principio
2189 3286 2310 3323 unitae,
2326 3284 2388 3317 fuit
2399 3295 2438 3317 ex
2454 3285 2510 3317 ali-

1434 3341 1502 3372 quo
1519 3331 1772 3372 impedimento:
1789 3333 1867 3372 quia
1882 3332 2046 3373 appetitus
2060 3331 2214 3363 namralls
2228 3330 2335 3361 statim
2351 3330 2461 3371 prodit
2476 3331 2510 3362 in

1434 3381 1544 3407 actum
1567 3377 1629 3407 nisi
1645 3377 1685 3407 sit
1699 3376 1834 3417 aliquod
1849 3376 2131 3418 impedimentum.
2156 3375 2264 3406 Omne
2281 3381 2390 3406 autem
2407 3376 2510 3416 impe-

1434 3420 1526 3452 diens
1542 3422 1769 3452 executionem
1792 3421 1944 3452 naturalis
1967 3420 2139 3462 appetitus,
2156 3425 2204 3451 est
2224 3419 2412 3451 violentiam
2427 3419 2510 3452 infe·

1394 1903 1411 2038 ἼΙ
1436 1903 1516 1934 illud
1540 1904 1694 1935 convenit
1721 1905 1768 1935 rei
1795 1913 1854 1945 per
1881 1903 2048 1936 accidens:
2080 1905 2145 1936 hoc
2173 1914 2251 1936 vero
2280 1906 2436 1937 convenit
2457 1915 2517 1952 per

1433 3474 1517 3496 rens.
1533 3482 1554 3488 -
1571 3465 1724 3497 Secundo
1737 3466 1764 3502 “,
1781 3466 1858 3507 quia
1873 3465 1953 3496 unio
1969 3473 2096 3496 ammae
2111 3463 2152 3496 ad
2168 3473 2287 3505 corpus
2297 3473 2366 3496 non
2381 3463 2418 3496 fit
2433 3474 2510 3506 pro·
2536 3467 2546 3478 ·

1435 3514 1505 3550 pter
1528 3511 1709 3550 appetitum
1733 3510 1874 3546 animae,
1903 3508 1962 3550 sed
1988 3514 2122 3550 propter
2145 3509 2326 3550 appetitum
2352 3510 2507 3550 corporis.

1434 3553 1520 3591 Quia
1543 3554 1695 3585 materiae
1723 3559 1771 3585 est
1794 3558 1946 3595 appetere
1970 3552 2120 3590 formam,
2145 3562 2221 3584 cum
2245 3552 2508 3595 unumquodque

1434 3603 1565 3639 appetat
1588 3607 1680 3629 suam
1704 3597 1956 3639 perfectionem:
1980 3606 2049 3628 non
2073 3602 2183 3629 autem
2207 3607 2224 3629 e
2249 3607 2418 3630 converso.

1491 3652 1521 3672 2.
1546 3642 1680 3674 Dicetur
1702 3641 1796 3679 forte,
1813 3642 1931 3683 primo,
1948 3641 2040 3682 quod
2055 3642 2183 3674 animae
2203 3647 2235 3673 et
2258 3642 2342 3674 uniri
2366 3643 2507 3684 corpori,

1433 3691 1465 3717 et
1489 3695 1557 3717 esse
1581 3691 1770 3727 separatam,
1787 3691 1835 3718 est
1857 3686 2002 3717 naturale
2019 3696 2079 3727 pro
2096 3686 2228 3718 diversis
2250 3687 2462 3728 temporibus.

2537 2710 2683 2735 ·ct.n.n.

2546 547 2610 603 :⁵Ps.
2620 552 2693 574 mu,
2701 551 2762 571 ven.

2545 821 2555 831 ·
2570 820 2629 849 Cap.
2642 826 2691 844 xxv.
