2716 4302
40 217 67 233 ιο
82 218 95 231 ν
117 216 164 238 mg.
185 210 226 232 inf.
243 221 253 226 -

38 244 61 265 p.
80 243 127 265 129.

228 659 235 665 ¹
271 669 435 709 appetitu:
453 677 528 698 nam
547 668 709 707 appetitus
734 666 891 696 sensibilis
908 676 978 696 non
1002 672 1048 696 est
1070 667 1147 696 boni
1166 667 1361 707 simpliciter

25 1353 45 1369 n
57 1352 67 1368 r
82 1347 95 1368 b
107 1352 141 1373 27.

23 1396 30 1406 ⁸
43 1395 104 1418 Casu
117 1397 235 1424 repetitur.

14 2115 118 2131 ssva!-

8 3327 28 3341 tt
44 3327 55 3339 “-’
70 3327 124 3350 232.

8 3553 28 3575 ιιι
43 3551 55 3565 ν
69 3552 81 3567 a
92 3552 130 3574 mg
141 3548 177 3568 lat.
191 3549 218 3569 ad

7 3573 46 3594 lin.
62 3579 94 3601 33.

295 76 361 112 16ss

282 160 457 194 magnitudine
476 159 571 185 habere
591 165 709 185 naturam
727 159 920 184 intellectivam.
940 159 1013 183 Deus
1030 157 1117 189 igitur,
1135 158 1181 190 qui
1200 162 1271 182 caret
1282 158 1355 182 omni

281 212 465 245 magnitudine,
484 217 525 236 est
542 211 698 243 intelligens.
724 207 740 223 ᾖ
758 206 789 246 (§
806 206 854 236 Ex
878 207 1061 246 praemissis
1086 211 1195 235 autem
1229 204 1358 235 ostendi

280 264 388 299 potest
411 258 500 298 quod
525 258 613 288 Deus
641 258 681 287 sit
709 256 902 296 intelligens.
934 255 1111 286 Ostensum
1129 278 1136 285 .
1151 277 1159 285 .
1174 278 1181 285 .
1200 256 1356 295 seipsum.

279 310 415 340 Movens
432 315 540 339 autem
556 308 698 348 seipsum
717 317 750 337 se
773 312 885 337 movet
901 316 958 346 per
978 307 1160 347 appetitum
1183 310 1267 334 aliter
1285 309 1355 334 enim

278 373 330 390 non
351 368 418 390 esset
431 365 456 387 iu
479 364 535 395 ipso
555 363 657 388 moveri
675 366 701 387 et
719 370 770 387 non
792 362 893 386 movet-1¹
913 364 944 387 et
957 358 1264 398 apprehensionem.
1279 357 1356 387 Sola

277 414 362 443 enim
382 421 586 442 ...movens
615 421 682 441 non
714 418 853 441 motum.
883 409 971 440 Cum
1004 410 1101 450 igitur
1124 409 1156 439 id
1185 408 1275 449 quod
1308 415 1355 439 est

276 465 423 495 omnium
443 455 583 503 primurn
601 471 748 498 movens,
766 461 856 502 quod
870 461 977 491 Deum
996 460 1144 496 dicimus,
1162 461 1202 491 sit
1218 470 1355 490 movens

275 515 411 545 omnino
437 523 504 544 non
529 519 667 548 motum,
694 517 823 552 oportet
847 511 937 552 quod
963 517 1172 552 comparetur
1188 511 1227 542 ad
1250 522 1355 540 moven-

274 574 326 595 tem
347 578 362 602 q
381 570 542 595 motorem
562 565 618 604 qui
636 569 682 594 est
707 573 778 604 pars
803 563 965 593 moventis
986 564 1130 604 seipsum
1147 564 1231 594 sicut
1255 573 1355 603 appe-

273 618 360 648 tibile
378 617 418 647 ad
434 622 653 656 appetentem.
678 615 753 645 Non
771 620 880 645 autem
906 615 990 644 sicut
1013 615 1190 655 appetibile
1215 614 1354 645 sensuali

271 719 327 750 sed
356 720 452 750 huius
483 718 665 759 particulati
694 719 772 748 boni
797 722 866 747 sieut
888 725 913 747 et
934 730 951 746 a
976 727 1051 748 cum
1077 723 1108 748 et
1137 718 1354 758 apprehensio

275 781 387 802 sensus
411 780 479 801 non
496 771 536 800 sit
553 770 614 800 nisi
639 771 848 810 particularis.
882 775 916 809 ΕτΙ
944 770 980 801 Id
1003 776 1111 801 autem
1130 793 1136 799 .
1152 793 1159 799 .
1176 793 1183 799 .
1202 775 1237 799 ut
1261 769 1354 799 intel-

270 823 401 853 lectum.
420 822 460 852 Et
484 822 527 852 ita
544 827 675 862 oportet
701 826 728 851 id
746 827 818 858 quod
838 831 877 851 est
896 834 950 858 app
967 831 1104 852 movens
1122 820 1214 861 quod
1231 821 1354 860 appetit

269 874 376 913 ipsum
402 882 470 903 esse
488 873 682 913 intelligens.
709 874 814 904 Multo
834 898 840 904 .
857 897 864 904 .
880 898 886 903 .
905 880 941 904 ut
959 873 1147 914 philosophi
1166 872 1353 902 voluerunt.

267 927 285 964 §
302 925 430 956 Adhuc.
448 923 537 955 Idem
556 935 686 955 necesse
706 932 753 955 est
773 927 865 966 sequi
881 949 906 955 ..
918 949 925 955 .
944 935 1013 956 esse
1027 925 1222 965 intelligens
1239 925 1257 963 §
1273 925 1353 954 Am-

267 977 362 1018 plius.
381 977 415 1006 ln
433 976 524 1007 nullo
543 976 656 1007 ordine
676 1000 682 1007 .
698 1001 706 1008 .
721 1001 728 1007 .
747 977 936 1017 principale.
956 976 1041 1007 Cum
1059 977 1158 1017 igitur
1174 976 1206 1006 in
1226 975 1352 1006 mundo

266 1029 473 1060 inveniantur
497 1029 600 1058 multa
632 1030 798 1059 mox-entia
824 1039 880 1069 per
905 1029 1119 1065 intellectum,
1150 1027 1352 1068 impossibile

267 1086 313 1110 est
331 1079 420 1119 quod
433 1079 575 1119 primum
593 1089 729 1110 movens
747 1086 879 1110 moveat
896 1080 1019 1120 absque
1033 1079 1213 1110 intellectu.
1239 1083 1352 1115 Oportet

267 1137 353 1170 igitur-
377 1143 479 1167 ponere
498 1135 639 1166 Necesse
665 1138 711 1161 est
741 1133 838 1172 igitur
870 1132 978 1163 Deum
1010 1142 1079 1162 esse
1103 1132 1349 1172 intelligentem.

265 1189 282 1226 ᾖ
300 1187 391 1218 Item.
417 1187 465 1217 Ex
489 1187 553 1217 hoc
579 1186 685 1225 aliqua
710 1194 760 1215 res
778 1209 785 1214 .
802 1208 808 1214 .
825 1208 831 1214 .
847 1183 1058 1224 intelligente.
1078 1183 1172 1214 Unde
1189 1184 1214 1214 si
1232 1193 1269 1214 ex
1285 1184 1349 1214 hoc

264 1245 340 1270 sunt
365 1238 488 1270 formae
514 1237 695 1269 intellectae
727 1237 759 1266 in
785 1242 859 1267 actu
885 1235 975 1276 quod
1005 1241 1080 1266 sunt
1108 1236 1178 1266 sine
1205 1236 1349 1271 materia,

265 1296 395 1331 oportet
412 1295 574 1319 intellectum
588 1301 626 1318 ex
645 1298 713 1319 rem
730 1288 872 1328 aliquam
890 1297 927 1318 ex
945 1287 1009 1317 hoc
1027 1297 1096 1318 esse
1113 1287 1349 1327 intelligentem

264 1342 355 1383 quod
368 1347 414 1373 est
428 1342 496 1373 sine
509 1341 651 1372 materia.
667 1339 844 1370 Ostensum
863 1363 868 1368 .
883 1363 891 1369 .
906 1362 914 1369 .
929 1338 1138 1379 intelligens.)
1155 1339 1202 1377 *ἓ
1219 1337 1347 1368 Adhuc.

265 1395 336 1425 Deo
354 1395 442 1425 nulla
458 1394 546 1424 nulla
559 1394 575 1409 ⁴*
592 1392 747 1433 perfectio
765 1390 854 1422 deest
871 1400 954 1432 quae
971 1391 1003 1422 in
1021 1390 1132 1431 aliquo
1149 1400 1267 1431 genere
1293 1399 1348 1420 en-

265 1508 329 1539 qua
346 1497 543 1537 compositio
557 1496 590 1526 in
605 1504 644 1526 eo
662 1494 886 1534 consequitur,
899 1499 936 1524 ut
953 1494 1049 1524 etiarn
1070 1503 1107 1524 ex
1125 1493 1347 1534 superioribus

265 1555 362 1590 patet.
388 1549 472 1579 Inter
495 1546 712 1588 perfectiones
735 1551 844 1576 autem
868 1554 977 1575 rerum
1002 1555 1071 1581 quae
1090 1549 1160 1581 apud
1180 1555 1229 1572 nos
1245 1545 1346 1584 potis-

265 1602 343 1632 sima
369 1606 415 1630 est
438 1603 509 1635 quod
530 1610 544 1634 q
564 1599 589 1628 si
614 1596 734 1637 aliquid
764 1597 803 1626 sit
831 1596 1075 1632 intellectivum,
1101 1605 1175 1625 nam
1201 1605 1258 1636 per
1282 1595 1345 1626 hoc

264 1653 373 1692 ipsum
390 1657 437 1681 est
454 1649 598 1690 quodam
615 1647 716 1678 modo
735 1647 855 1683 omnia,
880 1647 1001 1677 habens
1019 1646 1051 1676 in
1077 1655 1110 1676 se
1130 1651 1247 1683 quodam
1267 1650 1347 1675 modo

266 1703 414 1734 omnium
440 1700 685 1742 perfectionem.
708 1699 796 1729 Deus
821 1699 918 1738 igitur
935 1703 981 1728 est
1002 1697 1195 1737 intelligens.
1220 1699 1238 1736 §
1255 1697 1345 1728 Item.

266 1754 373 1785 Omne
399 1751 489 1792 quod
514 1751 686 1782 tendit...
705 1750 743 1779 ab
769 1749 844 1780 alio.
870 1749 957 1779 Alias
982 1758 1048 1778 non
1075 1749 1177 1788 magis
1201 1749 1233 1778 in
1258 1749 1345 1778 hunc

265 1815 363 1846 quam
380 1805 413 1835 in
430 1804 522 1834 illum
540 1802 638 1833 finem
663 1815 687 1830 m
713 1801 868 1832 tenderet.
894 1800 1058 1832 Naturalia
1083 1806 1191 1830 autem
1213 1811 1255 1827 mo
1275 1806 1345 1830 ten-

264 1857 344 1887 dunt
357 1857 389 1886 in
407 1855 486 1886 fines
499 1855 744 1885 determinatos:
764 1863 830 1884 non
845 1854 931 1884 enim
946 1863 962 1882 a
976 1862 1051 1883 casu
1075 1864 1138 1880 suas
1157 1851 1343 1891 (naturales)

262 1908 413 1938 utilitates
430 1911 686 1944 consequuntur.
712 1904 764 1934 Sic
789 1905 875 1934 enim
895 1927 901 1933 ,
917 1927 924 1933 .
940 1927 947 1933 .
966 1913 1068 1933 casus.
1090 1902 1176 1933 Cum
1194 1912 1271 1942 ergo
1291 1925 1297 1931 .
1313 1924 1320 1931 .
1335 1924 1342 1931 .

260 1959 315 1997 qui
341 1958 381 1987 sit
404 1961 484 1985 totius
505 1962 636 1986 naturae
654 1955 828 1984 institutor.
855 1954 917 1984 Hic
935 1959 1044 1983 autem
1078 1976 1085 1983 .
1101 1976 1108 1982 .
1124 1975 1131 1982 .
1150 1958 1247 1996 patet.
1270 1955 1344 1980 Deus

258 2009 333 2038 Non
359 1997 467 2037 autem
492 2011 601 2046 posset
627 2008 789 2033 naturalibus
808 2008 888 2032 rebus
909 2002 1070 2042 (naturae)
1094 2002 1191 2034 finem
1210 2003 1343 2043 praesti-

257 2064 347 2088 tuere
362 2058 421 2087 nisi
435 2057 627 2096 intelligeret
643 2059 732 2085 finem.
751 2055 840 2085 Deus
853 2055 950 2095 igitur
963 2060 1009 2085 est
1027 2054 1219 2095 intelligens.
1232 2055 1250 2093 §
1263 2054 1342 2084 Am—

255 2109 350 2149 plius.
376 2109 391 2124 *
409 2108 517 2138 Omne
542 2106 632 2147 quod
658 2113 704 2136 est
727 2110 793 2143 perf
814 2105 1042 2146 imperfectum
1059 2129 1065 2136 .
1081 2129 1087 2136 .
1103 2129 1110 2135 .
1131 2105 1340 2147 particulatiS.

255 2160 351 2190 Tales
387 2166 496 2190 autem
529 2158 652 2188 formae
685 2167 754 2188 esse
787 2167 854 2188 non
892 2163 1031 2198 possunt
1065 2158 1125 2188 nisi
1158 2157 1341 2188 intellectae

253 2215 366 2247 Oportet
385 2214 461 2247 igitur
474 2213 506 2239 ab
522 2213 610 2247 aliquo
629 2213 762 2238 intellectu
781 2220 876 2238 omnes
890 2219 932 2237 res
948 2211 1064 2238 effluere.
1079 2212 1144 2237 Illud
1157 2216 1245 2237 autem
1259 2220 1274 2237 a
1287 2219 1341 2246 quo

253 2267 341 2292 omnia
361 2267 446 2299 primo
465 2265 574 2291 effluunt
593 2265 664 2290 Deus
684 2270 733 2290 est.
753 2264 834 2297 Igitur
852 2264 926 2290 Deus
952 2269 992 2290 est
1013 2264 1161 2297 intelligens
1185 2262 1250 2298 (non
1270 2265 1340 2290 enim

251 2323 363 2351 possunt
381 2317 538 2343 universalia
557 2325 618 2342 esse
642 2316 802 2342 substantiae
827 2316 1010 2347 subsistentes,
1030 2319 1060 2341 ut
1081 2316 1258 2349 philosophus
1273 2324 1340 2350 pro-

251 2370 299 2396 bat
316 2370 383 2395 sicut
402 2369 523 2403 platonici
549 2374 701 2402 posuerunt,
721 2373 750 2394 ut
772 2376 793 2401 p
819 2369 965 2394 aristoteles
985 2368 1079 2401 probat
1102 2368 1127 2393 in
1153 2376 1188 2393 vn
1211 2368 1339 2402 metaph.)

254 2416 343 2460 (cum
369 2427 436 2448 non
469 2417 652 2447 inveniatur
680 2416 788 2456 aliqua
818 2415 922 2446 forma
952 2417 984 2446 in
1013 2426 1071 2446 sua
1100 2415 1339 2447 universalitate

250 2472 311 2502 nisi
328 2472 361 2502 in
382 2470 560 2502 intellectu.
576 2471 616 2501 Et
630 2480 686 2511 per
699 2479 907 2510 consequens
922 2493 928 2499 .
944 2493 951 2500 .
967 2493 973 2500 .
990 2480 1058 2500 esse
1076 2470 1338 2510 intelligentem.)

250 2528 266 2561 ς
281 2528 383 2553 Adhuc.
401 2527 476 2553 Ordo
489 2535 578 2552 rerum
599 2527 624 2552 in
642 2527 752 2552 veritate
771 2531 811 2551 est
831 2527 898 2551 sicut
916 2526 982 2551 ordo
1002 2533 1090 2551 rerum
1111 2525 1137 2551 in
1157 2533 1226 2551 esse.
1245 2525 1286 2551 Ab
1306 2534 1338 2551 eo

250 2579 327 2613 igitur
350 2580 438 2604 omnia
457 2579 554 2604 habent
572 2579 709 2604 veritatem
729 2586 743 2603 a
762 2586 819 2612 quo
838 2577 936 2603 habent
955 2585 1024 2603 esse.
1038 2578 1090 2603 Sed
1109 2577 1206 2603 veritas
1226 2585 1279 2603 non
1298 2583 1339 2603 est

250 2631 298 2656 nisi
317 2632 342 2656 in
362 2636 458 2661 mente,
478 2631 624 2656 secundum
654 2629 843 2663 philosophum
864 2630 889 2655 in
914 2637 941 2655 vt
964 2629 1017 2655 eth.
1044 2629 1174 2663 metaph.:
1194 2637 1246 2655 non
1266 2630 1336 2655 enim

249 2683 346 2716 aliquid
362 2682 454 2708 dicitur
467 2689 560 2707 verum
574 2682 622 2707 nisi
638 2681 784 2707 secundum
799 2681 998 2706 consonantiam
1012 2681 1048 2706 rei
1062 2686 1088 2706 et
1101 2681 1259 2708 intellectus.
1269 2682 1335 2707 Illud

249 2734 326 2767 igitur
345 2742 358 2759 a
378 2742 432 2767 quo
451 2735 539 2759 omnia
558 2741 619 2759 esse
638 2733 735 2758 habent
754 2740 811 2758 esse
830 2733 947 2760 <scilicet
970 2732 1072 2765 Deum>
1093 2738 1197 2766 oportet
1216 2741 1276 2759 esse
1296 2734 1334 2759 in-

248 2781 390 2806 tellectum.
410 2781 481 2807 Deus
502 2782 578 2815 igitur
597 2787 637 2807 est
657 2782 813 2814 intelligens.
833 2781 937 2819 §Huic
963 2780 1056 2811 Hanc
1081 2787 1190 2811 autem
1220 2782 1333 2812 verita-

249 2837 313 2863 tem
333 2855 340 2862 .
356 2855 362 2862 .
378 2855 384 2862 .
403 2832 555 2862 scientiae
581 2832 652 2862 Dei.
678 2834 696 2871 ξ
714 2833 820 2864 Huius
838 2841 947 2865 autem
973 2834 1048 2865 fidei
1074 2835 1188 2866 veritas
1206 2836 1238 2866 in
1263 2841 1333 2866 tan-

247 2889 317 2913 tum
344 2883 430 2923 apud
456 2883 606 2914 homines
630 2884 765 2915 invaluit
784 2891 817 2915 ut
835 2887 874 2916 ab
892 2886 1105 2927 intelligendo
1123 2897 1245 2917 nomen
1271 2887 1330 2917 Dei

248 2936 466 2975 imponerent,
484 2947 545 2963 uam
565 2946 639 2966 nam
657 2937 749 2967 theos
765 2937 882 2979 (quod)
905 2939 1086 2969 secundum
1108 2949 1242 2979 graecos
1259 2943 1331 2975 quod

248 2986 355 3017 Deum
373 2987 542 3026 significat,
561 2987 677 3018 dicitur
694 2998 711 3018 a
729 2989 860 3026 tlieaste‚
879 2989 970 3030 quod
988 2996 1034 3021 est
1059 2990 1263 3021 considerare
1281 2991 1330 3021 vel

248 3038 365 3069 videre.
387 3043 401 3074 ,Ε
414 3043 487 3069 Hanc
497 3050 583 3069 autem
596 3044 731 3069 veritatem
743 3053 837 3077 negare
849 3046 937 3071 nullus
948 3047 1126 3081 praesumpsit
1137 3047 1190 3072 nisi
1199 3047 1233 3072 de
1245 3047 1330 3072 Deum

247 3101 307 3119 ease
325 3094 513 3126 confitentium,
533 3095 582 3121 nisi
598 3104 618 3128 p
638 3096 815 3130 antiquissimi
848 3099 989 3130 naturales,
1009 3099 1054 3132 qui
1074 3101 1139 3124 deos
1159 3099 1331 3126 nominabant

247 3145 331 3177 prima
338 3153 426 3171 rerum
434 3147 574 3172 materialia
585 3148 718 3181 principia,
725 3153 753 3173 ut
763 3148 851 3181 ignem
859 3150 899 3175 vel
911 3145 1013 3183 aquam'
1019 3151 1060 3176 vel
1071 3150 1169 3184 aliquid
1179 3150 1330 3176 huiusmodi

1372 628 1397 642 10

1366 1147 1392 1161 20

1364 1402 1387 1421 25

243 1464 248 1466 -
264 1447 346 1477 tium
371 1445 552 1475 inveniatur
573 1447 627 1472 Sed
647 1449 681 1473 ut
698 1452 794 1483 supra
812 1448 980 1472 ostensum
998 1448 1055 1478 est,
1074 1451 1134 1472 nec
1151 1451 1189 1472 ex
1206 1441 1270 1472 hoc
1292 1441 1347 1471 ali-
1391 1477 1395 1482 ,

1364 1656 1389 1676 10

1362 1912 1383 1931 35

1357 2170 1383 2189 40

1355 2430 1377 2449 ⁴5

1352 2696 1377 2716 50

1348 2950 1369 2970 55

1254 74 1522 111 APPENDIX

1415 156 1529 182 viventia
1542 158 1638 184 distare
1651 158 1781 184 invenitur
1792 159 1864 192 quod
1878 158 2016 186 cuiuslibet
2027 160 2139 186 viventis
2151 162 2270 194 operatio
2281 163 2308 188 in
2321 163 2380 196 ipso
2391 162 2496 189 vivente

1415 209 1569 242 principium
1588 208 1723 235 sufficiens
1735 209 1821 240 habet,
1835 218 1888 235 non
1906 211 2021 237 viventia
2040 219 2103 238 vero
2121 220 2175 238 non
2186 219 2328 247 operantur
2339 220 2427 248 neque
2440 223 2496 240 mo-

1414 260 1498 286 ventis
1519 260 1535 277 ⁴³
1554 253 1588 285 ex*
1604 267 1635 285 se
1652 260 1725 293 ipsis.
1745 261 1792 285 sed
1811 261 1927 294 indigent
1946 263 2064 288 exteriori
2083 263 2253 290 amminiculo
2271 266 2304 291 ad
2322 266 2496 299 operandum,

1414 310 1456 334 vel
1474 316 1616 343 generante
1635 311 1676 336 vel
1695 316 1849 337 removente
1861 311 2004 344 prohibens
2022 314 2064 338 vel
2079 314 2173 339 saltem
2191 320 2341 348 apponente
2359 317 2495 342 materiam

1414 362 1447 386 ad
1460 362 1633 394 operandum.
1652 362 1718 388 Illud
1737 362 1815 396 igitur
1827 364 1900 396 quod
1913 364 1991 390 habet
2003 358 2183 398 operationem
2202 367 2276 392 nullo
2290 367 2410 393 exteriori
2428 368 2493 394 indi-

1412 420 1478 446 gens
1497 418 1538 438 est
1560 413 1661 438 vivens.
1680 414 1741 439 Hoc
1758 417 1850 440 autem
1868 415 1935 440 Tale
1954 421 2042 441 autem
2061 421 2101 442 est
2119 416 2200 448 Deus,
2219 422 2324 451 oportet
2341 417 2411 444 enim
2429 427 2493 452 ope-

1412 472 1473 490 rans
1492 473 1522 490 ex
1542 473 1571 490 se
1590 473 1650 491 esse
1669 466 1741 498 prius
1759 472 1886 500 operante
1903 474 1934 493 ex
1953 468 2013 494 alio.
2033 468 2105 494 Deus
2124 468 2203 502 igitur
2221 475 2261 495 est
2280 469 2380 496 vivens.
2399 470 2416 504 ἕ
2429 471 2492 496 Αω-

1412 516 1490 549 plius.
1511 515 1616 546 Quanto
1635 517 1738 550 aliquae
1757 518 1919 544 substantiae
1936 524 2000 544 sunt
2018 519 2187 553 perfectiores
2211 525 2238 546 et
2261 520 2413 552 nobiliores,
2431 528 2494 548 sunt

1411 566 1493 598 simpl
1511 566 1702 600 perfectissimo
1721 569 1932 602 propinquiores.
1947 570 2120 596 Subsmntiae.
2131 577 2219 596 autem
2231 572 2351 611 viventes
2365 571 2391 597 in
2403 579 2492 598 rerum

1411 620 1502 644 ordine
1522 628 1574 644 non
1596 619 1745 645 viventibus
1770 627 1975 654 praeponuntur.
1998 622 2111 656 Oportet
2134 623 2212 656 igitur
2231 624 2343 656 primam
2362 630 2389 649 et
2407 624 2492 658 perfe-

1411 671 1554 696 ctissimam
1575 671 1749 697 substantiam
1769 680 1829 698 esse
1847 673 1988 706 viventem,
2008 682 2077 708 quae
2091 674 2163 700 Deus
2177 680 2225 701 est.
2245 674 2262 708 ξ
2275 675 2349 701 Item.
2370 675 2492 702 Divinum

1410 730 1471 747 esse
1490 721 1619 747 infinitum
1639 728 1688 748 est.
1708 723 1787 756 Igitur
1805 723 1867 749 nihil
1887 725 1958 758 quod
1978 725 2010 750 ad
2035 725 2221 758 perfectionem
2242 726 2346 751 essendi
2366 727 2493 760 pertineat

1411 775 1467 800 Deo
1486 776 1580 801 deesse
1599 781 1694 809 potest,
1714 782 1742 802 ut
1760 784 1792 802 ex
1810 777 1990 810 superioribus
2014 783 2093 811 patet.
2117 777 2214 804 Vivere
2233 783 2322 804 autem
2341 780 2494 806 denominat

1411 828 1521 852 modum
1541 828 1645 852 essendi
1665 827 1861 853 nobilissimum
1875 828 1941 854 inter
1954 829 2019 854 alios
2033 830 2109 855 nobis
2125 835 2212 856 notos.
2231 830 2279 856 Hic
2299 830 2378 864 igitur
2396 831 2492 857 modus

1384 887 1393 892 -
1409 878 1514 904 essendi
1544 878 1601 905 Deo
1629 887 1681 904 non
1707 880 1790 904 deest.
1819 880 1867 905 Est
1895 881 1973 913 igitur
2001 881 2102 906 vivens.
2126 881 2214 915 §Hoc
2237 881 2314 907 etiam
2339 883 2494 908 auctoritate

1410 929 1496 954 divina
1521 929 1701 955 confirmatur.
1725 930 1824 956 Dicitur
1848 931 1918 956 enim
1942 931 2013 958 deut.
2037 939 2103 958 xxxu
2129 940 2160 957 ex
2183 941 2231 958 ore
2253 933 2310 965 Dei,
2328 933 2436 959 Levabo
2460 934 2493 959 ad

1409 982 1512 1006 caelum
1531 989 1640 1006 manum
1660 990 1747 1007 meam
1761 987 1786 1007 et
1799 982 1893 1014 dicam,
1910 983 1979 1009 Vivo
1998 991 2049 1017 ego
2063 984 2088 1009 in
2108 990 2254 1010 aeternum.
2274 984 2306 1010 Et
2325 985 2351 1010 in
2370 993 2420 1018 ps„
2440 986 2494 1011 Cor

1409 1041 1499 1058 meum
1519 1039 1544 1058 et
1563 1041 1624 1059 caro
1642 1041 1702 1059 mea
1721 1034 1903 1060 exultaverunt
1925 1035 1951 1060 iu
1970 1035 2057 1061 Deum
2076 1036 2175 1062 vivum.
2195 1037 2227 1061 Et
2247 1037 2272 1062 io
2290 1044 2315 1066 v,
2329 1037 2400 1062 Sicut
2419 1043 2493 1070 pater

1407 1085 1485 1110 habet
1503 1085 1582 1110 vitam
1603 1085 1629 1109 in
1649 1085 1801 1118 semetipso,
1821 1086 1859 1111 sic
1877 1086 1948 1112 dedit
1967 1092 1993 1112 et
2010 1086 2064 1112 filio
2088 1088 2169 1112 vitam
2189 1087 2306 1118 habere.)

1451 1194 1533 1235 Cap.
1559 1195 1657 1226 XLV.
1687 1195 1786 1234 Quor>
1810 1206 2017 1227 ratumenna
2042 1197 2103 1227 Dat
2127 1207 2182 1227 as‘r
2207 1206 2264 1227 sun
2288 1206 2444 1228 assatum.

1450 1287 1467 1321 5
1482 1288 1556 1314 Nunc
1576 1294 1664 1314 autem
1684 1289 1880 1314 ostendendum
1893 1294 1934 1315 est
1953 1290 2025 1323 quod
2045 1297 2124 1315 suum
2145 1290 2291 1323 intelligere
2312 1290 2398 1323 <idest
2415 1290 2490 1316 intel·

1405 1339 1524 1365 lectualia
1542 1340 1678 1373 operatio>
1698 1348 1751 1365 non
1764 1345 1806 1365 est
1818 1341 1886 1366 aliud
1899 1348 1979 1374 quam
1999 1348 2032 1366 su
2053 1341 2143 1374 (ipsa)
2164 1349 2214 1366 sua
2226 1340 2350 1367 essentia.
2363 1339 2491 1375 Operatio

1402 1390 1473 1416 enim
1493 1396 1599 1424 oportet
1617 1392 1689 1424 quod
1708 1391 1742 1416 sit
1760 1392 1802 1417 vel
1821 1393 1846 1417 in
1865 1398 1992 1426 operante
2003 1393 2046 1418 vel
2059 1392 2084 1418 in
2099 1397 2215 1426 operato.
2231 1393 2261 1418 ln
2273 1397 2383 1426 operato
2401 1396 2489 1419 autem

1403 1450 1463 1468 esse
1483 1450 1536 1467 non
1549 1448 1637 1475 potest
1656 1443 1705 1468 nisi
1720 1451 1767 1476 per
1778 1442 1829 1469 hoc
1847 1443 1920 1477 quod
1939 1443 1972 1468 ab
1989 1450 2117 1477 operante
2131 1444 2156 1469 in
2175 1447 2331 1476 operantem
2350 1449 2490 1477 operatum

1403 1494 1504 1523 transit.
1524 1499 1602 1527 prout
1614 1494 1714 1520 scilicet
1732 1502 1847 1528 operans
1865 1500 2005 1529 operatum
2018 1501 2116 1521 movet.
2135 1495 2182 1522 Illa
2195 1495 2273 1529 igitur
2290 1497 2409 1529 operatio
2421 1503 2491 1530 quae

1403 1552 1457 1570 non
1475 1545 1567 1571 transit
1585 1546 1610 1571 in
1630 1551 1768 1579 operatum
1789 1551 1830 1572 est
1849 1546 1874 1572 in
1893 1551 2020 1580 operante
2038 1552 2150 1572 tantum.
2169 1546 2243 1573 Talis
2262 1552 2351 1573 autem
2366 1551 2410 1572 est
2425 1554 2491 1581 ope,

1404 1595 1469 1620 ratio
1487 1596 1681 1628 intellectualis,
1701 1597 1799 1622 scilicet
1824 1597 1970 1631 intelligere
1989 1598 2031 1623 vel
2050 1598 2228 1624 considerare.
2247 1598 2327 1631 Igitur
2348 1603 2390 1624 est
2406 1591 2491 1624 inin-

1402 1647 1537 1680 telligente
1556 1653 1667 1675 tantum.
1695 1649 1723 1674 1n
1743 1649 1800 1674 Deo
1821 1655 1909 1675 autem
1929 1658 1982 1675 non
2007 1656 2095 1684 potest
2115 1658 2175 1676 esse
2194 1650 2294 1685 aliquid
2312 1651 2385 1685 quod
2403 1658 2416 1677 a
2435 1647 2490 1677 non

1402 1700 1436 1724 sit
1455 1708 1504 1725 sua
1523 1700 1647 1731 essentia,
1667 1701 1728 1733 quia
1749 1700 1807 1734 ipse
1832 1709 1885 1726 non
1911 1701 1990 1727 habet
2014 1703 2120 1735 aliquod
2145 1703 2276 1733 accidens,
2299 1708 2328 1729 ut
2351 1710 2382 1729 ex
2408 1711 2490 1741 nupta

1401 1750 1517 1775 ostensis
1540 1755 1618 1783 patet.
1642 1750 1807 1784 Relinquitur
1831 1751 1910 1785 igitur
1931 1752 2004 1786 quod
2024 1753 2112 1786 ipsum
2138 1753 2282 1787 intelligere
2309 1754 2355 1778 Dei
2378 1759 2419 1779 est
2441 1751 2488 1780 sua

1402 1809 1461 1827 esse
1478 1802 1494 1819 *
1512 1808 1538 1827 et
1556 1810 1634 1827 suum
1655 1810 1724 1833 esse,
1738 1808 1764 1828 et
1783 1809 1824 1828 eat
1842 1803 1899 1836 ipse
1918 1804 1998 1829 Deus.
2018 1801 2053 1817 ‘⁴'
2071 1801 2102 1840 (§
2118 1801 2166 1831 Ex
2183 1801 2247 1832 hoc
2264 1807 2374 1832 autem
2394 1801 2487 1843 quod

1402 1849 1491 1879 Deus
1516 1855 1564 1879 est
1588 1850 1782 1889 intelligens,
1812 1851 1960 1890 sequitur
1991 1850 2085 1890 quod
2116 1861 2211 1882 suum
2243 1852 2425 1892 intelligere
2447 1851 2489 1884 sit

1400 1909 1459 1929 sua
1477 1900 1624 1929 essentia.
1651 1899 1832 1940 Intelligere
1849 1902 1936 1932 enim
1957 1906 2005 1932 est
2022 1906 2112 1950 actus
2129 1907 2221 1932 actus
2235 1901 2254 1920 *
2276 1899 2487 1944 intelligentis

1400 1949 1431 1979 in
1453 1950 1525 1990 ipso
1550 1951 1700 1987 existens,
1725 1960 1793 1982 non
1818 1952 1851 1983 in
1875 1952 1962 1983 aliud
1989 1956 2126 1982 transiens
2151 1953 2369 1985 extrinsecum
2384 1952 2486 1986 trans·

1399 2001 1479 2038 iens,
1519 2002 1603 2032 sicut
1643 2002 1812 2034 calefactio
1845 2005 1959 2035 transit
1990 2005 2022 2035 in
2055 1997 2267 2037 calefactum:
2280 1994 2369 2037 „nou
2397 2006 2486 2039 enim

1398 2061 1514 2082 mutatur
1534 2053 1671 2094 [aliquid
1689 2054 1824 2097 patitur]
1838 2055 2039 2098 intelligibile
2053 2065 2091 2087 ex
2105 2057 2169 2088 hoc
2183 2056 2274 2098 quod
2285 2056 2486 2099 intelligitur,

1397 2103 1454 2134 sed
1486 2105 1668 2146 intelligens
1701 2105 1878 2147 perficitur.
1910 2107 2078 2149 Quicquid
2097 2132 2104 2139 .
2121 2133 2127 2138 .
2143 2133 2149 2138 .
2168 2109 2237 2149 ipse
2269 2107 2368 2139 Deus.
2400 2107 2486 2141 Nam

1398 2155 1487 2187 Deus
1511 2162 1558 2187 est
1577 2167 1655 2186 suum
1675 2168 1732 2189 sua
1758 2160 1895 2190 essentia
1921 2165 1952 2191 et
1977 2169 2073 2191 suum
2091 2169 2171 2191 esse.
2195 2161 2214 2199 ξ
2230 2160 2408 2192 Praeterea.
2433 2157 2486 2192 tu-

1396 2207 1540 2249 telligere
1554 2215 1761 2250 comparatur
1772 2234 1779 2241 .
1790 2235 1797 2241 .
1811 2234 1818 2241 .
1831 2211 1872 2241 sit
1885 2211 1955 2242 eius
1967 2211 2132 2252 essentia.)
2146 2212 2162 2227 ⁴*
2175 2212 2193 2252 ἓ
2205 2211 2368 2253 Amplius.
2381 2211 2485 2245 Actus

1396 2259 1560 2291 secundus
1590 2267 1638 2292 est
1661 2261 1837 2302 perfectior
1861 2271 1960 2303 quam
1986 2268 2078 2294 actus
2106 2263 2241 2304 primus,
2266 2263 2350 2295 sicut
2371 2266 2486 2293 scientia

1395 2324 1475 2349 quam
1496 2312 1714 2344 consideratio
1739 2323 1837 2354 quam
1863 2314 2006 2345 scientia.
2028 2314 2169 2346 Scientia
2194 2319 2303 2346 autem
2321 2314 2371 2346 vel
2388 2314 2484 2347 intei-

1396 2364 1499 2396 lectus
1521 2366 1580 2396 Dei
1605 2371 1652 2396 est
1675 2365 1744 2406 ipsa
1768 2365 1838 2396 eius
1862 2366 2001 2397 essentia
2020 2370 2061 2394 vel
2082 2377 2151 2395 esse.
2170 2375 2199 2396 ut
2219 2378 2248 2395 ex
2269 2377 2349 2403 supra
2367 2370 2484 2396 ostensis

1394 2419 1485 2446 haberi
1504 2426 1592 2454 potest
1608 2418 1646 2457 (si
1665 2422 1712 2448 est
1736 2417 1932 2458 intelligens,
1953 2423 1989 2449 ut
2013 2424 2182 2450 ostensum
2209 2423 2266 2455 est,
2292 2427 2367 2450 cum
2391 2416 2484 2451 nulla

1394 2467 1553 2508 perfectio
1579 2469 1755 2500 conveniat
1778 2469 1806 2500 ei
1832 2469 2065 2510 participative,
2090 2469 2146 2500 sed
2163 2478 2222 2510 per
2238 2470 2422 2510 essentiam,
2444 2474 2482 2505 'ut

1395 2529 1433 2550 ex
1454 2520 1677 2561 superioribus
1694 2520 1807 2561 patet.)
1825 2519 1859 2551 Si
1879 2521 1977 2562 igitur
1993 2545 2000 2552 .
2016 2545 2023 2552 .
2039 2545 2046 2551 .
2064 2520 2250 2562 perfectius.
2277 2521 2319 2552 Et
2342 2521 2389 2553 sic
2409 2529 2482 2554 non

1384 2572 1453 2602 ‘erit
1477 2572 1510 2602 in
1535 2571 1600 2603 fine
1621 2576 1728 2608 simpuc
1743 2571 1954 2612 perfectionis
1978 2578 2010 2604 et
2034 2573 2198 2604 bonitatis.
2224 2572 2320 2604 Unde
2335 2582 2404 2604 non
2422 2573 2484 2606 erit

1392 2623 1546 2664 primum.
1571 2627 1587 2661 fl
1601 2627 1704 2654 Adhuc.
1722 2628 1872 2654 Intellectus
1885 2629 1930 2662 qui
1949 2636 2002 2654 non
2016 2633 2058 2654 est
2070 2636 2120 2655 sua
2131 2628 2251 2663 operatio
2263 2633 2306 2654 est
2317 2628 2344 2654 in
2361 2629 2481 2663 potentia

1391 2685 1512 2713 respectu
1532 2680 1702 2714 operationis.
1720 2685 1747 2706 et
1764 2681 1883 2715 operatio
1895 2686 1936 2707 est
1948 2686 2022 2707 actus
2042 2681 2056 2697 ⁸
2071 2680 2137 2707 eius.
2157 2681 2190 2707 St·
2204 2680 2292 2716 igitur
2305 2681 2357 2708 Sed
2376 2681 2402 2708 in
2419 2681 2479 2708 Deo

1392 2732 1463 2758 nulla
1482 2737 1523 2758 est
1542 2732 1657 2765 potentia
1675 2739 1736 2758 cum
1749 2732 1787 2758 sit
1805 2733 1852 2758 sed
1871 2738 1912 2758 est
1925 2740 2008 2767 purus
2027 2737 2111 2762 actus.
2130 2737 2160 2758 ut
2178 2739 2259 2766 supra
2276 2737 2416 2759 ostensum
2428 2737 2480 2760 eat.

1393 2783 1471 2817 Igitur
1489 2792 1554 2810 suus
1574 2784 1721 2810 intellectus
1740 2789 1782 2810 est
1799 2792 1878 2810 suum
1898 2784 2052 2816 intelligere,
2071 2789 2098 2810 et
2115 2783 2153 2809 sic
2172 2790 2252 2809 suum
2272 2783 2420 2817 intelligere
2436 2787 2479 2809 eat

1389 2844 1436 2862 sua
1455 2837 1578 2862 essentia.
1598 2835 1615 2850 ¹*
1633 2835 1664 2873 (g
1682 2833 1809 2865 Adhuc.
1827 2833 2009 2874 Intelligere
2027 2839 2074 2864 est
2091 2838 2182 2864 actus
2198 2831 2418 2873 intelligentis.
2440 2831 2476 2864 Si

1387 2884 1484 2925 igitur
1508 2885 1597 2916 Deus
1621 2885 1804 2925 intelligens
1831 2894 1898 2916 non
1928 2885 1968 2915 sit
1998 2893 2095 2916 suum
2127 2883 2316 2924 intelligere,
2345 2886 2477 2924 oportet

1387 2935 1479 2976 quod
1503 2942 1712 2977 comparetur
1733 2936 1773 2967 ad
1798 2937 1906 2977 ipsum
1922 2937 2007 2967 sicut
2030 2936 2177 2977 potentia
2201 2934 2242 2966 ad
2261 2944 2334 2964 nctus
2353 2939 2473 2966 actum.

1387 2987 1428 3018 Et
1452 2988 1495 3018 ita
1523 2992 1595 3016 Deus
1615 3000 1667 3016 non
1687 2992 1740 3017 erit
1764 2978 1796 3019 in
1814 2988 1887 3019 Deo
1905 2988 1963 3019 erit
1981 2987 2127 3029 potentia
2144 2992 2175 3018 et
2192 2992 2294 3023 actus,
2312 2985 2415 3028 quod*
2426 2991 2475 3018 est

1386 3039 1598 3080 impossibile,
1630 3046 1666 3070 ut
1690 3049 1787 3080 supra
1814 3039 1990 3081 probatum
2014 3040 2085 3081 est.)
2113 3043 2126 3058 *
2141 3042 2246 3076 ξηαπ.
2273 3041 2299 3067 Si
2323 3040 2474 3068 intellectae

1386 3095 1460 3120 divin
1481 3095 1567 3121 divina
1586 3096 1702 3122 essentia
1721 3103 1775 3121 non
1787 3101 1829 3121 est
1842 3103 1921 3121 suum
1940 3095 2094 3130 intelligere,
2112 3100 2219 3129 oportet
2231 3095 2303 3130 quod
2322 3095 2357 3121 sit
2374 3093 2473 3128 aliquid

1386 3155 1466 3172 causa
1485 3148 1507 3172 ei
1527 3147 1698 3181 intelligendi,
1718 3155 1778 3173 nam
1798 3147 1870 3181 quod
1888 3136 1915 3173 in
1934 3155 1963 3172 se
1977 3152 2018 3173 est
2030 3147 2165 3173 diversum
2184 3147 2217 3173 ab
2231 3146 2346 3173 esunth
2364 3145 2472 3174 aliettlu·

247 3203 311 3227 pure
323 3198 466 3228 corporale,
480 3197 547 3222 inter
565 3206 634 3231 quos
654 3199 755 3231 primus
770 3207 929 3234 anaxagoras
940 3202 1054 3234 primum
1068 3210 1157 3228 rerum
1172 3202 1329 3236 principium
1343 3203 1372 3224 6ο
1386 3207 1438 3224 non
1451 3199 1556 3225 unietur
1565 3200 1588 3225 ei
1602 3199 1650 3225 nisi
1659 3199 1715 3233 aliq
1728 3207 1775 3233 per
1787 3199 1904 3233 aliquam
1917 3207 2034 3225 eausam.
2046 3199 2098 3225 Sed
2109 3200 2167 3232 ipsa
2175 3199 2291 3225 essentia
2304 3196 2471 3231 intdllgentla

247 3247 334 3278 posuit
342 3248 542 3279 intellectum,et
552 3249 576 3274 in
588 3250 638 3274 hoc
649 3251 689 3276 vel
701 3251 777 3283 aput!
786 3251 818 3276 ab
830 3252 970 3278 Aristotele
981 3260 1042 3286 prae
1053 3253 1109 3278 aliis
1121 3254 1329 3279 commendatur.

291 3324 307 3356 ᾗ
320 3325 399 3351 Nunc
415 3328 504 3351 autem
520 3327 714 3353 ostendendum
729 3331 769 3353 est
781 3328 855 3360 quod
869 3328 895 3352 in
919 3328 977 3354 Deo
989 3329 1026 3354 sit
1045 3329 1115 3355 idem
1136 3329 1288 3364 inteIIigens
1302 3333 1329 3356 et

247 3375 419 3402 intellectum.

664 3430 709 3458 Da
731 3430 808 3458 Vtra
830 3432 896 3459 Dar.

411 3482 576 3520 Capitulum
599 3482 628 3511 in
651 3484 789 3523 margine
811 3484 955 3513 insertum
978 3491 1006 3513 et
1027 3486 1164 3515 deletum.

291 3554 318 3588 (ξ
332 3556 367 3580 l·'x
387 3557 435 3582 hoc
456 3563 543 3583 nutem
556 3559 664 3584 ulterius
683 3558 795 3584 habetur
814 3561 886 3593 quod
906 3560 978 3586 Deus
998 3561 1031 3586 sit
1049 3561 1150 3593 vivens,
1169 3570 1230 3587 nam
1249 3562 1324 3588 intel-

248 3605 327 3636 ligere
340 3608 472 3638 quoddam
486 3608 572 3633 vivere
586 3614 634 3635 est.
653 3609 670 3642 ξ
684 3609 776 3635 Adhuc
793 3610 934 3636 cuiuslibet
953 3610 1002 3636 hoc
1016 3611 1083 3636 inter
1095 3612 1207 3637 viventia
1227 3617 1252 3638 et
1271 3620 1324 3638 non

1386 3259 1437 3276 non
1457 3250 1552 3277 sufficit
1571 3251 1603 3276 ad
1623 3250 1673 3276 hoc
1692 3251 1764 3285 quod
1783 3250 1817 3276 sit
1835 3258 1915 3276 causa
1935 3250 2115 3276 intonet-etune
2136 3249 2298 3283 intelligendi
2321 3238 2470 3274 seeundum

1385 3307 1480 3333 actum.
1501 3302 1522 3327 si
1542 3301 1597 3335 ipsa
1617 3310 1669 3327 non
1689 3307 1729 3327 est
1749 3309 1827 3327 suum
1847 3301 2006 3334 intelligere:
2027 3301 2076 3327 erit
2088 3300 2198 3327 enimin
2210 3298 2327 3335 potentia
2344 3303 2467 3333 respectu

1385 3353 1567 3380 intellectualis
1587 3354 1746 3388 operationis
1773 3355 1815 3387 <et
1834 3354 1871 3379 sic
1890 3361 1944 3379 non
1963 3352 2059 3379 sufficit
2075 3353 2149 3388 quod
2176 3351 2211 3378 sit
2238 3359 2268 3377 ea
2294 3358 2382 3380 causa,
2405 3358 2467 3376 cum

1384 3407 1445 3432 nihil
1466 3414 1496 3432 se
1514 3406 1624 3439 educat>
1646 3403 1721 3440 (nihil
1742 3411 1830 3432 autem
1851 3414 1880 3432 se
1900 3405 1998 3438 educit)
2011 3405 2044 3431 de
2062 3402 2179 3438 potentia
2191 3402 2217 3429 in
2236 3408 2334 3430 actum.
2353 3402 2468 3437 Oportet

1341 3462 1365 3488 ες
1382 3459 1460 3493 igitur
1478 3466 1586 3492 ponere,
1606 3459 1628 3483 si
1648 3450 1794 3483 intellectus
1808 3457 1910 3483 divinus
1930 3464 1983 3482 non
2002 3461 2044 3482 est
2061 3462 2141 3481 suum
2160 3454 2313 3487 intelligere,
2333 3453 2406 3488 quod
2419 3454 2466 3480 ali-

1382 3509 1444 3543 quid
1464 3509 1533 3535 aliud
1548 3509 1582 3534 sit
1601 3509 1623 3534 ei
1646 3516 1724 3534 causa
1745 3507 1914 3541 intelligendi.
1943 3506 2010 3532 Ciam
2029 3507 2121 3531 autem
2147 3504 2180 3530 Et
2199 3504 2235 3530 sic
2255 3505 2303 3531 erit
2321 3505 2347 3530 εἰ
2364 3503 2465 3531 haben·

1381 3561 1494 3595 aliquam
1520 3561 1708 3595 perfectionem
1729 3560 1761 3586 ab
1780 3559 1840 3592 alio.
1859 3558 1930 3593 quod
1949 3562 1991 3584 est
2008 3556 2172 3591 impossibile
2188 3557 2210 3582 ei
2224 3557 2296 3590 quod
2309 3561 2350 3599 est
2368 3557 2394 3582 in
2412 3554 2465 3582 flas

1381 3613 1557 3645 perfectionis.
1573 3612 1652 3646 Igitur
1665 3619 1713 3638 sua
1724 3610 1842 3645 operatio
1854 3617 1908 3635 non
1922 3612 1964 3635 est
1975 3608 2158 3635 intellectualis
2172 3617 2223 3633 non
2240 3613 2280 3634 est
2299 3608 2368 3634 aliud
2381 3615 2463 3642 quam

338 3741 405 3763 2-24
427 3736 461 3758 lxx
481 3736 630 3766 praemissis
641 3755 648 3762 .
661 3758 666 3764 .
677 3755 684 3762 .
695 3737 860 3772 intelligam]
876 3739 942 3764 Ante
955 3740 1166 3772 praecedentium
1187 3740 1353 3772 deletionem,
1372 3740 1517 3774 sequentia,
1537 3741 1555 3766 l.
1571 3747 1612 3772 24.
1626 3738 1723 3765 Adhuc
1735 3738 1794 3764 Deo
1806 3737 1881 3763 nulla
1893 3742 1951 3767 ete„
1965 3737 2016 3762 iam
2030 3737 2125 3771 scripta
2145 3741 2226 3763 erant.
2245 3736 2345 3763 Deletis
2364 3735 2461 3762 substi-

248 3782 318 3801 tutus
338 3784 376 3802 est
397 3785 520 3809 praesens
540 3779 613 3804 locus
633 3789 711 3813 supra
730 3782 849 3816 margine
868 3783 981 3809 inferiori
1000 3783 1019 3809 f.
1037 3791 1066 3809 to
1078 3792 1103 3810 v.

247 3826 416 3850 tractaturus:
435 3822 468 3846 cf.
488 3830 511 3848 c.
523 3830 608 3848 xnvm.

1212 3783 1246 3810 63
1268 3785 1342 3811 Nunc
1361 3785 1420 3819 etc.]
1444 3785 1485 3810 Ab
1511 3786 1632 3818 incoepto
1657 3783 1772 3817 capitulo
1795 3790 1818 3807 s.
1836 3781 1955 3814 Thomas
1980 3781 2089 3813 desistit,
2112 3782 2169 3807 eius
2194 3781 2330 3808 materiam
2353 3780 2462 3807 inferius

681 3823 752 3857 67—b
765 3833 805 3860 ¹9·
826 3827 863 3852 Ex
883 3827 932 3852 hoc
943 3844 950 3853 .
961 3845 968 3853 .
978 3846 985 3853 .
999 3827 1104 3862 habere}
1125 3829 1272 3862 Capitulum
1292 3830 1326 3855 de
1345 3829 1403 3855 Vita
1416 3830 1472 3859 Dei.
1483 3829 1662 3855 intercalatum
1675 3827 1741 3854 inter
1753 3826 1865 3860 capitula
1883 3833 1941 3851 xuv
1961 3831 1985 3851 et
2005 3833 2061 3856 xix,
2076 3821 2176 3852 necnon
2191 3826 2334 3860 capitulum
2353 3824 2461 3852 DoVim

249 3865 292 3890 Dei
314 3867 399 3895 Beata,
418 3867 489 3899 quod
510 3867 632 3899 scriptum
653 3874 708 3894 erat
726 3876 785 3901 post
804 3878 860 3903 cap.
879 3879 936 3901 nv,
955 3877 1083 3905 expuncta
1103 3878 1163 3898 sunt
1181 3879 1216 3905 et,
1235 3873 1383 3904 reformata.
1402 3873 1428 3899 in
1447 3872 1499 3899 fine
1518 3873 1563 3899 lib.
1582 3873 1590 3898 l
1611 3876 1788 3906 reponumun
1811 3869 1844 3895 cf.
1864 3878 1939 3904 capp.
1958 3877 2093 3896 xcvii-en.
2112 3870 2152 3897 Cf.
2171 3870 2250 3896 etiam
2270 3870 2295 3896 in
2314 3870 2400 3904 plima
2417 3877 2459 3896 re-

247 3911 365 3935 ductis-ne
384 3911 487 3941 capituli
506 3919 575 3936 ιιι-ιι
594 3919 680 3944 parag.
702 3912 750 3938 18·
773 3922 787 3938 a
799 3914 816 3939 6
835 3916 930 3942 Adhuc
949 3917 1141 3943 beatitudinem
1153 3938 1158 3945 .
1170 3935 1177 3943 .
1189 3936 1196 3943 .
1208 3916 1241 3943 ¹6
1261 3917 1404 3952 intellt‘git,-
1429 3923 1454 3943 et
1472 3918 1498 3943 in
1515 3917 1630 3950 capitulo
1653 3922 1739 3946 amn,
1764 3914 1810 3940 18*
1831 3923 1845 3940 a
1859 3922 1901 3947 71,
1922 3914 2079 3940 deletionem
2098 3915 2240 3941 verborum
2259 3917 2287 3941 et
2304 3914 2457 3944 umnam

247 3959 270 3978 et
292 3955 315 3978 in
335 3956 447 3979 caan-1¹1·
469 3963 517 3980 nvn
538 3956 694 3981 deletionem
715 3965 802 3991 parag.
825 3959 873 3984 23·
894 3960 955 3994 b49
978 3961 1042 3986 Item
1056 3961 1272 3996 felicitas...6i
1298 3962 1500 3988 ratiocinativa.

2524 265 2611 316 aa
2631 273 2675 295 νη
2693 274 2716 290 m

2519 1297 2568 1314 nv
2586 1297 2648 1322 au„

2507 2685 2542 2711 lb.
2556 2686 2573 2711 b
2585 2693 2604 2712 ι.

2504 2837 2543 2861 lb..
2554 2843 2596 2868 a.
2609 2845 2666 2870 any.

2501 3041 2568 3067 uwl-
2580 3050 2607 3072 4.
