2768 4134
69 350 78 360 ⁶
93 349 128 371 cf.
138 355 160 370 n.
170 354 221 374 xiii,
231 347 279 369 init.

65 1822 126 1843 ‘Ad
141 1830 164 1849 4.

66 2575 119 2590 nem
135 2574 181 2590 sec.

68 2595 151 2623 palem.

67 2900 75 2909 “
100 2898 187 2926 Supra,
216 2898 280 2919 Licet

68 2927 152 2946 autem.

316 270 389 307 128

366 347 404 376 X.
428 346 525 380 Nono
539 345 565 374 ’ἦ
582 343 691 374 Virtus
707 342 769 372 Dei
790 347 837 372 est
852 340 988 372 infinita.
1006 340 1092 380 Ergo
1112 340 1181 370 eius
1199 338 1345 369 essentia.
1358 355 1382 360 —

308 389 512 422 Antecedens
523 388 688 428 probatur.
711 386 798 425 Quia
816 391 927 416 movet
943 390 1091 426 tempore
1102 384 1242 415 infinito.
1254 400 1278 406 —
1290 382 1381 413 Con-

309 443 446 474 sequens
475 442 553 463 vero
584 433 759 472 probatur„
778 431 865 469 Quia
888 431 988 461 virtus
1015 430 1162 460 nominat
1183 428 1381 469 principium

309 479 459 509 actionis:
479 476 755 518 ,unumquodque
788 482 897 507 autem
927 476 991 515 agit
1022 484 1079 515 per
1110 473 1249 504 formam
1276 481 1379 507 suam,

308 532 391 563 quae
415 528 462 553 est
486 521 623 552 essentia
645 522 698 552 vel
720 531 793 562 pars
817 521 983 552 essentiae.

363 567 396 598 Si
412 567 536 600 dicatur
552 565 643 606 quod
657 566 738 597 haec
754 566 835 596 ratio
851 565 1007 605 supponit
1022 564 1243 594 aeternitatem
1259 567 1379 597 motus,

308 621 406 652 quam
417 611 564 652 theologi
575 620 643 646 non
659 616 801 651 ponunt:
817 628 841 633 -
853 610 969 641 dieitur
981 608 1071 649 quod
1083 607 1230 648 procedit
1246 605 1380 656 quidem

307 665 345 693 eir
368 657 555 687 aeternitate
585 655 710 691 mundi,
735 655 791 686 sed
821 660 930 685 tamen
959 653 1100 684 infinitas
1132 652 1255 683 virtutis
1278 660 1380 690 magis

308 701 404 732 etiam
428 700 638 731 confirmatur
669 709 738 731 non
763 700 868 740 posita
898 699 1083 729 aeternitate
1113 696 1238 728 mundi.
1270 695 1379 726 Tanto

307 746 395 776 enim
419 745 594 776 virtuosius
622 751 669 776 est
698 754 795 785 agens
825 745 859 774 in
889 743 1015 784 agendo
1045 747 1168 782 quanto
1198 741 1380 791 potentiani

306 791 409 831 magis
436 791 475 821 ab
503 796 576 828 actu
603 795 761 820 remotam
788 788 913 819 reducit
938 789 971 818 in
1003 793 1129 817 actum:
1158 787 1241 817 sicut
1263 785 1380 819 maiori

306 836 424 872 virtute
441 845 524 876 opus
541 840 588 866 est
604 834 643 865 ad
660 832 913 865 calefaciendum
930 841 1049 872 aquam
1066 840 1165 871 quam
1181 840 1301 864 aerem.
1317 829 1381 861 Sed

307 879 398 920 quod
407 881 544 915 omnino
556 889 623 910 non
637 885 684 909 est
695 877 820 909 infinite
833 877 927 908 distat
939 877 1075 913 abactu.
1088 875 1186 915 Ergo,
1199 876 1225 906 si
1237 874 1380 906 mundus

307 924 410 956 factus
434 930 482 955 est
504 929 679 964 postquam
704 923 841 953 omnino
865 931 932 952 non
961 920 1030 957 fuit,
1056 919 1185 951 factoris
1208 921 1309 951 virtus
1333 925 1381 951 est

306 969 441 1006 infinita.
1096 994 1106 1001 ,

362 1014 454 1045 Licet
477 1019 585 1044 autem
612 1013 692 1042 haec
714 1012 802 1048 ratiov
826 1020 863 1042 ex
887 1010 1073 1041 aeternitate
1096 1009 1212 1040 mundi
1235 1019 1304 1040 non
1327 1020 1381 1041 su-

306 1064 422 1095 matur,
438 1057 523 1088 valet
538 1063 645 1087 tamen
663 1057 758 1087 etiam
774 1055 956 1086 secundum
971 1059 1132 1095 ponentes
1147 1054 1263 1086 mundi
1280 1060 1381 1086 aeter-

305 1103 453 1133 nitatem:
476 1111 553 1132 cum
571 1106 731 1142 ponerent
747 1100 855 1131 Deum
871 1106 1039 1131 aeternum
1058 1098 1174 1136 mundi
1192 1100 1381 1140 sempiterni

306 1156 436 1178 causam
460 1144 608 1182 existere,
620 1146 703 1176 sicut
718 1155 775 1185 pes
792 1146 831 1175 ab
848 1150 980 1182 aeterno
997 1143 1109 1175 fuisset
1127 1154 1223 1176 causa
1243 1145 1380 1186 vestigii,

305 1192 331 1222 si
355 1193 394 1222 ab
418 1196 548 1222 aeterno
573 1190 684 1221 fuisset
707 1190 882 1230 impressus
905 1190 938 1220 in
962 1189 1106 1230 pulvere.
1131 1189 1205 1221 Sive
1228 1190 1316 1221 enim
1336 1191 1380 1224 ,ab

306 1242 436 1268 aeterno
461 1236 526 1266 sive
551 1245 590 1265 ex
612 1241 760 1275 tempore
785 1235 824 1265 sit
848 1234 1027 1275 productus
1050 1234 1204 1271 mundus,
1229 1235 1310 1266 nihil
1334 1241 1381 1266 est

305 1282 338 1311 in
362 1291 396 1311 re
419 1279 510 1320 quod
533 1289 600 1310 non
625 1280 665 1310 sit
688 1289 706 1310 a
729 1279 1034 1320 Deoproductum.
1068 1279 1109 1310 Et
1132 1280 1178 1310 sic
1201 1279 1381 1320 productus

306 1331 353 1356 est
375 1325 732 1365 nulla-praesupposita
754 1325 897 1355 materia.
931 1324 979 1355 Ex
1007 1333 1074 1365 quo
1105 1323 1195 1356 aliter
1222 1324 1382 1356 formatur

304 1371 395 1400 ratio.
422 1369 595 1410 Proportio
624 1369 747 1400 virtutis
771 1370 894 1400 activae
917 1369 1075 1409 accipitur
1099 1369 1279 1400 secundum
1304 1379 1380 1411 pro-

305 1415 491 1456 portionem
518 1414 684 1454 potentiae
707 1414 851 1454 passivae
875 1413 915 1445 ad
939 1419 1064 1445 actum:
1087 1414 1164 1454 quia
1179 1420 1304 1455 quanto
1321 1425 1381 1456 po-

305 1460 404 1490 tentia
428 1459 552 1500 passiva
575 1459 677 1499 magis
701 1459 851 1499 elongata
874 1459 914 1490 ab
938 1464 1013 1496 actu
1041 1459 1307 1501 praeintelligitur
1330 1461 1381 1492 vel

305 1504 499 1545 praeexistit,
515 1509 606 1534 tanto
622 1514 640 1534 a
656 1504 771 1534 maiori
787 1504 904 1540 virtute
919 1504 952 1534 in
968 1509 1078 1540 actum
1089 1503 1264 1540 reducitur.
1282 1505 1380 1546 Ergo,

306 1558 382 1587 cuin
410 1549 512 1586 virtus
546 1547 636 1579 finita
663 1549 804 1590 requirat
834 1549 976 1590 aliquam
1007 1549 1186 1589 potentiam
1218 1551 1380 1588 materiae,

306 1594 360 1625 illa
383 1603 468 1635 quae
490 1603 559 1624 non
582 1594 716 1634 requirit
739 1594 918 1630 materiam,
943 1599 990 1625 est
1012 1592 1148 1624 infinita.

365 1648 394 1669 2.
420 1638 515 1670 Circa
537 1637 626 1670 illam
648 1639 919 1679 propositionem,
948 1639 1207 1680 Unumquodque
1229 1639 1302 1681 agit
1320 1650 1383 1681 per

297 1683 451 1726 formam
474 1693 577 1719 suam,
595 1693 679 1724 quae
694 1688 741 1714 est
757 1683 895 1714 essentia
920 1684 971 1714 vel
983 1693 1064 1724 pars
1087 1684 1253 1720 essentiae,
1271 1684 1382 1716 adver-

306 1728 443 1760 tendum
462 1727 552 1769 quod
574 1728 762 1769 intelligitur
781 1728 821 1760 de
840 1729 947 1769 primo
971 1729 1132 1770 principio
1157 1728 1294 1766 formali,
1313 1739 1381 1761 non

307 1779 417 1805 autem
437 1772 478 1804 de
493 1773 654 1813 proximo.
671 1773 769 1812 Quia,
785 1779 822 1804 ut
836 1774 943 1814 inquit
961 1773 1098 1804 Sanctus
1114 1774 1260 1805 Thomas
1275 1774 1382 1806 Prima

306 1818 410 1855 Parte,
435 1827 466 1858 q.
484 1827 598 1856 Lxxvrn
616 1826 626 1849 ι
645 1819 672 1854 *,
692 1819 726 1848 in
742 1819 895 1849 creaturis
915 1819 1091 1849 substantia
1113 1829 1181 1849 non
1206 1825 1254 1850 est
1274 1821 1382 1860 proxi-

307 1873 400 1894 mum
427 1863 624 1904 principium
653 1864 800 1899 actionis,
831 1862 889 1894 sed
919 1862 1023 1894 forma
1053 1863 1270 1900 accidentalis,
1297 1874 1381 1905 quae

307 1909 467 1939 rationem
489 1909 654 1948 potentiae
678 1908 783 1939 habet.

362 1951 514 1983 Similiter
530 1961 607 1984 cum
623 1951 749 1989 dicitur,
773 1952 879 1983 Virtus
896 1952 1045 1982 nominat
1063 1953 1263 1993 principium
1279 1953 1382 1984 actio-

307 1997 367 2033 nis,
392 1997 548 2037 accipitur
574 1996 769 2033 indistincte,
794 2002 830 2028 ut
853 1996 889 2028 fit
913 1997 1058 2028 extensio
1079 1997 1119 2028 ad
1134 1998 1278 2038 primurn
1295 2004 1326 2029 et
1342 1997 1383 2029 ad

305 2042 492 2083 proximum
515 2042 723 2083 principium.
755 2041 791 2073 In
820 2042 972 2072 creaturis
1002 2042 1090 2072 enim
1115 2042 1225 2079 virtus,
1255 2048 1292 2073 ut
1322 2052 1382 2073 no-

306 2087 407 2118 minat
429 2086 626 2128 principium
650 2087 846 2127 proximum,
871 2096 939 2117 non
964 2092 1011 2117 est
1038 2087 1085 2118 rei
1114 2087 1302 2125 substantia,
1325 2087 1383 2119 sed

306 2131 455 2162 accidens
475 2131 521 2162 rei
544 2132 755 2169 substantiam
779 2132 1019 2162 concomitans:
1044 2137 1080 2163 ut
1103 2137 1212 2163 autem
1234 2133 1383 2164 nominat

306 2176 503 2217 principium
527 2177 680 2218 primum,
706 2182 753 2208 est
776 2176 962 2207 substantia.
987 2175 1051 2208 Sed
1075 2177 1151 2218 quia
1175 2178 1208 2208 in
1229 2177 1302 2208 Deo
1318 2178 1382 2218 pri-

306 2230 398 2252 mum
414 2219 550 2252 formale
566 2221 764 2262 principium
781 2226 813 2252 et
827 2221 1013 2262 proximum
1038 2231 1105 2252 non
1130 2221 1382 2262 distinguuntur,

308 2275 384 2296 cum
402 2274 460 2296 sua
486 2266 586 2297 virtus
610 2271 642 2296 et
665 2275 722 2297 sua
748 2266 895 2306 operatio
926 2266 989 2296 sint
1014 2275 1072 2296 sua
1095 2266 1282 2308 substantia,
1306 2266 1382 2298 ideo

307 2311 341 2341 in
360 2310 432 2350 ipso
456 2310 678 2341 universaliter
704 2319 817 2341 verum
846 2315 893 2341 est
919 2310 1010 2351 quod
1032 2311 1133 2342 virtus
1157 2311 1218 2342 Dei
1241 2316 1289 2342 est
1313 2312 1383 2342 eius

309 2354 455 2385 essentia.

363 2398 418 2430 XI.
429 2398 490 2432 ,Ad
505 2399 644 2440 primam
659 2399 791 2430 rationis
806 2398 945 2430 formam
969 2408 1034 2440 qua
1057 2400 1213 2440 probatur
1231 2401 1382 2432 viitutem

308 2443 370 2474 Dei
393 2451 462 2475 esse
485 2442 644 2475 infinitam
667 2443 743 2484 quia
767 2453 806 2475 ex
829 2443 918 2475 nulla
941 2444 1088 2485 potentia
1110 2443 1264 2486 produxit
1286 2455 1383 2477 mun-

65 2488 176 2537 'mffl’mv
198 2488 226 2510 Si
247 2488 281 2509 ‘¹¹'-
308 2487 387 2520 dum
397 2489 424 2525 ⁵,
442 2487 733 2525 Scotus,1VSent.,
748 2487 778 2519 d.
788 2499 810 2525 1,
823 2498 854 2529 q.
864 2489 928 2524 ¹⁸⁸,
939 2494 1036 2529 negat
1052 2489 1224 2520 minorem.
1240 2489 1382 2526 Quando

67 2544 86 2552 ··
102 2542 190 2564 eontra
211 2542 280 2572 ritiq-
308 2533 393 2564 enim
417 2538 563 2565 extrema
586 2538 663 2564 sunt
690 2531 894 2571 immediata,
913 2538 1004 2564 tanta
1023 2533 1175 2574 praecise
1198 2539 1245 2566 est
1267 2544 1382 2574 eorum

196 2574 281 2597 ''⁸¹²⁰''
308 2578 464 2610 distantia
486 2577 711 2619 quantum'est
725 2583 905 2610 extremum
925 2578 1066 2610 alterum
1090 2579 1214 2613 maius:
1235 2580 1330 2618 sicut,
1355 2581 1384 2611 si

301 2622 545 2663 produceretur
566 2632 718 2664 suprema
742 2627 895 2654 creatura
913 2622 1081 2664 possibilis
1098 2623 1252 2664 produci,
1277 2625 1384 2656 adhuc

308 2668 394 2698 inter
417 2668 518 2710 ipsam
543 2672 574 2699 et
596 2667 702 2699 Deum
733 2673 815 2699 esset
837 2667 966 2710 infinita
996 2667 1164 2705 distantia,
1190 2669 1268 2711 quia
1292 2669 1383 2701 Deus

308 2717 355 2743 est
373 2712 528 2755 infinitus,
546 2711 599 2743 illa
615 2722 692 2743 vero
710 2711 799 2743 finita
815 2718 907 2744 esset.
925 2712 1092 2744 Distantia
1109 2718 1216 2744 autem
1233 2713 1383 2756 affirma—

308 2757 407 2788 tionis
430 2763 461 2789 et
483 2757 671 2800 negationis
694 2757 778 2788 entis
807 2762 839 2788 et
867 2767 933 2788 non
963 2758 1046 2789 entis
1069 2758 1173 2789 creati
1202 2763 1251 2790 est
1273 2759 1382 2790 imme-

307 2801 408 2833 diata.
426 2803 468 2834 Et
483 2807 573 2833 actus
589 2807 714 2833 creatus
737 2811 804 2833 non
821 2807 869 2833 est
892 2801 1049 2839 infinitus,
1074 2803 1130 2834 sed
1153 2802 1275 2835 finitus.
1295 2804 1383 2845 Ergo

309 2846 456 2879 distantia
478 2847 561 2878 inter
583 2846 638 2877 illa
660 2855 728 2878 non
753 2852 801 2878 est
823 2845 960 2884 infinita,
984 2846 1041 2878 sed
1064 2846 1164 2879 finita.

363 2891 416 2923 Ad
435 2890 612 2924 secundam
633 2889 772 2922 formam
780 2892 808 2927 ⁵,
825 2891 931 2933 inquit
947 2891 1048 2933 quod,
1065 2892 1212 2934 quamvis
1227 2893 1383 2925 distantia

309 2935 432 2968 nullius
450 2935 619 2978 potentiae
641 2935 686 2967 ad
707 2940 815 2967 actum
845 2936 969 2967 nullam
995 2937 1244 2978 proportionem
1267 2937 1384 2970 habeat

309 2979 353 3012 ad
367 2979 555 3012 distantiam
572 2989 656 3022 quae
671 2985 720 3012 est
734 2980 875 3012 alicuius
885 2981 1054 3022 potentiae
1069 2981 1113 3013 ad
1127 2987 1247 3020 actum,
1265 2993 1307 3014 ex
1321 2984 1384 3015 hoc

310 3034 376 3056 non
399 3026 548 3067 sequitur
561 3023 650 3067 quod
672 3025 777 3057 virtus
799 3035 883 3067 quae
901 3031 1010 3067 potest
1024 3036 1123 3068 super
1138 3026 1243 3063 istam,
1263 3028 1306 3059 sit
1325 3028 1383 3059 im-

304 3070 601 3112 proportionabilis
617 3069 731 3102 virtuti
745 3080 830 3112 quae
839 3075 949 3112 potest
963 3080 1062 3112 super
1078 3071 1178 3102 illam.
1195 3071 1281 3109 Quia
1292 3073 1382 3114 posi-

310 3115 409 3148 tivum
427 3125 492 3146 non
510 3120 558 3147 est
569 3115 895 3156 improportionabile
906 3115 1004 3146 alteri
1010 3116 1154 3156 positivo
1172 3116 1235 3147 nisi
1245 3123 1384 3159 propter

310 3159 502 3201 infinitatem
519 3160 552 3191 in
569 3159 686 3192 altero.
712 3159 752 3191 In
771 3159 838 3190 iuis
853 3165 961 3191 autem
982 3160 1146 3192 distantiis
1161 3170 1228 3192 non
1244 3167 1292 3193 est
1302 3173 1383 3203 pro—

305 3205 417 3244 portio
440 3205 518 3247 quia
538 3204 646 3237 altera
661 3214 728 3236 non
743 3203 857 3236 habuit
871 3205 1015 3246 aliquam
1036 3205 1248 3247 quantitatem
1269 3216 1383 3239 secun-

310 3248 385 3280 dum
409 3259 506 3291 quam
524 3247 910 3291 potuitproportionari‚
928 3259 968 3280 eo
986 3249 1076 3291 quod
1092 3251 1131 3281 sit
1147 3249 1296 3282 distantia
1315 3261 1383 3283 non

311 3293 392 3324 entis
416 3294 456 3325 ab
480 3300 565 3326 ente.

366 3337 433 3369 XII.
457 3339 520 3370 Pro
544 3338 758 3380 responsione
782 3337 822 3370 ad
845 3338 914 3376 ista,
932 3344 963 3370 et
979 3337 1227 3372 confirmatione
1250 3341 1384 3373 rationis

312 3381 417 3413 Sancti
443 3382 603 3420 Th0mae,
623 3382 792 3415 sciendum
809 3392 848 3414 ex
872 3382 1019 3416 doctrina
1042 3383 1112 3416 eius
1127 3383 1172 3415 IV
1188 3385 1287 3421 Sent„
1304 3385 1335 3416 d.
1353 3397 1383 3423 v,

313 3435 344 3466 q.
365 3434 392 3462 i,
409 3437 437 3458 a.
455 3428 472 3459 3
486 3429 514 3465 θ,
527 3427 618 3469 quod
634 3427 754 3470 duplex
769 3433 818 3459 est
833 3426 982 3460 distantia
995 3427 1130 3460 infinita.
1147 3428 1317 3468 Quaedam
1337 3437 1385 3462 est

313 3470 498 3511 simpliciter
513 3472 648 3509 infinita,
672 3471 805 3515 quando
828 3472 950 3504 scilicet
972 3483 1011 3504 ex
1035 3479 1124 3514 parte
1146 3475 1314 3515 utriusque
1331 3485 1384 3507 ex-

312 3515 404 3546 tremi
428 3522 475 3548 est
497 3516 634 3548 infinita:
659 3518 722 3549 hoc
746 3523 855 3549 autem
871 3523 920 3549 est
934 3517 1068 3559 quando
1090 3523 1267 3560 utrumque
1283 3525 1384 3551 extre-

893 262 1082 300 SUMMA
1112 260 1335 297 CONTRA
1364 258 1642 306 GENTILES,
1673 258 1785 296 CAP.
1805 259 1935 296 XLIII.

1435 342 1545 367 torum
1569 342 1730 377 quantum
1753 337 1878 369 accedit
1901 337 1943 368 ad
1965 338 2112 373 alterum,
2130 337 2157 367 si
2180 335 2311 367 accedat
2334 336 2457 377 aliquid
2474 338 2514 369 ad

1435 382 1628 421 oppositum
1651 387 1833 413 extremum
1856 389 1893 414 ut
1915 382 1996 414 illud
2015 382 2130 413 habeat
2151 380 2288 417 infinite,
2311 390 2444 413 necesse
2467 389 2515 414 est

1435 431 1472 456 ut
1495 426 1535 456 ab
1559 426 1660 459 altero
1684 426 1779 458 distet
1801 426 1942 458 infinite:
1971 429 1998 458 si
2026 432 2136 458 autem
2153 426 2330 467 ⁴participet
2356 428 2512 468 opposito

1435 470 1536 507 finite,
1560 471 1600 501 ab
1627 471 1729 502 altero
1752 470 1996 507 finitefltantum
2021 471 2158 503 distabit.
2182 471 2268 502 Inter
2292 479 2349 501 ens
2373 481 2450 512 ergo
2482 478 2514 503 et

1434 525 1503 545 non
1527 524 1584 546 ens
1608 516 1746 546 omnino
1762 525 1831 547 non
1855 522 1903 548 est
1921 516 2070 553 distantia
2093 515 2218 547 infinita
2241 515 2430 555 simpliciter
2444 516 2514 552 >nisi

1434 559 1515 590 illud
1535 569 1593 591 ens
1605 561 1645 590 sit
1659 559 1834 595 infinitum.
1850 561 1893 592 Et
1908 562 1987 602 quia
2000 561 2129 593 nullum
2146 571 2204 592 ens
2220 566 2365 591 creatum
2381 566 2429 591 est
2439 559 2513 591 infi-

1434 605 1551 640 nitum,
1566 604 1643 635 ideo
1659 603 1810 636 distantia
1825 607 1907 637 entis
1931 607 2029 641 creati
2052 606 2092 637 ad
2107 615 2176 637 non
2200 615 2258 643 ens
2273 615 2342 636 non
2366 610 2414 636 est
2436 605 2513 637 sim-

1434 649 1561 689 pliciter
1576 648 1712 680 infinita.
1730 649 1836 685 Immo
1853 656 1901 682 est
1915 649 2006 682 finita
2023 661 2064 686 ex,
2084 656 2175 692 parte
2195 651 2297 691 ipsius
2321 650 2418 681 entis:
2435 651 2513 690 quia

1436 703 1492 725 ens
1508 693 1684 735 perfectius
1694 695 1758 724 isto
1771 699 1846 725 ente
1854 701 1967 730 ,creato
1982 697 2084 736 magis
2095 706 2114 727 a
2128 705 2198 727 non
2211 702 2285 727 ente
2302 694 2396 726 distat
2412 704 2513 736 quam

1434 739 1499 773 hoc
1523 748 1590 769 ens.
1615 739 1673 770 Est
1695 744 1805 770 tamen
1822 748 1860 769 ex
1875 744 1966 780 parte
1987 749 2056 771 non
2079 741 2161 772 entis
2182 741 2253 781 ipsa
2276 740 2425 771 distantia
2439 739 2513 771 infi-

1434 784 1514 819 nita:
1541 793 1582 814 eo
1597 783 1689 824 quod
1705 793 1724 814 a
1743 793 1958 824 quocumque
1980 784 2063 815 nihil
2084 785 2187 826 magis
2206 785 2302 817 distet
2325 795 2425 826 quam
2442 795 2512 816 non

1435 838 1503 865 ens.
1520 828 1616 860 Unde
1632 828 1780 859 distantia
1796 838 1864 859 non
1881 829 1964 860 entis
1979 829 2117 860 omnino
2134 830 2174 861 ab
2190 836 2264 861 ente
2279 840 2348 868 non
2373 836 2421 861 est
2435 840 2512 872 pro-

1435 873 1659 914 portionabilis
1671 872 1840 904 distantiae
1851 873 1988 904 alicuius
1998 874 2080 904 entis
2091 874 2133 909 ab
2147 874 2226 907 alio:
2243 875 2390 916 alioquin
2400 881 2513 917 posset

1436 917 1504 955 dari
1527 917 1676 949 distantia
1699 919 1798 950 unius
1821 918 1907 950 entis
1920 919 1960 950 ab
1977 918 2041 949 alio
2064 919 2170 950 maior
2185 927 2286 959 quam
2300 921 2341 951 sit
2363 920 2514 959 distantia

1434 972 1504 994 non
1528 964 1610 1004 entis
1635 963 1785 1000 omnino,
1809 963 1992 994 secundum
2021 962 2161 1000 modum
2188 973 2360 1004 processus
2374 966 2511 1003 vAristo-

1434 1008 1506 1039 telis
1530 1008 1574 1039 IV
1597 1013 1629 1039 et
1651 1008 1725 1039 VIII
1749 1008 1967 1049 Physicorum
1979 1009 2007 1038 *ἱ
2031 1007 2118 1039 Inter
2133 1017 2192 1040 ens
2215 1017 2293 1049 ergo
2317 1015 2350 1040 et
2370 1020 2440 1042 non
2455 1020 2513 1042 ens

1436 1058 1484 1084 est
1507 1052 1655 1089 distantia
1679 1053 1863 1091 secundum
1886 1053 1967 1094 quid
1989 1052 2126 1089 infinita.
2210 1088 2212 1090 v
2367 1064 2370 1066 ⁷
2508 1085 2515 1094 ,—

1491 1097 1670 1129 Sciendum
1692 1097 1850 1135 secundo,
1866 1097 1958 1139 quod
1981 1098 2042 1129 ista
2066 1097 2216 1135 distantia
2233 1097 2415 1130 secundum
2434 1099 2516 1140 quid

1435 1141 1571 1179 infinita,
1587 1147 1703 1184 utpote
1719 1153 1759 1174 ex
1774 1149 1864 1184 parte
1879 1152 1949 1179 non
1965 1143 2048 1174 entis
2063 1148 2202 1179 tanturn,
2214 1143 2348 1184 requirit
2362 1145 2515 1182 virtutem

1434 1186 1606 1224 infinitam,
1631 1197 1708 1218 cum
1731 1188 1832 1219 virtus
1855 1188 1959 1220 activa
1981 1188 2249 1228 proportionetur
2264 1187 2432 1221 distantiae
2454 1199 2516 1230 po,-

1435 1232 1556 1263 tentiae
1568 1233 1608 1264 ab
1621 1238 1712 1264 actu:
1736 1232 1919 1264 secundum
1929 1233 2269 1274 proportionalitatem
2280 1233 2355 1270 hoc,
2368 1235 2514 1275 inquam,

1435 1277 1548 1314 modo,
1573 1277 1664 1319 quod
1680 1278 1785 1318 qualis
1809 1283 1857 1309 est
1879 1278 2051 1319 proportio
2068 1277 2238 1310 distantiae
2261 1279 2359 1310 unius
2382 1279 2422 1310 ab
2440 1285 2516 1312 actu

1435 1322 1476 1353 ad
1499 1322 1595 1354 aliam
1611 1322 1807 1360 distantiam,
1822 1323 1894 1354 talis
1911 1329 1958 1354 eat
1972 1323 2145 1364 proportio
2161 1324 2318 1357 virtutum
2336 1324 2515 1357 activarum

1435 1368 1518 1398 inter
1533 1377 1582 1405 se;
1599 1368 1686 1408 quia,
1703 1373 1740 1399 ut
1754 1368 1862 1409 inquit
1880 1367 2018 1400 Sanctus
2034 1367 2180 1399 Thomas
2194 1368 2259 1406 hic,
2283 1373 2387 1406 tantoſtr
2398 1379 2515 1401 unum-

1435 1413 1586 1454 quodque
1609 1422 1713 1454 agens
1741 1418 1790 1444 est
1817 1412 2016 1450 virtuosius„
2037 1417 2069 1444 et
2099 1412 2186 1444 aliud
2217 1422 2316 1454 ageris
2345 1414 2515 1451 excedens,

1435 1462 1558 1498 quanto
1570 1458 1754 1498 potentiam
1770 1457 1878 1499 magis
1889 1462 2048 1490 remotam
2061 1457 2101 1489 ab
2113 1462 2189 1495 actu
2202 1457 2330 1490 reducit
2338 1458 2384 1489 ad
2394 1464 2517 1493 actm.

1437 1501 1501 1533 Sed
1525 1502 1674 1539 distantia
1697 1511 1767 1534 non
1791 1503 1874 1534 entis
1890 1503 2030 1534 omnino
2045 1502 2087 1534 ad
2101 1511 2160 1534 ens
2174 1502 2299 1540 nullam
2320 1503 2420 1541 habet
2437 1513 2516 1546 pro-f

1435 1548 1623 1588 portionem
1653 1546 1694 1579 ad
1715 1546 1901 1579 distantiam
1925 1557 2011 1589 quae
2033 1553 2082 1578 est
2110 1547 2195 1579 inter
2218 1547 2286 1586 duo
2309 1548 2410 1580 entia:
2437 1549 2516 1588 aliae

1437 1598 1520 1628 esset
1542 1592 1687 1629 invenire
1711 1592 1854 1634 aliquam
1881 1592 2065 1626 distantiam
2089 1593 2173 1624 entis
2195 1592 2236 1624 ad
2262 1602 2320 1624 ens
2343 1594 2515 1635 aequalem

1436 1636 1605 1669 distantiae
1626 1646 1696 1672 non
1713 1638 1795 1669 entis
1811 1638 1851 1669 ab
1867 1643 1952 1670 ente.
1976 1638 2064 1678 Ergo
2079 1638 2181 1669 virtus
2197 1647 2282 1679 quae
2306 1643 2461 1679 operatur
2474 1648 2515 1672 ex

1435 1692 1505 1714 non
1529 1688 1604 1714 ente
1620 1682 1769 1719 omnino,
1785 1683 1909 1714 nullam
1925 1683 2022 1721 habet
2041 1682 2290 1724 proportionem
2305 1683 2346 1714 ad
2362 1684 2518 1722 virtutem,

1437 1737 1521 1769 quae
1545 1733 1699 1768 operatur
1721 1737 1760 1758 ex
1784 1733 1858 1759 ente
1881 1728 2143 1769 praesupposito.
2163 1727 2251 1769 Ergo
2275 1733 2323 1760 est
2340 1727 2477 1768 infinita.
2487 1747 2515 1769 ,-.

1435 1773 1527 1804 Patet
1550 1773 1795 1814 consequentia.
1819 1772 1907 1812 Quia
1930 1773 2076 1814 potentia
2099 1773 2204 1804 activa
2218 1773 2289 1804 talis
2312 1773 2514 1814 diciturim-

1436 1818 1683 1859 proportionata
1695 1817 1771 1858 quia
1787 1817 1914 1849 excedit
1929 1827 2064 1849 omnem
2078 1818 2260 1858 potentiam
2276 1817 2415 1851 finitam:
2430 1819 2515 1853 deut

1435 1862 1490 1894 illa
1513 1861 1663 1894 distantia
1686 1868 1843 1903 quaeest
1865 1863 1950 1894 inter
1964 1872 2022 1894 ens
2038 1867 2071 1894 et
2084 1872 2154 1894 non
2178 1872 2236 1895 ens
2258 1862 2376 1895 dicitur
2389 1863 2515 1906 impro-

1435 1907 1622 1948 portionata
1637 1906 1805 1938 distantiae
1829 1907 1922 1939 omni
1936 1916 2022 1948 quae
2038 1911 2086 1938 est
2108 1907 2192 1938 inter
2215 1908 2312 1944 entia,
2329 1908 2408 1949 quin
2422 1909 2516 1948 omni

1437 1951 1586 1983 distantia
1611 1961 1696 1992 quae
1719 1956 1767 1983 est
1790 1951 1873 1983 inter
1896 1952 1984 1983 entia
2005 1952 2111 1983 maior
2134 1957 2192 1984 est.
2223 1952 2374 1984 Potentia
2403 1958 2516 1987 autem

1437 1995 1596 2028 excedens
1619 2005 1755 2028 omnem
1778 1997 1959 2037 potentiam
1982 1995 2118 2033 finitam,
2142 2002 2191 2028 est
2213 1995 2355 2034 infinita.
2514 2021 2517 2027 .

1495 2051 1525 2072 2.
1538 2041 1591 2073 Sic
1602 2050 1679 2083 ergo
1692 2046 1781 2082 patet
1793 2042 1954 2073 rationein
1965 2041 2075 2073 Sancti
2087 2041 2239 2081 Thomae
2253 2041 2421 2075 efficacem
2432 2051 2520 2082 ene,z

1436 2096 1498 2118 nec
1521 2086 1721 2118 solutionem
1739 2085 1830 2118 Scoti
1853 2095 1923 2118 esse
1946 2085 2172 2118 sufficientem.
2188 2086 2285 2119 Unde
2307 2087 2348 2119 ad
2371 2088 2517 2129 primum

1437 2131 1554 2162 dicitur
1570 2130 1661 2172 quod
1684 2130 1799 2172 utique
1816 2140 1854 2162 ex
1878 2137 1968 2172 parte
1984 2131 2067 2162 entis
2083 2132 2181 2163 creati
2199 2131 2254 2163 illa
2276 2131 2427 2164 distantia
2444 2141 2516 2172 non

1437 2182 1485 2207 est
1509 2175 1645 2213 infinita,
1670 2182 1707 2207 ut
1729 2176 1811 2213 ratio
1835 2176 1961 2217 probat.
1991 2175 2050 2213 Est
2073 2181 2184 2208 tamen
2209 2176 2335 2209 infinita
2362 2187 2402 2210 ex
2424 2175 2518 2219 pene'

1437 2231 1506 2252 non
1530 2221 1623 2257 entis,
1648 2227 1685 2252 ut
1707 2220 1863 2252 diximus:
1887 2230 1965 2252 cum
1992 2221 2073 2252 nihil
2102 2221 2141 2252 ab
2173 2227 2248 2253 ente
2270 2223 2374 2264 magis
2397 2222 2514 2255 distare

1437 2266 1539 2307 possit
1563 2275 1663 2307 quam
1686 2267 1824 2297 omnino
1847 2275 1916 2297 non
1940 2271 2008 2298 ens.
2029 2266 2072 2297 Et
2086 2266 2167 2298 haec
2177 2266 2324 2298 infinitas
2345 2267 2515 2305 distantiae

1437 2311 1541 2352 arguit
1565 2309 1758 2342 infinitatem
1790 2311 1932 2342 virtutis:
1957 2320 2034 2342 cum
2064 2311 2358 2352 proportionentur
2380 2312 2514 2344 virtutes

1437 2355 1699 2396 elongationibus
1722 2356 1946 2397 potentiarum
1966 2356 2007 2387 ab
2030 2361 2115 2387 actu.

1494 2400 1678 2441 Responsio
1704 2400 1800 2431 etiam
1825 2399 1866 2431 ad
1896 2400 2075 2432 secundam
2103 2399 2243 2432 formam
2265 2402 2400 2434 rationis
2424 2401 2516 2434 nulla

1438 2450 1495 2476 est.
1512 2445 1616 2485 Negat
1632 2445 1719 2476 enim
1735 2445 1829 2476 istam
1842 2445 2122 2487 consequentiam,
2138 2445 2325 2478 Distantiae
2340 2447 2422 2478 istae
2438 2452 2516 2479 sunt

1438 2489 1788 2531 improportionabiles,
1805 2490 1901 2532 Ergo
1916 2495 1948 2522 et
1963 2490 2117 2522 virtutes:
2131 2499 2208 2522 cum
2231 2496 2341 2523 tamen
2364 2490 2519 2530 osteude-¹

1438 2535 1539 2566 rimus
1562 2535 1666 2576 ipsam
1691 2544 1759 2566 esse
1789 2536 2015 2572 necessariam,
2044 2536 2122 2576 quia
2145 2535 2250 2576 qualis
2273 2541 2322 2567 est
2343 2537 2516 2578 proportio

1437 2580 1570 2611 istarum
1580 2578 1813 2617 distantiarum,
1821 2580 1892 2611 talis
1904 2585 1952 2612 est
1963 2581 2107 2622 ipsarum
2119 2580 2290 2618 virtutum3
2303 2581 2380 2623 quia
2391 2586 2516 2622 quanto

1437 2633 1503 2656 una
1526 2624 1675 2655 distantia
1698 2624 1800 2666 magis
1816 2625 1943 2656 excedit
1965 2625 2072 2662 aliam,
2088 2630 2179 2656 tanto
2196 2635 2268 2664 ,una
2290 2626 2393 2658 virtue
2414 2626 2523 2667 magis.

1437 2669 1534 2701 aliam
1550 2669 1685 2706 excedit,
1702 2679 1743 2701 eo
1767 2669 1860 2711 quod
1882 2670 1986 2702 maior
2009 2669 2160 2702 distantia
2182 2671 2341 2703 maiorem
2363 2670 2517 2704 virtutem

1437 2714 1590 2756 requirat.
2408 2744 2410 2747 ,

1495 2759 1524 2791 3.
1549 2757 1614 2790 Sed
1637 2758 1743 2790 adhuc
1766 2759 1897 2800 probari
1919 2764 2029 2800 potest
2056 2769 2097 2791 ex
2118 2769 2367 2802 processu-quo
2390 2760 2516 2793 Aristo·

1437 2803 1527 2840 teles,
1545 2803 1589 2835 lv
1600 2803 1711 2845 Phys„
1728 2808 1804 2836 text.
1820 2813 1863 2844 72
1876 2804 1904 2842 ”,
1927 2805 2045 2846 probat
2066 2811 2198 2838 motum
2217 2804 2340 2843 iactum
2360 2805 2394 2837 iii
2409 2814 2516 2845 vacuo

1436 2848 1559 2880 nullam
1584 2849 1836 2890 proportionem
1859 2849 1978 2881 habere
1992 2849 2033 2882 ad
2047 2855 2179 2882 motum
2201 2849 2324 2882 factum
2347 2850 2382 2882 in
2404 2850 2525 2892 pleno..

1437 2892 1471 2925 Si
1495 2894 1583 2926 enim
1606 2894 1708 2925 virtus
1731 2903 1830 2934 agens
1853 2903 1893 2925 ex
1915 2894 2006 2926 nulla
2029 2895 2167 2927 omnino
2186 2895 2434 2937 praesupposita
2454 2904 2517 2937 po-

1437 2939 1538 2970 tentia
1560 2938 1830 2981 proportionetur
1845 2939 1877 2970 ei
1899 2948 1984 2980 quae
2008 2940 2074 2980 agit
2095 2949 2136 2972 ex
2157 2940 2292 2978 materia
2314 2949 2522 2982 praeeuppor,

1436 2984 1496 3014 sita
1511 2993 1581 3015 non
1597 2984 1746 3015 obstante
1762 2983 1987 3015 distantiarum
2001 2984 2276 3026 improportione,
2291 2984 2397 3025 detur,
2417 2985 2518 3027 gratia

1437 3028 1589 3070 exempli,
1605 3027 1698 3070 quod
1713 3029 1753 3060 sit
1768 3030 1801 3061 in
1825 3028 1928 3070 duplo
1947 3029 2062 3061 maior.
2081 3029 2179 3062 Tunc
2193 3039 2291 3062 sumo
2306 3030 2403 3063 aliam
2418 3030 2517 3063 viatu-

1436 3078 1504 3104 tem
1528 3082 1613 3115 quae
1631 3078 1704 3114 agat
1718 3083 1759 3106 ex
1773 3074 1907 3106 materia
1922 3074 1957 3106 in
1972 3073 2076 3115 duplo
2091 3075 2194 3116 inagis
2209 3074 2402 3116 indisposita
2416 3083 2517 3116 quam

1437 3119 1478 3149 sit
1501 3118 1635 3154 materia
1657 3127 1697 3150 ex
1712 3128 1780 3160 qua
1801 3119 1866 3160 agit
1881 3119 1943 3150 alia
1958 3119 2069 3152 virtus.
2085 3119 2174 3161 Ergo
2188 3120 2259 3162 ipsa
2281 3120 2342 3152 erit
2363 3119 2397 3152 in
2413 3118 2516 3161 duplo

1437 3163 1542 3194 maior
1556 3162 1622 3194 illa.
1639 3162 1703 3195 Sed
1726 3164 1760 3196 in
1776 3163 1891 3196 eadem
1909 3165 2181 3205 proportionese
2203 3164 2343 3202 habebat
2356 3163 2399 3200 ad
2411 3163 2517 3206 ipsam

1437 3208 1538 3239 virtus
1554 3217 1652 3249 agens
1671 3217 1710 3240 ex
1730 3209 1821 3241 nulla
1839 3209 1978 3240 omnino
1999 3209 2246 3252 praesuppoeita
2268 3209 2412 3240 materia.
2429 3209 2516 3250 Ergo

1438 3253 1538 3284 virtus
1561 3252 1747 3294 producens
1771 3263 1810 3284 ex
1834 3254 1943 3295 aliqua
1965 3254 2099 3286 materia
2118 3259 2167 3286 est
2185 3253 2328 3295 aequalis
2350 3253 2517 3295 potentiae

1439 3298 1545 3339 agenti
1573 3307 1613 3328 ex
1637 3298 1754 3339 [nulla]
1779 3299 2028 3340 praesupposita
2050 3298 2194 3330 materia.
2218 3298 2283 3331 Sed
2306 3299 2371 3330 hoc
2396 3304 2445 3330 est
2466 3299 2516 3330 in—

1438 3342 1653 3374 conveniens:
1678 3344 1755 3384 quia
1779 3352 1837 3384 per
1866 3343 2099 3385 experientiam
2122 3348 2221 3384 patet,
2246 3349 2371 3384 quanto
2394 3343 2516 3385 aliquid

1439 3387 1541 3428 inagis
1566 3386 1736 3428 elongatur
1751 3388 1792 3420 ab
1810 3393 1896 3425 actu,
1917 3393 2009 3420 tanto
2030 3387 2189 3419 maiorem
2208 3389 2389 3429 potentiam
2409 3389 2517 3430 requi-

1439 3441 1519 3465 rere.
1544 3432 1631 3473 Ergo
1656 3438 1717 3464 etc.

1495 3476 1741 3509 Advertendum
1765 3482 1874 3508 autem
1898 3476 1983 3508 cirea
2009 3476 2098 3508 illam
2121 3477 2384 3518 propositionem
2407 3477 2517 3510 Sancti

1439 3521 1600 3559 Thomae,
1627 3521 1759 3559 Quanto
1776 3521 1927 3563 potentia
1945 3521 2080 3562 passiva
2103 3522 2213 3553 maior
2230 3522 2434 3564 praeexistit,
2458 3528 2518 3555 aut

315 3568 404 3590 mum
429 3555 485 3592 est
498 3561 671 3593 infinitum.
689 3559 859 3601 Quaedam
875 3571 954 3594 vero
970 3568 1018 3594 est
1033 3563 1215 3595 secundum
1239 3563 1319 3605 quid
1335 3565 1385 3596 in·
1434 3565 1727 3609 praeintelligitur,
1752 3570 1844 3598 tanto
1874 3575 1895 3596 a
1923 3565 2045 3597 maiori
2068 3567 2188 3598 virtute
2217 3567 2326 3599 activa
2350 3566 2383 3598 in
2407 3572 2517 3599 actum

315 3602 418 3635 finita:
443 3611 473 3635 et
497 3611 543 3636 est
567 3606 699 3647 quando
723 3616 761 3638 ex
787 3612 877 3647 parte
903 3607 1002 3640 unius
1030 3608 1164 3640 extremi
1186 3613 1313 3641 tantuin
1338 3615 1386 3641 est
1439 3611 1629 3651 completur,
1647 3610 1739 3652 quod
1753 3611 1934 3652 potentiam
1957 3611 2117 3652 passivam
2140 3612 2299 3644 maiorem
2322 3621 2391 3644 esse
2410 3611 2516 3654 dupli-

314 3646 448 3679 infinita.
474 3648 559 3680 Cum
584 3651 670 3681 enim
689 3657 815 3682 tantum
839 3651 934 3684 distet
957 3651 1078 3694 aliquid
1093 3653 1133 3684 ab
1156 3662 1226 3685 uno
1249 3655 1384 3695 opposi-
1411 3657 1414 3692 Ι
1439 3655 1518 3686 citer
1541 3655 1676 3697 intelligi
1698 3660 1820 3697 potest:
1838 3664 1906 3687 uno
1922 3655 2035 3694 modo,
2059 3657 2137 3698 quia
2160 3657 2263 3698 magis
2285 3656 2455 3698 elongatur
2476 3657 2516 3688 ab

2541 1005 2550 1014 ’
2566 1003 2607 1031 IV,
2619 1010 2662 1026 vui
2686 1003 2758 1027 mni.

2541 1031 2560 1080 ’.ι
2571 1036 2618 1080 se.
2633 1020 2709 1080 5¹3¹
2732 1037 2758 1058 ’ν

2544 2802 2553 2813 ·
2566 2801 2625 2831 cip.
2635 2801 2677 2826 eit.
