2716 4302
63 392 90 415 ¹6
99 398 110 415 r
124 398 136 413 a
146 398 276 422 34.-p.i57.

60 809 68 817 ⁶
77 809 138 831 Casu
148 815 197 831 om.
206 810 275 831 enim.

61 862 88 884 «ὁ
98 868 110 884 r
124 862 137 884 b
149 870 168 885 ι.

59 1997 118 2020 ‘lb-
133 1997 230 2029 ungisi.

60 2052 70 2062 ⁶
84 2050 118 2073 Ιδ.
134 2049 149 2072 b
163 2055 202 2077 ⁴³-

59 2242 166 2267 torn.

57 2296 92 2319 lb.
108 2300 172 2324 ung
187 2294 229 2318 int.

59 2562 94 2585 lb.
110 2562 124 2584 b
143 2567 185 2590 mg
203 2562 244 2583 int.
263 2573 273 2577 -

59 2595 83 2618 p.
100 2588 148 2612 ⁸6¹.

61 2714 69 2724 ¹
85 2712 137 2734 Vid.
153 2711 183 2734 ad
198 2712 243 2734 loc.

59 2869 69 2878 ·
86 2867 192 2890 torna.

59 3175 71 3187 ⁴
85 3174 138 3197 Vld.
153 3174 189 3196 ad·
197 3175 242 3196 loc.

1275 165 1539 202 APPENDIX

409 298 490 339 Cap.
517 300 583 330 LV.
609 300 706 338 Quos
732 302 817 333 Dans
842 312 941 333 ommi
966 313 1056 333 smus
1080 314 1267 334 ικτειωοῐτ.

349 393 366 430 §
390 392 438 422 Ex
467 393 516 423 his
547 400 656 424 autem
688 395 822 425 ulterius
853 402 987 436 apparet
1018 397 1108 437 quod
1144 397 1232 427 Deus
1267 398 1378 428 omnia

304 442 399 473 simul
428 444 587 484 intelligit.
616 447 783 483 Quicumque
803 450 872 475 enim
891 449 1059 485 (intellectus)
1079 451 1197 485 intelligit
1215 460 1297 477 unum
1315 453 1379 477 sim—

300 497 379 528 plicit
397 504 457 530 post
475 499 552 531 aliud,
576 505 616 525 est
634 501 794 534 quandoque
813 502 839 526 in
858 502 972 534 potentia
994 503 1036 527 vel
1056 503 1081 527 in
1102 503 1199 535 habitu,
1228 512 1288 528 nam
1317 504 1379 529 dum

304 550 450 575 considerat
463 551 586 584 primum,
599 552 640 576 vel
653 553 762 578 omnino
781 555 926 579 secundum
945 555 1046 588 ignorat
1063 560 1089 579 et
1107 555 1143 580 sic
1164 561 1203 580 est
1222 555 1247 580 in
1267 556 1382 588 potentia

304 606 424 634 respectu
438 602 501 631 eius,
517 603 557 627 vel
572 603 620 628 scit
635 603 740 636 quidem
755 605 802 629 sed
815 612 868 629 non
883 606 1037 637 considerat,
1053 612 1077 631 et
1096 607 1133 631 sic
1145 612 1185 631 est
1198 607 1223 631 in
1243 607 1341 633 habitu.
1354 607 1380 632 Si

303 660 367 678 vero
381 658 439 678 actu
452 654 608 685 considerat,
627 655 679 679 iarn
693 656 771 680 simul
785 661 926 689 utrumque
945 658 1092 682 considerat
1110 663 1136 682 et
1149 665 1201 682 non
1219 666 1302 683 unum
1321 664 1381 690 post

304 704 382 730 aliud.
397 704 504 729 Divinus
519 710 606 730 autern
626 705 772 731 intellectus
787 714 922 740 nunquam
942 713 982 733 est
996 716 1044 733 nec
1057 709 1082 733 in
1094 709 1208 741 potentia
1224 716 1272 734 nec
1290 709 1315 733 in
1335 709 1381 734 ha—

304 754 367 780 bitu.
381 754 440 780 Non
452 754 532 787 igitur
545 756 694 781 considerat
703 765 786 782 unum
799 762 860 790 post
873 758 950 790 aliud,
964 759 1011 783 sed
1020 760 1110 784 omnia
1122 767 1190 792 quae
1201 760 1381 793 quandocum-

304 813 358 839 que
377 807 511 839 cognoscit
530 807 608 831 simul
627 807 751 834 intuetur.
770 807 784 842 ἓ
807 810 942 834 Praeterea
962 806 1145 837 Intellectus
1169 808 1185 823 *
1202 813 1311 838 noster
1328 831 1335 837 .
1350 831 1357 838 .
1372 831 1379 838 .

305 853 498 884 coloratum.
517 854 648 894 Species
665 862 774 886 autem
791 857 1007 898 intelligibiles
1023 859 1040 874 ⁴*
1065 859 1182 898 quibus
1198 858 1381 888 intellectus

305 904 463 936 formatur
486 906 527 936 ad
550 907 615 937 hoc
639 907 729 948 quod
753 909 791 938 sit
815 909 884 949 ipsa
913 909 1075 940 intellecta
1098 910 1132 939 in
1156 916 1241 946 actu,
1266 919 1381 940 omnes

305 963 380 988 sunt
408 958 504 989 unius
531 959 674 998 generis:
699 970 752 988 non
771 963 841 989 enim
862 964 992 998 differunt
1014 961 1135 991 habent
1164 962 1251 991 enim
1283 971 1381 992 unam

304 1010 464 1040 rationem
482 1010 607 1040 essendi
624 1011 806 1041 secundum
823 1021 892 1042 esse
908 1012 1118 1052 intelligibile,
1139 1012 1214 1043 licet
1237 1017 1382 1042 secundum

305 1069 353 1089 res
378 1069 516 1100 quarum
546 1067 621 1091 sunt
644 1062 768 1102 species
793 1063 825 1092 in
851 1072 915 1093 una
940 1063 1066 1093 essendi
1090 1073 1157 1093 non
1186 1065 1383 1094 conveniant

304 1112 439 1142 ratione.
466 1113 560 1143 Unde
643 1113 821 1154 intelligere
845 1121 962 1154 potest.
988 1116 1005 1154 §
1022 1115 1113 1145 Item.
1133 1115 1188 1145 Vis
1213 1117 1383 1155 cognosci-

303 1163 368 1193 tiva
392 1173 459 1194 non
485 1165 655 1204 cognoscit
678 1165 801 1205 aliquid
826 1172 899 1196 actu
923 1166 984 1196 nisi
1009 1166 1089 1196 adsit
1112 1167 1250 1197 intentio
1273 1172 1382 1196 coniun-

303 1225 369 1251 gens
390 1214 484 1246 Unde
509 1222 540 1246 et
564 1216 786 1256 phantasmata
801 1239 827 1247 ..
840 1240 847 1247 .
865 1227 932 1247 non
958 1217 1058 1248 fertur
1081 1218 1121 1248 ad
1145 1227 1191 1248 ea.
1211 1219 1382 1258 Appetitus

305 1268 391 1298 enim
415 1268 490 1298 alias
507 1269 668 1308 potentias
692 1268 724 1298 in
750 1274 858 1299 actum
882 1275 993 1299 movet
1012 1272 1077 1305 quia
1094 1279 1139 1297 eas
1159 1270 1191 1299 in
1216 1270 1383 1309 agentibus

304 1329 362 1361 per
378 1319 591 1352 voluntatem.
615 1320 718 1350 Multa
738 1321 835 1361 igitur
853 1344 860 1351 .
875 1344 883 1350 .
898 1345 904 1350 .
921 1330 1053 1351 necesse
1079 1321 1152 1361 (est)
1183 1321 1307 1352 cadere.
1333 1322 1383 1352 In-

303 1369 407 1401 tendit
431 1371 519 1401 enim
539 1370 653 1412 (Deus)
678 1381 770 1402 suam
795 1372 966 1402 essentiam
991 1371 1134 1412 perfecte
1159 1372 1266 1402 videre
1282 1376 1308 1401 in
1332 1384 1383 1409 qua

303 1426 393 1451 omnia
411 1426 541 1457 videntur,
560 1426 626 1451 sicut
645 1426 670 1451 in
689 1426 799 1460 speculo
817 1425 932 1460 perfecte
950 1427 1007 1451 viso
1026 1427 1147 1452 videntur
1164 1428 1253 1452 omnia
1271 1435 1340 1461 quae
1359 1429 1384 1453 in

304 1478 413 1510 speculo
431 1483 557 1510 apparent
573 1473 678 1514 (quod
691 1480 739 1504 est
750 1474 859 1504 videre
876 1474 979 1515 ipsam
1002 1485 1062 1504 cum
1083 1474 1264 1506 secundum
1281 1481 1383 1506 totam

305 1526 456 1556 virtutem
473 1535 564 1557 suam
582 1537 650 1562 quae
669 1530 760 1555 omnia
779 1530 830 1555 sibi
847 1530 955 1555 subiicit
971 1527 1030 1556 sub
1044 1536 1108 1566 qua
1122 1528 1232 1557 omnia
1250 1528 1384 1558 conclu-

304 1576 450 1617 duntur.)
468 1577 557 1607 Deus
570 1578 678 1617 igitur,
695 1577 838 1608 videndo
855 1578 1025 1607 essentiam
1044 1587 1146 1613 suam,
1164 1578 1260 1608 simul
1274 1578 1384 1608 omnia

303 1629 457 1659 intuetur.
475 1628 667 1668 §Amplius
694 1629 880 1659 Intellectus
906 1629 1085 1659 successive
1109 1629 1211 1659 multa
1235 1629 1384 1659 conside-

303 1679 401 1710 rantis
418 1679 618 1719 impossibile
636 1685 683 1709 est
699 1689 768 1709 esse
785 1689 883 1709 unam
901 1684 1026 1710 tanturn
1045 1681 1279 1720 operationem.
1298 1680 1383 1711 Cum

304 1731 419 1774 (enim)
452 1733 660 1772 operationes
748 1742 805 1763 sua
837 1733 967 1772 cognita
999 1733 1190 1763 considerat.
1221 1735 1239 1772 ἓ
1256 1733 1384 1764 Adhuc.

303 1783 474 1815 Successio
487 1785 609 1815 sine...
623 1785 718 1815 simul
736 1784 917 1815 considerat
933 1785 951 1822 §
964 1785 1053 1815 Item.
1072 1784 1251 1825 Intelligere
1269 1785 1383 1816 Dei...

303 1842 401 1876 patet.
424 1839 490 1865 ause
509 1835 544 1866 In
574 1845 642 1866 esse
666 1842 775 1866 autem
801 1835 912 1866 divino
942 1845 1009 1866 non
1035 1842 1082 1866 est
1106 1837 1195 1876 prius
1220 1842 1251 1866 et
1275 1842 1384 1876 poste-

304 1888 369 1918 rius
386 1887 441 1918 sed
466 1894 513 1918 est
537 1894 643 1918 totum
668 1888 775 1924 simul,
794 1894 829 1918 ut
848 1898 886 1916 ex
905 1897 1000 1927 supra
1018 1894 1184 1918 ostensum
1204 1894 1259 1918 est.
1287 1888 1384 1928 Igitur

303 1948 364 1969 nec
389 1938 605 1969 consideratio
630 1938 690 1969 Dei
716 1939 813 1968 habet
829 1939 918 1978 prius
943 1944 974 1968 et
997 1939 1167 1978 posterius,
1193 1938 1248 1968 sed
1273 1939 1383 1968 omnia

303 2001 372 2027 quae
391 1993 525 2026 cognoscit
544 1990 640 2020 simul
665 1989 822 2030 intelligit.
841 1990 856 2005 *
875 1989 906 2029 (§
922 1990 1099 2020 Praeterea.
1118 1989 1234 2020 Omnis
1258 1989 1383 2020 intelle-

304 2047 374 2073 ctus
392 2065 399 2072 .
414 2064 422 2072 .
437 2066 444 2072 .
463 2042 559 2072 simul
583 2040 756 2082 intelligit.)
788 2043 804 2058 ⁴*
821 2044 838 2081 §
855 2043 941 2073 Huic
967 2048 1075 2072 autem
1095 2065 1101 2071 .
1117 2065 1123 2070 .
1140 2064 1147 2071 .
1165 2041 1381 2071 obumbratio.

360 2153 441 2194 Cap.
467 2153 550 2184 LVl.
575 2153 673 2191 Quoi>
698 2164 851 2184 coom'rio
877 2154 937 2184 Dat
962 2163 1025 2184 nox
1051 2164 1104 2184 asr
1128 2163 1323 2183 nnsiruaus.

349 2246 364 2262 ⁸
378 2246 416 2272 Ex
434 2246 486 2272 hoc
504 2252 591 2272 autem
620 2247 728 2271 ulterius
757 2247 904 2272 ostenditur
923 2247 994 2279 quod
1013 2254 1067 2271 non
1086 2251 1127 2271 est
1145 2246 1170 2271 in
1190 2253 1222 2271 eo
1243 2245 1381 2270 habitualis

303 2296 418 2327 scientia,
438 2304 499 2322 nam
521 2297 537 2314 ¹*
556 2294 587 2331 (5
603 2297 651 2321 Ex
664 2297 714 2322 hoc
731 2299 821 2322 autem
836 2298 948 2323 ulterius
961 2297 1114 2323 ostenditur
1132 2297 1204 2330 quod
1224 2303 1276 2321 non
1295 2298 1336 2321 est
1354 2295 1381 2321 in

301 2354 333 2373 eo
351 2347 497 2373 habitualis
515 2347 637 2373 scientia.
656 2347 822 2373 Huiusmodi
839 2348 909 2373 enim
928 2348 1041 2374 scientia
1062 2348 1182 2381 aliquam
1202 2347 1380 2372 variationem

301 2397 396 2424 habet:
414 2406 467 2424 non
487 2398 557 2424 enim
576 2398 701 2423 similiter
714 2406 742 2424 se
756 2399 835 2424 habet
854 2399 1003 2425 intellectus
1015 2399 1107 2424 habitu
1121 2405 1293 2432 cognoscens.
1312 2398 1381 2423 Fru-

301 2453 361 2475 stra
382 2453 473 2475 autem
493 2453 561 2476 essct
579 2450 687 2475 habitus
705 2451 752 2483 qui
770 2458 906 2483 nunquam
921 2451 1050 2483 prodiret
1074 2451 1101 2475 in
1119 2453 1219 2476 actum.
1243 2449 1276 2475 Si
1294 2450 1380 2483 igitur

303 2501 396 2526 divina
415 2501 536 2535 cognitio
556 2504 595 2526 est
614 2501 724 2526 omnino
743 2501 903 2527 variationis
921 2508 1029 2534 expers,
1049 2501 1195 2527 habitualis
1213 2501 1334 2535 cognitio
1353 2501 1380 2526 in

301 2560 333 2579 eo
351 2554 439 2579 locum
465 2560 517 2579 non
541 2553 641 2586 habet.)
660 2550 676 2566 ἢ*
694 2548 724 2592 (ξ
742 2550 789 2580 Ex
813 2550 877 2580 hoc
901 2556 1010 2581 autem
1035 2557 1167 2590 apparet
1192 2549 1282 2590 quod
1308 2553 1381 2577 Deus

302 2601 335 2631 in
355 2600 427 2631 Deo
444 2609 513 2631 non
530 2608 577 2630 est
593 2601 764 2631 habitualis
779 2601 935 2641 cognitio.
954 2601 988 2631 ln
1014 2602 1277 2641 quibuscumque
1294 2600 1381 2630 enim

303 2658 351 2682 est
374 2651 546 2682 habitualis
569 2652 715 2692 cognitio
735 2656 798 2681 dum
817 2656 946 2689 quaedam
965 2653 1046 2693 [non
1071 2653 1181 2683 omnia
1205 2651 1301 2682 simul
1325 2660 1381 2681 co-

302 2708 505 2744 gnoscuntur
521 2702 577 2733 sed
596 2703 772 2746 quaedam]
786 2706 802 2721 *
818 2710 1063 2745 cognoscuntur
1080 2710 1163 2739 actu,
1181 2703 1240 2733 alia
1257 2711 1381 2742 cogno-

303 2760 439 2785 scuntur
455 2758 570 2791 potentia
586 2754 738 2796 [habitu].
753 2755 842 2786 Deus
855 2761 964 2786 autem
981 2755 1090 2785 omnia
1108 2754 1203 2784 simul
1217 2762 1274 2781 actu
1287 2753 1381 2783 intel-

303 2805 382 2845 ligit,
407 2811 443 2836 ut
470 2806 644 2846 probatum
676 2812 733 2836 est:
768 2806 844 2836 Non
874 2811 920 2836 est
950 2806 1047 2846 igitur
1077 2806 1109 2835 in
1139 2814 1179 2835 eo
1211 2803 1381 2834 habitualis

304 2857 459 2897 cognitio.
477 2857 493 2873 ³‘
505 2857 524 2895 §
538 2855 719 2898 Praeterea)
736 2857 858 2887 habens
874 2857 1021 2887 habitum
1038 2863 1069 2886 et
1085 2865 1152 2886 non
1174 2854 1381 2885 considerans

304 2914 351 2938 est
377 2908 523 2948 quodam
546 2907 648 2938 modo
680 2909 713 2938 in
744 2909 902 2948 potentia,
934 2908 1022 2938 aliter
1046 2914 1154 2938 tamen
1180 2915 1278 2947 quam
1307 2911 1381 2936 ante

302 2959 491 2999 intelligere.
518 2959 694 2990 Ostensum
722 2965 769 2990 est
793 2966 902 2990 autem
926 2959 1016 3000 quod
1039 2958 1222 2989 intellectus
1247 2957 1375 2988 divinus

303 3009 396 3041 nullo
419 3010 522 3041 modo
547 3017 594 3041 est
609 3012 643 3041 in
666 3011 822 3051 potentia.
839 3011 939 3041 Nullo
955 3011 1052 3051 igitur
1067 3009 1168 3040 modo
1194 3015 1241 3039 est
1257 3009 1290 3039 in
1306 3009 1379 3049 ipso

302 3061 473 3091 habitualis
489 3062 645 3101 cognitio.
662 3061 820 3100 §Adhuc
838 3060 954 3091 Omnis
978 3061 1160 3091 intellectus
1179 3060 1382 3090 habitualiter

302 3122 403 3142 tantum
423 3112 546 3152 aliquid
563 3123 725 3149 cognoscens
749 3112 1004 3152 (cognoscentis)
1036 3118 1083 3142 est
1113 3110 1200 3141 aliud
1232 3122 1312 3147 quam
1331 3122 1382 3140 sua

303 3169 425 3202 operatio
449 3163 544 3207 (eius)
569 3165 706 3195 essentia
731 3173 829 3205 quam
857 3173 914 3194 sua
938 3164 1085 3204 operatio
1102 3165 1118 3179 ἃ
1141 3163 1378 3199 intellectualis,

303 3227 387 3258 quae
415 3223 463 3248 est
492 3217 562 3257 ipsa
593 3216 824 3246 consideratio:
856 3215 1034 3246 intellectui
1060 3215 1147 3245 enim
1174 3218 1201 3243 in
1221 3217 1313 3243 habitu
1333 3217 1381 3243 dee

303 3269 506 3300 habitualiter
525 3268 736 3308 cognoscenti
754 3267 842 3298 deest
861 3276 919 3297 sua
935 3267 1092 3306 operatio.
1109 3266 1185 3296 Non
1203 3272 1310 3296 autem
1326 3289 1332 3295 .
1349 3289 1356 3296 .
1372 3289 1378 3296 .

302 3321 473 3352 habitualis
490 3321 645 3361 cognitio.
663 3321 680 3358 ἓ
694 3319 783 3349 Item.
806 3323 890 3348 Habit
909 3318 1094 3349 Intellectus
1110 3317 1313 3348 habitualiter
1327 3341 1333 3347 .
1348 3341 1356 3347 .
1371 3341 1378 3347 .

303 3372 486 3403 secundum
510 3378 629 3403 actum.
655 3370 688 3401 Si
711 3371 808 3410 igitur
832 3370 920 3400 Deus
951 3375 998 3400 est
1026 3369 1229 3399 habitualiter
1254 3377 1378 3407 cogno-

303 3433 396 3454 scens
419 3433 478 3464 per
501 3432 593 3454 suam
610 3422 831 3457 substantiam,
857 3421 1038 3451 secundum
1057 3429 1148 3450 suam
1169 3420 1379 3449 substantiam

304 3474 526 3505 consideratus
539 3483 607 3504 non
621 3474 679 3504 erit
688 3477 818 3509 optimum
831 3476 929 3501 entium
944 3470 1177 3511 (universaliter
1190 3469 1376 3510 perfectus).

304 3524 408 3556 Cuius
432 3526 631 3556 contrarium
655 3531 822 3556 ostensum
846 3530 893 3554 est
916 3532 1021 3563 supra.
1046 3521 1240 3561 §Amplius
1261 3520 1378 3551 Osten-

303 3585 376 3606 sum
394 3581 441 3606 est
461 3575 551 3616 quod
567 3577 636 3616 ipse
654 3582 701 3606 est
716 3576 898 3615 intelligens
914 3584 970 3615 per
995 3573 1164 3604 essentiam
1189 3581 1291 3607 suam,
1309 3581 1377 3601 non

303 3632 413 3656 autem
428 3635 487 3667 per
499 3627 622 3667 aliquas
637 3628 762 3667 species
774 3625 988 3666 intelligibiles
1001 3624 1157 3655 essentiae
1173 3628 1213 3651 sui
1232 3627 1378 3651 intellectus

304 3687 401 3718 super
416 3678 548 3709 additas.
567 3678 683 3709 Omnis
699 3685 808 3709 autem
826 3701 832 3708 .
849 3701 855 3708 .
871 3701 877 3708 .
895 3677 1053 3716 intelligit.
1078 3676 1161 3706 Nam
1186 3676 1312 3706 habitus
1327 3675 1378 3705 vel

303 3734 351 3758 est
366 3729 545 3760 habilitatio
564 3752 571 3759 .
586 3752 592 3760 .
608 3752 615 3760 .
633 3730 683 3760 vel
708 3736 755 3760 est
779 3729 924 3760 ordinata
941 3728 1122 3768 aggregatio
1139 3728 1281 3767 ipsarum
1306 3735 1378 3766 spe-

1393 3533 1418 3559 65

2438 170 2508 206 23*

1434 245 1511 276 Non
1528 251 1575 276 est
1590 246 1686 287 igitur
1702 246 1735 277 in
1751 247 1824 287 ipso
1848 247 2017 278 habitualis
2041 248 2182 279 scientia.
2207 248 2418 288 §Praeterea
2442 249 2508 280 Ha-

1434 297 1520 327 bitus
1544 297 1704 337 quaedam
1729 298 1865 338 qualitas
1889 304 1945 329 est.
1971 298 2042 329 Deo
2066 305 2173 330 autem
2197 309 2265 330 non
2289 304 2398 340 potest
2415 304 2507 336 aliqua

1436 357 1496 378 nec
1521 349 1656 388 qualitas
1675 357 1736 379 nec
1760 349 1893 389 aliquod
1918 349 2066 380 accidens
2090 350 2245 385 accidere.
2262 357 2297 380 ut
2321 360 2416 391 supra
2433 361 2508 391 pro-

1435 401 1547 430 batum
1576 407 1632 430 est.
1662 400 1736 430 Non
1762 401 1858 440 igitur
1885 401 1957 431 Deo
1982 402 2137 442 competit
2160 402 2328 432 habitualis
2353 403 2508 442 cognitio.

1404 467 1413 486 ς
1436 451 1453 490 §
1470 451 1555 489 Quia
1585 461 1659 482 vero
1678 475 1685 482 .
1701 475 1707 482 .
1723 475 1729 482 .
1747 451 1887 482 lucendi.

1489 598 1568 639 Cap.
1596 599 1691 629 LVII.
1717 599 1813 637 Quor>
1839 609 1989 630 coemtio
2014 600 2074 630 Dm
2098 610 2162 631 non
2186 611 2240 631 ssr
2266 611 2455 633 DISCURSWA.

1397 722 1422 738 ιο
1480 710 1498 746 §
1513 708 1561 738 Ex
1585 709 1649 739 hoc
1674 714 1781 739 autem
1806 710 1939 740 ulterius
1963 710 2098 740 habetur
2118 710 2206 750 quod
2232 710 2338 741 divina
2363 711 2509 743 conside-

1436 760 1516 789 ratio
1540 769 1607 789 non
1633 765 1679 790 est
1697 759 1929 800 (ratiocinativa
1953 759 2016 799 vel)
2035 760 2216 791 discursiva.
2234 761 2329 792 Tunc
2354 762 2441 792 enim
2461 772 2510 792 ra-

1436 810 1621 840 tiocinativa
1637 817 1684 840 est
1700 816 1810 840 nostra
1825 810 2039 841 consideratio
2057 810 2188 850 quando
2208 823 2245 840 ex
2264 812 2302 842 ab
2319 822 2387 843 uno
2404 814 2510 843 consi-

1437 861 1547 891 derato
1564 862 1597 891 in
1614 861 1701 891 aliud
1717 862 1899 891 transimus
1918 861 2008 892 Sicut
2024 861 2244 902 syllogizando
2259 886 2266 893 .
2281 885 2288 893 .
2304 863 2509 895 .iudicando.

1437 911 1527 942 Sicut
1546 923 1598 940 non
1618 921 1679 942 nee
1704 912 1848 952 cognitio
1873 912 2044 942 materialis
2069 918 2116 942 est
2140 922 2178 943 ex
2205 913 2268 943 hoc
2297 913 2386 953 quod
2409 920 2510 944 mate-

1398 978 1419 998 ις
1436 963 1524 993 rialia
1541 962 1703 993 diiudicat.
1729 963 1905 993 Ostensum
1922 969 1969 993 est
1983 986 1989 993 .
2005 985 2012 993 .
2027 986 2034 993 .
2049 969 2233 1003 cognoscat.
2254 964 2272 1002 §
2287 963 2377 994 Item.
2395 964 2511 995 Omnis

1436 1015 1631 1044 ratiocinans
1648 1037 1655 1044 .
1671 1038 1677 1044 .
1693 1037 1700 1044 .
1719 1014 1976 1044 conclusionem.
2001 1014 2077 1044 Non
2094 1015 2181 1044 enim
2206 1020 2380 1054 oporteret,
2405 1017 2511 1046 consi—

1439 1064 1553 1095 deratis
1584 1066 1761 1105 principiiS,
1791 1065 1830 1095 ad
1860 1066 2106 1095 conclusionem
2138 1066 2324 1106 procedere,
2357 1067 2381 1097 si
2400 1071 2455 1096 sint
2473 1077 2511 1098 ex

1437 1117 1501 1146 hoc
1525 1117 1597 1157 ipso
1615 1116 1705 1156 quod
1726 1117 1883 1156 principia
1903 1116 2147 1147 considerantur
2171 1117 2399 1148 conclusiones
2415 1119 2512 1149 etiarn

1438 1166 1727 1197 considerarentur.
1753 1167 1842 1198 Deus
1866 1174 1974 1198 autem
1995 1179 2048 1196 una
2069 1169 2237 1208 cognoscit
2261 1169 2372 1199 omnia
2398 1179 2512 1210 opera-

1399 1231 1424 1245 ιο
1438 1219 1526 1248 tione
1543 1227 1606 1248 una
1624 1241 1630 1248 .
1646 1242 1652 1248 .
1667 1241 1674 1248 .
1688 1218 1918 1249 ratiocinativa.
1935 1220 1953 1258 ἓ
1970 1219 2144 1250 Praeterea.
2163 1219 2278 1250 Omnis
2293 1221 2512 1252 ratiocinativa

1438 1270 1582 1309 cognitio
1601 1292 1608 1299 .
1623 1293 1630 1299 .
1646 1293 1653 1299 .
1672 1269 1711 1299 de
1736 1275 1819 1300 actu.
1845 1269 1927 1300 Nam
1946 1270 2174 1301 conclusiones
2198 1271 2232 1300 in
2255 1271 2421 1312 principiis
2437 1278 2513 1303 sunt

1438 1320 1470 1350 in
1502 1321 1647 1360 potentia
1680 1330 1741 1349 sunt
1759 1325 1828 1349 enim
1848 1325 1963 1357 quodam
1983 1325 2063 1349 modo
2081 1325 2119 1350 ad
2137 1325 2313 1350 conclusionis
2332 1327 2445 1351 materia.
2477 1323 2512 1354 In

1439 1370 1549 1401 divino
1568 1394 1575 1401 .
1591 1394 1597 1401 .
1613 1393 1620 1401 .
1638 1371 1843 1401 discursivus.
1879 1372 1897 1410 ἓ
1927 1372 2088 1413 Amplius.
2124 1372 2159 1402 In
2192 1373 2283 1402 omni
2311 1373 2443 1404 scientia
2460 1397 2467 1404 .
2482 1397 2489 1404 .
2504 1397 2511 1404 .

1439 1420 1623 1452 discursiva.
1639 1423 1658 1460 ξ
1672 1421 1800 1452 Adhuc.
1819 1421 1866 1452 Ea
1882 1432 1966 1462 quae
1982 1423 2167 1453 naturaliter
2185 1429 2428 1462 cognoscuntur
2443 1425 2514 1454 abs-

1399 1488 1422 1508 25
1439 1483 1503 1514 que
1526 1474 1772 1504 ratiocinatione
1797 1474 1891 1504 nobis
1916 1480 1991 1504 sunt
2013 1481 2102 1514 nota,
2127 1475 2210 1505 sicut
2229 1481 2317 1515 patet
2340 1475 2379 1506 de
2402 1476 2513 1516 primis

1439 1524 1605 1565 principiis
1636 1529 1699 1554 alias
1719 1534 1790 1553 esset
1807 1529 1833 1553 in
1857 1527 1983 1554 infinitum
2008 1530 2157 1561 procedere,
2182 1530 2203 1554 si
2224 1530 2312 1554 omnia
2334 1535 2394 1555 nota
2414 1531 2514 1556 ratioci-

1440 1579 1526 1603 nando
1544 1580 1680 1604 sciremus.
1695 1579 1750 1604 Sed
1768 1579 1854 1604 omnis
1874 1580 1926 1604 Dei
1944 1580 2063 1613 cognitio
2082 1576 2144 1607 Sed
2169 1578 2202 1607 ln
2227 1577 2298 1608 Deo
2315 1587 2383 1607 non
2407 1584 2515 1618 potest

1440 1635 1508 1656 esse
1525 1626 1669 1665 cognitio
1686 1627 1748 1656 nisi
1764 1627 1928 1663 naturalis,
1945 1627 2048 1658 immo
2065 1629 2127 1658 nisi
2143 1629 2329 1665 essentialis,
2346 1638 2403 1659 sua
2427 1629 2514 1659 enim

1440 1678 1572 1708 scientia
1597 1683 1643 1707 est
1667 1687 1724 1708 sua
1749 1679 1895 1716 essentia,
1913 1684 1948 1708 ut
1968 1688 2062 1719 supra
2087 1680 2259 1719 probatum
2284 1685 2342 1715 est,
2366 1683 2458 1708 necin
2482 1691 2514 1709 eo

1402 1743 1427 1762 ,ο
1440 1733 1559 1757 accidens
1579 1733 1668 1757 locum
1686 1732 1774 1763 habet,
1793 1738 1821 1757 ut
1840 1733 1918 1757 etiam
1937 1740 2016 1766 supra
2034 1739 2171 1759 ostensum
2191 1740 2238 1760 est.
2262 1731 2322 1760 Dei
2346 1731 2442 1770 igitur
2458 1740 2514 1761 co-

1440 1780 1542 1820 gnitio
1560 1790 1626 1810 non
1645 1786 1691 1810 est
1708 1780 1938 1810 ratiocinativa.
1956 1782 1974 1819 §
1990 1781 2164 1811 Praeterea.
2179 1781 2320 1811 Omnem
2337 1787 2512 1813 motum...

1440 1841 1576 1862 movens
1600 1842 1667 1862 non
1688 1839 1827 1863 motum.
1845 1833 1919 1863 Hoc
1937 1838 2044 1863 autem
2063 1839 2109 1863 est
2129 1832 2309 1863 intellectus
2326 1832 2462 1870 divinus,
2478 1839 2515 1864 ut

1439 1892 1535 1922 supra
1559 1889 1726 1913 ostensum
1755 1889 1802 1913 est
1826 1892 1852 1912 et
1869 1887 2025 1912 Aristoteles
2043 1887 2136 1920 probat
2155 1887 2180 1912 in
2198 1895 2223 1912 xi
2242 1887 2356 1920 metaph.
2376 1883 2513 1924 Oportet

1438 1934 1535 1973 igitur
1565 1933 1767 1963 intellectum
1799 1933 1945 1964 divinum
1974 1935 2110 1964 omnino
2138 1944 2206 1965 esse
2234 1940 2421 1965 moventem
2445 1944 2512 1965 non

1400 2000 1421 2020 35
1439 1990 1577 2015 motum.
1603 1988 1770 2021 Comparatio
1793 1994 1879 2013 autem
1904 1989 2095 2015 ratiocinativae
2116 1990 2238 2015 scientiae
2257 1990 2289 2014 ad
2309 1989 2455 2022 simplicem
2474 1990 2512 2014 in—

1437 2041 1557 2066 tellectus
1575 2041 1696 2065 intuitum
1718 2046 1759 2065 est
1777 2041 1843 2066 sicut
1862 2042 2022 2074 comparatio
2043 2042 2173 2067 moventis
2193 2042 2256 2067 moti
2275 2042 2307 2067 ad
2325 2049 2435 2066 movens
2458 2049 2511 2066 non

1437 2098 1548 2124 motum,
1568 2099 1629 2117 nam
1653 2092 1720 2117 sieut
1745 2099 1776 2116 ex
1799 2092 1993 2117 ratiocinatione
2017 2098 2137 2118 movetur
2161 2093 2287 2126 (aliquis)
2309 2093 2456 2118 intellectus
2480 2093 2512 2118 ad

1437 2143 1654 2173 concludendum,
1677 2142 1712 2167 ita
1735 2150 1765 2167 ex
1789 2143 1920 2176 principiis
1950 2143 1982 2167 ad
2006 2143 2219 2168 ratiocinandum.
2243 2143 2322 2176 Igitur
2349 2143 2450 2168 divinus
2474 2143 2512 2168 in-

1436 2194 1556 2218 tellectus
1575 2201 1628 2218 non
1649 2198 1690 2218 est
1708 2193 1873 2223 ratiocinans.
1898 2194 1946 2219 sed
1971 2194 2082 2227 simplici
2103 2195 2195 2220 intuitu
2217 2195 2384 2220 considerans
2401 2199 2512 2220 tantum.

1396 2252 1423 2272 ιο
1437 2240 1666 2282 (Ratiocinatio
1698 2246 1807 2271 autem
1825 2265 1831 2271 .
1847 2265 1853 2271 .
1870 2264 1876 2271 .
1894 2241 2158 2284 ratiocinativus.)
2185 2244 2202 2281 §
2223 2242 2313 2273 Item.
2342 2241 2442 2280 Quod
2466 2247 2513 2272 est

1437 2301 1627 2332 supremum
1644 2292 1677 2322 in
1693 2292 1789 2322 nobis
1806 2297 1853 2322 est
1867 2291 2002 2323 inferius
2019 2301 2059 2322 eo
2077 2293 2167 2333 quod
2184 2294 2217 2323 in
2234 2293 2305 2323 Deo
2323 2299 2370 2323 est
2385 2295 2512 2326 infimum,

1437 2349 1458 2373 si
1477 2353 1565 2373 tamen
1591 2348 1617 2372 in
1642 2354 1674 2372 eo
1693 2347 1789 2380 aliquid
1809 2346 1928 2372 infimum
1947 2355 2007 2373 esse
2025 2353 2119 2381 potest,
2139 2354 2215 2375 nam
2232 2344 2364 2375 Inferius
2382 2354 2450 2375 non
2467 2350 2512 2374 at-

1436 2396 1531 2436 tingit
1546 2398 1686 2431 superioris
1706 2397 1825 2423 infimum
1843 2393 2018 2437 (superius)
2036 2396 2096 2426 nisi
2113 2397 2146 2426 in
2171 2396 2219 2426 sui
2236 2404 2376 2426 summo.
2395 2395 2513 2436 Supre-

1436 2457 1528 2478 mum
1546 2454 1654 2478 autem
1673 2471 1680 2477 .
1696 2470 1703 2477 .
1719 2470 1725 2477 .
1743 2447 1845 2487 origo.
1863 2447 1923 2477 Dei
1946 2447 2042 2487 igitur
2058 2447 2202 2487 cognitio
2223 2457 2290 2478 non
2315 2453 2362 2478 est
2381 2451 2512 2476 intellectu

1396 2510 1420 2531 ις
1436 2499 1657 2529 ratiocinativa
1681 2498 1738 2529 sed
1761 2498 1986 2529 intellectualis
2010 2505 2146 2529 tantum.
2169 2499 2363 2540 §Amplius
2387 2500 2416 2529 A
2440 2499 2512 2528 Deo

1437 2551 1544 2581 omnis
1558 2550 1703 2581 defectus
1717 2573 1724 2580 .
1737 2574 1743 2580 .
1755 2574 1761 2580 .
1776 2551 1792 2566 ᾗ
1806 2556 1853 2580 est
1869 2550 1962 2580 ratio.
1983 2554 2030 2579 Cui
2044 2559 2170 2579 consonat
2187 2554 2296 2579 verbum
2313 2561 2392 2587 ysaac
2406 2554 2512 2579 dicentis

1437 2605 1508 2638 quod
1527 2605 1593 2630 ratio
1611 2605 1694 2630 oritur
1706 2605 1732 2630 in
1743 2604 1826 2630 verbo
1840 2605 2030 2637 intelligentiae.
2049 2600 2165 2631 Divina
2181 2601 2278 2640 igitur
2294 2601 2426 2631 scientia
2442 2610 2509 2630 non

1437 2659 1484 2683 est
1503 2653 1732 2682 ratiocinativa.
1749 2653 1768 2691 ξ
1783 2651 1910 2682 Adhuc.
1928 2651 2061 2691 Absque
2081 2652 2214 2682 rationis
2231 2651 2375 2682 discursu
2390 2675 2397 2682 .
2412 2674 2418 2682 .
2434 2675 2441 2681 .
2454 2661 2512 2692 per

1436 2703 1569 2733 rationis
1593 2703 1784 2733 discursum.
1810 2705 1912 2738 §Item
1936 2706 2056 2730 Felicitas
2080 2710 2120 2730 est
2142 2706 2265 2730 ultimum
2288 2706 2369 2731 felicis
2395 2706 2511 2739 comple-

1396 2763 1423 2780 ςο
1437 2762 1565 2788 mentum,
1585 2765 1644 2782 cum
1660 2757 1693 2782 sit
1705 2757 1812 2782 ultimus
1825 2755 1895 2781 finis.
1909 2756 2029 2790 Cognitio
2048 2761 2135 2781 autem
2147 2764 2201 2789 qua
2213 2756 2358 2782 intellectus
2377 2757 2512 2789 cognoscit

1435 2808 1560 2842 principia
1582 2816 1636 2833 non
1659 2813 1699 2833 est
1722 2808 1778 2833 eius
1801 2808 1922 2832 ultimum
1947 2808 2178 2840 complementum,
2201 2815 2261 2832 nam
2286 2807 2432 2840 completur
2455 2808 2510 2832 eius

1437 2859 1550 2893 cognitio
1573 2867 1632 2884 cum
1657 2859 1689 2884 ad
1714 2860 1897 2884 conclusiones
1922 2858 1998 2883 fuerit
2022 2864 2184 2891 perventum.
2210 2859 2269 2889 Non
2293 2859 2411 2883 consistit
2435 2859 2511 2892 igitur

1436 2910 1544 2936 felicitas
1556 2910 1703 2935 intellectus
1717 2911 1742 2935 in
1762 2910 1950 2935 considerando
1969 2910 2033 2934 illud
2053 2910 2124 2942 quod
2142 2917 2172 2934 se
2190 2909 2269 2935 habet
2291 2910 2323 2935 ad
2345 2910 2394 2935 alia
2413 2917 2511 2943 cogno-

1437 2963 1534 2988 scibilia
1553 2963 1620 2987 sicut
1642 2962 1796 2995 principium
1822 2962 1854 2986 ad
1881 2961 2071 2987 conclusiones.
2096 2961 2146 2986 Sed
2170 2960 2278 2986 felicitas
2303 2961 2389 2986 divina
2412 2961 2437 2986 in
2461 2960 2510 2986 hoc

1397 3019 1420 3040 55
1437 3015 1554 3040 consistit
1582 3014 1654 3046 quod
1678 3014 1812 3046 cognoscit
1835 3020 1864 3038 se
1888 3014 1985 3046 ipsum,
2010 3020 2070 3038 nam
2089 3013 2146 3045 ipse
2165 3017 2205 3037 est
2223 3011 2415 3037 nobilissimum
2436 3012 2510 3037 intel-

1437 3066 1541 3099 ligibile,
1560 3071 1586 3090 et
1604 3066 1681 3090 etiam
1707 3065 1849 3098 intelligere
1874 3070 1914 3090 est
1938 3064 2097 3089 nobilissima
2115 3064 2231 3096 operatio
2246 3064 2419 3097 intelligentis.
2438 3063 2510 3089 Deus

1436 3117 1512 3150 igitur
1530 3124 1583 3141 non
1597 3116 1646 3141 hoc
1658 3123 1726 3149 cogn
1741 3115 1918 3140 ratiocinando
1932 3123 1978 3147 per
1991 3115 2131 3140 essentiam
2146 3122 2222 3139 suam
2234 3114 2284 3139 alia
2296 3115 2430 3147 cognoscit
2444 3115 2512 3140 sicut

1435 3175 1482 3200 per
1495 3167 1618 3200 principia
1638 3172 1832 3200 cognoscuntur
1850 3167 2041 3197 conclusiones,
2060 3166 2107 3191 sed
2126 3165 2278 3198 simpliciter
2296 3165 2430 3196 intuendo,
2443 3165 2512 3190 sicut

1435 3227 1482 3253 per
1500 3219 1615 3251 speciem
1635 3219 1672 3243 rei
1691 3225 1733 3243 res
1752 3218 1809 3250 ipsa
1826 3218 1934 3242 videtur.
1955 3218 2010 3242 Hiis
2025 3222 2111 3242 autem
2131 3217 2152 3241 si
2172 3217 2328 3250 adiungatur
2346 3217 2417 3250 quod
2435 3216 2508 3241 Deus

1394 3272 1422 3291 60
1435 3270 1484 3295 alia
1501 3269 1636 3302 cognoscit
1653 3276 1707 3293 non
1725 3268 1773 3293 nisi
1787 3275 1834 3300 per
1847 3268 1987 3292 essentiam
2000 3274 2084 3298 suam,
2099 3272 2224 3300 sequetur
2238 3267 2308 3299 quod
2321 3267 2377 3291 eius
2397 3266 2508 3299 cognitio

1435 3322 1508 3346 nullo
1527 3321 1608 3346 modo
1626 3322 1660 3345 sit
1683 3321 1826 3345 discursiva
1849 3320 1890 3344 vel
1914 3319 2094 3344 ratiocinativa.
2113 3316 2132 3354 ἓ
2148 3319 2249 3344 Patebit
2268 3312 2384 3356 (Patet)
2409 3315 2506 3344 etiam

1437 3369 1556 3399 solutio
1575 3392 1581 3398 .
1597 3392 1604 3398 .
1618 3391 1625 3399 .
1643 3368 1832 3398 discurrens.
1858 3369 1876 3405 §
1892 3367 1978 3397 Huic
2002 3371 2111 3396 autem
2128 3389 2135 3397 .
2151 3390 2157 3396 .
2173 3390 2180 3396 .
2198 3366 2372 3396 nudantur.

1479 3481 1559 3522 Cap.
1584 3481 1695 3511 LVIII.
1721 3480 1817 3518 Quor>
1842 3480 1928 3510 Daus
1952 3489 2016 3510 NON
2039 3489 2216 3522 tsi-muneri·
2242 3488 2456 3509 conponnnno

1850 3541 1887 3561 ar
1912 3540 2095 3561 nmmznno.

1479 3631 1495 3663 ξ
1509 3630 1641 3655 Subtiliter
1660 3635 1747 3654 autem
1767 3628 1939 3653 consideranti
1958 3635 1988 3652 ex
2012 3627 2084 3652 dictis
2104 3632 2210 3660 apparet
2233 3627 2304 3659 quod
2327 3627 2354 3652 in
2374 3626 2507 3652 intellectu

1434 3682 1527 3707 divino
1546 3688 1598 3706 non
1618 3684 1658 3706 est
1675 3680 1747 3705 actio
1765 3679 1911 3704 intellectus
1930 3679 2008 3703 divini
2032 3678 2147 3710 operatio
2167 3684 2219 3702 non
2245 3682 2286 3702 est
2304 3677 2396 3703 similis
2414 3684 2507 3710 opera-

1433 3732 1495 3757 tioni
1515 3732 1595 3757 nostri
1614 3732 1762 3756 intellectus
1782 3738 1835 3764 qua
1853 3730 2045 3763 propositiones
2067 3729 2220 3759 formamus,
2240 3737 2308 3762 quae
2326 3729 2418 3754 dicitur
2436 3737 2506 3754 com-

303 3781 426 3811 cierum
458 3781 664 3811 existentium
690 3782 724 3811 in
755 3781 922 3811 intellectu
954 3789 1019 3809 non
1052 3777 1232 3809 secundum
1257 3781 1377 3806 ultimum
1393 3796 1419 3815 70
1434 3783 1528 3815 positio
1547 3787 1573 3807 et
1592 3782 1683 3807 divisio
1702 3782 1742 3807 vel
1762 3781 1878 3806 secunda
1895 3781 2040 3808 secundum
2060 3788 2075 3806 a
2094 3780 2260 3813 quibusdam,
2283 3781 2330 3805 sed
2353 3785 2454 3805 tantum
2473 3779 2507 3804 si-

303 3831 534 3873 (completum)
559 3837 679 3871 actum,
700 3832 755 3862 sed
779 3831 888 3862 medio
913 3830 1013 3861 modo
1038 3830 1120 3860 inter
1143 3829 1322 3869 potentiam
1347 3834 1378 3858 et

302 3889 421 3913 actum.
446 3887 567 3912 Essentia
585 3893 672 3913 autem
692 3888 739 3913 Dei
759 3893 784 3912 et
803 3889 859 3912 eius
879 3888 1022 3911 intellectus
1038 3894 1090 3910 non
1109 3890 1197 3918 potest
1216 3884 1265 3909 nisi
1285 3891 1376 3909 secun-

303 3943 365 3968 dum
385 3943 507 3968 ultimum
525 3947 552 3967 et
571 3941 731 3973 completum
745 3945 831 3965 actum
851 3946 919 3970 esse,
933 3946 991 3963 cum
1006 3939 1061 3970 ipse
1075 3937 1106 3961 sit
1121 3935 1307 3969 perfectissime
1319 3942 1375 3959 ens.

1434 3833 1502 3858 milis
1521 3833 1557 3857 illi
1575 3833 1719 3865 operationi
1732 3840 1784 3865 qua
1797 3832 1943 3857 intellectus
1963 3837 2054 3856 noster
2067 3831 2201 3864 cognoscit
2213 3831 2284 3864 quod
2298 3831 2360 3864 quid
2379 3835 2427 3860 est,
2439 3837 2506 3863 quae

1434 3884 1541 3917 quidem
1560 3884 1652 3908 dicitur
1670 3882 1864 3907 indivisibilium
1886 3882 2060 3915 intelligentia,
2082 3882 2125 3906 vel
2149 3881 2269 3906 formatio
2292 3881 2446 3910 intellectus,
2464 3880 2505 3905 vel

1433 3935 1510 3960 etiam
1524 3934 1672 3967 imaginatio
1685 3941 1732 3967 per
1744 3934 1904 3958 intellectum
1925 3941 1939 3958 a
1957 3933 2123 3966 quibusdam.
2137 3933 2262 3966 Operatio
2274 3933 2343 3957 enim
2362 3931 2506 3956 intellectus

374 4053 392 4076 4
411 4045 448 4069 Ex
467 4044 509 4069 his
529 4049 616 4068 autern
637 4041 695 4076 etc.]
716 4042 834 4074 Capitula
853 4049 885 4066 ιν
905 4047 931 4066 et
954 4048 995 4066 Lv1
1020 4040 1115 4073 scripta
1140 4039 1243 4063 fuerunt
1265 4037 1356 4062 ordine
1378 4037 1491 4066 inverso,
1510 4041 1535 4061 et
1554 4036 1586 4060 ab
1605 4036 1663 4068 ipso
1682 4041 1788 4061 auctore
1805 4035 1970 4068 transposita.
1990 4034 2030 4060 Cf.
2051 4035 2224 4066 Conspectum
2244 4041 2269 4065 p.
2287 4032 2332 4064 4*.

2539 712 2716 740 itinn-p..-

2542 2550 2686 2573 ’16vbcn

2540 2707 2575 2729 Cf.
2593 2712 2642 2729 not.
2664 2708 2700 2729 ad.

2539 2741 2551 2755 a
2563 2734 2599 2761 67.

2540 3626 2588 3648 πᾶν
2603 3627 2662 3654 ¹³33-
