2768 4134
16 448 35 474 ‘V‘
54 458 90 482 Cf.
113 463 184 487 »upra
204 463 241 486 552

0 480 75 530 ..Μ

0 4092 20 4134 1«·-c
8 4060 14 4078 ,-

38 1846 163 1902 &³²05ss
175 1862 234 1900 ω,

103 888 239 938 ’ἓὶῗῖῗξ

780 267 970 305 SUMMA
998 266 1222 303 CONTRA
1250 267 1525 314 GENTILES,
1542 269 1647 305 'LIB.
1668 270 1709 315 II,
1740 269 1851 306 CAP.
1872 269 1969 306 XCI.

269 347 517 393 intellectum,
533 354 588 383 est
607 346 856 395 imperfectus
874 344 1020 382 modus
1037 343 1283 391 intelligendi.
1306 345 1346 382 Si

270 399 385 448 igitur
411 407 500 437 ante
525 411 645 437 omne
673 399 945 449 imperfectum
968 404 1120 446 oportet
1149 408 1231 433 esse
1259 409 1346 446 per-

268 453 413 491 fectum
433 453 578 503 aliquid
598 453 638 490 in
657 464 798 501 genere
817 451 882 489 illo
897 450 928 497 *‚
949 457 1102 500 oportet
1125 450 1234 499 quod
1258 458 1346 487 ante

246 506 420 544 ‘animas
452 508 658 552 humanas,
687 518 788 555 quae
821 503 1036 552 intelligunt
1068 502 1295 552 accipiendo
1324 517 1347 541 a

269 560 616 610 phantasmatibus,
649 558 724 596 sint
755 557 908 607 aliquae
944 557 1218 594 intellectuales
1255 557 1346 594 sub-

270 614 429 651 stantiae
457 612 708 662 intelligentes
736 624 782 649 ea
811 623 912 661 quae
941 618 1031 648 sunt
1057 610 1277 648 secundum
1305 622 1346 647 se

269 666 526 716 intelligibilia,
555 677 637 703 non
665 665 897 715 accipientes
916 663 1180 713 cognitionem
1209 676 1232 701 a
1260 676 1346 701 sen-

269 720 455 770 sibilibuS,
484 731 530 757 ac
557 731 629 769 per
665 719 742 756 hoc
778 718 943 756 omnino
977 730 999 755 a
1027 717 1259 768 corporibus
1288 730 1345 755 se-

269 773 444 811 cundum
475 785 588 810 suam
617 780 797 810 naturam
827 779 1038 822 separatae.

321 827 536 864 Praeterea.
549 826 773 864 Aristoteles
783 833 1075 874 argumentatur
1085 824 1138 862 sic
1149 824 1189 862 in
1199 825 1251 862 XI
1261 827 1345 862 Me·
1362 846 1387 860 ,ο

266 881 485 931 taphysicae
503 880 535 917 ²¹³.
574 881 733 918 Motum
770 879 1016 926 continuum,
1050 879 1268 929 regularem
1296 886 1344 924 et,

267 933 529 983 quantumin
556 946 597 971 se
623 941 689 980 est,
709 933 1010 979 indeficientem,
1030 939 1183 982 oportet
1211 944 1294 969 esse
1323 944 1346 969 a

266 994 419 1025 motore
452 986 520 1037 qui
548 999 630 1024 non
665 994 849 1025 movetur
879 998 1009 1036 neque
1041 997 1113 1036 per
1146 997 1187 1023 se
1215 997 1345 1035 neque

180 1067 186 1074 ·
231 1069 236 1074 -
264 1052 336 1091 per
369 1041 560 1087 accidens,
589 1048 632 1079 ut
669 1053 787 1091 supra
805 1040 826 1062 ’¹‘
857 1041 1070 1090 probatum
1105 1047 1172 1076 est.
1210 1040 1345 1076 Plures

265 1094 383 1134 etiam
410 1102 543 1133 motus
571 1101 724 1144 oportet
742 1107 766 1132 a
792 1093 972 1144 pluribus
999 1093 1219 1131 motoribus
1247 1105 1342 1130 esse.

264 1148 399 1186 Motus
433 1155 567 1185 autem
602 1147 696 1186 caeli
729 1155 787 1185 est
819 1147 1040 1193 continuus,
1070 1146 1265 1196 regularis,
1295 1154 1343 1193 et,

264 1207 459 1251 quantum
477 1201 518 1239 in
538 1213 579 1239 se
599 1209 666 1248 est,
686 1201 914 1239 indeficiens
937 1209 1010 1238 est:
1042 1208 1079 1238 et
1097 1209 1250 1251 praeter
1266 1200 1343 1250 pri-

264 1265 378 1292 mum
393 1262 560 1302 motum,
571 1263 662 1292 sunt
675 1254 788 1293 multi
802 1257 895 1293 tales
909 1262 1042 1292 motus
1057 1254 1097 1291 in
1112 1255 1231 1300 caelo,
1246 1254 1344 1292 sicut

263 1308 678 1361 pepeonsiderationes
697 1310 983 1358 astrologorum
997 1308 1196 1359 probatur.
1215 1308 1343 1358 Opor-

263 1369 318 1400 tet
333 1360 450 1411 igitur
468 1374 552 1400 esse
571 1363 703 1413 plures
722 1370 895 1400 motores
915 1362 983 1412 qui
1003 1374 1084 1400 non
1109 1369 1345 1400 moveantur

319 1484 352 1503 ιο
370 1477 526 1503 Aristoteles
542 1477 749 1511 argumentatur]
767 1477 862 1511 Arguit
879 1478 1035 1503 Aristoteles
1054 1477 1084 1502 Z.

319 1521 334 1540 2
354 1521 436 1547 supra
453 1520 497 1540 om
516 1514 560 1540 Pe.
645 1513 660 1539 3
678 1512 777 1547 unitus]
797 1514 886 1539 unitur
903 1513 956 1544 BC,
974 1513 1095 1538 unitur-us
1114 1513 1169 1539 Fu.

263 1548 318 1582 DZ,
337 1549 405 1575 sicut
423 1554 486 1575 sunt
504 1549 536 1579 G,
557 1550 610 1575 sint
626 1549 719 1574 ceteri.

1257 1510 1273 1536 6
1293 1512 1345 1537 sint

1176 1476 1208 1502 15
1228 1483 1289 1501 esse
1304 1478 1368 1508 post
1386 1480 1491 1508 oportet
1511 1474 1656 1500 uDWXPc.

2395 271 2468 313 553

1402 357 1530 395 neque
1559 359 1629 396 per
1648 359 1688 384 se
1707 359 1835 396 neque
1855 360 1925 397 per
1944 349 2133 386 accidens.
2155 350 2319 387 Nullum
2339 358 2470 388 autem

1403 410 1545 448 corpus
1571 408 1704 437 movet
1732 400 1804 437 nisi
1833 409 1998 448 motum,
2017 410 2059 439 ut
2087 403 2238 452 supra*
2261 403 2470 452 probatum

1403 459 1469 488 est.
1490 453 1622 489 Motor
1640 460 1771 490 autern
1790 453 2042 504 incorporeus
2057 455 2187 492 unitus
2206 456 2370 506 corpori,
2386 469 2470 495 mo-

1402 512 1516 541 vetur
1533 517 1604 554 per
1618 506 1795 543 accidens
1810 508 1859 544 ad
1874 515 2028 545 motum
2042 509 2230 558 corporis:
2253 510 2349 547 sicut
2366 518 2470 560 patet

1369 571 1378 591 ς
1403 558 1452 594 de
1476 558 1618 596 anima.
1649 559 1812 608 Oportet
1830 560 1943 608 igitur
1962 573 2044 598 esse
2063 563 2193 611 plures
2212 571 2383 600 motores
2402 563 2470 613 qui

1402 623 1532 660 neque
1560 611 1635 648 sint
1653 623 1818 660 corpora
1845 625 1973 662 neque
2002 614 2076 651 sint
2104 615 2331 664 corporibus
2359 616 2467 655 uniti.

1401 665 1535 701 Motus
1555 673 1686 701 autem
1716 667 1895 702 caelestes
1924 675 2012 703 sunt
2040 668 2088 704 ab
2117 668 2246 717 aliquo
2266 669 2468 716 intellectu,

1401 726 1445 754 ut
1473 730 1591 767 supra
1609 717 1629 739 ’¹‘
1649 718 1867 767 ⁴probatum
1887 727 1953 755 est.
1985 720 2082 757 Sunt
2102 721 2213 769 igitur
2230 723 2360 771 plures
2379 723 2469 760 sub-

1402 770 1561 809 stantiae
1591 770 1863 808 intellectuales
1892 772 2120 821 corporibus
2148 786 2228 811 non
2256 775 2395 813 unitae.

1455 824 1526 862 His
1545 832 1677 861 autern
1696 825 1907 862 concordat
1926 826 2112 862 sententia
2130 826 2316 876 Dionysii,
2335 841 2370 866 1v
2385 841 2467 879 cap.

1401 879 1447 915 de
1464 879 1550 915 Div.
1567 879 1683 915 Nom.
1695 877 1725 923 ²⁸²,
1746 877 1907 915 dicentis
1925 878 1974 915 de
1994 879 2136 926 angelis
2155 881 2274 928 quod,
2293 883 2383 918 sicut
2402 884 2469 919 im-

1400 932 1623 978 materiales,
1645 937 1678 968 et
1700 932 1915 981 incorporei
1940 933 2207 982 intelliguntur.

1454 986 1529 1022 Per
1543 986 1619 1022 hoc
1639 992 1771 1022 autem
1785 984 2000 1022 excluditur
2014 997 2122 1022 error
2140 985 2470 1033 Sadducaeorum,

1400 1038 1468 1088 qui
1487 1038 1667 1076 dicebant
1684 1040 1853 1088 spiritum
1875 1051 1949 1076 non
1970 1051 2046 1076 esse
2063 1038 2095 1075 ²¹².
2116 1062 2141 1066 -
2161 1039 2210 1076 Et
2235 1038 2376 1089 positio
2405 1052 2471 1077 an-

1360 1114 1383 1134 15
1400 1092 1602 1142 tiquorum
1621 1091 1881 1138 Naturalium,
1901 1091 1970 1141 qui
1988 1092 2167 1135 dicebant
2192 1105 2353 1130 omnem
2382 1093 2470 1130 sub-

1400 1146 1578 1184 stantiam
1599 1157 1831 1194 corpoream
1851 1157 1933 1182 esse
1947 1145 1978 1182 ²¹⁸.
1998 1168 2024 1173 -
2039 1145 2183 1183 Positio
2203 1145 2317 1183 etiam
2338 1146 2471 1195 Orige-
2498 1182 2512 1196 x

1400 1200 1471 1247 nis,
1483 1199 1552 1249 qui
1561 1198 1656 1237 dixit
1670 1199 1779 1248 quod
1794 1200 1899 1236 nulla
1914 1198 2134 1245 substantia,
2145 1207 2232 1249 post
2241 1199 2470 1237 Trinitatem

1400 1253 1588 1299 divinam,
1613 1252 1762 1302 absque
1781 1264 1945 1302 corpore
1963 1260 2089 1302 potest
2108 1252 2311 1290 subsistere
2325 1253 2356 1290 *.
2377 1275 2403 1280 -
2422 1254 2471 1291 Et

1401 1306 1583 1344 omnium
1597 1306 1765 1344 aliorum
1775 1305 2007 1355 ponentium
2018 1318 2155 1343 omnes
2169 1307 2470 1355 angelos,bonos

1358 1381 1385 1396 ,ο
1400 1369 1438 1398 et
1461 1361 1598 1406 malm,
1617 1359 1762 1397 habere
1787 1371 1952 1409 corpora
1975 1360 2194 1397 naturaliter
2218 1359 2288 1397 sibi
2311 1359 2419 1397 unita
2437 1360 2467 1397 ²⁸.

1750 1481 1781 1507 ¹7
1802 1479 1843 1498 est
1857 1481 1903 1506 pr.
1922 1473 1988 1507 loco]
2009 1474 2085 1499 etiam
2106 1475 2138 1506 Ρ;
2157 1475 2205 1499 alt.
2224 1476 2282 1500 Ioco
2300 1481 2343 1499 om
2362 1475 2392 1501 Z.

1359 1519 1405 1544 pr.
1424 1510 1491 1544 loco]
1513 1515 1574 1536 sunt
1591 1511 1647 1542 ax,
1665 1511 1713 1536 alt.
1733 1509 1790 1535 Ioco
1809 1517 1852 1534 om
1873 1509 1963 1535 DEPc.
2045 1517 2073 1535 ι]
2097 1510 2164 1535 sicut
2183 1511 2225 1535 Ita
2238 1510 2391 1541 ENWXPc;
2411 1515 2472 1535 sunt

1039 1636 1378 1669 commentaria.
1401 1635 1714 1668 Fen-ariensis

265 1742 468 1809 postomia
489 1732 631 1764 ostendit
661 1732 798 1764 Sanctus
833 1733 979 1764 Thomas
1014 1743 1083 1764 esse
1114 1734 1238 1774 aliquas
1268 1733 1343 1764 sub-

329 1777 461 1809 stantias
487 1777 722 1808 intellectuales
753 1778 945 1818 corporibus
975 1778 1095 1815 unitas,
1119 1778 1188 1809 vult
1213 1778 1346 1809 ulterius

262 1821 435 1855 ostendere
465 1827 497 1853 et
518 1821 651 1862 ⁴aliquas
682 1822 875 1853 substantias
897 1823 1131 1854 intellectuales
1163 1832 1232 1854 esse
1260 1832 1344 1863 quae

260 1866 456 1909 torporibus
478 1867 590 1898 unitae
612 1876 683 1897 non
705 1867 769 1897 sint
784 1867 811 1897 *.
837 1866 932 1898 Circa
947 1868 1011 1898 hoc
1035 1873 1144 1898 autem
1169 1867 1236 1898 duo
1254 1867 1343 1907 prin—

262 1911 408 1953 cipaliter
430 1910 524 1943 facit:
548 1911 667 1952 primo,
692 1911 834 1942 ostendit
857 1921 926 1942 esse
947 1911 1071 1952 aliquas
1094 1911 1173 1942 tales
1196 1912 1344 1942 substan-

261 1956 329 1989 tiu
341 1961 521 1998 separatas3
545 1955 702 1992 secundo,
727 1955 767 1986 de
783 1965 895 1986 earum
910 1955 1120 1987 muln‘tudine
1140 1955 1342 1995 determinat,

261 2001 369 2043 eapite
391 2001 552 2042 sequenti.

317 2045 341 2077 Ι.
365 2045 537 2084 Quantum
559 2044 601 2076 ad
629 2045 783 2086 primurn,
807 2045 923 2086 arguit
944 2045 1056 2085 primo
1084 2044 1141 2075 sic.
1170 2043 1342 2084 Corruptis

261 2090 467 2132 corporibus,
483 2095 520 2121 ut
530 2091 680 2131 superius
697 2094 744 2120 est
760 2095 939 2126 ostensum,
956 2089 1138 2120 intellectus
1154 2089 1341 2125 substantia,

261 2135 356 2176 quasi
377 2140 546 2176 perpetua,
564 2139 720 2166 remanet.
737 2134 824 2174 Ergo
849 2140 897 2164 est
919 2133 1028 2174 aliqua
1047 2134 1224 2164 substantia
1246 2132 1341 2164 intel-

260 2179 407 2212 lectualis
431 2180 500 2210 sine
523 2188 663 2220 corpore
679 2179 864 2209 subsistens.

315 2224 476 2258 Probatur
491 2224 736 2265 consequentia.
753 2223 788 2254 Si
798 2223 853 2254 illa
868 2223 1045 2253 substantia
1055 2222 1238 2253 intellectus
1256 2232 1339 2263 quae

259 2274 416 2305 remanet,
437 2274 485 2300 est
501 2279 567 2300 una
578 2269 739 2305 omnium,
755 2268 891 2298 habetur
905 2267 1123 2308 propositum.
1139 2285 1162 2289 -
1178 2266 1212 2298 Si
1230 2273 1339 2299 autem

259 2314 371 2356 plures
393 2314 520 2345 animae
543 2318 721 2350 remanent,
746 2322 823 2353 ergo
841 2313 993 2343 convenit
1011 2311 1173 2352 aliquibus
1192 2312 1339 2343 substan—

258 2358 311 2392 tiis
325 2358 608 2394 intellectualibus,
625 2367 709 2398 quae
725 2363 801 2388 sunt
815 2357 953 2394 animae,
969 2357 1092 2397 absque
1110 2365 1248 2397 corpore
1263 2357 1338 2388 sub-

258 2404 381 2437 sistere.
397 2403 485 2443 Ergo
509 2408 541 2433 et
560 2407 635 2433 sunt
650 2402 777 2442 aliquae
792 2401 1026 2433 intellectuales
1044 2401 1250 2438 substantiae,
1270 2402 1338 2432 ani-

166 2462 169 2472 1
214 2458 218 2462 ’
258 2448 376 2479 mabus
391 2446 574 2478 secundum
590 2452 738 2477 naturam
753 2446 887 2487 priores,
907 2446 1026 2486 quibus
1042 2455 1100 2486 per
1116 2455 1149 2476 se
1170 2446 1254 2477 inest
1269 2446 1337 2477 sine

259 2492 453 2533 corporibus
468 2491 651 2522 subsistere.
667 2491 826 2522 Probatur
839 2490 982 2522 secunda
995 2491 1244 2531 consequentia:
1261 2491 1338 2531 quia

260 2537 353 2568 omni
372 2535 463 2577 quod
487 2541 534 2566 est
556 2545 615 2576 per
637 2535 797 2572 accidens,
817 2536 906 2576 prius
929 2540 977 2566 est
1001 2534 1092 2576 quod
1115 2545 1173 2575 per
1195 2545 1244 2572 se:
1269 2536 1337 2566 ani-

258 2582 375 2614 mabus
389 2585 501 2612 autem
515 2581 670 2611 convenit
691 2590 750 2621 per
769 2580 919 2612 accidens
942 2589 1011 2611 esse
1030 2589 1049 2610 a
1071 2580 1263 2620 corporibus
1287 2590 1336 2611 se-

259 2631 394 2667 paratas,
411 2634 488 2656 cum
511 2625 698 2657 naturaliter
720 2625 784 2656 sint
806 2624 931 2655 formae
954 2633 1141 2665 corporum.

314 2668 562 2701 Advertendum
585 2669 686 2711 quod,
703 2678 780 2701 cum
799 2670 907 2700 anima
922 2669 1118 2700 intellectiva
1135 2678 1206 2699 non
1220 2669 1336 2700 habeat

259 2714 459 2756 completam
477 2715 622 2754 speciem
645 2715 679 2745 in
695 2724 740 2751 se,
765 2713 821 2744 sed
845 2715 885 2744 sit
907 2723 982 2754 pars
997 2713 1127 2754 speciei,
1143 2722 1202 2753 per
1225 2723 1259 2744 se
1275 2714 1336 2744 sibi

260 2760 414 2791 convenit
441 2768 511 2790 esse
537 2759 572 2790 in
601 2768 752 2799 corpore,
783 2759 817 2789 in
847 2767 915 2798 quo
947 2757 1227 2798 complementum
1257 2767 1334 2788 suae

258 2804 380 2845 speciei
402 2804 515 2835 habet:
534 2803 592 2835 sed
614 2813 672 2844 per
687 2803 837 2834 accidens
852 2808 963 2834 manet
985 2812 1003 2833 a
1026 2811 1164 2842 corpore
1180 2808 1334 2843 separata,

258 2850 456 2890 inquantum
479 2847 596 2879 accidit
619 2849 679 2879 sibi
707 2847 799 2888 quod
822 2857 942 2888 corpus
972 2847 1026 2878 cui
1056 2852 1122 2877 erat
1149 2847 1333 2883 coniuncta,

259 2899 495 2934 corrumpatur.
519 2893 615 2930 Nam,
633 2893 660 2923 si
682 2902 801 2933 corpus
825 2902 843 2922 a
866 2892 1077 2932 corruptione
1099 2892 1247 2922 immune
1270 2901 1335 2922 ser-

258 2938 326 2969 vari
348 2943 469 2979 posset,
483 2946 655 2978 nunquam
675 2938 746 2977 ipsa
765 2942 965 2977 separaretur
980 2946 998 2966 a
1021 2945 1170 2976 corpore.
1195 2936 1236 2966 Et
1259 2935 1334 2967 ideo

259 2984 343 3014 bene
365 2983 473 3023 inquit
497 2982 634 3014 Sanctus
649 2982 795 3012 Thomas
819 2981 910 3022 quod
926 2981 1079 3012 convenit
1094 2981 1263 3012 animabus
1277 2990 1335 3021 per

259 3027 408 3059 accidens
432 3037 501 3058 esse
525 3038 544 3058 a
567 3036 706 3067 corpore
729 3031 900 3067 separatas,

315 3071 475 3103 Secundo.
500 3071 704 3104 Substantiae
727 3070 938 3101 intellectuali
960 3069 1124 3105 convenit,
1152 3069 1334 3101 secundum

259 3126 356 3148 suum
379 3127 492 3157 genus,
510 3115 601 3157 quod
625 3116 664 3146 sit
683 3125 741 3156 per
763 3124 798 3146 se
822 3115 1014 3146 subsistens:
1032 3122 1109 3144 cum
1124 3123 1183 3154 per
1205 3123 1239 3144 se
1255 3123 1334 3154 ope-

258 3167 356 3192 retur.
380 3162 467 3202 Ergo
491 3171 559 3192 non
583 3165 631 3191 est
653 3159 694 3191 de
717 3160 842 3190 ratione
865 3160 916 3190 sui
938 3158 1064 3198 generis
1087 3158 1178 3199 quod
1200 3158 1242 3189 sit
1263 3168 1335 3189 cor-

258 3207 332 3247 pori
348 3207 454 3237 unita:
480 3206 628 3246 quamvis
643 3206 708 3236 hoc
724 3205 764 3235 sit
779 3204 819 3235 de
834 3204 961 3234 ratione
976 3203 1113 3233 animae.
1130 3202 1218 3243 Ergo
1238 3208 1299 3234 ete.
1311 3221 1335 3225 -

258 3251 351 3282 Patet
373 3251 478 3292 prima
493 3250 736 3290 consequentia.
753 3249 841 3287 Quia
856 3247 897 3279 de
911 3248 1037 3278 ratione
1059 3247 1107 3278 rei
1129 3256 1188 3287 per
1208 3257 1244 3278 se
1259 3248 1335 3278 sub—

259 3295 399 3327 sistentis
422 3305 492 3326 non
515 3301 563 3326 est
586 3293 677 3335 quod
692 3294 782 3324 alteri
798 3293 938 3324 uniatur.
953 3310 977 3314 —
992 3290 1142 3323 Secunda
1161 3301 1239 3322 vero
1258 3301 1334 3332 pro-

259 3340 364 3370 batur.
388 3340 485 3379 Quia,
510 3340 587 3370 licet
602 3339 693 3380 quod
709 3344 757 3369 est
773 3337 813 3368 de
828 3338 954 3368 ratione
968 3336 1104 3377 generis,
1129 3341 1279 3376 oporteat
1294 3335 1335 3368 de

259 3385 386 3416 ratione
408 3385 529 3425 speciei
552 3393 632 3421 esse,
656 3393 724 3414 non
748 3389 858 3414 tamen
881 3380 1039 3422 quicquid
1069 3386 1118 3411 est
1146 3380 1186 3414 de
1209 3381 1334 3411 ratione

259 3429 380 3470 speciei
407 3434 440 3460 et
466 3439 536 3460 non
566 3428 607 3460 de
635 3429 759 3459 ratione
782 3427 918 3468 generis,
947 3431 996 3456 est
1021 3434 1154 3456 necesse
1181 3425 1334 3456 omnibus

259 3473 430 3514 speciebus
452 3474 580 3513 generis
601 3474 717 3504 inesse.

314 3517 456 3548 Adverte
479 3517 571 3558 quod
586 3518 647 3548 ista
661 3517 811 3558 probatio
828 3516 959 3547 ultimae
981 3514 1243 3554 consequentiae,
1259 3513 1335 3544 licet

259 3562 406 3593 videatur
429 3561 590 3594 deducere
614 3562 654 3593 ad
677 3562 740 3593 hoc
765 3566 891 3592 tantum
914 3558 1004 3600 quod
1033 3568 1102 3590 non
1133 3564 1180 3588 est
1202 3567 1334 3589 necesse

259 3607 471 3638 substantiam
493 3607 745 3638 intellectualem
765 3615 834 3637 esse
858 3604 987 3645 corpori
1002 3604 1142 3639 unitam
1166 3608 1198 3633 et
1220 3611 1334 3633 conse-

260 3657 398 3693 quenter
421 3651 513 3692 quod
534 3651 690 3692 possibile
709 3656 758 3682 est
781 3660 849 3681 esse
874 3650 1015 3690 aliquam
1029 3657 1098 3679 non
1122 3647 1246 3678 unitam
1262 3655 1334 3678 cor-

402 3714 495 3739 Sum
516 3713 628 3739 Coum
646 3713 781 3738 Gemmas
799 3713 830 3738 D.
850 3711 965 3737 Tnoms
983 3710 1053 3736 Tou.
1073 3710 1091 3735 l.

1398 1733 1487 1772 pori:
1511 1737 1621 1763 tamen
1645 1741 1684 1762 ex
1707 1732 1776 1772 ipsa
1793 1732 1890 1762 etiam
1906 1730 2111 1762 concluditur
2131 1740 2199 1761 esse
2214 1730 2311 1761 talem
2326 1731 2471 1761 substan-

1399 1777 1478 1808 tiam
1501 1777 1631 1817 corpori
1654 1786 1723 1807 non
1748 1777 1883 1807 unitam.
1914 1775 2010 1814 Quia,
2041 1776 2123 1807 sicut
2147 1775 2324 1806 differentia
2353 1777 2471 1816 speciei

1397 1831 1467 1852 non
1482 1822 1665 1852 necessario
1678 1821 1831 1852 omnibus
1843 1821 2012 1861 speciebus
2024 1821 2149 1860 generis
2165 1821 2258 1856 inest,
2274 1821 2317 1850 ita
2329 1820 2369 1851 de
2385 1819 2470 1851 facto

1397 1875 1500 1905 genus
1523 1866 1686 1896 invenitur
1709 1866 1743 1896 in
1766 1865 1875 1905 aliqua
1904 1865 2012 1905 specie
2043 1865 2166 1905 absque
2195 1865 2251 1895 tali
2280 1864 2469 1895 differentia:

1397 1911 1484 1950 quia,
1509 1919 1585 1940 cum
1608 1918 1712 1949 genus
1735 1909 1895 1949 oppositis
1919 1908 2104 1939 differentiis
2128 1908 2296 1945 dividatur,
2315 1909 2398 1939 sicut
2420 1909 2469 1939 in-

1396 1955 1524 1984 venitur
1547 1963 1623 1984 cum
1648 1963 1713 1984 una
1736 1952 1914 1984 differentia
1937 1953 1970 1983 in
1993 1962 2102 1983 rerum
2116 1958 2240 1989 natura,
2263 1953 2307 1983 ita
2328 1959 2467 1993 oportet,

1395 1999 1442 2028 rei
1465 2003 1579 2029 natura
1602 1997 1814 2034 considerata,
1839 2003 1875 2028 ut
1899 2006 1975 2029 cum
2003 1997 2065 2028 alia
2093 1997 2284 2027 inveniatur.
2314 1996 2418 2034 Unde,
2442 1998 2468 2028 si

1393 2052 1496 2083 genus
1508 2042 1702 2073 substantiae
1714 2042 1939 2072 intellectualis
1954 2041 2116 2072 invenitur
2128 2051 2203 2072 cum
2215 2041 2275 2072 hac
2291 2041 2468 2072 differentia

1395 2097 1479 2127 quae
1497 2092 1544 2117 est
1567 2096 1636 2118 esse
1652 2087 1778 2118 unitam
1793 2087 1933 2126 corpori,
1951 2091 2081 2126 oportet
2096 2091 2132 2116 ut
2147 2086 2187 2116 sit
2203 2086 2298 2116 etiam
2315 2095 2391 2116 cum
2407 2096 2467 2127 op-

2498 413 2507 423 ·
2521 412 2578 434 Loc.
2593 413 2633 435 ult.
2648 412 2687 435 cit.

2496 729 2505 738 ·
2516 728 2617 750 1bid.Cf.
2627 729 2669 751 lib.
2681 728 2709 756 11,

2497 761 2547 782 cap.
2557 761 2612 776 Lxx.

2498 889 2506 897 ·
2521 887 2546 910 S.
2556 887 2601 909 Th.
2612 888 2663 910 lect.
2674 895 2692 910 ι.

2499 1045 2565 1092 ’8Act.
2574 1051 2642 1072 xxm,
2648 1052 2708 1068 vers.

2499 1150 2507 1158 ·
2518 1148 2554 1171 cf.
2570 1150 2609 1171 lib.
2625 1150 2642 1177 1,
2658 1156 2709 1178 cap.

2515 1182 2537 1196 Χ.

2498 1256 2507 1265 ‘
2531 1254 2588 1276 Peri
2606 1255 2710 1281 Archon,

2497 1281 2561 1308 lib.l‚
2569 1287 2620 1309 cap.
2631 1281 2709 1308 v1‚fin.

2496 1356 2552 1404 {iiim
2564 1362 2614 1384 cap.
2626 1362 2710 1384 praec„

1394 2132 1500 2172 posita
1523 2130 1711 2168 differentia,
1737 2140 1821 2171 quae
1845 2136 1892 2161 est
1916 2140 1985 2161 esse
2007 2139 2077 2161 non
2107 2130 2231 2160 unitam
2256 2131 2395 2171 corpori.
2424 2131 2467 2161 Et
2491 2162 2494 2165 Α

1392 2177 1439 2207 sic
1455 2181 1585 2216 oportet
1601 2185 1670 2206 esse
1686 2176 1828 2217 aliquam
1844 2176 2054 2206 substantiam
2070 2174 2319 2205 intellectualem
2336 2176 2466 2216 corpori

1393 2230 1462 2252 non
1486 2221 1620 2251 unitam.

1450 2265 1487 2296 11.
1516 2265 1637 2295 Tertio.
1661 2265 1781 2295 Anima
1802 2264 1998 2295 intellectiva
2014 2269 2062 2294 est
2077 2262 2190 2294 infima
2207 2264 2242 2294 in
2256 2273 2374 2304 genere
2390 2264 2466 2295 sub-

1392 2311 1581 2341 stantiarum
1604 2309 1882 2340 intellectualium.
1907 2308 1993 2348 Ergo
2009 2314 2084 2338 sunt
2101 2308 2180 2339 aliae
2199 2308 2394 2339 substantiae
2417 2309 2466 2339 in-

1391 2354 1589 2386 tellectuales
1604 2355 1674 2394 ipsa
1689 2353 1875 2385 naturaliter
1894 2353 2086 2394 superiores,
2105 2353 2295 2393 corporibus
2309 2362 2378 2383 non
2393 2354 2465 2384 uni-

1391 2405 1452 2430 tae.
1466 2399 1657 2430 -Probatur
1679 2398 1883 2429 antecedens.
1904 2398 1990 2436 Quia
2008 2398 2117 2428 anima
2138 2397 2334 2428 intellectiva
2356 2398 2466 2428 unitur

1390 2453 1546 2485 supremo
1570 2444 1604 2475 in
1626 2453 1745 2484 genere
1769 2452 1962 2484 corporum:
1990 2447 2103 2473 natura
2127 2447 2235 2473 autem
2258 2443 2405 2482 superior
2431 2443 2465 2473 in

1390 2498 1452 2520 suo
1467 2488 1582 2520 infimo
1595 2488 1754 2528 contingit
1768 2493 1917 2518 naturam
1933 2486 2118 2518 inferiorem
2134 2487 2168 2517 in
2181 2487 2249 2517 eius
2265 2496 2429 2527 supremo,
2442 2505 2465 2509 —-

1389 2532 1572 2572 Quomodo
1596 2542 1715 2573 corpus
1738 2533 1920 2562 humanum
1941 2532 1981 2562 sit
2002 2531 2145 2561 nobilius
2161 2541 2299 2571 corpore
2324 2531 2462 2568 caelesti,

1390 2584 1422 2609 et
1444 2587 1502 2618 per
1525 2586 1730 2617 consequens
1753 2586 1944 2617 supremum
1968 2584 2154 2616 corporum,
2182 2576 2217 2606 in
2243 2575 2463 2616 superioribus

1389 2628 1437 2654 est
1459 2627 1627 2653 ostensum
1642 2622 1670 2652 *.

1448 2666 1587 2703 Quarto.
1612 2665 1694 2696 Sunt
1718 2665 1845 2705 aliquae
1868 2664 1994 2695 formae
2015 2663 2199 2704 completae
2221 2664 2256 2702 in
2273 2665 2381 2704 specie
2403 2673 2462 2704 per

1388 2721 1422 2742 se
1445 2711 1665 2742 subsistentes.
1682 2709 1769 2750 Ergo
1787 2714 1847 2740 etc.
1863 2727 1887 2732 —
1901 2709 2059 2740 Probatur
2074 2707 2277 2739 antecedens.
2295 2708 2380 2747 Quia
2396 2708 2461 2739 for-

1387 2765 1460 2786 mae
1484 2765 1568 2796 quae
1591 2759 1667 2786 sunt
1688 2755 1723 2785 in
1737 2754 1880 2790 materia,
1897 2759 1972 2784 sunt
1987 2759 2077 2784 actus
2092 2752 2282 2793 imperfecti.
2300 2753 2334 2784 Si
2352 2758 2461 2784 autem

1388 2806 1436 2831 est
1459 2799 1592 2840 aliquod
1615 2797 1844 2839 imperfectum
1866 2799 1900 2828 in
1923 2798 2033 2838 aliquo
2049 2807 2177 2838 genere,
2202 2798 2364 2828 invenitur
2386 2803 2460 2828 ante

1387 2844 1479 2881 illud,
1501 2843 1684 2875 secundum
1707 2849 1840 2879 naturae
1864 2842 2023 2879 ordinem,
2047 2841 2170 2882 aliquid
2198 2843 2232 2872 in
2261 2851 2380 2882 genere
2402 2842 2459 2873 illo

1387 2888 1586 2930 perfectum:
1612 2887 1794 2929 perfectum
1810 2888 1898 2918 enim
1914 2893 1961 2918 est
1983 2893 2097 2917 natura
2111 2887 2201 2927 prius
2219 2886 2422 2927 imperfecto.
2437 2904 2461 2909 —

1388 2933 1634 2974 Consequentia
1657 2933 1755 2963 etiam
1777 2932 1943 2973 probatur.
1967 2931 2054 2969 Quia
2077 2931 2184 2962 omnis
2211 2930 2315 2962 forma
2344 2941 2403 2971 per
2425 2941 2459 2962 se

1387 2978 1563 3009 subsistens
1587 2978 1709 3018 absque
1733 2978 1876 3016 materia,
1901 2982 1949 3007 est
1971 2976 2147 3007 substantia
2169 2976 2402 3007 intellectualis.

1444 3022 1539 3054 Circa
1561 3023 1655 3053 istam
1678 3022 1948 3062 propositionem,
1964 3021 2001 3051 Si
2021 3026 2068 3051 est
2089 3020 2214 3061 aliquid
2236 3020 2458 3060 imperfectum

1387 3067 1421 3097 in
1445 3067 1557 3108 aliquo
1579 3076 1711 3109 genere,
1736 3066 1900 3097 invenitur
1915 3070 1991 3096 ante
2014 3065 2104 3101 illud,
2128 3064 2304 3095 secundum
2320 3069 2459 3095 naturae

1388 3112 1547 3148 ordinem,
1570 3111 1696 3152 aliquid
1719 3111 1752 3141 in
1775 3120 1897 3152 genere
1927 3110 1984 3141 illo
2009 3110 2202 3151 perfectum,
2227 3108 2459 3140 advertendum

1389 3156 1481 3197 quod
1502 3157 1617 3187 veritas
1640 3156 1738 3187 huius
1760 3155 1994 3195 propositionis
2017 3164 2085 3184 non
2109 3153 2261 3184 fundatur
2283 3163 2379 3194 super
2393 3153 2458 3184 hoc

1387 3200 1480 3241 quod
1502 3206 1592 3232 actus
1615 3201 1656 3231 sit
1678 3201 1769 3241 prior
1787 3200 1950 3240 potentia;
1974 3208 2083 3238 neque
2098 3208 2195 3239 super
2209 3198 2274 3229 hoc
2293 3197 2381 3239 quod
2397 3197 2458 3228 dif-

1387 3245 1596 3276 ferentiarum
1619 3246 1715 3276 unius
1738 3244 1864 3284 generis
1887 3253 1953 3275 una
1981 3244 2097 3274 habeat
2127 3243 2286 3274 rationem
2311 3241 2457 3283 perfecti,

1388 3290 1449 3321 alia
1471 3290 1632 3321 rationem
1654 3288 1852 3330 imperfecti:
1876 3288 1933 3319 sed
1955 3297 2053 3328 super
2075 3287 2139 3319 hoc
2163 3287 2254 3327 quod
2276 3286 2458 3327 perfectum

1389 3340 1437 3366 est
1458 3339 1573 3366 natura
1595 3335 1684 3375 prius
1706 3332 1909 3374 imperfecto,
1933 3337 1970 3362 ut
1992 3333 2045 3363 hic
2068 3332 2218 3372 tangitur.
2243 3331 2336 3368 Nam,
2361 3332 2388 3362 si
2410 3337 2458 3362 est

1387 3380 1423 3410 in
1445 3385 1558 3410 natura
1581 3379 1615 3410 id
1638 3377 1727 3419 quod
1750 3378 1910 3418 posterius
1933 3382 1982 3407 est
2002 3377 2037 3407 in
2056 3376 2166 3416 aliquo
2191 3375 2314 3413 ordine,
2338 3385 2457 3406 conve-

1387 3424 1480 3454 niens
1504 3429 1551 3455 est
1574 3429 1610 3454 ut
1634 3424 1673 3453 sit
1695 3422 1728 3453 id
1752 3421 1842 3463 quod
1866 3427 1913 3452 est
1935 3421 2024 3461 prius
2047 3426 2160 3451 natura
2182 3421 2216 3451 in
2246 3420 2303 3451 illo
2327 3420 2456 3451 ordine:

1387 3478 1464 3499 cum
1474 3467 1701 3509 imperfectum
1717 3467 1756 3498 sit
1771 3471 1904 3507 propter
1915 3465 2107 3506 perfectum,
2124 3471 2155 3496 et
2170 3465 2258 3505 prius
2273 3463 2458 3495 intendatur

1387 3512 1568 3553 perfectum
1585 3522 1683 3553 quam
1706 3510 1943 3552 imperfectum.
1963 3510 2121 3550 Alioquin
2143 3509 2198 3543 ille
2213 3508 2305 3546 ordo,
2330 3514 2362 3540 et
2376 3508 2456 3540 illud

1386 3567 1500 3598 genus,
1522 3567 1592 3588 non
1619 3557 1751 3587 haberet
1777 3555 2056 3595 complementum
2086 3563 2162 3585 suae
2182 3553 2400 3594 perfectionis
2421 3554 2456 3584 in

1386 3607 1517 3633 natura:
1549 3601 1645 3641 exigit
1674 3605 1782 3631 autem
1812 3598 1969 3640 perfectio
1996 3599 2137 3629 universi
2167 3604 2203 3630 ut
2230 3598 2455 3638 unusquisque

1386 3646 1469 3677 ordo
1492 3647 1607 3677 habeat
1630 3645 1909 3685 complementum
1931 3653 2008 3674 suae
2030 3642 2246 3684 perfectionis.

2277 3713 2311 3739 70

2490 2619 2498 2627 ¹
2515 2617 2551 2639 Cf.
2569 2617 2703 2639 Comment.

2489 2650 2628 2671 capmnm,
2638 2650 2702 2666 num.

2490 2677 2541 2692 vui.
