2768 4134
66 1733 74 1740 ¹
89 1730 146 1758 Cap.
163 1736 237 1758 praec.

68 2722 76 2730 ·
94 2720 129 2742 Cf.
145 2726 208 2742 n.1v.

72 2990 80 2998 ·
97 2988 133 3010 Ct'.
149 2995 171 3010 n.
183 2995 205 3010 v.

76 3344 84 3352 ·
115 3343 161 3370 Qu.
188 3350 214 3365 ιιι
249 3345 287 3369 (ct.

76 3369 208 3391 Comment.
236 3377 286 3399 cap.

76 3402 161 3432 praec..
176 3402 198 3418 n.
210 3403 236 3423 ιι,
247 3400 273 3422 2).

95 3423 132 3444 ΑΙ.
148 3429 171 3451 q.
180 3429 210 3449 iv,
221 3430 242 3445 a.
252 3431 285 3446 ιο.

76 3449 133 3471 Ἐά.
142 3450 286 3477 ¹497,f.8v.-

77 3476 113 3497 ef.
124 3482 146 3497 n.
158 3482 189 3497 vi.

311 323 385 359 306

801 317 988 354 SUMMA
1018 316 1240 354 CONTRA
1269 315 1545 360 GENTILES,
1564 309 1669 352 1113.
1691 316 1731 360 11,
1761 315 1873 352 CAP.
1895 317 2025 353 XVIII.

1076 422 1413 455 commentaria
1437 421 1749 453 Ferrariensis

355 532 375 552 x
402 518 607 560 praecedenti
637 518 849 549 conclusione
881 518 1052 549 deducitur
1081 518 1250 549 corollarie
1277 526 1380 548 vanas

309 535 423 597 Eesse
457 564 602 594 rationes
645 563 906 605 impugnantium
948 563 1145 594 creationem
1181 572 1223 593 ex
1258 566 1379 592 natura

65 611 276 666 {assfu'p‘ssi'essfff'ien‘iiss
304 616 410 642 motus
432 614 464 639 et
486 608 675 639 mutationis
691 609 717 638 ἦ
743 608 933 639 Ostenditur
956 614 1065 638 autem
1089 608 1203 637 veritas
1219 606 1381 637 corollarii

305 666 343 687 ex
366 654 530 685 solutione
553 653 728 684 rationum.

359 699 382 729 1.
399 699 546 729 Primum
561 697 650 728 enim
664 697 914 729 fundamentum
931 706 1046 728 eorum
1062 702 1128 727 erat
1143 695 1235 736 quod
1250 700 1380 736 oportet

304 743 458 775 creationi
482 743 633 783 assignari
656 742 791 783 aliquod
814 743 1007 778 subiectum,
1031 747 1067 772 ut
1095 742 1208 772 ceteris
1235 741 1380 771 motibus

304 795 335 820 et
357 788 610 824 mutationibus3
635 793 667 818 et
691 786 782 828 quod
800 792 931 827 oportet
946 796 1015 817 non
1031 795 1100 817 esse
1115 786 1234 816 mutari
1249 786 1283 816 in
1299 794 1379 822 esse,

302 834 394 870 idest,
418 832 541 874 aliquid
564 832 605 863 de
628 842 697 863 non
721 841 789 863 esse
812 832 930 862 mutari
953 832 986 861 in
1010 840 1090 861 esse.
1114 830 1162 861 Ex
1179 839 1248 870 quo
1263 839 1380 870 seque-

303 880 396 910 batur
419 878 618 908 creationem
640 886 709 907 non
733 886 829 918 posse
853 886 922 907 esse
947 886 986 906 ex
1007 875 1100 906 nullo
1124 875 1282 906 subiecto.

358 922 411 954 Ad
434 923 498 953 hoc
521 927 631 953 autem
654 921 903 952 fundamentum
925 919 1139 961 respondetur
1154 920 1272 961 primo,
1289 919 1381 960 quod

304 968 423 999 creatio
451 976 519 997 non
552 973 600 997 est
629 967 776 1003 mutatio,
800 965 858 996 sed
880 971 928 996 est
950 965 1162 1006 dependentia
1186 974 1255 995 esse
1278 965 1381 995 creati

303 1013 346 1043 ad
362 1012 563 1053 principium
587 1021 608 1041 a
631 1020 694 1051 quo
719 1011 908 1041 instituitur.
926 1010 967 1041 Et
982 1010 1029 1040 sic
1044 1015 1092 1040 est
1107 1010 1231 1041 relatio.
1248 1009 1290 1040 Et
1305 1009 1380 1040 ideo

304 1064 351 1088 est
373 1063 528 1097 tanquam
558 1057 592 1086 in
623 1055 769 1086 subiecto
800 1056 833 1085 in
857 1056 930 1096 ipso
959 1055 1110 1091 termino,
1135 1064 1219 1095 quae
1249 1060 1297 1085 est
1330 1063 1380 1085 res

304 1108 424 1133 creata:
450 1110 518 1131 non
542 1106 652 1131 autern
673 1101 706 1130 in
731 1100 841 1140 aliquo
866 1100 1013 1130 subiecto
1037 1100 1281 1140 praeexistente,
1298 1099 1381 1130 sicut

304 1152 414 1178 motus
437 1151 468 1176 et
491 1146 640 1175 mutatio.

358 1191 483 1221 Dicitur
506 1189 662 1225 secundo,
687 1189 777 1230 quod
809 1190 927 1220 creatio
959 1194 1006 1219 est
1035 1189 1173 1220 mutatio
1198 1188 1380 1219 secundum

303 1235 440 1266 modurn
463 1234 663 1275 intelligendi
686 1240 829 1264 tantum:
854 1235 1049 1274 inquantum
1065 1234 1247 1264 intellectus
1263 1234 1381 1274 accipit

304 1289 402 1311 unam
426 1285 457 1309 et
481 1279 618 1310 eandem
640 1288 709 1309 rem
733 1284 769 1309 ut
791 1289 861 1310 non
885 1279 1075 1310 existentem
1099 1279 1188 1320 prius
1215 1284 1247 1309 et
1266 1284 1380 1319 postea

303 1326 502 1356 existentem.
534 1324 575 1354 Et
597 1325 642 1354 sic
667 1329 715 1354 est
744 1324 789 1354 ibi
820 1323 955 1364 aliquod
983 1325 1168 1355 subiectum
1198 1323 1380 1355 secundum

302 1370 440 1401 modum
462 1368 662 1410 intelligendi
685 1374 823 1406 tantum,
847 1379 916 1400 non
940 1375 1050 1400 autem
1074 1370 1107 1400 in
1131 1378 1239 1400 rerum
1266 1373 1381 1399 natura

303 1416 450 1446 existens.

358 1458 604 1490 Advertendum
627 1457 718 1499 quod
742 1459 862 1490 creatio
885 1459 1012 1499 passiva
1039 1458 1155 1490 dicitur
1178 1457 1296 1488 relatio
1326 1457 1380 1488 de-

297 1504 494 1546 pendentiae
517 1508 690 1534 creaturae
713 1503 756 1534 ad
777 1504 903 1534 Deum:
927 1504 1013 1544 quia,
1037 1509 1074 1534 ut
1100 1503 1236 1534 habetur
1263 1512 1301 1534 ex
1321 1502 1381 1533 do-

304 1551 405 1580 ctrina
427 1549 537 1580 Sancti
560 1548 710 1579 Thomae
733 1549 849 1585 Prima,
874 1557 906 1589 q.
930 1559 1001 1585 xm,
1025 1559 1052 1579 a.
1079 1548 1109 1585 3,
1134 1557 1210 1579 curn
1240 1549 1325 1579 actio
1350 1553 1381 1578 et

303 1595 410 1636 passio
434 1594 468 1625 in
492 1594 644 1624 creaturis
668 1593 777 1624 dicant
798 1599 929 1624 motum
953 1603 1030 1624 cum
1060 1593 1227 1630 relatione,
1251 1598 1382 1634 oportet

304 1639 404 1680 quod,
428 1639 592 1669 subtracto
616 1644 720 1675 motu,
745 1639 825 1669 nihil
848 1645 1014 1670 remaneat
1036 1637 1076 1669 de
1099 1639 1225 1669 ratione
1245 1639 1382 1669 actionis

305 1691 337 1715 et
359 1684 518 1725 passionis
545 1683 608 1714 nisi
637 1683 750 1714 relatio
774 1683 935 1724 quaedam
965 1684 998 1714 in
1029 1689 1144 1724 agente
1168 1689 1200 1714 et
1222 1683 1382 1724 quaedam

304 1731 339 1761 in
362 1730 513 1771 patiente.
538 1727 616 1759 Ideo
633 1729 763 1765 creatio,
781 1729 868 1769 quia,
885 1734 922 1760 ut
945 1734 992 1759 est
1015 1734 1184 1760 ostensum
1199 1729 1227 1765 ’ζ
1250 1737 1319 1759 non
1336 1734 1383 1758 est

305 1775 453 1811 mutatio,
477 1774 504 1804 si
527 1773 629 1804 active
652 1779 807 1810 sumatur,
832 1779 988 1814 tanquam
1011 1773 1134 1814 aliquid
1149 1783 1167 1804 a
1183 1773 1255 1804 Deo
1272 1772 1383 1804 distin-

307 1826 406 1856 ctum,
431 1819 508 1850 dicit
531 1823 658 1848 tantum
681 1818 905 1850 habitudinem
933 1819 1056 1859 agentis
1079 1819 1112 1849 in
1136 1818 1208 1849 Deo
1232 1817 1273 1849 ad
1296 1828 1383 1849 crea—

306 1871 420 1895 turam.
446 1864 478 1894 Si
502 1868 611 1894 autem
635 1868 781 1894 sumatur
795 1865 931 1904 passive,
948 1863 1025 1894 dicit
1040 1863 1231 1894 relationem
1246 1864 1280 1893 in
1297 1872 1383 1894 crea-

305 1916 377 1941 tura
400 1908 440 1939 ad
463 1909 571 1939 Deum
595 1913 752 1948 tanquam
776 1908 816 1939 ad
839 1909 1037 1948 principium
1059 1909 1160 1939 totius
1183 1909 1234 1938 sui
1258 1917 1337 1938 esse.

362 1954 400 1984 11.
418 1952 606 1984 Secundum
623 1962 739 1984 eorum
755 1952 1004 1984 fundamentum
1021 1959 1097 1989 erat,
1114 1953 1200 1993 quia,
1217 1953 1244 1983 si
1263 1953 1383 1984 creatio

306 2005 363 2036 est,
380 2003 510 2039 oportet
526 2003 563 2028 ut
577 1997 618 2027 sit
633 1998 741 2038 aliqua
760 2007 820 2028 res.
844 1998 912 2029 Aut
928 2007 1005 2038 ergo
1022 1998 1176 2034 increata;
1194 2003 1250 2028 aut
1266 2003 1380 2029 creata.

306 2044 339 2075 Si
362 2044 513 2079 increata,
538 2051 614 2082 ergo
640 2042 738 2073 Deus.
764 2042 797 2073 Si
820 2048 936 2079 creata,
960 2052 1037 2083 ergo
1063 2043 1123 2073 alia
1147 2043 1321 2073 creatione.
1341 2042 1382 2073 Et

306 2090 350 2120 sic
375 2089 433 2118 erit
456 2096 627 2128 processus
651 2088 684 2117 in
707 2086 871 2118 infinitum
896 2088 929 2118 in
953 2087 1179 2118 creationibus.

361 2131 550 2173 Respondet
573 2131 709 2162 Sanctus
725 2132 871 2163 Thomas
887 2132 978 2173 quod
997 2138 1045 2163 est
1064 2142 1124 2168 reS,
1148 2141 1225 2163 cum
1249 2131 1383 2162 effectus

306 2184 431 2209 creatus
460 2177 587 2208 realiter
610 2176 792 2218 dependeat
815 2187 833 2208 a
857 2177 1027 2214 Creatore;
1052 2183 1084 2208 et
1107 2186 1156 2207 res
1179 2182 1301 2213 creata;
1326 2176 1383 2208 sed

306 2233 374 2254 non
398 2223 458 2253 alia
482 2222 656 2253 creatione.
687 2221 788 2260 Quod
812 2222 992 2253 ostenditur
1023 2231 1061 2252 ex
1091 2221 1232 2253 duobus.
1263 2222 1382 2258 Primo,

307 2269 383 2309 quia
407 2267 585 2298 accidentia
609 2272 640 2297 et
664 2266 798 2303 formae,
823 2268 906 2298 sicut
928 2277 986 2308 per
1008 2277 1042 2298 se
1066 2276 1135 2297 non
1158 2272 1244 2303 sunt,
1260 2267 1304 2297 ita
1322 2276 1383 2298 nec

308 2323 365 2355 per
387 2322 421 2343 se
445 2318 609 2343 creantur:
634 2311 701 2348 sed,
725 2312 809 2343 sicut
832 2321 909 2343 cum
932 2312 1001 2343 aliis
1024 2317 1110 2348 sunt,
1134 2312 1177 2342 ita
1208 2321 1285 2343 cum
1316 2312 1385 2343 aliis

308 2363 466 2389 creantur.
483 2356 560 2388 Ideo
576 2366 644 2386 non
658 2361 788 2397 oportet
803 2358 1002 2388 creationem
1017 2357 1077 2388 alia
1090 2357 1252 2387 creatione
1269 2357 1384 2387 creari:

309 2403 365 2434 sed
388 2401 502 2433 eadem
526 2401 688 2432 creatione
713 2407 839 2432 creatur
855 2411 919 2442 qua
936 2402 1005 2442 ipsa
1021 2407 1165 2432 creatura
1181 2402 1284 2442 prima
1301 2411 1384 2442 quae

309 2449 424 2480 dicitur
447 2456 504 2487 per
528 2447 631 2487 ipsam
655 2455 723 2477 esse
748 2452 863 2477 creata.
879 2465 902 2468 —
918 2446 1082 2483 Secundo,
1100 2447 1175 2487 quia
1200 2447 1319 2477 creatio
1336 2456 1384 2477 re-

309 2493 385 2524 latio
402 2497 459 2523 est.
484 2491 610 2522 Relatio
634 2497 743 2522 autem
759 2501 827 2522 non
843 2491 979 2522 refertur
994 2492 1055 2522 alia
1071 2491 1237 2528 relatione,
1255 2491 1311 2522 sed
1327 2501 1386 2532 per

309 2539 465 2578 seipsam:
490 2545 566 2568 cum
590 2536 630 2566 sit
654 2537 864 2567 essentialiter
886 2536 1010 2567 relatio.
1035 2536 1077 2567 Et
1098 2537 1144 2567 sic
1167 2546 1235 2567 non
1256 2541 1386 2578 oportet

310 2581 485 2624 procedere
510 2582 542 2612 in
566 2579 740 2612 infinitum.

366 2627 416 2658 111.
434 2626 530 2658 Circa
553 2626 640 2656 illam
665 2626 835 2662 rationem,
853 2625 943 2666 quod
965 2625 1036 2656 ideo
1054 2626 1176 2656 creatio
1194 2631 1241 2657 est
1257 2635 1308 2657 res
1324 2627 1385 2657 ali-

309 2682 373 2714 qua
396 2672 473 2713 quia
497 2671 630 2712 effectus
661 2675 790 2701 creatus
820 2671 955 2702 realiter
984 2670 1140 2712 dependet
1169 2681 1189 2701 a
1216 2671 1384 2708 Creatore,

310 2717 473 2748 dubitatur
493 2717 519 2746 ’ἢ
545 2715 630 2755 Quia
660 2714 774 2746 eadem
806 2715 930 2746 ratione
961 2721 1115 2756 sequetur
1146 2715 1236 2756 quod
1266 2716 1385 2747 creatio

309 2763 422 2799 activa,
447 2771 531 2803 quae
563 2766 610 2791 est
640 2760 752 2791 relatio
784 2760 844 2791 Dei
873 2760 912 2791 ad
936 2766 1126 2797 creaturam,
1150 2761 1190 2791 sit
1213 2770 1262 2792 res
1287 2770 1386 2803 quae-

309 2807 393 2838 dam.
418 2806 502 2838 Nam
526 2806 610 2837 sicut
632 2804 766 2836 effectus
789 2810 915 2836 creatus
934 2805 1061 2836 realiter
1076 2804 1239 2846 dependet
1254 2815 1272 2836 a
1288 2805 1386 2837 Crea—

309 2858 390 2889 tore,
413 2853 457 2883 ita
481 2851 617 2882 Creator
640 2851 766 2881 realiter
789 2855 875 2881 creat
899 2855 930 2881 et
953 2850 1105 2891 producit
1129 2856 1318 2882 creaturam.

367 2907 396 2928 2.
421 2896 517 2928 Circa
540 2896 635 2927 aliam
666 2895 937 2936 propositionem,
961 2895 1111 2927 videlicet
1141 2895 1233 2937 quod
1262 2896 1385 2927 creatio

311 2951 375 2973 non
393 2947 526 2972 creatur
539 2941 608 2972 alia
624 2941 799 2975 creatione,
816 2939 872 2970 sed
887 2939 998 2971 eadem
1014 2950 1079 2981 qua
1094 2940 1204 2982 prima
1221 2946 1386 2977 creatura,

310 2987 474 3018 dubitatur
489 2986 516 3016 *.
542 2985 629 3016 Cum
653 2985 741 3016 enim
765 2994 823 3026 per
845 2985 948 3026 ipsam
965 2991 1091 3017 creetur
1111 2986 1213 3026 prima
1233 2991 1387 3023 creatura,

310 3033 455 3074 sequitur
471 3030 562 3072 quod
586 3031 654 3071 ipsa
678 3030 718 3062 sit
740 3030 800 3060 sibi
825 3039 921 3061 causa
945 3029 1081 3061 essendi.
1106 3030 1166 3061 Per
1190 3031 1387 3062 creationem

312 3077 398 3108 enim
414 3075 537 3117 aliquid
554 3084 623 3106 esse
639 3076 734 3115 capit.
759 3074 791 3106 Si
816 3084 893 3115 ergo
909 3075 1030 3106 creatio
1047 3075 1150 3115 seipsa
1168 3081 1302 3112 creatur,
1319 3076 1388 3117 ipsa

312 3133 328 3152 a
352 3132 386 3153 se
409 3122 546 3162 accipiet
569 3129 648 3151 esse.

368 3167 398 3198 3.
423 3166 518 3197 Circa
545 3166 704 3196 rationem
735 3174 834 3206 quare
865 3173 934 3195 non
964 3171 1089 3195 creatur
1120 3164 1181 3195 alia
1213 3166 1387 3202 creatione,

313 3212 389 3252 quia
411 3211 533 3243 scilicet
556 3210 736 3242 accidentia
761 3214 791 3240 et
805 3209 946 3252 formae
962 3218 1027 3240 non
1045 3214 1201 3240 creantur
1210 3219 1275 3250 per
1289 3220 1333 3246 se,
1350 3220 1389 3241 ex

314 3266 380 3298 quo
405 3255 530 3288 videtur
554 3255 690 3287 Sanctus
710 3254 855 3286 Thomas
878 3253 960 3285 velle
984 3253 1074 3295 quod
1099 3254 1218 3285 creatio
1243 3255 1282 3285 sit
1306 3255 1388 3286 acci-

314 3301 392 3332 dens
417 3301 466 3342 (ut
489 3301 669 3342 expressius
693 3300 788 3330 etiam
813 3299 929 3330 dicitur
951 3298 1059 3330 Prima
1074 3298 1176 3335 Parte,
1201 3299 1257 3330 ubi
1281 3309 1388 3341 supra,

315 3345 354 3376 ad
378 3346 412 3383 33
436 3352 468 3377 et
491 3345 531 3376 de
553 3345 634 3381 Pot„
659 3345 715 3375 ubi
739 3354 836 3385 supra
847 3344 875 3380 ⁹,
895 3353 922 3374 a.
943 3343 972 3380 3,
989 3342 1029 3374 ad
1055 3342 1089 3380 3;
1115 3349 1147 3375 et
1172 3342 1301 3380 Quotib.
1318 3343 1387 3381 VII,

315 3400 342 3421 a.
363 3392 441 3428 ω’,
466 3390 506 3421 ad
529 3390 575 3430 4),
600 3390 763 3421 dubitatur
792 3398 831 3420 ex
855 3389 966 3426 Scoto,
990 3389 1024 3419 in
1049 3387 1076 3418 11
1091 3388 1189 3423 Sent„
1214 3388 1245 3419 d.
1262 3399 1282 3424 r,
1306 3398 1337 3430 q.
1354 3399 1389 3419 m

316 3441 347 3466 et
362 3437 431 3466 η’.
456 3435 575 3466 Probat
598 3436 685 3466 enim
709 3434 830 3466 ibidem
854 3433 945 3475 quod
969 3433 1088 3464 creatio
1113 3438 1160 3464 est
1176 3433 1288 3464 relatio
1305 3443 1389 3474 quae

317 3480 439 3510 realiter
463 3486 509 3511 est
533 3479 646 3511 eadem
670 3490 730 3510 suo
755 3479 986 3510 fundamento:
1012 3483 1044 3509 et
1066 3478 1112 3509 sic
1136 3487 1204 3509 non
1229 3479 1287 3509 erit
1306 3480 1389 3510 acci-

318 3524 404 3561 dens,
422 3534 497 3555 cum
514 3534 610 3555 suum
627 3523 876 3555 fundamentum
893 3524 932 3554 sit
948 3523 1134 3554 substantia.
1147 3523 1265 3554 Probat
1281 3529 1389 3554 autem

318 3569 394 3599 hoc:
413 3569 500 3599 Tum
517 3570 593 3609 quia
610 3575 753 3600 creatura
770 3579 837 3600 non
854 3573 961 3610 potest
981 3578 1050 3600 esse
1067 3568 1136 3599 sine
1153 3567 1206 3599 tali
1223 3568 1388 3599 relatione.

319 3612 417 3650 Quod
441 3619 548 3644 autem
572 3623 639 3644 non
663 3619 770 3654 potest
794 3623 862 3645 esse
892 3614 959 3644 sine
979 3613 1051 3644 ¹alio
1076 3613 1197 3653 absque
1229 3613 1390 3644 contradi-

320 3657 437 3693 ctione,
461 3663 508 3688 est
531 3657 616 3688 idem
641 3658 696 3694 illi,
714 3658 846 3699 quando
870 3657 950 3689 illud
974 3668 1042 3690 non
1067 3663 1114 3689 est
1138 3658 1227 3699 prius
1246 3658 1313 3694 illo,
1329 3667 1390 3689 nec

320 3701 414 3731 simul
438 3707 549 3732 natura
573 3712 647 3733 cum
672 3703 738 3738 illo,
764 3713 823 3734 nec
848 3710 895 3734 est
918 3704 1001 3734 inter
1024 3703 1077 3734 illa
1101 3702 1277 3734 essentialis
1297 3702 1389 3734 ordo.

1435 517 1487 548 Sic
1503 517 1620 548 accidit
1642 518 1675 548 in
1699 518 1855 549 relatione
1870 518 1930 549 ista
1945 519 1980 549 in
1996 518 2110 550 ordine
2134 518 2174 549 ad
2197 519 2408 550 substantiam
2423 530 2510 552 crea-

1433 567 1510 593 tam.
1527 580 1550 584 —
1565 562 1655 593 Tum
1678 563 1755 603 quia
1776 562 1983 594 uniformiter
2006 564 2160 595 convenit
2183 565 2276 595 omni
2299 569 2462 596 creaturae
2477 566 2511 596 in

1434 606 1549 638 ordine
1572 606 1613 638 ad
1637 607 1755 639 Deum.
1780 607 1861 639 Tale
1885 613 1995 639 autem
2017 608 2099 640 nulli
2128 609 2254 640 accidit.
2277 627 2301 631 —
2323 609 2411 640 Tum
2435 610 2512 650 qnia

1433 652 1514 693 lapis
1537 657 1621 683 esset
1643 653 1734 693 prior
1757 651 1927 684 duratione
1951 652 2167 694 dependentia
2195 653 2236 685 ad
2259 654 2377 685 Deum.
2402 654 2444 685 Et
2466 655 2512 685 sic

1434 702 1517 727 esset
1533 697 1655 738 absque
1671 697 1735 734 hoc
1751 697 1844 738 quod
1858 697 2056 738 dependeret
2072 709 2090 729 a
2105 699 2189 730 Deo.
2213 698 2397 730 Substantia
2412 700 2510 736 enim,

1435 751 1473 772 ex
1489 741 1547 772 VII
1563 742 1706 782 Metaph.
1720 743 1747 779 ὓ,
1772 748 1820 773 est
1842 743 1932 783 prior
1954 742 2121 774 accidente
2145 749 2304 784 tempore.

1489 795 1521 825 4.
1539 785 1635 817 Circa
1657 787 1754 818 aliam
1777 787 2048 828 propositionem,
2067 787 2159 828 quod
2173 789 2295 820 scilicet
2310 788 2428 819 relatio
2445 798 2510 819 non

1434 831 1580 872 refertur
1603 831 1670 862 alia
1696 832 1866 868 relatione,
1889 832 1967 873 quia
1991 837 2040 863 est
2061 833 2276 864 essentialiter
2298 834 2427 869 re1atio,
2452 833 2512 864 du-

1433 875 1552 906 bitatur
1561 877 1589 906 *.
1605 876 1693 914 Quia
1708 876 1845 908 Sanctus
1861 875 2008 908 Thomas
2023 878 2173 917 superius
2183 878 2219 895 ³*
2239 878 2393 918 arguebat
2409 878 2511 919 quod,

1433 921 1460 951 si
1475 921 1565 951 Deus
1580 920 1752 953 referretur
1768 921 1808 952 ad
1824 927 1984 952 creaturas
2006 931 2065 962 per
2087 922 2278 953 relationem
2301 928 2389 954 extra
2402 924 2511 963 ipsum

1434 966 1636 1003 existentem,
1660 971 1826 1007 oporteret
1855 971 1892 997 ut
1921 966 1963 997 ad
1991 967 2096 1007 ipsam
2123 966 2315 998 relationem
2341 966 2512 999 referretur

1434 1010 1496 1040 alia
1519 1010 1687 1048 relatione,
1704 1017 1736 1042 et
1759 1012 1805 1042 sic
1828 1010 2060 1051 procederetur
2081 1012 2115 1042 in
2139 1011 2303 1043 infinitum
2326 1012 2361 1042 in
2383 1012 2513 1043 relatio-

1433 1055 1539 1086 nibus.
1564 1055 1651 1096 Ergo
1675 1055 1763 1096 apud
1785 1056 1895 1097 ipsum
1917 1065 1987 1087 non
2009 1062 2057 1087 est
2079 1057 2315 1088 inconveniens
2329 1055 2371 1087 ad
2385 1057 2513 1087 relatio-

1434 1109 1511 1131 nem
1535 1109 1605 1131 esse
1628 1101 1724 1132 aliam
1747 1101 1956 1132 relationem:
1981 1107 2014 1131 et
2036 1102 2092 1138 sic,
2109 1111 2167 1142 per
2190 1110 2406 1141 consequenS‚
2422 1101 2514 1141 quod
2551 1107 2555 1110 ·

1433 1154 1498 1176 una
1521 1145 1635 1176 relatio
1659 1155 1676 1176 e
1700 1155 1860 1176 converso
1890 1145 1951 1176 alia
1981 1146 2140 1177 relatione
2168 1145 2323 1177 referatur
2349 1145 2389 1177 ad
2414 1145 2512 1177 aliud.

1434 1190 1481 1221 Sit
1496 1190 1584 1220 enim
1600 1190 1713 1221 relatio
1729 1200 1795 1231 qua
1809 1190 1899 1221 Deus
1914 1189 2050 1221 refertur
2065 1190 2107 1222 ad
2126 1196 2306 1222 creaturam
2323 1190 2361 1221 C.
2386 1190 2514 1222 Relatio

1434 1240 1544 1266 autem
1568 1244 1634 1275 qua
1663 1234 1705 1266 ad
1727 1235 1817 1266 illam
1840 1235 2031 1267 relationem
2054 1235 2200 1273 refertur,
2228 1236 2269 1266 sit
2292 1236 2330 1266 B.
2358 1235 2513 1276 Sequitur

1434 1279 1535 1321 quod,
1563 1281 1647 1311 sicut
1670 1280 1760 1311 Deus
1783 1279 1919 1311 refertur
1941 1280 1982 1311 ad
2005 1280 2034 1311 C
2058 1290 2116 1322 per
2139 1281 2176 1317 B,
2199 1281 2244 1311 ita
2267 1290 2285 1311 e
2308 1289 2467 1312 converso
2483 1280 2513 1311 C

1433 1325 1588 1356 referatur
1607 1325 1648 1356 ad
1671 1325 1780 1356 Deum
1795 1334 1854 1366 per
1869 1325 2057 1366 oppositam
2072 1326 2264 1357 relationem
2287 1324 2328 1356 ad
2350 1325 2459 1366 ipsum
2474 1325 2513 1356 B.

1434 1370 1510 1401 Non
1535 1371 1623 1401 enim
1647 1375 1695 1400 est
1718 1370 1823 1401 maior
1844 1370 1926 1401 ratio
1950 1369 2042 1410 quod
2060 1370 2150 1401 Deus
2172 1369 2328 1402 referatur
2349 1370 2390 1401 ad
2413 1379 2513 1401 unam

1434 1416 1627 1446 relationem
1649 1414 1812 1446 mediante
1837 1415 1897 1445 alia
1920 1415 2087 1451 relatione,
2107 1425 2207 1456 quam
2223 1414 2315 1455 quod
2330 1415 2384 1446 illa
2400 1415 2515 1446 relatio

1435 1460 1475 1491 ad
1498 1460 1608 1492 Deum
1631 1459 1786 1491 referatur
1809 1459 1870 1490 alia
1892 1460 2060 1491 relatione.

1492 1505 1546 1536 IV.
1570 1505 1622 1536 Ad
1649 1506 1792 1546 primum
1823 1504 1961 1536 dubium
1992 1503 2207 1545 respondetur
2229 1503 2322 1544 quod
2344 1504 2433 1536 aliud
2455 1510 2516 1542 est,

1435 1549 1612 1581 formaliter
1627 1549 1806 1591 loquendo,
1820 1554 1998 1580 creaturam
2015 1549 2142 1581 realiter
2156 1548 2341 1590 dependere
2357 1549 2398 1580 ad
2416 1548 2515 1582 Crea-

1435 1601 1556 1626 torem:
1573 1601 1606 1626 et
1620 1595 1709 1626 aliud
1726 1595 1831 1635 ipsam
1847 1594 1973 1626 realiter
1987 1604 2006 1625 a
2018 1594 2091 1626 Deo
2107 1593 2256 1634 produci.
2269 1593 2410 1627 Produci
2425 1594 2515 1627 enin

1435 1640 1561 1672 realiter
1584 1650 1602 1670 a
1625 1641 1698 1672 Deo
1722 1639 1801 1670 dicit
1827 1640 1946 1670 habere
1974 1649 2044 1670 esse
2067 1639 2153 1670 reale
2176 1649 2195 1670 a
2217 1639 2304 1670 Deo:
2330 1638 2517 1680 dependere

1436 1691 1546 1716 autem
1569 1685 1610 1716 ad
1633 1685 1741 1716 Deum
1766 1684 1844 1715 dicit
1872 1693 1942 1716 rem
1971 1684 2176 1725 productam,
2200 1693 2239 1715 ex
2269 1684 2346 1716 reali
2373 1693 2443 1716 esse
2465 1693 2516 1716 ne-

1436 1735 1543 1771 cepte,
1559 1730 1678 1761 habere
1702 1731 1736 1760 in
1759 1739 1793 1760 se
1817 1728 1967 1760 ordinem
1991 1728 2275 1760 fundamentaliter
2294 1729 2335 1760 ad
2359 1729 2467 1761 Deum
2481 1735 2516 1762 et

1437 1784 1567 1806 causam
1598 1774 1762 1805 relationis
1793 1774 1895 1805 realis.
1919 1774 1960 1805 Et
1983 1773 2059 1805 ideo
2083 1778 2214 1814 oportet
2242 1773 2435 1805 relationem
2458 1774 2517 1806 de-

1436 1819 1630 1861 pendentiae
1654 1824 1818 1851 creaturae
1841 1818 1882 1850 ad
1905 1819 2013 1851 Deum
2033 1828 2102 1850 esse
2125 1828 2195 1850 rem
2217 1817 2377 1859 aliquam:
2402 1818 2514 1850 relatio

1437 1865 1524 1896 enim
1549 1865 1671 1895 habens
1693 1863 1944 1895 fundamentum
1975 1869 2006 1894 et
2036 1873 2168 1895 causam
2196 1862 2317 1894 realem
2339 1868 2389 1894 est
2410 1863 2515 1895 realis.

1437 1910 1478 1940 Et
1501 1909 1648 1949 intelligo
1672 1907 1923 1940 fundamentum
1945 1908 2030 1940 reale
2058 1907 2182 1948 aliquid
2210 1907 2297 1939 reale
2319 1907 2460 1939 existens
2480 1909 2516 1940 in

1437 1964 1481 1990 re,
1499 1963 1537 1985 ex
1553 1963 1622 1994 quo
1645 1962 1695 1984 res
1718 1953 1816 1984 habet
1830 1959 1877 1989 ut,
1893 1953 1986 1984 omni
2009 1957 2138 1984 remoto
2161 1957 2237 1983 actu
2258 1952 2455 1990 intellectus,
2473 1952 2516 1984 ad

1437 1998 1525 2030 aliud
1547 1997 1733 2029 ordinetur:
1757 2007 1826 2028 non
1856 2003 1967 2029 autem
1996 1998 2124 2039 accipio
2153 1995 2403 2028 fundamentum
2429 1997 2516 2029 reale

1437 2043 1651 2079 materialiter,
1676 2051 1738 2084 pro
1761 2052 1794 2073 re
1818 2041 1969 2073 videlicet
1991 2042 2068 2073 reali
2092 2051 2131 2073 ex
2155 2051 2219 2082 qua
2238 2041 2420 2073 intellectus
2436 2051 2516 2074 con-

1438 2089 1516 2129 cipit
1540 2087 1662 2129 aliquid
1685 2087 1826 2119 relative.

1494 2132 1582 2164 Cum
1605 2141 1683 2174 ergo
1707 2133 1843 2164 instatur
1866 2130 1956 2172 quod
1981 2130 2095 2162 eadem
2118 2131 2244 2161 ratione
2267 2135 2299 2161 et
2322 2130 2434 2162 relatio
2455 2131 2517 2163 Dei

1438 2177 1478 2208 ad
1502 2183 1680 2208 creaturam
1705 2177 1764 2208 erit
1787 2176 1900 2208 relatio
1923 2175 2026 2212 realis,
2050 2180 2186 2216 negatur
2203 2177 2449 2216 consequentia.
2466 2176 2518 2208 Ad

1437 2223 1666 2264 probationem
1690 2222 1807 2254 dicitur
1822 2220 1914 2263 quod
1928 2230 1998 2252 non
2014 2225 2062 2251 est
2077 2220 2190 2251 similis
2211 2221 2304 2252 ratio.
2329 2220 2427 2259 Quia,
2442 2222 2519 2254 licet

1439 2268 1528 2299 Deus
1558 2267 1685 2298 realiter
1715 2273 1816 2304 creet,
1840 2267 1923 2298 sicut
1953 2270 2098 2297 creatura
2127 2265 2255 2296 realiter
2285 2271 2420 2303 creatur,
2450 2276 2518 2299 non

1437 2318 1547 2344 tamen
1578 2322 1618 2343 ex
1647 2311 1724 2344 reali
1755 2313 1935 2347 creatione,
1965 2319 2066 2352 quae,
2090 2315 2250 2352 quantum
2280 2309 2322 2341 ad
2351 2311 2518 2344 entitatem

1438 2367 1538 2399 quam
1554 2356 1640 2393 dicit,
1654 2362 1702 2388 est
1717 2358 1787 2398 ipsa
1804 2357 1912 2388 divina
1927 2355 2074 2391 essentia,
2091 2354 2181 2386 Deus
2197 2354 2360 2396 dependet
2374 2355 2414 2386 ad
2430 2365 2517 2387 crea-

1438 2409 1554 2438 turam,
1580 2402 1681 2443 quasi,
1706 2402 1798 2433 nullo
1822 2401 1989 2432 intellectu
2013 2399 2248 2437 considerante,
2265 2409 2304 2430 ex
2319 2400 2390 2441 ipsa
2409 2399 2518 2432 divina

1439 2448 1567 2478 actione
1592 2452 1623 2477 et
1647 2446 1756 2478 divina
1787 2447 1924 2477 essentia
1953 2446 2139 2477 innascatur
2168 2445 2350 2476 necessario
2373 2444 2455 2477 ordo
2478 2445 2519 2477 ad

1439 2498 1629 2523 creaturam.
1661 2491 1697 2522 In
1729 2498 1873 2522 creatura
1902 2496 2022 2527 autem,
2046 2499 2085 2520 ex
2108 2490 2185 2521 reali
2212 2489 2430 2530 productione
2453 2500 2518 2532 qua

1440 2543 1487 2568 est
1512 2547 1529 2567 a
1553 2536 1624 2568 Deo
1649 2535 1819 2577 producta,
1844 2541 1892 2567 est
1914 2537 2030 2567 entitas
2053 2544 2091 2566 ex
2115 2544 2180 2576 qua
2203 2533 2385 2566 secundum
2409 2544 2443 2566 se
2461 2543 2519 2568 ne-

1440 2581 1579 2613 cessario
1603 2582 1779 2612 innascitur
1795 2579 1876 2612 ordo
1893 2580 1933 2612 ad
1949 2581 2058 2611 Deum
2074 2584 2110 2611 ut
2129 2579 2170 2611 ad
2189 2589 2286 2610 suurn
2310 2580 2518 2621 principium.

1439 2627 1534 2658 Ratio
1559 2625 1748 2657 diversitatis
1773 2631 1829 2662 est,
1854 2626 1929 2667 quia
1954 2630 2098 2656 creatura
2122 2634 2160 2655 ex
2186 2624 2258 2655 Deo
2282 2624 2518 2665 perfectionem

1440 2678 1472 2704 et
1501 2680 1569 2702 esse
1604 2672 1732 2712 accipit,
1756 2671 1845 2702 Deus
1876 2676 1986 2702 autem
2017 2679 2055 2702 ex
2080 2675 2224 2701 creatura
2254 2669 2379 2715 nullam
2401 2671 2520 2712 accipit

1439 2715 1687 2758 perfectionem.

1491 2761 1530 2792 V.
1545 2760 1595 2792 Ad
1611 2759 1793 2792 secundum
1811 2760 1947 2791 dubium
1959 2760 1977 2776 ⁴*
1993 2759 2222 2801 respondetur:
2247 2764 2279 2790 et
2295 2758 2414 2803 dicitur
2427 2759 2519 2802 qud

1440 2806 1571 2843 creatio,
1603 2804 1784 2837 secundum
1809 2804 1900 2846 quod
1930 2803 2131 2846 significatur
2158 2813 2217 2846 per
2245 2802 2384 2836 modum
2411 2807 2519 2838 muu-

1439 2852 1538 2882 tionis
1559 2856 1591 2882 et
1606 2852 1687 2887 viae,
1703 2860 1772 2882 non
1797 2856 1854 2887 est,
1878 2850 2009 2891 proprie
2032 2849 2211 2891 loquendo,
2227 2849 2262 2880 id
2276 2846 2368 2890 quod
2382 2839 2518 2886 creatur,

1440 2896 1497 2928 sed
1521 2906 1588 2937 quo
1612 2895 1733 2938 aliquid
1758 2900 1893 2927 creatur.
1917 2895 1994 2926 Non
2018 2901 2066 2926 est
2088 2900 2198 2927 autem
2225 2894 2461 2926 inconveniens
2483 2899 2520 2927 nt

1441 2941 1563 2982 aliquid
1587 2951 1656 2972 non
1679 2950 1736 2982 per
1759 2939 1857 2977 aliud,
1881 2939 1939 2971 sed
1960 2940 2068 2982 seipso
2092 2941 2133 2972 sit
2154 2945 2310 2981 tanquam
2331 2938 2364 2971 id
2379 2948 2448 2981 quo
2463 2938 2519 2971 au-

1441 2985 1521 3027 quid
1545 2991 1602 3022 est,
1627 2995 1685 3027 per
1707 2985 1890 3027 simplicem
1915 2985 2156 3016 emanationem
2179 2985 2301 3016 habens
2317 2993 2335 3015 a
2350 2993 2408 3017 sua
2423 2992 2520 3017 causa

1442 3041 1522 3062 esse.
1547 3030 1641 3063 Unde
1666 3031 1730 3062 hoc
1754 3029 1855 3061 modo
1880 3030 2000 3061 creatio
2020 3039 2088 3061 non
2112 3039 2146 3060 se
2170 3029 2267 3060 habet
2282 3029 2366 3060 sicut
2380 3028 2413 3060 id
2429 3027 2520 3073 quod

1443 3082 1578 3113 creatur,
1595 3076 1651 3107 sed
1667 3076 1750 3107 sicut
1765 3075 1798 3106 id
1814 3084 1882 3116 quo
1907 3074 1994 3106 aliud
2018 3080 2158 3106 creatur:
2183 3075 2268 3106 sicut
2290 3073 2435 3105 alteratio
2450 3082 2519 3104 non

1442 3127 1500 3158 est,
1524 3127 1560 3152 ut
1583 3121 1639 3158 sic,
1664 3120 1697 3151 id
1720 3119 1811 3162 quod
1835 3120 1995 3156 alteratur,
2019 3118 2076 3151 sed
2099 3119 2133 3150 id
2156 3128 2224 3160 quo
2248 3117 2336 3151 aliud
2359 3118 2519 3150 alta-ntur.

1442 3165 1547 3202 Unde,
1563 3166 1647 3197 sicut
1667 3174 1736 3196 non
1760 3170 1891 3206 oportet
1914 3173 2069 3205 quaerere
2091 3173 2151 3206 per
2173 3164 2253 3206 quid
2275 3163 2421 3195 alteratio
2441 3161 2519 3194 alte·

1442 3217 1529 3242 retur
1560 3220 1621 3242 suo
1651 3210 1764 3247 modo,
1788 3209 1880 3247 idest,
1905 3219 1962 3251 per
1985 3209 2064 3251 quid
2087 3210 2127 3241 sit
2150 3219 2218 3251 quo
2242 3207 2330 3240 aliud
2358 3207 2518 3243 alteretur,

1442 3255 1499 3287 sed
1523 3256 1627 3297 seipsa
1651 3261 1698 3286 est
1721 3255 1808 3291 talis;
1840 3255 1883 3286 ita
1913 3264 1982 3286 non
2013 3259 2143 3296 oportet
2173 3261 2326 3294 quaerere
2352 3261 2411 3293 per
2439 3250 2519 3293 quid

1443 3301 1562 3332 creatio
1579 3305 1706 3332 creetur
1722 3300 1783 3331 isto
1800 3299 1914 3336 modo,
1930 3299 1987 3330 sed
2002 3299 2107 3340 seipsa
2123 3302 2171 3330 est
2186 3297 2266 3330 talis.
2280 3299 2518 3337 Argumentum

1443 3351 1551 3377 autem
1576 3345 1735 3386 supponit
1757 3343 1848 3386 quod
1871 3345 1950 3386 ipsa,
1974 3342 2150 3385 significata
2172 3351 2231 3384 per
2252 3340 2390 3373 modum
2414 3346 2519 3372 muta-

1443 3391 1551 3426 tionis,
1576 3400 1610 3421 se
1633 3390 1749 3421 habeat
1772 3390 1855 3421 sicut
1879 3388 1969 3430 quod
1993 3392 2128 3419 creatur.
2151 3386 2252 3426 Quod
2276 3392 2323 3418 est
2347 3385 2473 3417 falsum.

1499 3435 1626 3466 Dicitur
1653 3434 1811 3471 secundo,
1835 3433 1926 3476 quod
1956 3433 2087 3469 creatio,
2111 3431 2293 3463 secundum
2323 3431 2415 3472 quod
2443 3440 2519 3463 vere

1443 3485 1491 3510 est
1514 3480 1626 3512 relatio
1659 3485 1690 3511 et
1721 3485 1875 3515 creatura,
1899 3486 1968 3510 non
1998 3481 2124 3508 creatur
2149 3476 2211 3508 alia
2239 3476 2418 3508 creatione:
2442 3476 2519 3517 quia

1443 3525 1542 3555 creari
1558 3525 1622 3556 hoc
1638 3523 1740 3556 modo
1756 3523 1836 3555 nihil
1857 3521 1944 3554 aliud
1967 3527 2014 3553 est
2037 3530 2137 3562 quam
2160 3521 2277 3552 habere
2300 3520 2519 3552 universaliter

1444 3579 1513 3600 esse
1538 3570 1576 3600 ab
1601 3569 1674 3606 alio,
1700 3574 1732 3600 et
1755 3567 1795 3600 ad
1818 3567 1897 3599 illud
1928 3565 2039 3598 referri
2068 3571 2224 3607 tanquam
2252 3565 2292 3597 ad
2321 3565 2518 3608 principium

1443 3613 1493 3645 sui
1517 3623 1603 3649 esse;
1635 3613 1748 3645 relatio
1779 3618 1888 3644 autem
1918 3620 1985 3642 non
2017 3609 2152 3642 refertur
2182 3611 2243 3642 alia
2272 3610 2438 3646 relatione,
2462 3609 2518 3640 sed

1444 3659 1560 3699 seipsa.
1584 3658 1744 3699 Deceptio
1767 3662 1877 3688 autem
1900 3654 1988 3697 apud
2011 3655 2138 3696 aliquos
2162 3654 2277 3687 accidit
2300 3655 2377 3696 quia
2406 3654 2518 3694 imagi-

1444 3708 1562 3734 nantur
1585 3703 1782 3734 creationem
1806 3710 1875 3732 esse
1891 3710 1999 3731 veram
2025 3701 2187 3732 actionem
2205 3704 2434 3735 transeuntem,
2451 3708 2519 3730 rea-

2539 746 2548 756 ·
2564 745 2616 767 Did.
2629 745 2669 773 Vt,
2680 751 2696 772 ι,
2706 745 2730 768 6.

2538 879 2549 889 ·
2564 878 2600 900 Cf.
2615 884 2637 900 n.
2649 883 2690 900 vn.

2538 906 2558 916 ··
2574 905 2633 933 Cap.
2647 910 2699 926 xnt.

2546 2761 2556 2770 ·
2569 2759 2641 2783 Nun.
2651 2764 2688 2788 ιιι,
2696 2765 2718 2782 a.
