2768 4134
17 382 28 393 ·
43 380 100 409 Cap.
111 386 181 403 μιν.

0 2558 6 2571 ..
0 2363 10 2542 ...νη-..γ-

821 298 1009 336 SUMMA
1038 300 1260 338 CONTRA
1288 301 1562 350 GENTlLES,
1594 303 1705 341 CAP.
1726 305 1897 342 LXXXI.

263 387 356 412 suae
385 375 565 413 bonitatis
578 376 610 413 *.
640 377 830 414 Voluntas
858 386 989 415 autem
1018 392 1099 417 non
1127 393 1173 417 ex
1202 393 1332 419 neces-

262 428 371 465 sitate
398 429 518 467 fertur
545 429 585 466 in
614 442 659 467 ea
687 442 788 479 quae
817 439 907 468 sunt
939 433 987 469 ad
1021 433 1155 478 finem,
1185 434 1216 471 si
1243 434 1333 472 finis

262 480 344 519 sine
363 481 424 521 his
443 493 528 519 esse
546 482 682 532 possit:
712 494 793 520 non
817 484 920 521 enim
942 485 1058 523 habet
1077 498 1233 524 necesse
1252 495 1333 524 me*

262 534 384 583 dicus,
405 548 453 572 ex
472 535 738 586 suppositione
762 538 970 575 voluntatis
995 551 1114 588 quam
1143 541 1259 578 habet
1284 540 1333 578 de

262 589 451 634 sanando,
471 588 534 627 illa
552 590 839 628 medicamenta
862 591 1046 630 adhibere
1069 593 1230 631 infirmo.
1252 594 1333 631 sine

262 641 407 690 quibus
425 641 681 679 nihilominus
700 651 825 692 potest
844 644 1046 682 infirmum
1066 658 1213 684 sanare.
1228 647 1334 684 Cum

261 693 376 743 igitur
399 694 531 732 divina
560 695 712 733 bonitas
741 696 822 734 sine
851 697 932 735 aliis
960 710 1043 735 esse
1070 699 1202 750 possit,
1223 700 1334 750 quin-

261 747 386 786 immo
401 758 474 786 nec
490 760 562 798 per
580 749 653 786 alia
672 749 707 786 ei
727 749 871 800 aliquid
891 760 1097 797 accrescat3
1118 754 1223 790 nulla
1237 753 1335 790 inest

261 799 296 838 ei
320 801 527 839 necessitas
551 810 594 839 ut
616 802 689 840 alia
708 803 798 841 velit
823 816 869 842 ex
892 805 969 842 hoc
989 806 1097 854 quod
1117 807 1199 843 vult
1222 819 1335 844 suam

262 853 486 893 bonitatem.

314 907 468 945 Adhuc.
499 909 603 946 Cum
630 909 782 947 bonum
812 910 1045 948 intellectum
1066 910 1112 948 sit
1130 911 1334 961 proprium

261 959 459 998 obiectum
497 962 716 1009 voluntatis,
755 963 959 1000 cuiuslibet
994 975 1066 1013 per
1101 964 1335 1002 intellectum

261 1014 438 1064 concepti
466 1024 591 1064 potest
619 1028 702 1054 esse
731 1018 911 1054 voluntas
943 1016 1011 1053 ubi
1044 1018 1212 1061 salvatur
1239 1018 1334 1055 ratio

260 1067 366 1107 boni.
396 1069 521 1113 Unde,
542 1069 723 1118 quamvis
751 1081 834 1106 esse
863 1069 1076 1117 cuiuslibet,
1102 1070 1335 1120 inquantum

262 1120 502 1168 huiusmodi,
522 1122 675 1160 bonum
703 1122 760 1168 sit,
786 1134 868 1159 non
895 1134 979 1160 esse
1007 1131 1138 1161 autem
1167 1126 1332 1170 malum;
1350 1139 1358 1153 ¹

260 1173 392 1224 ipsum
419 1183 551 1212 tamen
570 1186 652 1212 non
672 1187 754 1212 esse
775 1175 935 1212 alicuius
954 1183 1079 1225 potest
1097 1177 1234 1214 cadere
1261 1178 1334 1214 sub

259 1229 460 1267 voluntate
479 1227 627 1265 ratione
647 1227 809 1265 alicuius
828 1228 921 1266 boni
940 1229 1110 1267 adiuncti
1130 1231 1236 1280 quod
1264 1232 1334 1268 sal-

260 1289 386 1341 Xssml'a
406 1281 492 1319 licet
510 1292 594 1331 non
621 1292 668 1319 ex
695 1281 934 1319 necessitate:
965 1290 1021 1319 est
1049 1283 1154 1320 enim
1182 1285 1333 1321 bonum

256 1330 649 1384 aliquicfesseJetiam
664 1334 739 1372 alio
754 1347 836 1372 non
851 1335 1044 1373 existente.
1067 1337 1204 1374 Solum
1223 1336 1336 1386 igitur

258 1378 354 1431 illud
382 1387 537 1425 bonum
563 1388 757 1433 voluntas,
787 1389 1005 1426 secundum
1039 1389 1099 1426 sui
1131 1390 1332 1437 rationem,
1349 1405 1375 1418 20

260 1451 347 1478 non.
365 1447 493 1490 potest
511 1442 610 1478 velle
639 1453 720 1478 non
748 1453 843 1488 esse,
864 1454 944 1492 quo
964 1454 1045 1480 non
1065 1442 1246 1480 existente
1265 1445 1334 1480 tol·

260 1493 353 1549 litut*v
375 1492 542 1532 totaliter
568 1493 665 1532 ratio
693 1495 798 1532 boni.
828 1495 925 1533 Tale
953 1503 1084 1532 autem
1108 1498 1260 1533 nullum
1280 1505 1336 1533 est

258 1545 413 1608 &aeter
439 1548 582 1585 Deum.
612 1548 743 1585 Potest
770 1547 884 1597 igitur
905 1549 1096 1595 voluntas,
1117 1549 1335 1586 secundum

259 1589 335 1653 stii
345 1598 553 1648 rationem,
582 1601 680 1639 velle
709 1613 791 1639 non
819 1613 902 1639 esse
930 1614 1224 1653 quamcumque
1253 1615 1336 1640 rem

259 1662 414 1704 {ep-aeter
426 1654 570 1692 Deum.
592 1651 670 1692 Sed
689 1653 728 1692 in
743 1655 830 1692 Deo
850 1662 906 1692 est
918 1655 1100 1692 voluntas
1119 1656 1336 1693 secundum
1351 1670 1363 1684 ²

261 1714 383 1746 totam
403 1719 516 1745 suam
534 1708 770 1745 facultatem:
801 1707 935 1746 omnia
959 1708 1065 1745 enim
1085 1707 1125 1746 in
1143 1708 1230 1758 ipso
1249 1717 1337 1746 sunt

259 1758 529 1812 tmiyei‘saliter
555 1761 722 1811 perfecta
745 1761 778 1798 *.
808 1762 938 1799 Potest
965 1761 1078 1810 igitur
1105 1759 1212 1799 Deus
1239 1764 1338 1799 velle

260 1810 446 1865 ffin'esse
458 1814 756 1865 vquamcumque
776 1826 860 1852 rem
875 1814 991 1852 aliam
1004 1822 1156 1864 praeter
1170 1827 1222 1852 se.
1244 1815 1337 1852 Non

258 1858 376 1919 insitus
402 1868 452 1907 de
480 1867 705 1919 necessitate
733 1869 816 1905 vult
843 1880 927 1906 esse
955 1867 1029 1906 alia
1056 1881 1079 1906 a
1107 1880 1159 1906 se.

287 1919 507 1971 ‘'AmpliuS.
538 1921 656 1968 Deus,
676 1921 847 1958 volendo
872 1920 1085 1959 bonitatem
1110 1933 1235 1968 suam,
1255 1923 1338 1960 vult

260 1985 347 2012 esse
364 1973 440 2012 alia
462 1986 484 2011 a
504 1985 545 2011 se
569 1981 686 2024 prout
713 1973 927 2011 bonitatem
950 1974 1034 2012 eius
1057 1974 1286 2024 participant
1303 1975 1334 2012 ⁸.

262 2027 368 2073 Cum
386 2035 520 2066 autem
539 2026 671 2064 divina
689 2027 842 2064 bonitas
861 2027 908 2064 sit
926 2026 1086 2073 infinita,
1104 2035 1160 2064 est
1179 2027 1336 2065 infinitis

262 2079 392 2129 modis
416 2079 702 2142 participabilis,
729 2088 765 2118 et
792 2080 873 2118 aliis
899 2079 1028 2118 modis
1053 2092 1173 2130 quam
1199 2082 1248 2118 ab
1278 2080 1336 2118 his

262 2127 446 2186 ementitus
469 2146 571 2185 quae
600 2145 706 2171 nunc
734 2141 823 2172 sunt
849 2133 1107 2184 participetur.
1141 2133 1182 2172 Si
1211 2133 1335 2183 igitur,

263 2199 310 2228 ex
333 2187 416 2232 &¹209
443 2187 551 2237 quod
579 2188 663 2224 vult
689 2186 903 2224 bonitatem
927 2199 1050 2234 suam,
1071 2188 1185 2224 vellet
1203 2188 1252 2225 de
1271 2200 1336 2225 ne-

263 2239 436 2279 cessitate
468 2249 516 2278 ea
546 2252 648 2290 quae
683 2239 808 2290 ipsam
842 2239 1082 2290 participant,
1111 2249 1338 2290 sequeretur

263 2292 373 2344 quod
391 2295 506 2331 vellet
523 2304 607 2331 esse
625 2293 793 2331 infinitas
812 2301 1017 2339 creaturas,
1032 2293 1190 2331 infinitis
1210 2294 1337 2332 modis

262 2346 533 2401 participantes
561 2359 673 2384 suam
702 2347 924 2384 bonitatem.
962 2347 1082 2394 Quod
1117 2355 1220 2397 patet
1254 2359 1337 2384 esse

319 2451 420 2490 ani...
437 2463 532 2498 possit]
552 2464 646 2491 nisi...
664 2472 717 2490 non
736 2464 819 2496 possit
837 2464 867 2490 Z.

263 2497 397 2527 infirmum
414 2507 459 2525 om
479 2500 534 2525 EG.
626 2499 656 2526 31
678 2499 748 2534 esse]
767 2499 844 2525 etiarn
865 2500 915 2525 ΡΑ.
1006 2498 1038 2524 32
1058 2504 1099 2524 est
1117 2507 1159 2524 om
1179 2499 1228 2532 Pa.

972 2463 986 2489 3
1005 2463 1084 2489 habet
1103 2462 1221 2497 necesse]
1247 2462 1325 2488 habet
1348 2462 1530 2488 necessitatem
1555 2462 1586 2493 N,
1606 2462 1661 2487 vult
1682 2461 1836 2486 necessitate
1854 2460 1884 2485 Z.

1321 2498 1352 2524 33
1372 2497 1407 2532 et]
1427 2499 1504 2523 etiam
1525 2498 1573 2523 Pd.

2381 309 2454 346 225

1387 382 1542 419 falsum:
1572 383 1675 432 quia,
1702 383 1732 420 si
1756 385 1879 431 vellet,
1902 394 2043 431 essent;
2064 398 2156 423 cum
2185 399 2255 424 sua
2277 389 2456 426 voluntas

1388 435 1434 472 sit
1461 435 1696 485 principium
1725 437 1877 474 essendi
1906 439 2034 484 rebus,
2059 448 2102 476 ut
2127 439 2257 477 infra*
2280 443 2455 479 ostende-

1388 497 1460 525 tur.
1489 489 1582 525 Non
1603 489 1714 537 igitur
1742 502 1787 526 ex
1816 491 2036 528 necessitate
2057 495 2138 529 vult
2157 493 2271 530 etiam
2291 505 2337 531 ea
2355 506 2456 544 quae

1388 553 1495 579 nunc
1523 550 1622 579 sunt.

1441 595 1548 633 Item.
1579 595 1769 644 Sapientis
1797 597 1987 643 voluntas,
2017 610 2063 634 ex
2093 599 2168 635 hoc
2197 600 2304 648 quod
2327 609 2384 637 est
2406 602 2455 640 de

1389 660 1517 694 causa,
1538 656 1594 685 est
1612 649 1661 686 de
1680 648 1820 685 effectu
1844 649 1910 698 qui
1940 662 1986 686 ex
2014 662 2130 688 causa
2157 652 2206 688 de
2234 653 2454 691 necessitate

1389 701 1578 751 sequitur:
1622 703 1782 739 stultum
1818 702 1923 739 enim
1956 712 2054 740 esset
2086 705 2183 740 velle
2220 707 2341 743 solem
2378 707 2454 743 exi-

1390 762 1487 792 stere
1516 765 1634 804 super
1660 763 1813 802 terram,
1843 764 1880 792 et
1908 767 1988 792 non
2017 768 2098 793 esse
2126 756 2202 793 diei
2234 758 2452 796 claritatem.

1391 808 1468 845 Sed
1503 808 1684 846 effectum
1720 807 1787 858 qui
1825 820 1905 846 non
1941 821 1987 846 ex
2025 810 2247 847 necessitate
2284 812 2455 861 sequitur

1351 876 1376 890 ιο
1390 873 1436 898 ex
1465 873 1593 907 causa,
1623 873 1704 899 non
1733 869 1788 899 est
1815 873 1971 899 necesse
2000 862 2170 912 aliquem
2199 865 2295 901 velle
2315 876 2360 901 ex
2379 866 2455 902 hoc

1390 915 1497 963 quod
1526 915 1608 951 vult
1635 927 1805 952 causam.
1835 916 1871 951 A
1893 915 1978 952 Deo
1999 923 2130 952 autem
2148 917 2365 965 procedunt
2383 917 2456 954 alia

1390 972 1470 1005 non
1506 979 1552 1004 ex
1587 968 1822 1014 necessitate,
1852 975 1894 1005 ut
1929 967 2026 1005 infra
2048 968 2068 991 '¹‘
2096 969 2329 1006 ostendetur.
2363 971 2455 1007 Non

1390 1019 1502 1068 igitur
1530 1032 1686 1058 necesse
1721 1029 1776 1058 est
1803 1021 1910 1071 quod
1939 1021 2047 1058 Deus
2075 1022 2147 1059 alia
2179 1022 2269 1059 velit
2301 1035 2347 1059 ex
2380 1024 2456 1060 hoc

1390 1074 1497 1122 quod
1525 1075 1607 1110 vult
1636 1086 1687 1111 se.

1442 1126 1631 1175 Amplius
1666 1128 1743 1164 Res
1774 1127 1990 1176 procedunt
2027 1139 2049 1164 a
2086 1128 2172 1165 Deo
2209 1128 2305 1165 sicut
2341 1128 2455 1167 artifi-

1389 1179 1484 1216 ciata
1503 1180 1552 1216 ab
1571 1179 1727 1227 artifice,
1747 1188 1790 1217 ut
1807 1179 1904 1217 infra
1917 1180 1938 1201 *
1956 1181 2190 1218 ostendetur.
2217 1182 2294 1218 Sed
2313 1182 2454 1228 artifex,

1389 1232 1569 1281 quamvis
1596 1233 1687 1270 velit
1721 1245 1760 1269 se
1796 1233 1938 1270 habere
1973 1241 2106 1280 artem,
2135 1246 2216 1271 non
2251 1243 2380 1272 tamen
2409 1247 2454 1272 ex

1389 1285 1610 1322 necessitate
1638 1287 1721 1322 vult
1755 1285 1951 1323 artificiata
1985 1286 2210 1336 producere.
2247 1288 2349 1336 Ergo
2384 1300 2456 1325 nec

1388 1338 1495 1376 Deus
1524 1350 1570 1375 ex
1598 1339 1820 1376 necessitate
1847 1340 1930 1376 vult
1957 1339 2030 1376 alia
2057 1352 2080 1377 a
2107 1352 2147 1377 se
2176 1353 2269 1378 esse.

1443 1391 1510 1428 Est
1538 1403 1629 1440 ergo
1657 1392 1983 1430 considerandum
2012 1405 2130 1442 quare
2157 1394 2263 1430 Deus
2282 1393 2353 1431 alia
2374 1406 2396 1431 a
2415 1406 2455 1430 se

1390 1456 1436 1481 ex
1451 1445 1673 1482 necessitate
1692 1444 1795 1491 sciat,
1811 1457 1892 1482 non
1909 1453 2039 1482 autem
2054 1458 2100 1483 ex
2116 1446 2336 1484 necessitate
2350 1446 2454 1484 velit:

1390 1509 1482 1534 cum
1500 1505 1645 1543 tamen,—
1673 1510 1719 1535 ex
1740 1499 1824 1535 vhoc
1851 1499 1958 1547 quod
1987 1498 2155 1547 intelligit
2173 1507 2210 1536 et
2227 1501 2309 1536 vult
2328 1511 2379 1546 se,
2400 1499 2456 1536 in-

1390 1550 1529 1600 telligat
1547 1559 1585 1588 et
1602 1550 1692 1588 velit
1711 1550 1783 1588 alia
1793 1551 1824 1588 ²⁸⁸.
1845 1551 1973 1588 Huius
1993 1560 2123 1588 autem
2143 1551 2238 1589 ratio
2258 1560 2327 1589 est:
2349 1553 2456 1602 quod

1391 1603 1498 1640 enim
1516 1603 1727 1652 intelligens
1746 1604 1925 1652 intelligat
1943 1603 2100 1654 aliquid,
2116 1613 2171 1641 est
2189 1617 2235 1642 ex
2255 1606 2331 1642 hoc
2350 1606 2457 1655 quod

1392 1656 1602 1705 intelligens
1621 1669 1661 1694 se
1681 1657 1796 1695 habet
1815 1657 1990 1706 quodam
2017 1657 2155 1702 modo;
2183 1665 2299 1706 prout
2317 1670 2363 1695 ex
2383 1659 2458 1695 hoc

1392 1709 1536 1759 aliquid
1564 1717 1652 1747 actu
1680 1709 1896 1758 intelligitur
1923 1711 2029 1759 quod
2059 1718 2114 1746 est
2141 1710 2224 1747 eius
2251 1710 2458 1748 similitudo

1392 1762 1432 1799 in
1460 1762 1699 1812 intelligente.
1731 1763 1808 1800 Sed
1836 1763 1943 1812 quod
1971 1765 2107 1800 volens
2130 1763 2274 1812 aliquid
2293 1763 2392 1808 velit,
2413 1775 2459 1800 ex

1391 1816 1469 1853 hoc
1488 1823 1544 1853 est
1562 1816 1670 1866 quod
1689 1815 1852 1853 volitum
1874 1816 2004 1866 aliquo
2030 1816 2151 1853 modo
2171 1828 2211 1853 se
2231 1816 2361 1854 habet:
2390 1829 2459 1853 vo-

1392 1870 1523 1906 lumus
1551 1869 1656 1907 enim
1685 1868 1830 1918 aliquid
1860 1870 1920 1907 vel
1949 1869 2040 1919 quia
2067 1868 2155 1906 finis
2183 1877 2250 1915 est,
2278 1869 2341 1907 vel
2368 1869 2459 1919 quia

1364 1922 1441 1960 oad
1469 1922 1591 1959 finem
1619 1922 1830 1960 ordinatur.
1859 1923 1954 1960 Esse
1982 1930 2113 1960 autem
2141 1922 2273 1960 omnia
2300 1922 2339 1959 in
2360 1923 2457 1970 Deo,

1392 1983 1434 2012 ut
1461 1975 1500 2012 in
1530 1988 1577 2012 eo
1606 1974 1760 2023 intelligi
1787 1983 1957 2025 possent,
1978 1987 2024 2012 ex
2052 1975 2273 2012 necessitate
2302 1974 2458 2024 requirit

1391 2027 1524 2065 divina
1551 2028 1732 2078 perfectio
1746 2027 1782 2065 *t
1812 2040 1893 2065 non
1921 2035 2052 2065 autem
2081 2027 2211 2065 divina
2239 2028 2389 2065 bonitas
2410 2040 2456 2065 ex
2484 2031 2493 2040 '

1392 2081 1614 2118 necessitate
1642 2081 1800 2130 requirit
1828 2081 1900 2118 alia
1919 2093 2013 2126 esse,
2034 2093 2134 2130 quae
2154 2081 2192 2118 in
2212 2080 2336 2130 ipsam
2356 2081 2456 2118 ordi-

1391 2141 1533 2171 nantur
1551 2142 1594 2172 ut
1619 2134 1658 2171 in
1681 2134 1814 2172 finem.
1845 2135 1892 2171 Et
1912 2134 1963 2172 ob
1983 2134 2059 2171 hoe
2077 2146 2232 2171 necesse
2253 2142 2308 2170 est
2327 2134 2456 2171 Deum

1353 2205 1375 2226 ις
1391 2187 1465 2225 alia
1484 2186 1591 2234 scire,
1612 2199 1693 2224 non
1712 2195 1842 2226 autem
1861 2189 1970 2225 velle.
2000 2187 2111 2224 Unde
2131 2199 2204 2224 nec
2224 2186 2356 2224 omnia
2374 2188 2457 2224 vult

1391 2253 1492 2290 quae
1521 2241 1570 2278 ad
1597 2240 1809 2278 bonitatem
1841 2239 1961 2290 ipsius
1989 2239 2167 2277 ordinem
2198 2240 2340 2277 habere
2368 2252 2456 2289 pos-

1392 2302 1490 2331 sent:
1507 2293 1640 2331 omnia
1653 2301 1784 2331 autem
1799 2293 1867 2330 scit
1881 2305 1982 2343 quae
1997 2294 2045 2330 ad
2061 2293 2264 2330 essentiam
2279 2292 2372 2335 eius,
2388 2305 2458 2342 per

1392 2359 1512 2397 quam
1541 2346 1720 2395 intelligit,
1741 2347 2069 2396 qualemcumque
2097 2345 2274 2383 ordinem
2302 2345 2455 2383 habent.

1987 2459 2003 2485 6
2022 2459 2188 2486 nihilominus
2205 2464 2267 2492 post
2284 2466 2372 2494 potest
2389 2461 2457 2486 GPc.

1665 2496 1699 2528 34
1717 2497 1794 2530 igitur
1812 2504 1854 2522 om
1875 2496 1904 2522 Ρ.
1996 2494 2027 2520 35
2047 2495 2134 2529 vellet]
2154 2496 2221 2521 velle
2239 2496 2311 2521 aEY.

319 2534 351 2560 15
371 2533 503 2568 Amplius]
522 2535 654 2568 Amplius.
675 2535 745 2560 Deus
763 2536 876 2560 volendo
895 2535 1037 2560 bonitatem
1057 2542 1133 2560 suam
1152 2531 1209 2559 vult
1228 2534 1276 2559 alia
1294 2541 1354 2558 esse
1373 2542 1388 2558 a
1407 2541 1436 2558 se
1453 2538 1531 2566 prout
1549 2534 1690 2558 bonitatem
1710 2532 1766 2557 eius
1785 2532 1948 2564 participanQ
1968 2539 2027 2556 cum
2045 2536 2131 2556 autem
2151 2532 2236 2556 divina
2253 2531 2355 2556 bonitas
2370 2532 2404 2556 sit
2420 2533 2457 2556 in-

263 2569 335 2596 finita
353 2569 446 2600 αΕΥες
465 2574 506 2596 est
523 2577 603 2596 error
619 2571 827 2603 transcriptor-is
845 2571 1041 2596 homoteleuton
1062 2570 1364 2602 repeterejnm'pi'entn's:

1381 2569 1416 2602 tf.
1435 2569 1502 2594 830-

1594 2568 1626 2593 23
1647 2568 1724 2598 Quod
1743 2568 1812 2592 enim
1831 2567 1978 2600 intelligens
1991 2567 2116 2598 intelligat
2129 2566 2224 2600 aliquid
2239 2572 2280 2591 est
2293 2575 2335 2592 om
2350 2567 2458 2592 aEch.

265 2605 299 2632 ²5
317 2611 396 2639 prout
413 2613 445 2631 ex
462 2606 514 2631 hoc
531 2606 629 2639 aliquid
647 2611 706 2632 actu
723 2607 876 2639 intelligitur
892 2607 965 2639 quod
985 2607 1026 2631 Ita
1045 2613 1094 2631 nos
1111 2606 1176 2634 soli:
1193 2613 1225 2630 ex
1243 2605 1293 2630 hoc
1311 2610 1390 2637 prout
1409 2604 1450 2637 (ex
1469 2604 1518 2629 hoc
1537 2604 1608 2636 quod
1626 2609 1704 2635 prout
1721 2603 1774 2635 aY)
1793 2604 1888 2636 aliquid
1902 2609 1964 2628 >actu
1983 2602 2131 2634 intelligitur
2149 2601 2308 2634 (intelligunt
2321 2603 2370 2633 αΥ,
2384 2603 2458 2628 intel-

265 2641 320 2676 ligit
336 2641 382 2674 cd)
401 2642 474 2675 quod
492 2642 597 2667 codices
615 2645 642 2667 et
660 2642 719 2673 bcd,
737 2650 768 2668 ex
787 2642 837 2668 boc
856 2642 925 2667 enim
939 2643 1012 2675 quod
1030 2642 1127 2675 aliquid
1146 2647 1203 2666 actu
1222 2641 1372 2674 intelligitur
1385 2639 1416 2666 P.

264 2680 329 2703 ante
345 2675 404 2703 finis
426 2678 469 2703 Pc.
559 2676 588 2702 31
611 2675 732 2711 possent]
751 2678 853 2710 possint
871 2677 966 2708 BDPd,
986 2682 1079 2711 posset
1091 2677 1146 2702 CG.

266 2711 301 2745 34
318 2713 353 2738 ob
373 2711 432 2746 hoc]
452 2712 484 2738 ab
503 2712 555 2737 hoc
573 2720 600 2738 α.
691 2712 723 2738 35
744 2720 792 2738 nec
810 2713 898 2738 omnia
916 2719 959 2738 om
979 2713 1057 2738 BFH.

1507 2637 1541 2664 26
1560 2643 1600 2664 est
1613 2643 1679 2670 post
1692 2638 1834 2664 similitudo
1848 2639 1874 2664 b.
1963 2637 1996 2663 28
2016 2642 2057 2663 eet
2069 2644 2112 2662 om
2126 2647 2151 2665 α.
2243 2647 2276 2673 ²9
2295 2646 2336 2665 est
2348 2647 2391 2664 om
2407 2640 2456 2670 αἱ),

1237 2675 1269 2700 32
1289 2676 1373 2700 divina
1392 2674 1528 2708 perfectio.
1537 2691 1558 2700 ..
1576 2675 1684 2707 requirit
1697 2674 1757 2699 hom
1770 2681 1813 2699 om
1827 2673 1906 2705 «GY3
1925 2677 1988 2698 ante
2006 2672 2090 2698 divina
2104 2672 2130 2699 ἰη
2144 2675 2167 2700 D
2179 2676 2348 2708 expungitur
2362 2675 2457 2708 ulfias),

1027 2812 1361 2846 Commentariis
1391 2813 1698 2845 Ferrariensis

343 2923 398 2944 uu
420 2918 530 2943 autem
553 2921 591 2942 ex
613 2912 652 2942 iis
674 2917 784 2952 posset
807 2911 904 2942 alicui
925 2911 1024 2942 videri
1051 2910 1141 2951 quod
1162 2912 1258 2941 etiam
1277 2911 1337 2940 alia

344 2958 434 2988 Deus
455 2967 494 2987 ex
512 2957 702 2987 necessitate
714 2956 819 2991 vellet,
833 2965 909 2986 cum
924 2956 986 2986 alia
997 2956 1074 2986 velit
1088 2955 1230 2986 volendo
1246 2964 1338 2985 suam

268 3003 456 3038 bonitatem,
480 3001 556 3031 ideo
584 3000 728 3030 secundo
758 3000 834 3030 loco
865 2999 1005 3030 ostendit
1035 2999 1170 3030 Sanctus
1193 2999 1337 3029 Thomas

235 3068 241 3075 .
269 3047 360 3087 quod
379 3047 532 3077 voluntas
546 3045 611 3075 Dei
626 3054 691 3075 non
711 3050 758 3075 est
781 3045 923 3075 aliorum
947 3054 968 3074 a
990 3053 1026 3074 se
1048 3053 1089 3074 ex
1113 3044 1299 3074 necessitate
1310 3044 1337 3074 *.

326 3091 422 3122 Circa
443 3091 508 3120 hoc
532 3096 640 3120 autem
663 3088 730 3119 duo
754 3088 843 3119 facit:
867 3089 985 3129 primo,
1010 3087 1150 3118 ostendit
1173 3088 1338 3118 veritatem

270 3135 504 3170 conclusionis;
535 3133 691 3170 secundo,
718 3133 759 3164 ad
785 3133 940 3173 quasdam
971 3133 1171 3163 obiectione-‚s
1204 3142 1339 3172 respon—

269 3180 325 3212 det
339 3181 367 3211 ἦ
390 3196 414 3203 -
436 3179 606 3217 Quantum
632 3177 673 3208 ad
699 3177 851 3218 primum,
875 3177 942 3207 duo
969 3176 1058 3207 facit:
1083 3177 1201 3217 primo,
1224 3178 1339 3217 probat

271 3224 531 3260 conclusionem;
557 3222 712 3257 secundo,
737 3228 882 3252 removet
905 3221 1070 3261 quoddam
1095 3220 1230 3251 dubium
1246 3222 1273 3251 *-

326 3269 350 3300 1.
372 3269 538 3299 Probatur
559 3277 640 3309 ergo
658 3268 768 3307 primo
793 3266 958 3297 conclusio
982 3266 1037 3295 sic.
1070 3265 1186 3295 Divina
1213 3266 1339 3295 bonitas

269 3314 339 3344 sine
355 3313 424 3344 aliis
439 3322 508 3344 esse
524 3318 645 3353 potest:
661 3313 763 3342 immo
776 3320 836 3341 nec
848 3320 906 3351 per
917 3310 978 3340 alia
994 3310 1024 3340 ei
1039 3309 1161 3349 aliquid
1177 3311 1337 3340 accrescit.

269 3358 359 3398 Ergo
380 3357 470 3388 nulla
494 3362 542 3387 est
563 3356 733 3387 necessitas
758 3355 848 3395 quod
871 3355 932 3385 alia
954 3354 1031 3384 velit
1053 3363 1091 3384 ex
1108 3363 1147 3384 eo
1165 3354 1256 3394 quod
1271 3354 1340 3384 vult

270 3412 362 3432 suam
386 3402 574 3432 bonitatem.
594 3419 618 3423 -
637 3401 794 3430 Probatur
817 3398 1057 3438 consequentia.
1082 3397 1168 3435 Quia
1190 3398 1339 3428 voluntas

269 3455 339 3477 non
368 3445 468 3477 fertur
498 3446 679 3476 necessario
706 3446 739 3474 in
767 3454 803 3474 ea
827 3453 911 3483 quae
934 3442 975 3473 ad
996 3441 1096 3472 finem
1120 3448 1195 3472 sunt
1217 3443 1244 3472 si
1266 3441 1339 3472 finis

269 3492 340 3522 sine
361 3491 400 3521 iis
423 3499 492 3521 esse
514 3490 627 3530 possit.
651 3489 808 3519 Probatur
831 3498 870 3518 ex
893 3487 1019 3517 actione
1046 3486 1162 3516 medici
1186 3487 1269 3516 circa
1291 3487 1339 3516 in-

269 3534 412 3566 firmum.
426 3535 588 3565 Voluntas
602 3539 710 3564 autem
727 3533 834 3564 divina
851 3538 898 3563 est
913 3532 1051 3562 aliorum
1065 3536 1102 3561 ut
1117 3530 1339 3561 ordinatorum

269 3579 311 3610 ad
333 3579 434 3610 finem
457 3588 535 3610 suae
557 3579 719 3609 bonitatis.
743 3578 830 3617 Ergo
855 3582 915 3607 etc.

324 3623 378 3655 Ad
393 3623 587 3654 evidentiam
602 3623 700 3653 huius
714 3622 847 3652 rationis
864 3619 1133 3651 considerandum
1149 3619 1250 3658 quod,
1264 3628 1340 3649 cum

270 3667 344 3698 finis
364 3668 404 3698 sit
419 3673 488 3698 tota
503 3668 585 3698 ratio
601 3666 733 3697 volendi
749 3666 781 3696 id
797 3665 888 3706 quod
904 3670 951 3695 est
966 3664 1006 3694 ad
1022 3663 1120 3694 finem
1137 3668 1172 3693 ut
1189 3662 1229 3693 ad
1239 3662 1338 3694 finem

413 3731 506 3754 Souna
526 3730 635 3753 CONTRA
655 3728 787 3752 Gau-rues
809 3728 837 3751 Ι).
857 3727 971 3750 'summm
991 3726 1058 3749 Tou.
1079 3726 1094 3749 1.

1391 2910 1566 2946 ordinatur,
1582 2917 1660 2941 tunc
1682 2915 1809 2940 tantum
1828 2910 1888 2940 sub
1905 2910 2017 2940 eadem
2035 2910 2222 2940 necessitate
2237 2910 2409 2940 voluntatis
2424 2915 2456 2940 et

1391 2954 1464 2985 finis
1487 2961 1519 2985 et
1541 2954 1575 2985 id
1598 2954 1688 2995 quod
1713 2960 1759 2985 est
1782 2954 1822 2985 ad
1849 2953 1948 2984 finem
1973 2954 2064 2990 cadit,
2090 2954 2221 2994 quando
2249 2955 2330 2984 inter
2355 2953 2454 2984 finem

1392 3005 1424 3030 et
1438 2999 1472 3029 id
1488 2998 1579 3039 quod
1594 3005 1641 3029 est
1657 2998 1696 3029 ad
1712 2998 1810 3029 finem
1826 2999 2002 3029 necessaria
2015 3005 2062 3028 est
2077 2998 2241 3028 habitudo.
2258 2999 2332 3028 Hoc
2347 3003 2454 3028 autem

1392 3049 1440 3074 est
1456 3043 1588 3083 quando
1610 3043 1682 3073 finis
1705 3053 1773 3073 esse
1798 3049 1829 3073 et
1850 3043 1959 3073 haberi
1981 3052 2049 3072 non
2071 3049 2177 3082 potest
2195 3043 2262 3072 sine
2283 3043 2344 3072 isto
2365 3042 2454 3082 quod

1391 3087 1432 3118 ad
1445 3089 1554 3128 ipsum
1573 3087 1751 3118 ordinatur:
1776 3088 1858 3117 sicut
1875 3087 1978 3127 [quia]
1999 3087 2161 3126 navigium
2178 3093 2225 3117 est
2239 3087 2454 3116 necessarium

1390 3132 1433 3162 ad
1446 3131 1748 3168 transfretationem,
1764 3131 1838 3162 ideo
1855 3132 1966 3162 volens
1982 3130 2181 3161 transfretare
2197 3131 2374 3161 necessario
2386 3130 2455 3160 vult

1390 3177 1566 3216 navigium.
1583 3175 1724 3214 Quando
1743 3181 1853 3207 autem
1867 3185 1935 3206 non
1952 3181 1999 3205 est
2013 3175 2188 3205 necessaria
2203 3175 2272 3204 talis
2287 3174 2453 3210 habitudo,

1391 3227 1470 3251 tunc
1493 3227 1600 3260 potest
1619 3221 1766 3250 voluntas
1789 3220 1872 3250 velle
1894 3219 2003 3254 finem,
2021 3226 2052 3249 et
2069 3226 2176 3249 tamen
2193 3228 2259 3248 non
2275 3219 2454 3248 necessario

1392 3265 1460 3295 vult
1475 3265 1509 3295 id
1528 3265 1618 3305 quod
1641 3271 1689 3294 est
1711 3264 1752 3294 ad
1769 3263 1883 3294 finem:
1907 3264 1989 3294 sicut
2010 3264 2123 3293 volens
2146 3263 2311 3293 sanitatem
2331 3271 2398 3292 non
2415 3262 2454 3292 de

1391 3310 1581 3340 necessitate
1603 3309 1672 3339 vult
1695 3318 1767 3338 eam
1789 3308 1983 3338 medicinam
2007 3308 2074 3337 sine
2097 3316 2161 3347 qua
2184 3316 2252 3337 esse
2274 3312 2391 3346 potest.
2447 3320 2449 3322 ·

1450 3352 1730 3384 Considerandum
1754 3352 1897 3383 secundo
1918 3352 2007 3391 quod
2022 3351 2142 3391 aliquid
2159 3360 2226 3381 esse
2241 3351 2455 3380 necessarium

1393 3398 1434 3428 ad
1451 3397 1551 3428 finem
1573 3397 1744 3437 dupliciter
1762 3402 1867 3436 potest
1888 3406 1966 3426 esse.
1986 3396 2060 3426 Uno
2080 3394 2191 3430 modo,
2205 3395 2279 3434 quia
2295 3393 2367 3424 finis
2386 3395 2455 3424 abs-

1394 3452 1458 3482 que
1480 3442 1537 3472 illo
1568 3441 1754 3482 simpliciter
1781 3447 1812 3471 et
1838 3440 1983 3470 absolute
2010 3449 2077 3469 esse
2104 3449 2171 3469 non
2195 3444 2314 3478 potest:
2339 3444 2370 3468 et
2393 3438 2455 3468 tale

1394 3486 1510 3517 dicitur
1533 3495 1601 3516 esse
1631 3485 1777 3515 absolute
1807 3484 2021 3515 necessarium
2047 3483 2087 3513 ad
2113 3482 2222 3513 finem.
2253 3482 2328 3512 Alio
2354 3482 2454 3512 modo

1393 3531 1480 3570 quia,
1497 3531 1571 3560 licet
1586 3529 1659 3560 finis
1675 3531 1796 3569 absque
1816 3529 1872 3559 illo
1893 3528 2037 3558 absolute
2054 3536 2122 3557 esse
2137 3527 2248 3566 possit,
2264 3535 2332 3556 non
2350 3531 2457 3566 potest

1392 3581 1501 3605 tamen
1522 3575 1646 3614 absque
1668 3574 1725 3604 illo
1752 3574 1833 3603 bene
1858 3579 1889 3603 et
1911 3572 2072 3611 complete
2095 3580 2177 3601 esse:
2203 3576 2234 3600 et
2255 3570 2319 3600 tale
2342 3570 2457 3600 dicitur

1393 3620 1619 3654 necessarium,
1635 3627 1703 3648 non
1722 3617 1877 3652 absolute,
1901 3615 1957 3646 sed
1980 3615 2021 3645 ad
2043 3616 2124 3645 bene
2148 3624 2216 3645 esse
2244 3620 2276 3645 et
2302 3614 2343 3645 ad
2366 3623 2456 3645 com-

1393 3663 1513 3703 pletam
1528 3662 1762 3702 perfectionem
1777 3660 1860 3691 finis.
1874 3660 1982 3690 Primo
1997 3659 2097 3689 modo
2114 3658 2251 3689 dicimus
2266 3659 2375 3688 cibum
2388 3668 2456 3688 esse

2281 3727 2314 3753 ²9

2483 448 2492 458 ·
2502 447 2553 470 Lib.
2561 448 2589 475 11,
2599 454 2619 469 c.
2628 454 2695 470 xxm.

2482 976 2491 985 ⁸
2508 975 2565 998 lbid.

2482 1187 2491 1196 ·
2506 1185 2621 1213 Lib.ll,c.
2630 1192 2693 1209 xxiv.

2484 1556 2492 1565 ·
2499 1555 2694 1583 cap.xux,1.xxv.
