2768 4134
65 1994 74 2003 “
90 1992 126 2015 Cf.
143 1993 278 2025 Com-ment.

60 2025 84 2040 c.
96 2026 184 2046 xxxvii,
201 2024 252 2042 nnn.

67 2447 76 2456 ⁶
91 2445 127 2467 Cf.
145 2451 195 2472 cap.
206 2451 254 2466 xm.

922 262 1111 299 SUMMA
1140 259 1364 298 CONTRA
1392 259 1675 307 GENTILES,
1700 260 1812 298 CAP.
1833 261 1947 298 XLII.

371 344 560 393 Amplius
594 344 637 379 In
656 352 900 390 unoquoque
919 350 1060 388 genere
1087 338 1270 376 videmus
1288 339 1389 379 mul·
1499 338 1584 375 Hac
1611 345 1745 375 autem
1764 339 1931 377 -veritate
1959 340 2199 389 repelluntur
2234 339 2394 388 gentiles
2429 339 2523 377 deo·

317 397 519 435 titudinem
545 395 593 432 ab
613 395 742 444 aliqua
761 393 907 431 unitate
934 391 1162 443 procedere:
1183 399 1220 429 et
1239 391 1329 429 ideo
1349 391 1388 429 in
1444 403 1532 428 rurn
1561 390 1854 431 multitudinem
1872 392 2113 435 confitentes
2134 414 2167 434 -7
2180 392 2375 440 Quamvis
2392 394 2524 442 plures

316 450 487 500 quolibet
500 460 640 498 genere
655 447 850 485 invenitur
863 457 990 484 unum
1005 445 1192 495 primum,
1208 445 1318 495 quod
1332 451 1389 482 est
1443 456 1584 482 eorum
1612 456 1742 482 unum
1769 445 1902 483 Deum
1934 458 2141 483 summum
2175 457 2260 483 esse
2287 445 2472 492 dicerent,
2501 459 2525 484 a

315 515 499 540 mensura
527 502 709 539 omnium
729 512 830 551 quae
859 499 898 537 in
919 500 984 537 illo
1012 510 1152 547 genere
1181 498 1388 536 inveniun-
1445 510 1526 548 quo
1545 509 1686 535 omnes
1705 497 1922 548 aliosssquos
1941 499 2037 540 deos
2061 499 2318 537 nominabant
2344 507 2524 537 causatos

315 565 387 593 tur.
418 557 776 604 Quorumcumque
810 553 922 602 igitur
954 551 1150 589 invenitur
1181 551 1221 588 in
1239 551 1387 601 -aliquo
1411 569 1420 588 ς
1445 563 1528 589 esse
1556 551 1790 599 asserebant,
1819 552 2006 590 omnibus
2034 552 2256 591 substantiis
2279 552 2524 602 sempiternis

314 621 396 647 uno
434 608 716 650 convenientia,
749 614 901 657 oportet
929 606 1038 655 quod
1066 605 1115 643 ab
1143 604 1276 655 aliquo
1305 617 1387 642 uno
1443 604 1651 643 divinitatis
1678 616 1827 643 nomen
1855 606 2129 654 adscribentes,
2160 614 2198 644 et
2224 606 2436 657 praecipue
2464 619 2523 644 ra-

313 663 504 713 principio
528 663 787 712 dependeant.
815 661 892 698 Sed
915 659 1050 697 omnia
1077 658 1118 695 in
1136 670 1388 698 esse-conve·
1443 658 1549 696 tione
1577 657 1788 708 sapientiae
1815 666 1859 696 et
1884 659 2071 698 felicitatis
2097 668 2135 698 et
2167 672 2306 698 rerum.
2331 661 2523 709 guberna-

314 716 436 754 niunt.
459 717 623 766 Oportet
642 715 755 764 igitur
777 726 861 751 esse
880 725 1007 751 unum
1030 719 1183 749 tantum
1201 712 1312 762 quod
1331 720 1387 750 est
1442 711 1569 750 tionis.
1583 736 1585 738 -
1600 712 1715 759 Quae
1733 711 1898 761 quidem
1915 714 2162 752 consuetudo
2190 713 2379 764 loquendi
2406 713 2523 752 etiam

313 782 454 807 rerum⁴
474 769 655 807 omnium
682 767 942 818 principium.
963 766 1083 813 Quod
1112 766 1222 803 Deus
1249 774 1333 803 est.¹
1443 765 1481 803 in
1518 766 1637 803 Sacra
1673 765 1872 815 Scriptura
1911 765 2128 812 invenitur,
2166 768 2262 806 dum
2301 767 2423 806 sancti
2454 779 2523 806 an-

367 825 490 861 Item:
504 824 547 860 In
571 822 745 872 quolibet
772 820 989 871 principatu
1018 820 1079 857 ille
1098 819 1167 868 qui
1195 819 1388 869 praesidet
1403 838 1429 854 ιο
1442 819 1527 868 geli,
1557 827 1624 856 aut
1655 818 1778 856 etiam
1815 818 1998 864 homines
2029 821 2093 858 vel
2120 820 2281 868 iudices,
2309 822 2362 859 dii
2392 821 2523 862 nomi,-

313 876 498 914 unitatem
518 876 722 913 desiderat:
743 875 850 912 unde
869 874 967 911 inter
984 872 1223 924 principatus
1241 881 1387 923 est-po·
1443 881 1601 915 uantur:
1631 871 1730 910 sicut
1757 872 1851 910 illud
1876 872 2047 920 Psalmi,
2076 874 2168 911 Non
2207 881 2261 912 m
2293 876 2424 913 similis
2457 877 2526 914 tihi

311 929 458 968 tissima
477 931 710 975 monarchia,
732 928 811 966 sive
831 939 1006 976 regnum.
1032 927 1252 964 Multorum
1270 926 1388 972 etiarn
1443 928 1481 964 in
1510 927 1591 973 diis,
1611 928 1776 964 Domine
1789 926 1826 972 *;
1855 934 1893 964 et
1918 926 2023 971 alibi,
2051 929 2140 978 Ego
2161 928 2254 974 dixi,
2272 929 2341 966 Dii
2365 929 2521 977 estis.**;

313 984 583 1020 membrorum
604 995 730 1020 unum
749 990 806 1019 est
820 989 951 1031 caput:
973 992 1018 1018 ac
1036 992 1108 1030 per
1125 981 1203 1018 hoc
1217 979 1387 1018 evidenti
1444 988 1480 1018 et
1507 982 1631 1017 multa
1650 979 1879 1023 huiusmodi
1898 991 1970 1030 per
1986 980 2096 1018 varia
2119 981 2341 1031 Scripturae
2359 983 2446 1020 loca
2465 982 2522 1021 in·

313 1036 422 1085 signo
456 1044 614 1086 apparet
651 1036 685 1073 ei
713 1036 775 1073 cui
805 1034 987 1072 convenit
1021 1033 1271 1084 principatus,
1301 1033 1387 1071 uni-
1443 1033 1667 1071 veniuntur.
1715 1071 1719 1074 Δ
2011 1064 2014 1065 ⁷
2132 1060 2135 1061 γ
2188 1066 2192 1070 .
2431 1071 2433 1073 .

311 1098 428 1127 tatem
457 1089 600 1127 deberi.
632 1090 743 1127 Unde
782 1096 818 1126 et
846 1089 988 1135 Deum,
1019 1088 1087 1138 qui
1116 1095 1173 1125 est
1206 1087 1388 1125 omnium
1403 1105 1426 1125 ις
1498 1087 1622 1125 [ΙῐιεκςΔ
1647 1086 1772 1135 magis
1809 1086 1904 1125 huic
1937 1086 2087 1125 veritati
2123 1087 2318 1126 videnturv
2341 1089 2522 1132 contrarii

311 1155 439 1189 causa,
454 1160 456 1165 ⁴
469 1150 631 1193 oportet*
647 1155 774 1180 unum
803 1141 1028 1192 simpliciter
1053 1140 1259 1179 confiteri.
1442 1140 1678 1188 Manichaei,
1707 1141 1789 1178 duo
1817 1140 1946 1190 prima
1972 1149 2164 1191 ponentes
2188 1141 2395 1193 principia,
2422 1155 2521 1193 quo·

365 1197 477 1234 Hanc
487 1205 617 1234 autem
634 1195 919 1234 confessionem
929 1195 1085 1233 divinae
1099 1194 1256 1233 unitatis
1270 1194 1386 1232 etiam
1443 1206 1533 1232 rum
1561 1195 1727 1232 alterum
1755 1194 1911 1235 alterius
1944 1207 2063 1233 causa
2089 1206 2174 1233 non
2201 1195 2274 1234 sit..
2376 1229 2379 1233 .
2483 1232 2486 1235 .

311 1262 358 1287 ex
373 1250 488 1287 sacris
499 1250 663 1300 eloquiis
678 1250 853 1299 accipere
867 1262 1092 1300 possumus.
1105 1250 1211 1287 Nam
1221 1250 1389 1286 Deut.vt⁴
1498 1248 1613 1286 Hanc
1649 1247 1766 1286 etiam
1798 1248 2005 1286 ,veritatem
2040 1248 2287 1288 Ariani-auis
2323 1249 2523 1289 erroribus

311 1303 466 1341 dicitur:
507 1304 619 1350 Audi,
650 1304 782 1350 Israel,
812 1305 999 1341 Dominus
1031 1305 1134 1341 Deus
1174 1309 1258 1340 tuus
1285 1304 1388 1340 Deus
1443 1302 1787 1352 impugnaverunt,
1815 1302 1915 1340 dum
1945 1302 2184 1341 confitentur
2209 1304 2367 1343 Patrem
2394 1312 2432 1342 et
2459 1303 2522 1343 Fi-

310 1370 406 1395 uuus
433 1363 504 1402 est;
531 1365 568 1395 et
595 1358 719 1395 Exod.
751 1361 838 1394 xx³:
870 1358 960 1395 Non
995 1363 1104 1395 erunt
1138 1358 1204 1394 tibi
1236 1357 1290 1394 dii
1323 1356 1541 1394 aliisalium
1564 1367 1646 1393 non
1674 1367 1816 1403 unum,
1845 1356 1915 1394 sed
1942 1357 2074 1406 plures
2101 1357 2199 1396 deos
2225 1369 2325 1396 esse:
2347 1369 2450 1402 ‚cum
2467 1365 2522 1398 ta-

304 1418 458 1461 praeter
490 1424 580 1456 me;*
601 1419 637 1449 et
664 1413 799 1461 Ephes.
821 1415 893 1448 ινδ-ε
932 1413 1038 1449 Unus
1074 1412 1272 1456 Dominus,
1312 1423 1389 1448 una
1444 1421 1538 1448 men
1557 1409 1702 1447 Filium
1715 1421 1866 1447 verum
1888 1410 2023 1448 Deum
2046 1410 2272 1451 auctoritate
2301 1411 2522 1462 Scriptum

324 279 395 305 120

298 1466 411 1514 fides,
442 1474 511 1502 etc.

364 1589 378 1606 2
399 1581 487 1615 aliqua
500 1582 523 1606 Α
537 1581 623 1609 solus:
638 1587 690 1606 om.

309 1617 503 1643 evidentissime
516 1617 544 1646 Z,
559 1625 622 1642 rasa
637 1617 687 1650 pN.

774 1579 790 1604 6
809 1587 862 1605 uno
872 1587 916 1612 pr.
927 1579 994 1614 Ioco]
1010 1587 1107 1612 genere
1118 1580 1174 1610 ΒΗ,
1189 1587 1242 1605 uno
1254 1587 1352 1612 genere
1366 1579 1452 1606 Dch.

773 1615 807 1642 16
826 1616 978 1649 simpliciter
996 1615 1122 1650 confiteri]
1143 1616 1261 1641 similiter
1279 1615 1425 1642 consistere
1436 1621 1463 1640 et
1476 1615 1628 1648 simpliciter
1641 1613 1758 1641 confiteri
1771 1615 1819 1641 Pa.

1444 1464 1602 1502 credere
1630 1471 1830 1512 cogantur.

1976 1578 2175 1610 sesthnit.
2225 1607 2227 1609 ,
2258 1580 2423 1607 izevidean

1535 1587 1551 1612 7
1565 1579 1692 1612 principio
1702 1580 1727 1604 Α
1740 1580 1828 1608 solu:
1840 1587 1894 1606 om.
2417 1609 2420 1611 .

1906 1622 1938 1649 17
1958 1615 2162 1650 confessionem]
2181 1616 2363 1643 ostentionem
2376 1616 2522 1653 waaec.

311 1661 344 1678 20
362 1661 394 1679 xx
413 1653 461 1684 Pc;
481 1656 551 1686 spat.
570 1653 599 1684 Z,
617 1660 658 1677 xxi
676 1652 768 1678 ceteri.
787 1652 823 1677 Pe
842 1655 949 1677 textum
969 1652 1085 1678 recitant
1103 1651 1162 1676 Non
1181 1651 1289 1676 habebis
1314 1651 1384 1677 Deos
1404 1651 1503 1677 alienos
1522 1658 1611 1677 coram
1631 1658 1683 1676 me.

363 1697 381 1721 4
400 1694 520 1714 causatos
534 1689 570 1719 N;
583 1694 693 1714 creatos.
779 1687 813 1713 16
833 1693 961 1722 ponentes
974 1688 1018 1713 hic
1029 1689 1052 1713 Α
1063 1687 1150 1718 solus:
1166 1690 1232 1720 post
1243 1687 1376 1720 principia.

308 1725 392 1758 ritate]
413 1725 570 1750 auctoritatis
589 1725 615 1755 d,
635 1724 830 1750 auctoritatibus
850 1724 879 1750 Ρ.

1462 1693 1494 1720 ¹7
1514 1687 1626 1713 alterum
1638 1687 1755 1721 alterius}
1775 1687 1843 1713 alter
1851 1687 1879 1714 in
1891 1687 2000 1714 altu-tus
2011 1695 2039 1718 a,
2051 1688 2163 1714 alterum
2177 1688 2251 1714 alred
2262 1687 2292 1714 Ζ.
2379 1695 2410 1715 21
2432 1693 2522 1721 um

1072 1830 1410 1864 commentaria
1440 1829 1754 1870 Fer-ramensis

363 1957 510 1978 osteum
541 1947 766 1978 determinavit
789 1945 926 1977 Sanctus
949 1946 1096 1977 Thomas
1115 1945 1155 1976 de
1174 1946 1320 1976 bonitate
1339 1945 1387 1976 di-

310 1958 360 2022 p
362 1992 447 2029 vina,
471 2001 559 2023 nunc
591 1991 632 2023 de
658 1992 762 2032 ,ipsius
786 1991 909 2026 unitate
933 1990 1125 2026 determinat
1136 1991 1163 2022 ’.
1189 1991 1255 2030 Ubi
1276 1990 1387 2022 adver-

306 2037 442 2068 tendum
459 2036 550 2078 quod
561 2036 595 2067 in
608 2035 855 2068 determinando
868 2035 908 2066 de
920 2035 1176 2076 perfectionibus
1192 2035 1308 2067 divinis
1317 2045 1386 2067 non

307 2087 410 2113 servat
437 2081 573 2113 Sanctus
597 2081 744 2113 Thomas
768 2080 916 2112 ordinem
945 2082 1003 2122 qui
1029 2081 1107 2123 ipsis
1129 2079 1387 2124 perfectionibus

307 2126 488 2158 secundum
501 2136 534 2157 se
547 2126 711 2162 convenit,
723 2126 779 2157 sed
791 2125 939 2157 ordinem
952 2125 1189 2167 dependentiae
1203 2126 1386 2157 secundum

307 2172 529 2212 cognitionem
553 2171 592 2201 ab
611 2171 684 2211 ipso
701 2170 860 2202 traditam.
881 2171 968 2210 Quia
985 2173 1073 2203 enim
1097 2182 1135 2203 ex
1160 2180 1202 2202 eo
1217 2171 1309 2212 quod
1329 2180 1386 2202 co-

307 2217 496 2257 gnoscimus
512 2216 620 2247 Deum
636 2225 706 2247 esse
721 2215 914 2256 perfectum,
931 2217 1063 2248 resultat
1078 2216 1223 2258 cognitio
1239 2215 1331 2257 quod
1346 2217 1387 2248 sit

308 2263 426 2297 bonus,
451 2262 528 2302 quia
550 2261 677 2292 bonum
696 2266 744 2292 est
758 2261 1023 2302 unumquodque
1038 2263 1234 2303 inquantum
1250 2267 1298 2293 est
1314 2270 1386 2302 per-

309 2306 446 2343 fectum;
466 2306 543 2337 ideo
561 2311 637 2346 post
656 2306 961 2344 determinationem
982 2306 1023 2338 de
1047 2306 1260 2348 perfectione,
1279 2307 1386 2340 statim

309 2351 349 2383 de
373 2351 517 2382 bonitate
549 2350 783 2386 determinavit,
808 2352 956 2392 quamvis
986 2352 1114 2383 bonitas
1137 2351 1177 2383 sit
1199 2351 1387 2383 naturaliter

309 2396 470 2438 posterior
493 2395 626 2426 unitate.
651 2395 805 2427 Similiter
827 2396 903 2438 quia
932 2406 970 2427 ex
994 2405 1035 2427 eo
1063 2397 1154 2438 quod
1177 2397 1386 2437 cognoscitur

308 2441 417 2472 Deum
441 2450 510 2471 esse
533 2449 700 2471 summum
716 2441 842 2472 bonum
854 2441 882 2476 ⁶,
898 2441 1005 2472 statim
1028 2441 1165 2472 habetur
1186 2441 1295 2482 ipsum
1316 2451 1385 2473 esse

309 2495 424 2522 unum,
449 2485 524 2517 ideo
547 2491 623 2526 post
646 2485 827 2517 bonitatem
851 2486 891 2517 de
914 2487 1039 2517 unitate
1063 2486 1266 2518 determinat.

366 2531 388 2561 l.
413 2530 544 2562 Devhac
560 2540 638 2571 ergo
653 2531 750 2571 ponit
772 2531 855 2562 hanc
871 2531 1133 2563 conclusionem:
1159 2531 1235 2562 Non
1259 2536 1307 2563 est
1322 2531 1386 2562 nisi

310 2585 395 2607 unus
417 2575 518 2606 Deus.

364 2620 521 2651 Probatur
543 2626 652 2651 autem
682 2619 913 2661 multipliciter.
936 2620 982 2651 Et
998 2620 1110 2661 primo
1137 2620 1194 2652 sic.
1219 2620 1308 2652 Deus
1337 2626 1385 2652 est

307 2674 436 2696 summe
459 2666 576 2696 bonus.
602 2665 689 2706 Ergo
714 2670 761 2695 est
785 2670 911 2696 tantum
935 2674 1029 2696 unus.
1047 2683 1069 2687 —
1085 2665 1245 2697 Probatur
1267 2674 1384 2697 conse-

308 2709 450 2750 quentia.
476 2709 562 2749 Quia
578 2708 669 2751 quod
684 2718 743 2750 per
758 2709 1087 2751 superabundantiam
1104 2710 1231 2747 dicitur,
1248 2710 1307 2742 uni
1322 2710 1384 2742 soli

307 2754 472 2786 convenit.

361 2799 606 2832 Advertendum
630 2799 721 2840 quod
744 2808 813 2830 non
837 2805 884 2831 est
906 2799 994 2832 idem
1017 2801 1156 2832 omnino
1180 2799 1303 2840 aliquid
1319 2809 1384 2842 per

305 2843 638 2885 superabundantiam
654 2844 728 2881 dici,
745 2850 778 2875 et
792 2844 1000 2885 superlative.
1016 2844 1100 2877 Nam
1117 2845 1311 2886 superlative
1327 2844 1383 2877 ali-

306 2889 386 2930 quid
402 2889 466 2922 dici
480 2895 590 2930 potest
605 2895 637 2920 et
651 2899 710 2932 per
725 2899 894 2921 excessum
910 2889 950 2921 ad
966 2889 1037 2926 alia,
1055 2895 1086 2921 et
1100 2900 1158 2932 per
1174 2890 1382 2932 negationem

307 2932 504 2965 excedentis:
522 2935 606 2965 sicut
622 2933 855 2965 calidissimum
874 2940 930 2966 aut
949 2934 1025 2976 quia
1042 2935 1154 2967 omnia
1168 2934 1271 2966 calida
1288 2944 1382 2967 exce-

307 2977 363 3015 dit,
387 2984 443 3010 aut
458 2978 534 3020 quia
549 2977 629 3010 nihil
651 2985 700 3010 est
715 2979 788 3020 ipso
809 2979 953 3011 calidius.
970 2979 1031 3010 Per
1053 2979 1382 3021 superabundantiam

306 3028 416 3055 autem
439 3023 503 3055 dici
527 3029 574 3055 est
598 3025 710 3056 omnia
729 3024 894 3056 excedere.
919 3024 961 3056 Et
983 3024 1048 3055 hoc
1071 3026 1129 3056 uni
1152 3031 1278 3057 rantum
1302 3034 1382 3057 con-

306 3069 404 3100 venit.
420 3068 505 3100 Nam
520 3069 545 3099 si
561 3069 687 3110 aliquid
700 3069 766 3101 hoc
780 3069 883 3102 modo
899 3070 1088 3101 conveniret
1104 3071 1260 3112 pluribus,
1277 3079 1382 3103 unum

306 3113 443 3145 alterum
466 3123 535 3145 non
551 3114 730 3152 excederet,
747 3120 779 3145 et
794 3114 841 3146 sic
862 3124 931 3147 non
954 3114 1115 3146 diceretur
1138 3125 1307 3147 summum
1324 3125 1382 3157 per

306 3158 636 3199 superabundantiam
659 3159 701 3191 ad
731 3160 856 3191 omnia:
886 3165 918 3191 et
941 3159 986 3191 sic
1010 3158 1230 3202 implicaretur
1254 3165 1382 3192 contra-

306 3203 416 3234 dictio.
434 3203 468 3235 Si
483 3212 561 3244 ergo
578 3203 667 3236 Deus
684 3210 731 3235 est
755 3213 922 3236 summum
942 3205 1068 3235 bonum
1092 3211 1247 3246 tanquam
1271 3205 1382 3236 omnia

307 3248 464 3279 excedens
480 3249 577 3285 bona,
595 3249 796 3290 impossibile
817 3255 864 3280 est
889 3259 957 3280 esse
981 3249 1065 3280 duos
1089 3249 1182 3281 deos:
1204 3251 1280 3292 quia
1302 3255 1382 3282 tunc

307 3292 373 3323 duo
398 3299 504 3326 essent
528 3302 657 3325 summe
679 3294 777 3326 bona.

363 3337 399 3367 Π.
424 3338 584 3369 Secundo.
607 3338 640 3370 Si
660 3344 766 3370 essent
786 3338 895 3379 plures
914 3337 968 3375 dii,
994 3343 1100 3369 essent
1124 3339 1216 3379 plura
1239 3338 1382 3379 perfecta

308 3382 424 3420 quibus
447 3383 525 3414 nihil
550 3383 685 3415 deesset.
714 3383 778 3416 Sed
800 3384 865 3415 hoc
889 3389 935 3414 est
951 3383 1161 3424 impossibile.
1179 3384 1266 3424 Ergo
1283 3389 1343 3415 etc.
1360 3402 1382 3406 —

308 3425 463 3457 Probatur
479 3428 620 3468 sequela.
638 3428 735 3467 Quia,
751 3434 788 3460 ut
804 3433 852 3460 est
867 3428 1016 3469 superius
1031 3433 1212 3465 ostensum,
1229 3429 1318 3460 Deus
1335 3435 1382 3460 est

309 3472 444 3501 omnino
460 3472 632 3512 perfectus,
650 3474 701 3505 cui
718 3473 808 3505 nulla
823 3471 981 3514 perfectio
999 3472 1098 3504 deest.
1115 3490 1138 3496 —
1154 3473 1287 3504 Falsitas
1303 3483 1381 3504 vero

309 3517 536 3556 consequentis
560 3518 723 3558 probatur.
753 3517 840 3557 Quia
863 3517 890 3550 si
913 3517 994 3549 nulli
1018 3527 1132 3549 eorum
1157 3517 1246 3549 deest
1273 3517 1380 3559 aliqua

1495 1943 1744 1979 Advertendum
1771 1944 1873 1986 quod,
1900 1945 1928 1976 ai
1953 1944 2079 1986 aliquid
2104 1949 2188 1977 esset
2209 1945 2244 1976 in
2266 1954 2337 1977 uno
2361 1944 2521 1991 deofflq

1440 1988 1691 2031 distingueretur
1712 1990 1753 2022 ab
1777 1989 1842 2022 alio
1866 1989 1942 2028 deo,
1967 1995 2134 2032 oporteret
2155 1988 2279 2032 aliquid
2302 1999 2372 2023 esse
2393 1989 2429 2023 in
2451 1999 2521 2029 uuo

1440 2033 1531 2076 quod
1554 2044 1623 2066 non
1647 2040 1731 2066 esset
1750 2035 1783 2066 in
1799 2034 1912 2066 altero.
1937 2034 2005 2066 Aut
2021 2044 2099 2076 ergo
2118 2033 2199 2066 illud
2214 2038 2298 2066 esset
2321 2034 2430 2078 aliqua
2438 2030 2521 2112 mi

1440 2078 1550 2117 sectio,
1571 2085 1628 2111 aut
1651 2079 1759 2121 aliqua
1777 2078 1993 2123 imperfectio.
2015 2079 2049 2111 Si
2069 2078 2240 2122 perfectio,
2259 2088 2337 2120 ergo
2359 2076 2416 2112 ille
2514 2075 2518 2085 ’

1439 2124 1520 2156 deus
1544 2130 1665 2156 careret
1695 2124 1804 2166 aliqua
1831 2124 2047 2166 perfectione:
2072 2124 2164 2167 quod
2190 2129 2352 2167 repufflrat
2376 2125 2518 2158 om

1438 2169 1596 2211 perfecto.
1621 2169 1655 2201 Si
1677 2170 1894 2212 imperfectio,
1906 2178 1986 2211 ergo
2008 2170 2043 2202 in
2065 2170 2140 2205 Deo
2163 2170 2379 2212 essetvalique
2396 2179 2520 2218 Ἦ

1439 2214 1553 2247 sectio:
1566 2214 1660 2256 quod
1671 2216 1770 2247 etiam
1785 2216 1975 2257 simpliciter
1990 2221 2023 2247 et
2037 2216 2176 2247 omnino
2190 2214 2428 2258 perfectorum·
2437 2224 2519 2259 ςςρο,

1438 2260 1537 2292 venit.
1553 2260 1728 2302 Propterea
1745 2262 1828 2293 bene
1843 2261 1948 2303 arguit
1959 2260 2097 2293 Sanctus
2115 2260 2263 2294 Thomas
2278 2259 2380 2302 quod,
2395 2254 2519 2302 simam

1439 2315 1555 2337 eorum
1579 2304 1670 2337 deest
1692 2305 1801 2348 aliqua
1823 2305 1982 2349 perfectio
2005 2315 2115 2348 neque
2138 2304 2169 2337 ei
2191 2305 2233 2337 ali
2257 2315 2300 2337 ua
2323 2299 2519 2338 admiscet&

1438 2349 1654 2392 imperfectio,
1679 2360 1747 2382 non
1772 2351 1831 2382 erit
1853 2351 1887 2383 in
1911 2358 1980 2393 quo
2003 2349 2044 2382 ad
2067 2350 2208 2382 invicem
2255 2350 2518 2395 ‘stingumtur.²‘-

1438 2394 1609 2426 Dicet-etur
1631 2395 1715 2427 forte
1743 2395 1834 2436 quod
1864 2395 2093 2437 unusquisque
2119 2395 2254 2427 haberet
2279 2402 2415 2427 omnem
2431 2402 2515 2436 ¹⁴per·-

1438 2439 1616 2472 fectionem
1631 2440 1762 2472 alterius
1783 2441 1967 2477 secundum
1982 2441 2137 2482 speciem,
2150 2441 2229 2472 licet
2249 2449 2321 2472 non
2333 2440 2518 2475 seem

1437 2495 1624 2518 numerum.
1641 2485 1705 2518 Sed
1720 2486 1785 2518 hoc
1808 2486 1889 2518 nihil
1905 2491 1964 2521 est.
1979 2486 2077 2525 Quia,
2093 2486 2192 2518 etiam
2214 2485 2242 2516 si
2262 2491 2372 2523 essent
2389 2490 2517 2527 tantum

1437 2539 1577 2562 numero
1605 2530 1758 2568 distincti,
1782 2536 1949 2573 oporteret
1976 2532 2011 2562 in
2041 2540 2110 2563 uno
2139 2529 2262 2572 aliquid
2290 2539 2360 2563 esse

2476 2593 2517 2635 u?

2380 2535 2518 2609 52²2*
2544 2573 2553 2583 ·

2551 926 2560 934 ·
2576 924 2613 946 Ρι.
2625 930 2710 952 cxxxv,
2721 924 2744 947 Β.

2550 953 2571 962 ··
2587 952 2626 973 Ps.
2640 957 2723 980 unxi,
2732 951 2755 974 ⁶.

1437 2581 1586 2608 naturam
1609 2576 1741 2617 speciei,
1759 2581 1796 2607 ut
1819 2574 1981 2608 inferius*
2000 2574 2200 2613 ostendetur,
2225 2584 2294 2618 quo
2317 2574 2357 2607 ab
2542 2572 2765 2629 Awaeffgg

1437 2620 1663 2662 stingueretur.
2540 2625 2633 2655 m.

1494 2664 1546 2696 ΠΙ.
1574 2665 1695 2696 Tertio.
1725 2664 1828 2704 Quod
1857 2663 2055 2697 sufficienter
2084 2663 2122 2696 fit
2151 2673 2222 2696 uno
2251 2665 2373 2707 posito,
2398 2664 2517 2697 mul-⁸

1437 2715 1486 2741 eet
1507 2719 1567 2751 per
1595 2718 1701 2742 unum
1732 2709 1803 2742 fieri
1833 2719 1933 2752 quarn
1963 2719 2024 2752 per
2051 2709 2165 2742 mizina.
2189 2709 2265 2742 .Sed
2294 2719 2404 2747 rerum
2423 2709 2516 2745 ‚ub

1435 2755 1554 2787 melius
1583 2761 1633 2787 est
1662 2760 1824 2796 quantum
1851 2756 1955 2796 possit
1985 2764 2069 2788 esse:
2101 2755 2194 2797 quia.
2212 2755 2360 2796 potentia
2391 2755 2516 2797 aun-1³⁸

1436 2800 1533 2842 primi
1556 2809 1625 2832 non
1648 2799 1740 2832 deest
1769 2801 1937 2843 potentiae
1962 2810 2048 2843 quae
2079 2806 2128 2832 est
2156 2801 2191 2833 in
2216 2800 2314 2833 rebus
2343 2798 2385 2832 ad
2407 2798 2516 2843 perfe-

1436 2845 1591 2878 ctionem.
1616 2844 1658 2877 Et
1677 2854 1736 2888 per
1750 2855 1855 2879 unum
1871 2845 2069 2887 principium
2084 2845 2196 2877 omnia
2211 2843 2408 2883 sufficienter
2423 2847 2515 2886 com·

1436 2889 1576 2931 plentur.
1601 2889 1688 2932 Ergo
1713 2895 1774 2922 etc.
2110 2911 2112 2913 »
2277 2894 2279 2898 ”
2460 2896 2462 2901 ’

1491 2934 1588 2966 Circa
1603 2934 1691 2966 iilam
1706 2933 1981 2977 propositionem,
1998 2934 2121 2966 Rerum
2137 2933 2221 2966 ordo
2237 2934 2515 2967 extricat-ms

1428 2984 1540 3021 potest
1561 2988 1639 3016 esse,
1663 2979 1834 3012 sciendum
1852 2988 1894 3011 ex
1912 2979 2061 3012 doctrina
2083 2979 2194 3012 Sancti
2217 2979 2369 3011 Thoante
2383 2978 2398 3011 1
2412 2979 2513 3017 θυι.

1435 3024 1467 3056 d.
1479 3034 1563 3062 mv,
1582 3035 1611 3056 a.
1625 3034 1656 3062 2.
1677 3030 1710 3058 et
1728 3025 1846 3062 Pri-u,
1866 3033 1901 3066 q.
1920 3033 1993 3062 xxv,
2011 3033 2040 3056 a.
2053 3024 2085 3062 6,
2102 3023 2143 3057 ad
2156 3024 2192 3063 3,
2212 3023 2315 3065 quod,
2336 3024 2515 3066 oum

1434 3070 1531 3102 rebus
1553 3079 1639 3113 quae
1668 3079 1759 3102 nunc
1784 3075 1863 3101 sunt
1889 3075 1922 3102 et
1945 3069 2037 3102 nullo
2064 3069 2168 3102 modo
2196 3069 2341 3107 mutatis.
2371 3068 2515 3112 universi

1435 3113 1517 3147 ordo
1540 3114 1658 3147 melior
1681 3124 1752 3147 esse
1774 3124 1844 3147 non
1866 3120 1986 3156 potest,
2002 3114 2080 3157 quia
2102 3113 2184 3147 nihil
2199 3119 2247 3146 est
2269 3113 2305 3146 in
2327 3112 2514 3154 rebusfptve

1434 3160 1579 3201 partibus
1602 3159 1743 3192 universi
1769 3158 2001 3192 inordinatum.
2027 3159 2141 3191 posset
2165 3164 2276 3192 tamen
2298 3157 2401 3191 alium
2421 3152 2514 3190 Deus

1435 3203 1583 3236 ordinem
1599 3209 1740 3236 statuere
1755 3213 1816 3246 per
1829 3205 2028 3236 creationem
2052 3204 2188 3236 aliarum
2211 3206 2441 3240 saturarum,
2457 3207 2514 3235 aut

1434 3259 1493 3292 per
1515 3250 1776 3281 meliorationem
1800 3249 2034 3281 accidentalem
2058 3247 2235 3281 earundem
2258 3248 2411 3289 partium.

1493 3303 1522 3325 α.
1547 3294 1611 3326 Sed
1627 3295 1712 3326 circa
1727 3294 1957 3335 probationem
1972 3294 2060 3326 illim
2073 3292 2318 3336 propositionis,
2334 3293 2412 3333 quia
2425 3292 2513 3325 vide-

1434 3339 1510 3370 licet
1528 3339 1678 3381 potentia
1701 3339 1832 3381 agentis
1848 3338 1952 3381 primi
1974 3347 2040 3370 non
2064 3338 2154 3370 deest
2168 3337 2339 3379 potentiae
2361 3346 2446 3379 quae
2466 3342 2515 3368 est

1435 3383 1467 3414 ὶη
1486 3384 1580 3416 rebus
1603 3384 1648 3416 ad
1664 3383 1913 3427 perfectionem,
1938 3382 2078 3415 occurrit
2101 3382 2249 3415 dubium.
2272 3381 2411 3414 Videtur
2424 3382 2513 3413 enim

1434 3428 1516 3460 velle
1540 3428 1678 3461 Sanctus
1701 3428 1848 3463 Thomas
1869 3427 1963 3470 quod
1983 3427 2020 3459 in
2041 3427 2138 3460 rebus
2159 3427 2200 3459 sit
2224 3426 2382 3468 quicquid
2407 3425 2514 3469 perfe-

1434 3473 1552 3504 ctionis
1567 3479 1676 3515 potest
1690 3483 1770 3505 ease.
1794 3473 1872 3504 Hoc
1884 3477 1996 3504 autem
2010 3471 2139 3503 videtur
2155 3471 2283 3504 falsum.
2307 3471 2393 3504 Nam
2410 3469 2512 3506 multa

1433 3523 1509 3549 sunt
1533 3527 1617 3559 quae
1641 3527 1709 3549 non
1733 3522 1981 3560 consequuntur
2002 3515 2239 3558 perfectionem
2263 3515 2303 3548 ad
2321 3525 2421 3559 quam
2437 3522 2512 3547 sunt

309 3558 474 3598 periectiQ
498 3571 606 3602 neque
635 3563 664 3593 ei
689 3563 797 3603 aliqua
823 3561 1029 3604 imperfectio
1058 3562 1263 3600 admiscetur,
1288 3562 1379 3604 quod
1433 3563 1466 3594 in
1494 3563 1640 3604 potentia
1666 3561 1814 3598 naturali,
1838 3571 1876 3594 ex
1904 3561 2014 3603 aliquo
2041 3560 2289 3603 impedimento.
2316 3579 2336 3585 ·
2361 3560 2514 3602 Similiter

309 3604 479 3643 requiritur
503 3605 542 3636 ad
565 3606 628 3637 hoc
653 3608 743 3647 quod
767 3607 889 3648 aliquid
911 3607 953 3638 sit
975 3607 1164 3648 simpliciter
1187 3606 1378 3648 perfectum,

309 3656 376 3678 non
402 3649 459 3679 erit
482 3649 514 3680 in
540 3659 606 3690 quo
631 3652 669 3682 ad
694 3653 831 3683 invicem
857 3652 1103 3693 distinguantur.

1432 3612 1559 3639 constat
1580 3617 1649 3639 non
1672 3605 1833 3649 consequi
1860 3615 1910 3639 res
1933 3606 2045 3639 omnia
2068 3605 2108 3638 ad
2123 3615 2209 3648 quae
2224 3606 2348 3639 suntin
2365 3605 2511 3647 potentia

1405 3679 1407 3692 ,
1433 3651 1650 3683 obedientiali.
1675 3650 1763 3692 Ergo
1788 3657 1850 3682 etc.
