2768 4134
31 2191 171 2219 amma.
183 2197 232 2221 μ’.

33 2503 90 2529 ·ct.
105 2504 156 2528 ἰωὴ.
177 2504 247 2528 com·

0 2539 2 2544 ,
33 2535 106 2556 mr.

0 2595 10 2655 ξ,
31 2594 76 2650 2..

96 2593 143 2617 hoe
158 2597 182 2616 et
197 2599 247 2621 seq.

774 286 963 324 SUMMA
991 286 1214 325 CONTRA
1242 286 1517 332 GENTILES,
1545 286 1639 323 LIB.
1660 287 1702 332 ΙΙ,
1732 286 1843 324 CAP.
1863 287 1961 324 LIX.

273 364 326 395 alii
340 363 489 404 plerique
508 364 660 395 Averrois
675 365 922 407 pertinacissimi
937 371 1120 402 sectatores,
1139 367 1203 396 hoc
1219 365 1280 405 ipsi
1302 371 1347 396 at-

271 409 434 445 tribuunt;
450 407 571 439 idcirco
587 418 656 439 non
672 414 720 439 est
734 409 814 440 mihi
830 410 895 440 hoc
910 410 986 440 loco
1005 411 1140 441 ulterius
1156 411 1240 441 circa
1254 419 1347 440 men-

271 458 338 484 tem
361 453 512 483 Averrois
534 453 785 484 immorandum.

328 497 358 529 3.
382 497 484 536 Quod
507 502 616 528 autem
639 498 745 538 primo
763 507 801 529 ex
823 498 1059 529 XEthicorum
1083 499 1250 535 obiiciunt,
1278 507 1345 529 non

272 542 369 582 cogit.
393 542 467 572 Dici
490 542 579 572 enim
618 547 712 579 otest,
728 543 846 582 primo,
867 542 958 582 quod
973 543 1018 574 ibi
1034 542 1283 574 Commentator
1298 542 1347 573 lo-

272 587 382 626 quitur
404 596 473 617 non
489 595 590 616 secun
614 595 672 616 um
694 587 870 627 propriam,
890 586 947 617 sed
966 587 1147 618 secundum
1166 587 1255 627 vulgi
1275 587 1347 627 opi-

270 631 416 661 nionem.
436 648 460 652 —
475 630 628 661 Secundo
648 630 711 661 dici
733 636 842 671 potest
858 631 949 671 quod
972 632 1118 672 loquitur
1140 641 1209 662 non
1225 631 1265 662 de
1281 631 1347 661 exi—

271 676 387 706 stentia
408 675 551 706 hominis
566 675 776 712 substantiali,
793 675 974 706 secundum
990 685 1090 717 quam
1106 676 1222 707 dicitur
1243 676 1345 706 homo

271 729 341 750 esse
363 720 398 750 in
420 728 529 750 rerum
551 725 676 756 natura,
706 720 786 750 haec
817 721 915 756 enim,
940 721 1121 752 secundum
1144 721 1263 761 ipsum,
1286 721 1346 750 ho-

269 763 352 794 mini
374 773 433 804 per
447 764 655 803 cogitativam
675 765 841 795 convenit:
858 764 916 795 sed
931 764 971 795 de
995 766 1162 796 existentia
1182 765 1216 795 in
1232 764 1346 795 ordine

270 807 311 838 ad
326 808 552 848 operationem
568 817 652 848 quae
665 814 712 839 est
726 809 914 849 intelligere.
931 809 1129 849 lnquantum
1141 810 1229 840 enim
1244 809 1345 840 homo

270 853 368 883 habet
399 853 482 883 hanc
506 854 732 893 operationem
756 863 840 893 quae
864 859 911 884 est
940 854 1128 894 intelligere,
1153 854 1264 884 unitur
1285 853 1346 883 sibi

269 896 453 928 intellectus
477 906 516 927 eo
540 897 643 928 modo
666 907 734 938 quo
757 898 862 928 forma
887 898 1009 929 habens
1035 899 1067 929 in
1096 899 1206 938 aliquo
1230 897 1345 928 funda-

270 946 419 972 mentum
435 941 552 972 dicitur
567 942 651 973 uniri
667 941 881 973 fundamento
897 943 999 982 ipsius
1014 942 1153 979 formae;
1178 948 1233 973 aut
1249 943 1346 972 etiam

271 995 312 1017 eo
338 985 440 1016 modo
468 995 536 1026 quo
567 996 617 1017 ars
640 987 751 1017 unitur
773 988 1000 1018 instrumento.
1028 987 1209 1027 Principale
1236 992 1346 1017 autem

271 1040 311 1061 ex
341 1040 409 1070 quo
439 1031 541 1061 homo
570 1030 729 1071 intelligit,
758 1037 805 1062 est
832 1031 1029 1062 inteuectus:
1059 1032 1142 1062 sicut
1168 1031 1345 1072 principale

271 1084 310 1106 ex
325 1084 394 1115 quo
417 1075 669 1106 instrumentum
685 1076 758 1105 artis
775 1081 936 1115 operatur,
953 1081 1000 1106 est
1015 1076 1085 1116 ipsa
1103 1085 1163 1106 ars.
1180 1076 1222 1106 Et
1237 1076 1282 1106 sic
1299 1075 1346 1106 di-

271 1120 354 1150 citur
369 1119 460 1160 quod
477 1120 643 1151 existentia
659 1120 801 1150 hominis
824 1120 1020 1160 inquantum
1035 1121 1137 1151 homo
1154 1126 1202 1151 est
1215 1138 1239 1143 -
1253 1120 1345 1156 idest,

271 1164 443 1195 existentia
458 1169 490 1194 et
504 1173 572 1195 esse
587 1164 727 1194 hominis
743 1163 829 1194 unde
846 1165 941 1195 habet
955 1170 992 1195 ut
1000 1166 1107 1205 possit
1125 1165 1309 1206 intelligere
1323 1182 1347 1187 —

271 1209 426 1239 convenit
447 1209 508 1239 sibi
531 1218 589 1249 per
604 1208 821 1239 intellectum:
843 1209 919 1249 quia
934 1209 1156 1240 honorabilius
1169 1219 1226 1240 ens
1239 1215 1286 1240 est
1298 1210 1346 1239 in·

270 1253 418 1284 tellectus
438 1254 548 1284 unitus
570 1253 708 1289 homini,
725 1258 757 1283 et
773 1253 832 1283 sibi
849 1259 1004 1294 tanquam
1022 1254 1243 1294 principaliori
1259 1254 1346 1284 attri-

270 1298 382 1328 buitur
395 1298 480 1328 actio
496 1296 707 1338 intelligendi,
723 1297 850 1328 homini
866 1303 975 1329 autem
991 1299 1074 1329 sicut
1089 1299 1346 1329 instrumento.—

269 1341 495 1373 Potest-etiam
517 1342 612 1372 tertio
636 1341 700 1372 dici
724 1341 814 1382 quod
837 1343 1005 1373 existentia
1027 1343 1170 1373 hominis
1194 1342 1347 1373 convenit

270 1386 331 1417 sibi
347 1395 404 1426 per
419 1386 620 1417 intellectum
635 1386 817 1417 extrinsece
831 1391 971 1417 tanturn:
988 1396 1057 1417 non
1072 1392 1181 1417 autem
1196 1387 1346 1417 essentia-

269 1430 343 1462 liter
368 1436 400 1462 et
425 1431 609 1467 intrinsece,
633 1430 708 1461 licet
731 1430 874 1471 aliquam
901 1440 978 1462 cum
1004 1431 1138 1462 homine
1164 1431 1347 1462 intellectus

270 1475 388 1506 habeat
409 1475 579 1506 unitatem.

326 1519 404 1550 Non
427 1520 515 1559 cogit
537 1519 636 1550 etiam
651 1518 743 1558 quod
765 1518 911 1550 secundo
928 1519 1087 1550 obiicitur.
1112 1519 1237 1550 Dicitur
1260 1520 1347 1550 enim

271 1563 363 1604 quod
376 1563 523 1604 loquitur
538 1562 578 1593 de
594 1563 841 1594 continuatione
851 1563 1036 1603 potentiali.
1053 1563 1141 1594 Talis
1158 1564 1246 1594 enim
1268 1573 1348 1594 con-

270 1607 410 1642 tinuatio
422 1612 470 1638 est
481 1607 595 1648 prima,
612 1612 645 1638 et
660 1612 708 1637 est
722 1607 885 1637 naturalis.
901 1624 925 1628 —
939 1607 1050 1638 Potest
1066 1608 1163 1638 etiam
1179 1607 1242 1638 dici
1258 1607 1349 1647 quod

264 1652 410 1693 primam
433 1651 713 1682 continuationem
729 1656 824 1682 vocat
846 1651 934 1681 illam
959 1660 1042 1691 quae
1066 1657 1114 1682 est
1136 1652 1261 1682 ratione
1284 1652 1348 1692 pri-

269 1705 403 1729 morum
426 1696 673 1736 principiorum.
690 1694 778 1726 Cum
797 1695 885 1726 enim
908 1695 1089 1736 primorum
1113 1696 1349 1736 principiorum

270 1741 387 1773 notitia
412 1741 454 1770 sit
478 1741 574 1771 nobis
599 1740 787 1771 naturaliter
815 1740 943 1776 inserta,
967 1741 1048 1771 unio
1078 1740 1261 1771 intellectus
1288 1750 1349 1771 no-

270 1785 399 1816 biscum
421 1783 462 1815 ad
484 1794 523 1815 ea
545 1785 704 1826 principia
726 1784 935 1824 intelligenda
957 1785 1110 1815 naturalis
1133 1785 1202 1816 erit.

326 1829 380 1860 Ad
401 1829 530 1860 tertiam
558 1830 783 1860 auctoritatem
814 1834 922 1869 potest
950 1830 1058 1870 primo
1082 1829 1146 1860 dici
1176 1828 1267 1870 quod
1290 1838 1348 1869 per

271 1874 530 1906 rationalitatem
554 1874 672 1914 accipit
686 1874 839 1904 virtutem
863 1874 1041 1914 cogitandi:
1067 1874 1238 1914 cogitativa
1261 1874 1348 1904 enim

272 1918 360 1949 ratio
377 1918 595 1959 particularis
618 1918 745 1949 dicitur.
760 1935 783 1940 —
798 1918 909 1948 Potest
932 1918 1078 1949 secundo
1094 1918 1158 1949 dici
1181 1917 1272 1958 quod
1290 1927 1348 1958 per

272 1963 530 1994 rationalitatem
553 1962 702 2002 intelligit
717 1962 851 2002 quidem
866 1963 1019 1993 virtutem
1035 1962 1075 1993 ad
1090 1962 1347 2003 intelligendum,

272 2006 330 2041 sed
352 2016 410 2047 per
432 2007 498 2038 hoc
520 2016 589 2037 non
612 2007 758 2046 sequitur
780 2006 980 2037 intellectum
1005 2006 1091 2037 uniri
1113 2007 1208 2037 nobis
1232 2016 1348 2037 secun-

273 2051 352 2083 dum
368 2060 448 2082 esse.
464 2051 525 2082 Per
540 2051 747 2091 cogitativam
763 2051 850 2081 enim
866 2051 968 2082 homo
985 2056 1033 2082 est
1055 2056 1149 2081 natus
1171 2051 1348 2091 intelligere

272 2101 429 2137 tanquam
451 2105 511 2136 per
525 2095 778 2126 instrumentum
800 2095 982 2126 intellectus
998 2096 1173 2136 possibilis
1191 2096 1258 2126 sive
1277 2101 1348 2126 tan-

273 2150 374 2182 quam
396 2149 455 2181 per
468 2139 502 2170 id
517 2149 556 2170 ex
573 2149 640 2180 quo
656 2140 760 2170 homo
775 2140 873 2170 habet
888 2145 924 2171 ut
947 2140 1130 2171 continuari
1153 2141 1256 2180 possit
1271 2149 1347 2171 cum

272 2185 457 2221 intellectu;
472 2193 540 2225 quo
556 2184 659 2215 modo
675 2184 792 2215 dicitur
807 2184 864 2214 XII
881 2185 1036 2225 Metaph„
1052 2190 1240 2215 commento
1266 2185 1306 2215 38
1319 2186 1346 2221 *,

274 2229 366 2271 quod
387 2229 528 2260 hominis
543 2229 673 2271 forma,
698 2229 890 2270 inquantum
915 2234 963 2259 est
987 2229 1095 2265 horno,
1121 2238 1187 2259 non
1214 2234 1262 2260 est
1284 2229 1349 2260 nisi

267 2283 333 2316 per
354 2273 632 2305 continuationem
655 2273 726 2304 eius
748 2282 820 2303 cum
845 2273 1018 2304 intellectu.
1038 2273 1134 2304 Unde
1157 2279 1190 2304 et
1211 2282 1270 2314 per
1293 2283 1348 2304 co-

272 2319 438 2360 gitativam
453 2319 556 2348 homo
573 2319 746 2349 intrinsece
758 2323 790 2348 et
802 2318 1020 2354 essentialiter,
1036 2317 1217 2349 secundum
1228 2319 1348 2358 ipsum,

273 2373 293 2395 a
314 2363 416 2394 brutis
439 2362 560 2393 differt:
586 2371 644 2403 per
658 2361 860 2393 intellectum
875 2367 985 2393 autem
1008 2363 1195 2399 extrinsece,
1210 2363 1348 2403 inquan-

272 2414 345 2440 tum
367 2417 426 2448 per
449 2407 657 2447 cogitativam
679 2415 748 2437 non
772 2412 820 2437 est
842 2412 937 2437 natus
960 2408 1063 2437 homo
1086 2407 1265 2447 intelligere
1287 2408 1349 2437 nisi

273 2453 470 2494 inquantum
485 2457 560 2482 nata
579 2458 627 2482 est
641 2455 678 2481 ut
701 2450 761 2481 sibi
775 2451 958 2482 intellectus
979 2451 1142 2492 possibilis
1165 2451 1347 2492 copuletur.

330 2497 384 2528 IV.
407 2496 577 2534 Quantum
596 2495 637 2526 ad
658 2495 784 2526 tertiam
808 2501 933 2535 partem
944 2496 972 2532 ³,
988 2496 1092 2536 arguit
1107 2495 1243 2527 Sanctus
1258 2496 1349 2526 Tho-

274 2550 343 2573 mas
367 2546 480 2572 contra
508 2540 592 2571 hanc
615 2540 768 2570 Averrois
792 2538 970 2571 fictionem.
998 2540 1040 2571 Et
1062 2541 1178 2580 primo,
1203 2541 1349 2572 absolute

274 2587 379 2626 ipsam
409 2583 634 2625 impugnando
650 2585 683 2621 ’ς
712 2583 869 2621 secundo,
897 2584 1100 2616 ostendendo
1127 2586 1230 2626 ipsam
1257 2585 1350 2616 dictis

275 2629 457 2661 Aristotelis
479 2637 670 2670 repugnare,
695 2637 766 2669 cap.
789 2638 852 2659 Lxx.

332 2674 501 2712 Quantum
516 2673 558 2704 ad
580 2674 734 2714 primum,
753 2674 857 2713 arguit
880 2682 919 2703 ex
942 2672 1063 2713 duplici
1081 2674 1142 2704 via.
1166 2673 1273 2703 Prima
1295 2683 1349 2704 su-

275 2719 375 2749 mitur
397 2727 437 2749 ex
459 2718 529 2758 ipsa
551 2718 695 2748 hominis
709 2718 900 2758 operatione
916 2726 1000 2757 quae
1018 2722 1067 2747 est
1087 2717 1276 2757 intelligere.
1293 2717 1349 2748 Se-

277 2762 384 2794 cunda
407 2771 447 2793 ex
468 2767 583 2793 natura
605 2768 704 2802 atque
726 2762 834 2802 specie
857 2762 1014 2792 hominis:
1045 2766 1077 2791 et
1106 2761 1220 2801 incipit
1243 2762 1277 2792 in
1299 2771 1349 2792 se-

275 2808 379 2849 ptima
400 2807 526 2837 ratione
549 2806 646 2837 huius
669 2807 781 2846 capitis
793 2807 820 2836 “.

333 2852 370 2882 ln
399 2852 503 2892 prima
531 2851 583 2881 via
613 2850 810 2891 supponitur
837 2854 993 2889 tanquam
1022 2848 1229 2880 manifestum
1259 2848 1350 2889 quod

276 2896 380 2927 homo
407 2895 579 2935 intelligat:
604 2895 669 2925 hoc
692 2895 780 2925 enim
809 2894 1036 2934 unusquisque
1063 2894 1097 2924 in
1120 2894 1228 2933 seipso
1253 2903 1349 2934 expe-

276 2941 366 2971 ritur.
392 2939 542 2971 Ostendit
557 2945 666 2970 autem
691 2938 781 2979 quod
803 2943 937 2978 propter
952 2938 1233 2968 continuationem
1255 2938 1349 2968 intel-

276 2985 380 3016 lectus
395 2994 471 3015 cum
494 2985 726 3024 phantasmate,
741 2991 811 3013 non
826 2987 934 3022 potest
950 2981 1013 3012 dici
1025 2982 1138 3012 'homo
1161 2982 1348 3022 intelligere,

277 3030 304 3060 si
318 3034 459 3070 ponatur
474 3028 656 3059 intellectus
671 3027 847 3058 substantia
862 3027 902 3057 ab
926 3026 1060 3057 homine
1083 3025 1263 3057 secundum
1279 3035 1348 3057 esse

278 3079 432 3114 separata.

332 3118 378 3148 Et
399 3117 556 3158 arguitur
572 3116 683 3156 primo
706 3117 762 3147 sic.
787 3115 823 3146 ld
845 3114 936 3155 quod
958 3115 1054 3145 habet
1076 3114 1277 3145 intellectum
1303 3120 1350 3145 est

276 3162 477 3203 intelligens:
498 3166 530 3192 et
544 3160 577 3191 id
592 3160 779 3200 intelligitur
794 3160 886 3190 cuius
897 3159 1020 3199 species
1035 3158 1242 3199 intelligibilis
1256 3158 1350 3189 intel-

276 3207 376 3238 lectui
396 3207 516 3237 unitur.
540 3205 627 3246 Ergo
652 3214 690 3236 ex
713 3205 778 3235 hoc
801 3203 891 3244 quod
914 3204 1037 3243 species
1060 3203 1151 3233 unita
1173 3203 1350 3234 intellectui

278 3257 326 3282 est
349 3251 459 3292 aliquo
483 3249 584 3281 modo
608 3250 642 3280 in
669 3249 774 3285 nobis,
790 3248 912 3279 scilicet
926 3257 984 3288 per
1006 3247 1204 3287 phantasma,
1227 3248 1262 3277 in
1281 3257 1349 3288 quo

277 3296 375 3326 habet
389 3296 530 3326 veritatis
544 3293 802 3329 fundamentum,
819 3302 887 3323 non
902 3292 1047 3332 sequitur
1071 3291 1161 3331 quod
1182 3292 1284 3322 homo
1301 3292 1350 3322 in-

279 3340 418 3381 telligat,
442 3339 498 3370 sed
522 3338 612 3380 quod
636 3338 851 3379 intelligatur.

333 3384 476 3415 Adverte
503 3383 753 3414 fundamentum
776 3382 873 3412 huius
895 3381 1018 3421 primae
1047 3379 1180 3410 rationis
1207 3389 1286 3415 esse,
1313 3385 1350 3409 ut

279 3433 368 3469 patet
389 3429 422 3460 in
448 3428 513 3467 Qu.
530 3428 570 3459 de
592 3427 721 3463 Anima,
746 3432 802 3457 art.
821 3436 850 3462 2,
876 3425 966 3465 quod
989 3434 1055 3454 non
1080 3429 1128 3454 est
1149 3424 1274 3464 aliquid
1296 3433 1350 3454 co-

278 3474 496 3515 gnoscitivum
523 3482 565 3503 ex
594 3472 656 3502 hoc
678 3471 766 3512 quod
788 3470 880 3501 adest
905 3469 936 3500 ei
963 3469 1083 3509 species
1110 3468 1349 3509 cognoscibilis,

278 3517 336 3548 sed
358 3527 400 3549 ex
422 3518 484 3548 hoc
506 3516 594 3558 quod
615 3516 708 3547 adest
729 3516 759 3546 ei
775 3514 924 3556 potentia
948 3512 1180 3554 cognoscitiva.
1211 3512 1259 3542 Ex
1285 3512 1350 3542 hoc

280 3567 390 3593 autem
414 3561 504 3602 quod
525 3561 649 3601 species
671 3559 878 3600 intelligibilis
902 3558 1011 3598 aliquo
1034 3556 1135 3587 modo
1158 3556 1269 3587 unitur
1290 3556 1351 3587 ho-

280 3607 362 3637 mini
387 3607 512 3637 ratione
538 3605 779 3646 phantasmatis,
806 3613 874 3634 non
900 3602 991 3634 adest
1016 3602 1142 3632 homini
1166 3601 1267 3631 virtus
1294 3610 1350 3631 co-

280 3651 468 3691 gnoscitiva,
493 3649 550 3680 sed
572 3654 699 3680 tantum
721 3649 791 3689 ipsa
813 3648 936 3689 species
958 3645 1178 3686 intelligibilis:
1203 3654 1279 3675 cum
1301 3645 1350 3676 in-

423 3713 517 3738 Suama
536 3711 646 3736 Coum
665 3711 798 3735 Garri-rurs
817 3709 848 3734 D.
867 3707 982 3734 ‘rueme
1001 3707 1071 3732 Tou.
1086 3707 1104 3732 1.

2393 300 2469 337 417

1401 364 1548 395 tellectus
1571 370 1735 395 remaneat
1760 365 1942 396 secundum
1972 375 2041 399 esse
2071 367 2110 397 ab
2141 367 2274 398 homine
2297 374 2470 409 separatus.

1402 408 1525 439 Idcirco
1545 418 1584 439 ex
1607 408 1662 439 tali
1685 410 1809 441 unione
1824 410 2006 442 intellectus
2028 411 2200 442 nobiscum
2223 413 2346 443 ratione
2369 413 2471 453 phan-

1401 453 1553 489 tasmatis‚
1569 462 1638 483 non
1654 454 1799 493 sequitur
1815 454 1905 494 quod
1920 456 2021 485 homo
2038 456 2078 486 sit
2092 456 2283 496 intelligens,
2300 457 2356 488 sed
2370 458 2471 498 magis

1402 496 1493 536 quod
1515 497 1724 536 intelligatur:
1750 507 1826 529 cum
1849 499 1973 539 species
1996 500 2046 530 sui
2068 500 2297 540 phantasmatis
2320 502 2360 532 sit
2382 503 2471 533 unita

1401 540 1588 571 intellectui.
2325 564 2327 566 v

1457 585 1496 615 V.
1521 584 1692 616 Secundo:
1715 591 1747 615 et
1776 591 1824 616 est
1853 586 2025 618 declaratio
2056 588 2215 628 quaedam
2246 595 2277 620 et
2301 590 2470 630 explicatio

1399 629 1621 669 praecedentis
1637 630 1779 660 rationis.
1793 630 1912 661 Similis
1925 632 2126 663 continuatio
2142 639 2190 663 est
2203 634 2384 665 intellectus
2395 645 2471 675 pos-

1400 673 1499 704 sibilis
1529 683 1588 714 per
1614 673 1754 704 formam
1785 675 2019 715 intelligibilem
2042 676 2082 707 ad
2111 678 2298 717 phantasma
2321 679 2412 719 quod
2437 680 2471 710 in

1399 718 1494 748 nobis
1518 723 1575 753 est,
1600 724 1631 748 et
1658 718 1823 758 potentiae
1847 719 1965 749 visivae
1988 719 2029 750 ad
2052 721 2196 752 colorem
2220 723 2276 762 qui
2300 729 2347 753 est
2369 724 2402 754 in
2426 723 2471 754 la-

1399 761 1486 802 pide.
1511 762 1575 792 Sed
1597 762 1677 794 haec
1701 763 1903 794 continuatio
1926 773 1995 794 non
2017 764 2093 794 facit
2115 765 2256 805 lapidem
2278 767 2396 804 videre,
2415 767 2471 798 sed

1399 806 1510 837 videri.
1528 806 1614 846 Ergo
1631 813 1663 837 et
1686 806 1772 838 dicta
1794 808 1997 838 continuau'o
2020 809 2201 840 intellectus
2217 811 2388 842 nobiscum
2403 822 2471 842 non

1399 850 1476 885 facit
1490 860 1551 881 nos
1567 851 1751 893 intelligere
1765 851 1822 882 sed
1838 852 1946 883 solum
1962 853 2112 894 intelligi.
2128 854 2214 894 Ergo
2234 864 2301 885 non
2323 861 2370 886 est
2384 856 2471 886 suffi-

1401 895 1489 925 ciens
1514 895 1697 936 praedictus
1728 897 1981 927 continuationis
2011 896 2141 928 modus.
2164 915 2187 919 —
2210 898 2472 939 Consequentiae

1399 945 1507 976 notae,
1531 949 1608 971 cum
1630 941 1761 971 minori.
1776 958 1800 962 —
1815 941 1921 972 Maior
1939 946 2048 972 autem
2070 942 2225 982 probatur
2244 952 2282 973 ex
2306 953 2471 984 compara-

1399 984 1490 1015 tione
1513 993 1578 1024 qua
1602 985 1703 1016 utitur
1725 991 1758 1016 et
1786 985 1856 1025 ipse
1879 986 2039 1016 Averroes
2064 992 2095 1017 et
2124 987 2328 1018 Aristoteles:
2352 989 2473 1019 scilicet

1400 1028 1491 1068 quod
1507 1029 1552 1059 sic
1567 1039 1602 1059 se
1618 1029 1713 1059 habet
1728 1030 1852 1069 species
1867 1030 2074 1071 intelligibilis
2090 1030 2130 1062 ad
2144 1031 2375 1071 phantasmata,
2392 1034 2473 1063 sicut

1400 1073 1524 1113 species
1546 1073 1678 1104 visibilis
1701 1074 1735 1104 in
1759 1079 1833 1104 actu
1856 1074 1896 1105 ad
1920 1075 2102 1105 coloratum
2126 1080 2213 1106 extra
2236 1077 2387 1106 animam.

1457 1127 1488 1148 2.
1512 1117 1564 1147 Ad
1587 1118 1671 1148 hanc
1693 1119 1853 1149 rationem
1869 1118 2049 1159 dupliciter,
2067 1109 2247 1150 secundum
2262 1121 2472 1158 Averroistas,

1400 1161 1588 1201 responderi
1611 1167 1728 1202 potest.
1745 1163 1864 1199 Primo,
1881 1163 1971 1203 quod
1994 1164 2075 1194 ratio
2092 1165 2247 1204 supponit
2269 1164 2396 1202 falsum,
2413 1166 2473 1196 sci-

1400 1205 1475 1236 licet
1493 1206 1584 1246 quod
1602 1206 1677 1237 ideo
1693 1207 1875 1237 intellectus
1891 1207 2015 1238 dicatur
2030 1209 2125 1238 nobis
2142 1209 2287 1249 copulari
2311 1210 2387 1249 quia
2402 1210 2471 1250 ipse

1400 1250 1556 1290 intelligat
1578 1251 1769 1291 phantasma
1784 1251 1875 1292 quod
1889 1253 1922 1282 in
1938 1253 2033 1283 nobis
2055 1258 2112 1283 est.
2137 1253 2212 1283 Hoc
2231 1253 2318 1283 enim
2340 1263 2409 1284 non
2425 1259 2479 1292 est·

1401 1293 1441 1325 ad
1463 1300 1607 1325 mentem
1633 1296 1800 1326 Averrois:
1832 1296 1889 1327 sed
1917 1296 1993 1327 ideo
2016 1296 2195 1327 secundum
2222 1298 2329 1337 ipsum
2357 1297 2472 1329 dicitur

1399 1339 1581 1370 intellectus
1603 1340 1776 1370 nobiscum
1799 1341 1955 1381 copulari,
1976 1341 2132 1381 quoniam
2154 1341 2242 1371 idem
2265 1343 2472 1382 cognoscitur

1401 1383 1440 1413 ab
1456 1383 1623 1414 intellectu
1639 1389 1671 1414 et
1686 1394 1704 1414 a
1718 1390 1829 1415 nostra
1841 1385 2022 1425 cogitativa,
2035 1385 2092 1416 sed
2107 1386 2146 1415 ab
2159 1386 2325 1416 intellectu
2338 1386 2471 1427 quidem

1401 1427 1631 1464 universaliter,
1659 1438 1677 1459 a
1705 1429 1876 1469 cogitativa
1899 1435 2007 1460 autem
2030 1430 2274 1469 particulariter;
2297 1440 2331 1460 se
2354 1431 2473 1461 habent

1402 1472 1489 1502 enim
1512 1472 1595 1502 sicut
1617 1482 1666 1502 ars
1691 1478 1722 1503 et
1744 1474 1873 1509 securis,
1902 1483 1986 1513 quae
2015 1474 2049 1504 in
2079 1483 2144 1504 una
2171 1475 2360 1514 operatione
2389 1476 2472 1506 circa

1401 1515 1488 1546 idem
1512 1517 1752 1553 continuantur,
1776 1527 1826 1547 ars
1853 1517 1986 1557 quidem
2008 1518 2235 1558 principaliter,
2252 1520 2372 1550 securis
2394 1529 2471 1550 vero

1401 1560 1695 1591 instrumentaliter.
1713 1561 1807 1592 Unde
1823 1562 2022 1602 comparatio
2040 1561 2187 1599 adducta,
2211 1563 2286 1593 licet
2308 1564 2348 1594 sit
2371 1573 2472 1604 quan·

1402 1609 1473 1634 tum
1488 1604 1529 1634 ad
1551 1604 1675 1645 aliquid
1698 1606 1905 1642 conveniens,
1922 1611 1954 1636 et
1968 1607 2093 1636 ratione
2115 1606 2200 1636 illius
2223 1607 2264 1637 sit
2287 1607 2326 1637 ab
2349 1608 2473 1638 Aristo-

1402 1648 1466 1678 tele
1489 1653 1664 1688 assumpta,
1686 1659 1756 1679 non
1779 1655 1887 1680 tamen
1903 1655 2063 1690 quantum
2078 1650 2118 1680 ad
2142 1651 2252 1681 omnia
2275 1653 2472 1682 conveniens

1403 1698 1460 1722 est.
1477 1692 1519 1723 Et
1533 1691 1608 1722 ideo
1625 1692 1741 1723 dicitur
1757 1693 1848 1734 quod
1870 1695 1974 1724 maior
1989 1694 2145 1725 adductae
2160 1695 2294 1724 rationis
2317 1701 2365 1725 est
2380 1695 2471 1726 falsa:

1401 1746 1471 1766 non
1494 1737 1581 1767 enim
1604 1738 1812 1768 continuatur
1834 1739 1922 1769 visus
1945 1748 2020 1768 cum
2044 1739 2190 1769 colorato
2213 1739 2337 1769 ratione
2361 1749 2473 1780 opera-

1402 1781 1500 1811 tionis
1516 1781 1600 1811 circa
1614 1781 1702 1812 idem
1718 1782 1894 1819 obiectum,
1910 1783 1992 1813 sicut
2015 1783 2197 1814 intellectus
2215 1783 2375 1823 possibilis
2399 1793 2474 1814 cum

1401 1825 1634 1866 phantasmate.

1457 1870 1610 1901 Secundo
1625 1870 1812 1910 responderi
1835 1876 1944 1911 potest
1962 1870 2062 1911 quod,
2083 1871 2263 1902 secundum
2286 1872 2472 1909 Averroem,

1401 1923 1470 1944 non
1493 1915 1591 1945 habet
1612 1915 1715 1945 homo
1732 1924 1771 1945 ex
1793 1915 1847 1945 illa
1869 1916 1940 1946 sola
1953 1916 2078 1946 unione
2101 1925 2177 1946 cum
2200 1916 2422 1956 phantasmate
2436 1922 2474 1947 ut

1401 1958 1566 1998 intelligat,
1583 1958 1640 1989 sed
1655 1968 1695 1989 ex
1710 1960 1887 1990 assistentia
1902 1959 2084 1990 intellectus
2099 1959 2139 1990 ad
2155 1969 2274 2000 corpus
2291 1960 2472 1991 humanum

1401 2008 1556 2043 tanquam
1579 2003 1620 2034 ad
1642 2004 1811 2043 proprium
1833 2004 1954 2034 mobile
1974 2003 2182 2034 essentialiter
2200 2004 2260 2034 sibi
2283 2014 2472 2045 correspon-

1401 2046 1491 2084 dens,
1515 2047 1598 2078 sicut
1620 2057 1654 2078 se
1677 2048 1774 2078 habet
1795 2048 2005 2088 intelligentia
2027 2048 2068 2079 ad
2091 2049 2214 2079 orbem.
2242 2048 2335 2079 Unde
2359 2058 2472 2080 verum

1401 2097 1449 2122 est
1464 2091 1580 2128 dicere,
1597 2101 1636 2122 ex
1651 2092 1705 2122 tali
1721 2093 1854 2129 unione,
1868 2092 1958 2133 quod
1973 2092 2084 2123 Sortes
2100 2092 2270 2134 intelligit.-
2285 2094 2367 2124 sicut
2383 2093 2472 2134 quod

1402 2137 1526 2166 caelum
1551 2142 1659 2167 movet
1679 2146 1723 2167 se.

1459 2181 1490 2211 3.
1521 2180 1586 2211 Sed
1615 2186 1727 2211 contra
1749 2181 1888 2220 primam
1911 2182 2025 2212 harum
2053 2181 2304 2221 responsionum
2331 2182 2473 2222 arguitur

1402 2225 1519 2265 primo,
1544 2226 1621 2265 quia
1643 2235 1711 2256 non
1734 2225 1861 2256 videtur
1884 2226 2035 2265 assignari
2062 2226 2265 2256 continuatio
2291 2226 2472 2257 intellectus

1402 2270 1574 2300 nobiscum
1597 2279 1655 2310 per
1677 2270 1867 2310 phantasma
1882 2270 1923 2300 ad
1944 2275 2089 2301 mentem
2113 2269 2397 2307 Commentatoris‚
2413 2272 2473 2301 sci-

1402 2313 1478 2344 licet
1501 2314 1577 2354 quia
1601 2315 1774 2354 cogitativa
1789 2319 1822 2344 et
1842 2314 2025 2345 intellectus
2048 2315 2243 2345 conveniant
2257 2315 2291 2345 in
2306 2324 2371 2345 una
2393 2325 2472 2355 ope-

1402 2359 1538 2389 ratione.
1561 2359 1737 2398 Assignans
1757 2359 1844 2389 enim
1858 2360 2029 2395 Averroes,
2046 2359 2087 2389 111
2107 2358 2146 2389 de
2161 2359 2279 2389 Anima
2289 2360 2316 2395 ³,
2337 2359 2474 2390 modum

1403 2403 1667 2439 continuationis,
1691 2403 1799 2443 inquit
1821 2403 1912 2443 quod
1935 2403 2007 2433 ideo
2031 2403 2244 2433 continuatur
2266 2403 2358 2434 nobis
2381 2404 2473 2434 intel-

1403 2448 1512 2483 lectus,
1525 2447 1602 2488 quia
1617 2447 1738 2488 species
1754 2447 1968 2489 intelligibilis
1983 2457 2066 2488 quae
2081 2452 2129 2478 est
2143 2447 2176 2477 in
2193 2447 2366 2484 intellectu,
2382 2448 2476 2479 habet

1402 2492 1524 2532 duplex
1537 2492 1722 2527 subiectum,
1738 2492 1861 2522 scilicet
1883 2492 2078 2522 intellectum
2101 2492 2214 2532 ipsum,
2230 2497 2263 2522 et
2277 2492 2474 2532 phantasma

1403 2537 1437 2566 in
1461 2536 1553 2567 nobis
1576 2536 1726 2566 existens.
1751 2536 1799 2566 Ex
1823 2537 1942 2576 quibus
1963 2541 2052 2576 patet
2075 2535 2165 2576 quod
2187 2545 2256 2566 non
2278 2537 2372 2575 ponit
2395 2546 2473 2567 con-

1402 2581 1618 2612 tinuationem
1641 2580 1823 2610 intellectus
1846 2581 2019 2610 nobiscum
2043 2581 2118 2619 quia
2148 2579 2235 2610 idem
2258 2586 2472 2619 cognoscatur

1403 2625 1442 2655 ab
1465 2624 1631 2655 intellectu
1654 2633 1712 2664 per
1734 2624 1878 2664 speciem
1892 2624 2125 2664 intelligibilem
2141 2629 2173 2654 et
2187 2633 2206 2653 a
2229 2624 2399 2663 cogitativa
2414 2634 2472 2665 per

1403 2669 1542 2700 formam
1564 2669 1786 2708 imaginatam:
1812 2668 1868 2698 sed
1892 2669 1968 2708 quia
1990 2677 2048 2708 per
2070 2668 2213 2708 speciem
2239 2668 2471 2708 intelligibilem

1402 2713 1440 2744 fit
1461 2713 1569 2753 aliqua
1592 2712 1755 2752 colligatio
1777 2712 1959 2743 intellectus
1981 2712 2166 2748 nobiscum,
2183 2721 2223 2742 eo
2247 2711 2338 2752 quod
2360 2713 2414 2743 illa
2437 2714 2470 2743 in

1402 2758 1497 2788 nobis
1513 2757 1628 2788 habeat
1643 2757 1836 2793 subiectum,
1853 2757 1974 2787 scilicet
1988 2757 2187 2796 phantasma,
2203 2756 2286 2786 sicut
2300 2756 2396 2787 habet
2410 2766 2470 2796 pro

1403 2802 1550 2833 subiecto
1573 2801 1783 2837 intellectum,
1807 2801 1882 2831 licet
1906 2801 1971 2831 alio
2002 2806 2034 2831 et
2056 2801 2119 2831 alio
2142 2799 2259 2836 modo;
2289 2801 2471 2831 intellectus

1404 2847 1492 2877 enim
1514 2851 1562 2876 est
1585 2846 1654 2876 eius
1677 2845 1860 2876 subiectum
1888 2854 1946 2885 per
1974 2844 2112 2875 modum
2139 2844 2345 2880 inhaesionis,
2368 2845 2470 2884 phan-

1403 2896 1505 2921 tasma
1528 2895 1637 2920 autem
1661 2899 1701 2920 eo
1725 2889 1816 2929 quod
1839 2890 1908 2920 eius
1937 2890 2103 2919 veritatem
2130 2888 2254 2919 fundet.
2283 2888 2470 2919 Secundum

1404 2944 1480 2975 ergo
1502 2935 1586 2965 hanc
1610 2934 1890 2964 continuationem
1912 2933 2059 2974 procedit
2080 2933 2176 2963 ratio:
2200 2942 2268 2963 non
2291 2933 2471 2963 secundum

1402 2979 1491 3010 illam
1515 2977 1606 3019 quod
1627 2977 1810 3008 intellectus
1833 2983 2008 3017 cognoscat
2029 2978 2218 3018 phantasma
2232 2977 2266 3006 in
2289 2977 2382 3007 nobis
2406 2978 2470 3008 exi-

1403 3029 1499 3054 stens.
1516 3023 1558 3054 Et
1572 3023 1676 3053 maior
1692 3027 1855 3062 assumpta
1871 3027 1918 3052 est
1932 3031 2022 3052 vera:
2040 3022 2123 3052 sicut
2138 3021 2225 3052 enim
2241 3021 2363 3060 species
2378 3021 2471 3052 intel-

1403 3067 1530 3108 ligibilis
1559 3067 1656 3098 habet
1677 3066 1798 3107 duplex
1820 3066 2012 3102 subiectum,
2042 3066 2086 3096 ita
2117 3071 2149 3096 et
2177 3065 2300 3105 species
2328 3065 2470 3102 visibilis,

1404 3112 1525 3143 scilicet
1547 3112 1728 3152 potentiam
1746 3111 1890 3147 visivam,
1907 3116 1939 3141 et
1962 3110 2107 3141 colorem
2126 3120 2144 3140 a
2168 3118 2234 3149 quo
2258 3115 2422 3146 causatur-3
2439 3114 2471 3140 et

1403 3156 1478 3188 ideo
1501 3156 1676 3196 utrobique
1699 3155 1810 3186 similis
1835 3160 1882 3185 est
1908 3155 2120 3185 continuatio.
2150 3153 2199 3183 Ex
2222 3162 2288 3193 quo
2311 3158 2399 3193 patet
2421 3163 2470 3183 re-

1403 3201 1615 3242 sponsionem
1634 3209 1743 3240 neque
1759 3199 1799 3230 ad
1821 3204 1964 3229 mentem
1978 3199 2110 3229 rationis
2133 3197 2239 3228 datam
2262 3206 2340 3234 esse,
2362 3206 2471 3237 neque

1404 3245 1445 3276 ad
1467 3250 1611 3276 mentem
1635 3244 1919 3278 Commentatoris.

1456 3289 1619 3320 Secundo.
1632 3289 1711 3319 Esto
1725 3288 1815 3328 quod
1827 3287 2105 3318 continuationem
2116 3285 2204 3316 illam
2215 3284 2359 3315 intendat
2370 3286 2471 3316 Aver-

1403 3343 1477 3365 roes
1493 3343 1591 3374 quam
1614 3333 1782 3373 responsio
1798 3332 1902 3372 ponit,
1918 3331 2063 3371 sequitur
2082 3329 2172 3370 quod
2186 3330 2288 3360 homo
2303 3329 2383 3360 nihil
2398 3330 2471 3360 uni-

1404 3378 1567 3408 versaliter
1582 3387 1620 3408 ex
1643 3378 1697 3408 illa
1712 3378 1835 3408 unione
1850 3380 2025 3415 cognoscat
2041 3375 2147 3414 (cuius
2166 3374 2355 3414 oppositum
2369 3383 2471 3404 unus-

1405 3423 1544 3463 quisque
1560 3421 1749 3462 experitur):
1767 3427 1799 3451 et
1809 3429 1867 3460 per
1883 3428 2085 3459 consequens
2100 3419 2202 3448 homo
2220 3427 2289 3448 non
2304 3418 2469 3458 intelliget,

1405 3476 1482 3498 cum
1503 3466 1680 3506 intelligere
1695 3464 1925 3496 universalium
1940 3464 1988 3493 sit.
2011 3481 2033 3485 -
2047 3463 2204 3493 Probatur
2227 3463 2469 3502 consequentia.

1406 3511 1624 3542 Continuatur
1634 3510 1806 3540 nobiscum
1821 3508 2000 3539 intellectus
2013 3507 2090 3547 quia
2099 3506 2187 3537 idem
2199 3507 2470 3546 comprehensum

1405 3561 1453 3586 est
1475 3556 1514 3585 ab
1537 3554 1703 3585 intellectu
1726 3559 1758 3584 et
1781 3552 1960 3593 cogitativa,
1984 3552 2023 3582 ab
2049 3550 2215 3581 intellectu
2240 3551 2469 3588 universaliter,

1405 3610 1424 3630 a
1439 3600 1610 3640 cogitativa
1625 3597 1864 3639 particulariter.
1881 3595 1945 3627 Sed
1958 3595 2140 3626 intellectus
2154 3594 2235 3625 nihil
2251 3599 2298 3625 est
2312 3594 2469 3626 hominis:

1404 3645 1507 3674 immo
1524 3649 1571 3674 est
1594 3641 1773 3674 secundum
1789 3650 1858 3672 esse
1880 3641 1919 3671 ab
1942 3641 2015 3680 ipso
2031 3645 2203 3680 separatus.
2227 3638 2314 3679 Ergo
2333 3648 2392 3680 per
2406 3640 2470 3670 hoc

2295 3699 2326 3725 53

2501 2368 2510 2376 '
2517 2366 2582 2394 etp.
2590 2366 2711 2393 ¹40,¹48v.
