2768 4134
56 1379 66 1388 '
78 1377 113 1399 Cf.
135 1377 267 1407 Comment.

116 1409 184 1430 xxm,
195 1406 245 1424 ιιιιι,

126 1436 148 1451 n.
160 1436 185 1455 ιι,
197 1435 231 1451 ιιι.

53 1409 115 1452 2³²&

304 281 379 318 336

299 359 440 413 gularis
465 358 625 409 figurae,
654 354 917 392 necessarium
953 353 1023 391 fuit
1056 353 1166 403 quod
1200 361 1276 390 tres
1304 365 1370 390 an-

298 404 414 460 gulos
419 410 606 459 aequales
617 386 778 445 ’duobus
798 406 907 445 rectis
926 407 1096 444 haberet.
1112 407 1221 443 Haec
1239 413 1371 443 autem

298 462 502 501 necessitas
521 470 577 498 est
596 461 814 498 secundum
834 460 1014 497 ordinem
1034 460 1192 496 effectus
1212 459 1261 496 ad
1281 471 1370 496 cau-

299 528 381 553 sam
401 523 568 552 creatam
587 514 826 552 materialem
845 514 906 551 vel
926 514 1141 551 formalem.
1172 512 1285 550 Unde
1313 523 1370 548 se—

298 569 474 606 cundum
492 569 594 605 hanc
613 568 721 604 Deus
750 566 903 604 debitor
930 566 1004 604 dici
1033 578 1114 603 non
1141 573 1278 615 potest,
1302 565 1371 602 sed
1394 581 1402 600 ς

298 621 419 670 magis
447 621 487 657 in
515 627 732 658 creaturam
759 619 993 657 necessitatis
1021 618 1196 656 debitum
1216 617 1327 656 cadit.
1345 640 1370 645 -

298 676 339 712 In
368 686 499 711 rerum
527 681 659 711 autem
687 673 976 723 propagatione,
997 671 1063 709 ubi
1092 672 1171 709 iam
1197 679 1372 709 creatura

297 726 467 764 efficiens
496 726 700 772 invenitur,
720 734 847 776 potest
866 738 949 764 esse
969 724 1175 762 necessitas
1194 724 1371 762 absoluta

297 792 320 817 a
338 792 455 817 causa
484 779 671 817 efficiente
700 787 841 817 creata:
872 779 970 817 sicut
998 791 1044 815 ex
1073 785 1184 815 motu
1205 777 1294 815 solis
1314 778 1370 815 in-

296 832 433 870 feriora
461 844 626 883 corpora
654 832 870 870 necessario
899 832 1166 869 immutantur.

350 885 413 923 Sic
446 884 558 933 igitur
594 898 641 923 ex
678 885 881 936 praedictis
913 884 1031 922 debiti
1066 883 1280 922 rationibus
1314 883 1370 922 iu-

349 1009 367 1032 4
385 999 506 1033 creatam]
527 1004 612 1025 creata
631 1000 682 1026 αΧ.

351 1044 364 1060 2
385 1035 484 1068 earum]
504 1042 597 1060 eorum
616 1036 657 1060 ax
676 1038 703 1060 et
715 1035 836 1069 fortasse
854 1035 886 1059 A.

772 999 788 1024 6
808 998 968 1024 necessitatis
987 997 1031 1023 hic
1049 997 1146 1029 GNW;
1163 1001 1226 1030 post
1245 997 1371 1023 debiturn.

689 278 877 315 SUMMA
907 276 1130 313 CONTRA
1158 276 1434 321 GENTILES,
1463 277 1558 312 LIB.
1579 277 1620 321 11,
1651 277 1763 313 CAP.
1784 277 1952 324 XXVIII,
1971 279 2109 315 XXIX.

1427 353 1525 391 stitia
1559 354 1743 391 naturalis
1779 354 1819 391 in
1857 355 1973 392 rebus
2010 356 2207 394 invenitur
2244 365 2280 395 et
2307 367 2500 407 quantum

1426 406 1478 443 acl
1514 418 1646 443 rerum
1683 407 1935 454 creationem,
1973 416 2010 446 et
2047 417 2240 458 quantum
2277 411 2327 448 ad
2363 424 2500 450 earum

1426 459 1760 508 propagationem.
1790 462 1839 498 Et
1858 460 1947 498 ideo
1972 462 2079 499 Deus
2103 462 2242 500 dicitur
2261 462 2357 501 iuste
2381 473 2419 502 et
2442 478 2500 503 ra-

1425 512 1658 550 tionabiliter
1685 513 1819 551 omnia
1846 514 2066 552 condidisse
2095 523 2133 553 et
2158 516 2387 564 gubernare.

1481 565 1545 603 Sic
1573 565 1686 614 igitur
1712 578 1784 617 per
1809 567 2005 617 praedicta
2033 569 2249 606 excluditur
2275 569 2420 619 duplex
2442 583 2500 608 er·

1427 630 1507 656 ror:
1538 631 1678 656 eorum
1711 619 1852 658 scilicet
1884 621 1963 671 qui,
2001 621 2176 660 divinam
2209 622 2424 673 potentiam
2458 623 2500 661 li-

1426 671 1616 719 mitantes‚
1645 672 1826 711 dicebant
1852 674 1985 712 Deum
2011 687 2095 713 non
2121 687 2237 726 posse
2271 676 2395 714 facere
2428 675 2501 715 nisi

1426 737 1528 774 quae
1555 725 1653 772 facit,
1674 726 1767 775 quia
1795 726 1850 764 sic
1877 727 2002 765 facere
2020 728 2137 766 debet
2150 729 2188 751 *·
2179 737 2247 775 ‚et
2275 741 2414 767 eorum
2433 729 2502 779 qui

1427 778 1560 816 dicunt
1579 755 1688 828 quod
1709 780 1843 817 omnia
1871 788 2089 830 sequuntur
2116 781 2334 833 simplicem
2361 784 2502 821 volun-

1387 855 1412 870 ω
1426 839 1556 877 tatem,
1576 832 1725 882 absque
1753 833 1883 883 aliqua
1911 833 1984 872 alia
2012 834 2159 873 ratione
2187 837 2249 874 vel
2277 836 2538 887 quaerenda

1426 884 1467 922 in
1495 885 1612 923 rebus
1640 887 1703 923 vel
1731 886 2006 936 assignanda*.

1055 1130 1396 1164 Commentario.
1423 1131 1736 1164 Fert-ariensis

362 1250 406 1270 tm
422 1244 590 1270 ostensum
611 1239 651 1269 sit
666 1248 736 1270 non
753 1239 891 1269 inveniri
910 1239 1136 1269 necessitatem
1153 1247 1191 1268 ex
1207 1243 1297 1278 parte
1312 1247 1370 1268 vo-

300 1251 495 1316 Cluntatis
521 1283 668 1315 absolute
692 1284 727 1314 in
750 1292 859 1314 rerum
883 1282 1118 1324 productione,
1142 1287 1239 1313 restat
1262 1287 1371 1313 osten-

296 1329 438 1360 dendum
458 1329 492 1359 in
514 1329 574 1359 ista
596 1337 704 1358 rerum
725 1327 942 1369 productione
959 1328 1056 1358 etiam
1071 1327 1211 1358 iustitiae
1234 1328 1373 1358 necessi-

295 1379 395 1405 tatem
417 1382 486 1404 non
509 1382 579 1403 esse
595 1373 622 1402 *.

351 1418 373 1449 1.
397 1418 569 1448 Ponuntur
592 1422 701 1448 autem
718 1422 780 1448 tres
797 1416 1027 1448 conclusiones
1043 1417 1070 1447 ’ἢ
1094 1415 1244 1455 Quarum
1267 1416 1371 1456 prima

296 1468 356 1494 est:
380 1463 471 1493 Deus
495 1471 560 1492 non
586 1462 750 1502 produxit
780 1471 890 1492 rerum
923 1461 1165 1492 universitatem
1196 1470 1238 1491 ex
1265 1459 1370 1492 debito

295 1507 437 1538 iustitiae
459 1506 523 1547 qu'o
548 1506 674 1547 aliquid
696 1511 870 1537 creaturae
892 1506 1057 1537 debeatur.

349 1552 412 1582 Pro
436 1552 529 1582 cuius
552 1551 778 1587 declaratione,
803 1550 974 1582 sciendum
997 1550 1088 1591 quod
1111 1550 1258 1581 debitum
1288 1550 1371 1580 obli-

294 1597 459 1636 gationem
483 1595 647 1636 quandam
671 1596 825 1636 importat
839 1597 874 1627 in
893 1594 1006 1626 ordine
1022 1594 1063 1626 ad
1077 1595 1231 1626 alterum:
1256 1594 1373 1625 dicitur

295 1641 383 1671 enim
402 1641 474 1682 quis
498 1639 625 1671 debitor
648 1640 784 1671 alicuius
800 1641 878 1681 quia
893 1645 941 1671 est
956 1640 1003 1671 illi
1017 1645 1177 1680 quantum
1193 1638 1235 1670 ad
1250 1638 1371 1679 aliquid

295 1684 464 1725 obligatus.
490 1684 614 1716 Dicitur
637 1689 747 1716 autem
770 1684 886 1726 aliquis
902 1694 941 1715 ex
957 1683 1067 1715 debito
1087 1684 1226 1715 iustitiae
1251 1682 1373 1724 aliquid

296 1728 401 1760 facere
424 1728 556 1770 quando
588 1734 715 1760 tenetur
745 1728 826 1760 illud
857 1728 972 1765 facere,
997 1729 1022 1759 si
1046 1729 1149 1759 iustus
1173 1737 1241 1759 esse
1266 1727 1371 1764 debet,

295 1779 337 1812 et,
360 1773 440 1806 illud
463 1783 531 1804 non
556 1772 716 1810 faciendo,
740 1773 879 1804 iniustus
903 1778 996 1804 esset.
1021 1771 1127 1809 Unde,
1144 1773 1170 1803 si
1186 1772 1275 1803 Deus
1295 1781 1372 1812 pro-

295 1820 436 1851 duxisset
458 1828 508 1850 res
531 1828 570 1849 ex
594 1818 704 1849 debito
734 1818 883 1854 iustitiae,
907 1818 951 1848 ita
975 1827 1028 1849 eas
1057 1818 1140 1848 iuste
1167 1816 1372 1857 produxisset

295 1864 386 1905 quod
408 1873 476 1895 non
499 1862 713 1903 producendo
737 1861 849 1893 fuisset
870 1863 1020 1893 iniustus.
1044 1862 1130 1900 Quia
1153 1867 1263 1892 autem
1282 1866 1372 1892 tene·

295 1918 368 1939 mus
391 1907 492 1948 quod,
509 1908 535 1938 si
559 1907 656 1938 etiam
678 1916 728 1937 res
751 1916 821 1938 non
843 1905 1057 1947 produxisset,
1073 1916 1142 1937 non
1158 1911 1292 1947 propter
1306 1906 1371 1936 hoc

294 1953 406 1983 fuisset
428 1952 576 1988 iniustus,
593 1952 695 1981 immo
711 1951 819 1992 potuit
835 1951 957 1991 absque
980 1951 1134 1982 iniustitia
1157 1959 1225 1981 non
1249 1949 1371 1990 produ-

294 2005 383 2032 cere;
408 1995 483 2027 ideo
507 1996 640 2036 ponitur
664 1995 833 2026 conclusio
857 1994 948 2035 quod
971 2003 1038 2025 non
1059 2004 1098 2025 ex
1114 1994 1223 2041 debito
1241 1999 1272 2024 et
1288 1994 1370 2025 obli-

293 2041 423 2081 gatione
447 2040 586 2070 iustitiae
609 2048 662 2070 eas
685 2038 848 2079 produxit.

347 2085 513 2115 Probatur
535 2089 643 2115 autem
661 2083 773 2124 primo
796 2084 853 2114 sic.
878 2083 965 2114 Nihil
982 2083 1153 2114 universali
1170 2093 1277 2115 rerum
1294 2093 1370 2124 pro·

292 2129 440 2161 ductioni
463 2129 736 2169 praesupponitur
760 2129 813 2159 cui
836 2127 959 2169 aliquid
983 2127 1147 2159 debeatur.
1165 2129 1252 2169 Ergo
1269 2133 1330 2159 etc.
1346 2145 1369 2151 -—

292 2175 383 2205 Patet
394 2174 638 2214 consequentia.
651 2172 739 2211 Quia
749 2173 869 2204 iustitia
881 2172 922 2204 ad
933 2172 1071 2204 alterum
1083 2178 1140 2209 est,
1154 2173 1207 2204 cui
1223 2172 1369 2204 debitum

293 2217 406 2255 reddit,
423 2218 453 2248 V
467 2217 671 2249 Ethicorum.

350 2262 510 2293 secundo.
535 2263 636 2293 Actus
660 2271 728 2303 quo
752 2262 858 2304 primo
883 2260 1005 2302 aliquid
1029 2271 1125 2292 suum
1149 2262 1284 2293 alicuius
1302 2260 1369 2292 effi-

294 2308 385 2343 citur,
409 2316 478 2337 non
501 2311 609 2347 potest
631 2314 700 2337 esse
724 2311 814 2337 actus
836 2306 986 2337 iustitiae.
1011 2305 1075 2336 Sed
1093 2315 1151 2347 per
1170 2307 1368 2337 creationem

292 2361 343 2382 res
358 2357 464 2382 creata
486 2351 593 2391 primo
610 2351 724 2392 incipit
746 2351 863 2381 habere
886 2349 1010 2391 aliquid
1032 2359 1141 2381 suum.
1165 2350 1252 2391 Ergo
1268 2355 1329 2381 etc.
1346 2367 1369 2373 -

293 2397 450 2427 Probatur
473 2395 586 2426 maior.
611 2395 708 2434 Quia,
724 2404 802 2426 cum
816 2395 957 2426 iustitiae
971 2395 1011 2426 sit
1035 2395 1170 2426 reddere
1193 2395 1369 2436 unicuique

293 2440 380 2482 quod
393 2450 490 2471 suum
507 2445 562 2476 est,
582 2445 693 2471 actum
715 2439 854 2471 iustitiae
878 2444 1010 2481 oportet
1032 2444 1068 2470 ut
1090 2440 1263 2480 praecedat
1277 2445 1369 2471 actus

294 2494 361 2526 quo
386 2484 508 2525 aliquid
531 2494 627 2516 suum
651 2483 787 2515 alicuius
811 2483 963 2515 efficitur:
989 2488 1024 2514 ut
1047 2484 1081 2514 in
1104 2483 1199 2516 rebus
1218 2484 1368 2515 humanis

295 2539 311 2560 a
361 2535 437 2560 aret.

314 2538 489 2604 ppAdverte
513 2572 604 2613 quod
629 2573 714 2603 actui
737 2572 876 2603 iustitiae
899 2581 967 2603 non
988 2577 1118 2614 oportet
1133 2582 1262 2614 semper
1277 2581 1369 2613 prae-

293 2618 435 2659 supponi
451 2622 560 2648 actum
575 2617 661 2648 illius
678 2617 732 2647 cui
747 2617 870 2657 aliquid
886 2617 1031 2653 debetur,
1048 2626 1106 2657 per
1121 2626 1222 2658 quem
1245 2616 1368 2657 aliquid

293 2671 390 2694 suum
413 2661 584 2693 efficiatur:
609 2660 665 2692 sed
688 2666 819 2702 oportet
848 2661 945 2693 talem
975 2667 1084 2692 actum
1114 2667 1171 2693 aut
1192 2671 1289 2693 suum
1313 2666 1370 2692 aut

293 2707 421 2739 alterius
445 2715 524 2737 esse.
548 2704 735 2746 Aliquando
752 2706 839 2737 enim
854 2705 978 2747 aliquid
999 2706 1114 2746 incipit
1141 2716 1210 2737 esse
1233 2706 1370 2738 alicuius

294 2761 332 2782 ex
347 2756 421 2782 actu
437 2750 580 2791 proprio,
597 2750 680 2781 sicut
696 2759 771 2781 cum
789 2750 861 2791 quis
877 2749 1054 2781 laborando
1072 2749 1194 2791 aliquid
1211 2755 1367 2782 meretur:

292 2794 467 2837 aliquando
492 2803 570 2826 vero
594 2803 652 2836 per
675 2799 785 2825 actum
808 2794 948 2831 alterius,
973 2794 1057 2825 sicut
1081 2804 1156 2825 cum
1186 2804 1245 2836 per
1274 2799 1369 2826 testa-

294 2845 441 2870 mentum
465 2838 593 2869 alterius
617 2838 732 2879 aliquis
755 2839 920 2869 institutus
936 2843 984 2869 est
998 2839 1101 2869 heres.
1125 2839 1168 2870 Et
1187 2839 1251 2870 hoc
1267 2838 1369 2870 modo

294 2889 438 2915 creatura
461 2884 575 2923 incipit
598 2891 657 2923 per
679 2883 904 2923 operationem
927 2882 989 2914 Dei
1013 2884 1149 2914 creantis
1172 2884 1290 2915 habere
1313 2883 1370 2915 ali-

293 2928 373 2969 quid
396 2937 503 2959 suum.

352 2983 381 3003 2.
410 2972 532 3003 Tertio.
559 2971 648 3003 Deus
671 2982 689 3002 a
712 2971 804 3003 nullo
828 2970 999 3012 dependet,
1023 2981 1084 3002 nec
1112 2971 1233 3012 indiget
1259 2972 1370 3014 aliquo

294 3016 384 3059 quod
408 3016 447 3048 ab
471 3016 571 3047 altero
596 3016 757 3056 suscipiat.
782 3015 869 3056 Ergo
893 3021 954 3048 etc.
971 3033 993 3038 -—
1012 3015 1103 3047 Patet
1126 3017 1370 3058 consequentia.

294 3062 380 3101 Quia
402 3060 512 3092 nullus
535 3059 631 3091 debet
654 3060 744 3091 alteri
766 3060 827 3090 nisi
850 3065 984 3101 propter
1007 3060 1142 3091 alterum
1165 3061 1307 3092 illorum.

351 3105 414 3137 Sed
438 3103 574 3136 dubium
598 3105 748 3135 occurrit.
777 3103 874 3142 Quia,
902 3105 1049 3144 quamvis
1084 3105 1199 3145 aliquis
1225 3114 1294 3136 non
1320 3106 1368 3136 in—

295 3150 401 3190 digeat
424 3159 464 3180 eo
489 3149 580 3190 quod
607 3149 647 3180 ab
671 3149 735 3179 alio
759 3149 903 3189 suscipit,
927 3158 996 3179 non
1018 3153 1127 3180 tamen
1150 3156 1284 3191 propter
1307 3150 1371 3181 hoc

295 3195 417 3226 tollitur
441 3195 521 3234 quin
544 3193 635 3225 alteri
657 3203 696 3224 ex
720 3192 830 3224 debito
854 3193 992 3224 iustitiae
1016 3198 1177 3225 teneatur:
1202 3195 1286 3226 sicut
1313 3195 1370 3234 qui

295 3239 412 3279 accipit
435 3237 558 3280 aliquid
580 3238 620 3268 ab
645 3237 708 3268 alio
732 3246 790 3278 per
812 3237 898 3268 viam
921 3236 1072 3278 depositi,
1089 3243 1216 3269 tenetur
1234 3238 1315 3270 illud
1331 3249 1370 3270 ex

296 3282 404 3314 debito
428 3281 565 3313 iustitiae
590 3280 732 3318 reddere,
758 3282 904 3322 quamvis
932 3280 988 3312 illo
1013 3280 1162 3322 deposito
1192 3292 1260 3313 non
1288 3282 1371 3314 indi-

296 3333 377 3367 geat.
395 3327 492 3367 Ergo,
509 3326 656 3367 quamvis
673 3326 762 3356 Deus
777 3335 846 3356 non
862 3324 1012 3366 indigeat,
1027 3335 1103 3356 cum
1118 3327 1220 3357 multa
1235 3328 1371 3368 accipiat

297 3381 315 3401 a
338 3372 500 3407 creaturis,
517 3375 553 3401 ut
569 3375 644 3402 sunt
667 3369 823 3401 sacrificia
846 3374 877 3401 et
901 3369 1082 3401 oblationes
1098 3375 1170 3407 etc„
1188 3370 1313 3402 videtur
1331 3381 1370 3403 ex

298 3415 406 3446 debito
429 3415 569 3446 iustitiae
591 3415 694 3446 teneri
717 3419 890 3445 creaturae.

353 3459 580 3500 Respondetur
603 3459 720 3499 primo,
737 3458 827 3499 quod
844 3459 933 3489 Deus
957 3458 1037 3489 nihil
1061 3459 1177 3499 accipit
1193 3469 1211 3490 a
1227 3464 1370 3490 creatura

299 3503 388 3542 quod
403 3513 471 3534 non
487 3504 527 3534 sit
542 3504 643 3544 ipsius
659 3502 719 3534 Dei
738 3509 770 3534 et
791 3512 859 3534 non
870 3503 932 3544 ipsi
945 3502 1115 3534 debeatur:
1132 3512 1208 3534 cum
1221 3504 1370 3535 omnium

300 3547 339 3577 sit
355 3557 460 3578 causa.
484 3547 638 3579 Debitum
662 3552 771 3578 autem
794 3547 932 3579 iustitiae
956 3547 989 3578 in
1013 3546 1193 3579 redditione
1209 3553 1265 3579 aut
1280 3557 1371 3579 com-

300 3591 487 3630 pensatione
504 3593 572 3622 eius
596 3591 686 3631 quod
709 3597 880 3632 acceptum
896 3597 954 3628 est,
970 3592 1117 3622 consistit
1130 3592 1164 3623 in
1179 3592 1370 3632 accipiendo

302 3634 340 3664 ab
356 3634 419 3665 alio
436 3635 469 3666 id
485 3635 574 3675 quod
589 3635 674 3666 illius
691 3641 738 3666 est
754 3642 785 3666 et
808 3645 875 3667 non
900 3636 1093 3677 recipientis.
1118 3635 1206 3673 Ideo,
1222 3638 1370 3678 quamvis

1426 1238 1515 1268 Deus
1527 1237 1650 1278 aliquid
1662 1239 1820 1279 reciperet
1832 1248 1850 1269 a
1862 1240 2025 1276 creaturis,
2038 1249 2106 1271 non
2119 1245 2254 1282 propter
2264 1241 2330 1272 hoc
2341 1250 2380 1272 ex
2393 1240 2502 1273 debito

1425 1283 1565 1313 iustitiae
1580 1282 1643 1313 illis
1658 1283 1869 1323 obligaretur:
1885 1284 1975 1325 prius
1991 1284 2080 1315 enim
2095 1284 2184 1316 dedit
2198 1293 2298 1326 quam
2313 1286 2457 1327 recipiat.

1481 1327 1608 1358 Dicitur
1629 1327 1788 1364 secundo,
1812 1328 1904 1368 quod
1927 1328 2098 1369 dupliciter
2124 1335 2233 1370 potest
2261 1330 2378 1371 aliquis
2400 1331 2504 1362 teneri

1425 1371 1466 1402 ad
1496 1371 1632 1403 alicuius
1662 1371 1893 1403 redditionem:
1927 1383 1996 1404 uno
2026 1373 2140 1410 modo,
2167 1375 2293 1406 ratione
2322 1375 2427 1415 ipsius
2454 1376 2502 1407 rei

1425 1416 1573 1446 absolute
1596 1421 1734 1453 tantum,
1759 1417 1836 1457 quia
1858 1417 2008 1448 videlicet
2031 1417 2128 1449 habet
2157 1428 2227 1450 rem
2257 1419 2414 1456 alienam
2438 1419 2503 1453 alio

1424 1460 1537 1497 modo,
1562 1461 1686 1492 ratione
1710 1462 1755 1492 rei
1780 1467 1931 1502 acceptae
1961 1471 2019 1503 per
2049 1461 2187 1494 modum
2213 1462 2382 1494 cuiusdam
2403 1463 2503 1495 bene-

1425 1503 1500 1541 ficii,
1525 1506 1578 1536 cui
1603 1504 1738 1536 debetur
1760 1507 2031 1547 recompensatio.
2057 1506 2167 1538 Primo
2182 1507 2296 1544 modo,
2312 1517 2382 1539 non
2400 1512 2503 1540 atten-

1425 1549 1511 1580 ditur
1525 1550 1634 1590 aliqua
1649 1549 1825 1591 indigentia
1840 1551 1874 1581 in
1889 1551 2074 1591 recipiente.
2099 1551 2253 1584 Secundo
2276 1557 2386 1583 autem
2400 1551 2504 1585 mode

1424 1594 1599 1625 attenditur
1623 1594 1783 1635 quaedam
1805 1594 1998 1636 indigentia:
2031 1605 2070 1627 ex
2101 1596 2262 1628 beneficio
2284 1598 2373 1628 enim
2395 1596 2504 1639 aliqua

1424 1639 1544 1670 utilitas
1567 1644 1758 1680 reportatur.
1783 1638 1920 1671 Sanctus
1943 1639 2089 1672 Thomas
2112 1650 2191 1692 ergo
2216 1641 2364 1682 quuitur
2384 1642 2440 1673 hic
2460 1641 2504 1678 de

1425 1682 1535 1714 debito
1559 1682 1705 1715 secundo
1726 1683 1839 1720 modo,
1857 1694 1926 1716 non
1949 1690 2058 1716 autem
2081 1685 2189 1726 primo
2212 1685 2331 1722 modo:
2356 1691 2393 1717 ut
2413 1691 2513 1734 patet,

1424 1737 1463 1758 ex
1479 1737 1636 1768 processu
1651 1728 1794 1764 rationis,
1812 1729 1868 1759 ubi
1891 1729 1986 1770 ponit
2009 1729 2196 1771 exemplum
2212 1729 2251 1761 de
2267 1729 2336 1761 filio
2352 1727 2509 1780 respectu*>

1424 1773 1532 1813 patris,
1556 1771 1598 1803 de
1626 1771 1762 1803 domino
1793 1779 1943 1814 respectu
1973 1772 2096 1810 famuli,
2121 1773 2160 1805 de
2190 1768 2326 1806 homine
2353 1772 2502 1816 respectu

1425 1817 1502 1853 Dei3
1526 1817 1562 1848 in
1585 1817 1739 1847 omnibus
1765 1818 1853 1848 enim
1877 1818 1944 1848 istis
1968 1824 2102 1858 apparet
2124 1818 2216 1859 quod
2238 1828 2325 1850 unus
2344 1820 2385 1850 ab
2400 1818 2502 1851 altero

1423 1861 1558 1913 aliquod
1577 1860 1774 1893 beneficium
1789 1862 1913 1902 recipit,
1930 1863 1983 1894 cui
1999 1862 2135 1894 debetur
2149 1864 2429 1904 recompensatio.
2424 1864 2502 1896 De·-
2506 1870 2509 1882 ’-

1423 1906 1522 1946 positi
1546 1911 1655 1936 autem
1678 1904 1816 1937 redditio
1846 1907 1985 1947 pertinet
2012 1906 2053 1937 ad
2083 1906 2229 1939 debitum
2257 1908 2365 1949 primo
2387 1907 2501 1948 modo·

1424 1949 1501 1981 Ideo
1525 1959 1594 1981 non
1619 1954 1666 1980 est
1690 1951 1888 1982 conveniens
1912 1951 2062 1982 instantia
2086 1957 2198 1983 contra
2220 1952 2384 1984 intentum

1423 1995 1489 2025 nis:
1514 2003 1591 2025 nam
1615 1993 1654 2024 de
1678 1995 1785 2035 primo
1808 1994 1911 2026 modo
1936 1994 2034 2026 debiti
2058 1996 2132 2026 satis
2156 1997 2283 2027 constat
2305 1992 2397 2038 quod
2410 1995 2503 2054 Deus

1423 2047 1491 2070 rem
1516 2038 1656 2070 alienam
1679 2048 1747 2070 non
1772 2039 1898 2070 retinet.
2447 2074 2450 2076 ,
2508 2046 2509 2051 ’

1481 2083 1511 2114 3.
1534 2083 1675 2120 Quarto.
1701 2083 1790 2114 Deus
1813 2089 1861 2114 est
1884 2084 2027 2124 primum
2050 2093 2159 2125 agens.
2182 2085 2272 2137 Ergo
2295 2090 2355 2116 etc.
2377 2100 2403 2109 -
2423 2083 2512 2117 nio-⁴

1423 2128 1516 2159 batur
1539 2129 1784 2168 consequentia.
1801 2128 1888 2166 Quia
1903 2137 2002 2168 agens
2019 2138 2058 2160 ex
2073 2128 2184 2161 debito
2198 2129 2339 2162 iustitiae
2353 2130 2420 2171 Ψ
2431 2138 2510 2163 m*

1423 2178 1556 2214 propter
1578 2173 1723 2214 seipsum
1746 2178 1884 2210 tantum,
1907 2172 1966 2204 sed
1987 2179 2120 2215 propter
2149 2173 2231 2206 illud
2252 2174 2308 2206 cui
2329 2173 2438 2221 debet.
2449 2174 2509 2214 Et:

1423 2218 1467 2248 sic
1484 2226 1552 2248 non
1568 2222 1677 2258 potest
1693 2226 1761 2248 esse
1777 2218 1920 2258 primum
1945 2227 2059 2258 agens:
2085 2227 2161 2250 cum
2186 2218 2276 2260 quod
2298 2225 2348 2250 est
2369 2212 2503 2268 [ιι-ὀμει-

1423 2271 1456 2293 se
1480 2262 1520 2292 sit
1544 2262 1633 2302 prius
1657 2270 1698 2292 eo
1723 2261 1814 2303 quod
1838 2267 1886 2293 est
1908 2267 2043 2303 propter
2066 2261 2163 2294 aliud.

1479 2305 1712 2337 Conrmmrmz
1746 2305 1915 2338 conclusio
1947 2305 2041 2337 Rom.
2066 2315 2107 2343 xi,
2136 2306 2217 2344 Quis
2242 2307 2343 2348 prior
2372 2312 2449 2344 ωας
2446 2299 2504 2339 ἐι

1422 2350 1482 2381 Iob
1505 2361 1567 2386 ιιι-ι,
1594 2350 1677 2387 Quis
1699 2355 1776 2382 ante
1799 2350 1889 2382 dedit
1909 2355 1971 2382 etc.

1479 2394 1670 2426 Excluditur
1692 2401 1802 2427 autem
1825 2405 1884 2447 per
1907 2405 1980 2427 eam
2003 2405 2092 2427 error
2108 2395 2290 2428 dicentium
2305 2394 2396 2437 quod
2405 2395 2501 2454 Deus

1422 2449 1491 2471 non
1515 2445 1625 2481 potest
1648 2439 1754 2471 facere
1778 2441 1839 2471 nisi
1862 2440 1954 2481 quod
1977 2439 2062 2472 facit.
2447 2460 2450 2463 ,

1479 2483 1517 2515 11.
1542 2483 1692 2516 Secunda
1716 2484 1885 2516 conclusio
1909 2490 1972 2517 est:
1998 2484 2074 2516 Non
2101 2484 2264 2527 produxit
2288 2484 2379 2517 Deus
2408 2463 2500 2538 55:553-

1422 2534 1515 2559 turas
1538 2538 1580 2558 ex
1603 2528 1708 2559 debito
1732 2528 1887 2560 bonitatis
1909 2529 2040 2560 divinae
2063 2528 2210 2560 absolute
2231 2533 2392 2572 sumptae,
2415 2538 2472 2573 qu

1422 2578 1470 2604 est
1491 2581 1592 2604 causa
1612 2582 1675 2613 per
1696 2572 1829 2604 modum
1842 2574 1945 2614 finis:
1969 2573 2059 2625 quasi
2087 2573 2209 2605 scilicet
2233 2573 2395 2615 obligetur
2418 2554 2509 2604 *suia

1422 2618 1558 2648 bonitati
1582 2623 1741 2648 creaturas
1764 2617 1956 2659 producere,
1973 2618 2017 2649 ita
2041 2618 2142 2659 quod,
2159 2619 2184 2648 si
2201 2627 2269 2649 non
2285 2613 2507 2659 produxidst,

1422 2662 1550 2694 fecisset
1572 2662 1763 2694 iniustitiam
1785 2663 1923 2694 bonitati
1945 2671 2034 2694 suae.

1476 2706 1643 2738 Probatur
1659 2707 1781 2748 primo.
1806 2708 1873 2738 Aut
1888 2707 1954 2739 hoc
1969 2713 2052 2738 esset
2067 2708 2144 2748 quin
2160 2707 2284 2748 aliquid
2298 2707 2505 2747 ordinaretur

1422 2750 1462 2781 ad
1486 2751 1600 2791 ipsam,
1624 2757 1782 2792 tanquam
1804 2751 1927 2783 scilicet
1950 2751 2095 2789 debens
2087 2761 2120 2783 in
2140 2752 2246 2795 ipsam
2267 2750 2386 2784 referre
2408 2750 2513 2804 quod

1422 2795 1461 2826 ab
1485 2795 1554 2836 ipsa
1578 2796 1713 2837 accepit,
1738 2796 1822 2827 sicut
1845 2795 1990 2827 debitum
2015 2801 2062 2827 est
2085 2794 2285 2828 benefactori
2306 2795 2397 2841 quod
2413 2805 2442 2828 ei
2458 2794 2503 2828 'de

1422 2839 1588 2870 beneficiis
1612 2845 1747 2880 agantur
1769 2840 1905 2881 gratiae;
1930 2844 1962 2871 et
1982 2839 2058 2871 ideo
2082 2844 2248 2882 oporteret
2269 2849 2319 2872 res
2343 2834 2446 2872 creari
2455 2835 2501 2872 iit

1422 2884 1551 2915 divinae
1581 2885 1718 2915 bonitati
1747 2884 1894 2916 debitum
1924 2884 2110 2916 redderetur
2138 2893 2200 2926 pro
2230 2884 2402 2916 beneficio.
2431 2883 2512 2916 Aut

1423 2929 1500 2969 quia
1522 2934 1608 2961 esset
1631 2930 1659 2961 ei
1683 2929 1831 2960 debitum
1849 2929 2031 2961 secundum
2046 2939 2081 2961 se
2100 2935 2133 2961 et
2152 2939 2191 2962 ex
2209 2927 2413 2966 necessitate,
2428 2934 2512 2972 tan-3

1423 2983 1523 3014 quam
1539 2972 1580 3004 ad
1595 2974 1665 3005 eius
1680 2972 1917 3026 perfectionem
1930 2974 2134 3015 requisitum.
2153 2974 2231 3006 Non
2245 2974 2404 3015 primum·
2421 2974 2511 3025 quia,-

1422 3018 1504 3049 nihil
1525 3018 1709 3059 praeexistit
1735 3018 1892 3050 creationi
1914 3017 2005 3070 quod
2034 3018 2077 3049 ob
2107 3017 2304 3052 beneficium
2328 2999 2511 3106 accep&

1423 3061 1546 3103 aliquid
1561 3061 1634 3093 Deo
1651 3061 1774 3094 debeat.
1800 3061 1875 3093 Non
1892 3062 1989 3094 etiam
2005 3061 2202 3094 secundum.
2224 3062 2299 3105 quia
2316 3059 2423 3094 divina

1422 3107 1505 3138 nitas
1521 3106 1613 3138 nullo
1630 3107 1780 3138 exteriori
1802 3106 1926 3148 indiget
1940 3106 1980 3138 ad
1995 3107 2045 3138 sui
2061 3071 2308 3148 perfectionem.
2330 3103 2397 3148 Er&
2360 3099 2419 3148 rgo
2434 3098 2496 3139 ete·

1479 3151 1639 3182 Secundo.
1663 3150 1697 3183 Si
1720 3152 1776 3187 sic,
1800 3157 1878 3182 tunc
1901 3155 2069 3191 oporteret
2085 3151 2188 3203 quod,
2204 3152 2230 3183 si
2246 3151 2335 3183 Deus
2350 3150 2427 3182 vuit
2436 3150 2496 3182 b'o'-

1423 3196 1557 3227 nitatem
1580 3205 1673 3227 suam
1696 3205 1776 3232 esse,
1795 3195 1892 3227 vellet
1914 3194 1955 3227 de
1977 3196 2173 3228 necessitate
2181 3196 2243 3228 alia
2259 3205 2277 3227 a
2290 3204 2326 3226 se
2339 3191 2495 3236 meua:

1424 3249 1500 3271 cum
1523 3240 1691 3272 voluntate
1707 3249 1757 3271 res
1773 3240 1807 3271 in
1823 3249 1892 3272 esse
1915 3239 2113 3281 produxerit,
2133 3239 2212 3275 Hoc
2232 3244 2344 3271 autem
2367 3244 2425 3271 est
2437 3238 2496 3274 fal-

1423 3294 1513 3316 sum:
1539 3285 1625 3325 quia,
1649 3290 1686 3315 ut
1709 3289 1875 3315 ostensum
1893 3290 1941 3316 est
1955 3284 1989 3316 in
2004 3283 2124 3322 Primo,
2141 3283 2230 3315 Deus
2245 3293 2284 3314 ex
2307 3283 2495 3315 necessitate

1423 3329 1492 3360 vult
1515 3338 1607 3360 suam
1631 3329 1821 3365 bonitatem,
1845 3338 1914 3360 non
1938 3334 2047 3360 autem
2069 3328 2130 3361 alia
2152 3337 2170 3358 a
2193 3336 2236 3358 se.
2262 3326 2348 3368 Ergo
2373 3332 2434 3359 etc.

1483 3373 1603 3404 Tertio.
1622 3371 1799 3404 Ostensum
1815 3378 1863 3404 est
1877 3373 1911 3404 in
1926 3371 2192 3414 praecedentibus
2208 3370 2299 3412 quod
2313 3369 2404 3402 Deus
2419 3381 2495 3413 pro-

1422 3417 1514 3448 duxit
1529 3426 1580 3448 res
1594 3427 1665 3448 non
1680 3427 1719 3448 ex
1734 3418 1925 3448 necessitate
1946 3421 2096 3452 nannae3
2118 3424 2227 3455 neque
2250 3425 2289 3446 ex
2304 3417 2495 3448 necessitate

1422 3462 1591 3498 scientiae,
1615 3471 1724 3503 neque
1747 3470 1786 3493 ex
1809 3461 1998 3492 necessitate
2020 3459 2209 3496 voluntatis3
2233 3468 2342 3501 neque
2372 3470 2410 3491 ex
2438 3469 2495 3492 ne·

1423 3506 1570 3538 cessitate
1592 3506 1742 3538 iustitiae.
1765 3505 1853 3547 Ergo
1877 3503 1968 3539 nullo
1991 3503 2093 3536 modo
2117 3502 2262 3535 debiturn
2293 3510 2341 3536 est
2368 3503 2494 3537 divinae

1423 3550 1560 3582 bonitati
1583 3557 1619 3582 ut
1642 3560 1691 3582 res
1715 3550 1750 3582 in
1773 3559 1842 3582 esse
1865 3546 1991 3590 produc
2033 3552 2095 3580 tur.

1481 3604 1512 3626 2.
1528 3595 1630 3626 Notat
1651 3603 1728 3626 vero
1751 3593 1888 3625 Sanctus
1907 3591 1982 3623 Tho
2037 3601 2053 3622 s
2068 3591 2169 3632 quod,
2185 3592 2261 3623 licet
2275 3598 2494 3624 creaturarum

1423 3638 1597 3679 productio
1619 3648 1687 3670 non
1718 3638 1820 3679 possit
1849 3636 1912 3668 dici
1941 3635 2040 3667 fuisse
2069 3645 2107 3668 ex
2131 3635 2240 3667 debito
2264 3637 2403 3670 iustitiae
2426 3645 2495 3679 quo

2529 726 2585 748 ·(:f.
2591 732 2635 754 sup
2636 725 2690 748 rain
2697 725 2744 748 hoe

2530 758 2582 781 esp
2597 732 2645 775 ni’r
2658 752 2725 775 haee.

2529 876 2657 904 ·ῦί..ωρ
2677 881 2743 903 un,
