<?xml version="1.0" encoding="UTF-8"?>
<!DOCTYPE html PUBLIC "-//W3C//DTD XHTML 1.0 Transitional//EN"
    "http://www.w3.org/TR/xhtml1/DTD/xhtml1-transitional.dtd">
<html xmlns="http://www.w3.org/1999/xhtml" xml:lang="en" lang="en">
 <head>
  <title>
</title>
<meta http-equiv="Content-Type" content="text/html;charset=utf-8" />
  <meta name='ocr-system' content='tesseract 3.04.00' />
  <meta name='ocr-capabilities' content='ocr_page ocr_carea ocr_par ocr_line ocrx_word'/>
</head>
<body>
  <div class='ocr_page' id='page_1' title='image "./operaomniaiussui13thom/operaomniaiussui13thom_0077.png"; bbox 0 0 2742 4152; ppageno 0'>
   <div class='ocr_carea' id='block_1_1' title="bbox 1241 347 1498 413">
    <p class='ocr_par' dir='ltr' id='par_1_1' title="bbox 1241 347 1498 413">
     <span class='ocr_line' id='line_1_1' title="bbox 1241 347 1498 413; baseline 0.012 -3"><span class='ocrx_word' id='word_1_1' title='bbox 1241 347 1498 413; x_wconf 88' lang='lat' dir='ltr'>DIVI</span> 
     </span>
    </p>
   </div>
   <div class='ocr_carea' id='block_1_2' title="bbox 281 474 2457 644">
    <p class='ocr_par' dir='ltr' id='par_1_2' title="bbox 281 474 2465 644">
     <span class='ocr_line' id='line_1_2' title="bbox 281 474 2457 644; baseline 0.012 -41"><span class='ocrx_word' id='word_1_2' title='bbox 281 474 1176 610; x_wconf 73' lang='lat' dir='ltr'>THOMAE</span> <span class='ocrx_word' id='word_1_3' title='bbox 1290 485 2457 644; x_wconf 73' lang='lat' dir='ltr'>AQUINATIS</span> 
     </span>
    </p>
   </div>
   <div class='ocr_carea' id='block_1_3' title="bbox 1082 694 1674 741">
    <p class='ocr_par' dir='ltr' id='par_1_3' title="bbox 1082 694 1674 741">
     <span class='ocr_line' id='line_1_3' title="bbox 1082 694 1674 741; baseline 0.005 -3"><span class='ocrx_word' id='word_1_4' title='bbox 1082 694 1380 738; x_wconf 86' lang='lat' dir='ltr'>DOCTORIS</span> <span class='ocrx_word' id='word_1_5' title='bbox 1411 697 1674 741; x_wconf 81' lang='lat' dir='ltr'>ANGELICI</span> 
     </span>
    </p>
   </div>
   <div class='ocr_carea' id='block_1_4' title="bbox 465 809 2277 908">
    <p class='ocr_par' dir='ltr' id='par_1_4' title="bbox 465 809 2277 908">
     <span class='ocr_line' id='line_1_4' title="bbox 465 809 2277 908; baseline 0.008 -14"><span class='ocrx_word' id='word_1_6' title='bbox 465 809 924 897; x_wconf 80' lang='lat' dir='ltr'>SUMMA</span> <span class='ocrx_word' id='word_1_7' title='bbox 1004 815 1568 902; x_wconf 84' lang='lat' dir='ltr'>CONTRA</span> <span class='ocrx_word' id='word_1_8' title='bbox 1648 820 2277 908; x_wconf 84' lang='lat' dir='ltr'>GENTILES</span> 
     </span>
    </p>
   </div>
   <div class='ocr_carea' id='block_1_5' title="bbox 1333 963 1411 990">
    <p class='ocr_par' dir='ltr' id='par_1_5' title="bbox 1333 963 1411 990">
     <span class='ocr_line' id='line_1_5' title="bbox 1333 963 1411 990; baseline 0.026 -2"><span class='ocrx_word' id='word_1_9' title='bbox 1333 963 1411 990; x_wconf 86' lang='lat' dir='ltr'>SIVE</span> 
     </span>
    </p>
   </div>
   <div class='ocr_carea' id='block_1_6' title="bbox 631 1026 2100 1235">
    <p class='ocr_par' dir='ltr' id='par_1_6' title="bbox 631 1026 2100 1235">
     <span class='ocr_line' id='line_1_6' title="bbox 857 1026 1888 1078; baseline 0.012 -12"><span class='ocrx_word' id='word_1_10' title='bbox 857 1026 936 1067; x_wconf 87' lang='lat' dir='ltr'>DE</span> <span class='ocrx_word' id='word_1_11' title='bbox 965 1026 1280 1070; x_wconf 84' lang='lat' dir='ltr'>VERITATE</span> <span class='ocrx_word' id='word_1_12' title='bbox 1309 1030 1697 1075; x_wconf 84' lang='lat' dir='ltr'>CATHOLICAE</span> <span class='ocrx_word' id='word_1_13' title='bbox 1727 1035 1888 1078; x_wconf 89' lang='lat' dir='ltr'><strong>FIDEI</strong></span> 
     </span>
     <span class='ocr_line' id='line_1_7' title="bbox 631 1105 2100 1167; baseline 0.01 -21"><span class='ocrx_word' id='word_1_14' title='bbox 631 1105 876 1148; x_wconf 88' lang='lat' dir='ltr'>CONTRA</span> <span class='ocrx_word' id='word_1_15' title='bbox 906 1109 1200 1155; x_wconf 84' lang='lat' dir='ltr'>ERRORES</span> <span class='ocrx_word' id='word_1_16' title='bbox 1227 1109 1580 1155; x_wconf 78' lang='lat' dir='ltr'>INFIDELIUM</span> <span class='ocrx_word' id='word_1_17' title='bbox 1610 1114 1775 1156; x_wconf 90' lang='lat' dir='ltr'>LIBRI</span> <span class='ocrx_word' id='word_1_18' title='bbox 1805 1116 2100 1167; x_wconf 89' lang='lat' dir='ltr'>QUATUOR</span> 
     </span>
     <span class='ocr_line' id='line_1_8' title="bbox 1142 1199 1601 1235; baseline 0.009 -4"><span class='ocrx_word' id='word_1_19' title='bbox 1142 1199 1238 1232; x_wconf 87' lang='lat' dir='ltr'>CUM</span> <span class='ocrx_word' id='word_1_20' title='bbox 1263 1200 1601 1235; x_wconf 82' lang='lat' dir='ltr'>COMMENTARns</span> 
     </span>
    </p>
   </div>
   <div class='ocr_carea' id='block_1_7' title="bbox 403 1279 2332 1358">
    <p class='ocr_par' dir='ltr' id='par_1_7' title="bbox 403 1279 2332 1358">
     <span class='ocr_line' id='line_1_9' title="bbox 403 1279 2332 1358; baseline 0.008 -15"><span class='ocrx_word' id='word_1_21' title='bbox 403 1279 716 1345; x_wconf 87' lang='lat' dir='ltr'>FRATRIS</span> <span class='ocrx_word' id='word_1_22' title='bbox 757 1282 1134 1349; x_wconf 87' lang='lat' dir='ltr'>FRANCISCI</span> <span class='ocrx_word' id='word_1_23' title='bbox 1175 1286 1271 1348; x_wconf 88' lang='lat' dir='ltr'>DE</span> <span class='ocrx_word' id='word_1_24' title='bbox 1311 1285 1763 1352; x_wconf 86' lang='lat' dir='ltr'>SYLVESTRIS</span> <span class='ocrx_word' id='word_1_25' title='bbox 1805 1290 2332 1358; x_wconf 87' lang='lat' dir='ltr'>FERRARIENSIS</span> 
     </span>
    </p>
   </div>
   <div class='ocr_carea' id='block_1_8' title="bbox 737 1390 2000 1428">
    <p class='ocr_par' dir='ltr' id='par_1_8' title="bbox 737 1390 2000 1428">
     <span class='ocr_line' id='line_1_10' title="bbox 737 1390 2000 1428; baseline 0.006 -8"><span class='ocrx_word' id='word_1_26' title='bbox 737 1390 892 1421; x_wconf 80' lang='lat' dir='ltr'>ORDINIS</span> <span class='ocrx_word' id='word_1_27' title='bbox 914 1392 1248 1422; x_wconf 82' lang='lat' dir='ltr'>PRAEDICATORUM</span> <span class='ocrx_word' id='word_1_28' title='bbox 1270 1394 1560 1428; x_wconf 76' lang='lat' dir='ltr'>QUADRAGEsml</span> <span class='ocrx_word' id='word_1_29' title='bbox 1581 1396 1763 1426; x_wconf 79' lang='lat' dir='ltr'>MAG18TR1</span> <span class='ocrx_word' id='word_1_30' title='bbox 1784 1398 2000 1428; x_wconf 83' lang='lat' dir='ltr'>GENERALIS</span> 
     </span>
    </p>
   </div>
   <div class='ocr_carea' id='block_1_9' title="bbox 1100 1485 1636 1524">
    <p class='ocr_par' dir='ltr' id='par_1_9' title="bbox 1100 1485 1636 1524">
     <span class='ocr_line' id='line_1_11' title="bbox 1100 1485 1636 1524; baseline 0 2628"><span class='ocrx_word' id='word_1_31' title='bbox 1100 1485 1636 1524; x_wconf 95' lang='lat' dir='ltr'> </span> 
     </span>
    </p>
   </div>
   <div class='ocr_carea' id='block_1_10' title="bbox 879 1640 1861 1731">
    <p class='ocr_par' dir='ltr' id='par_1_10' title="bbox 879 1640 1861 1731">
     <span class='ocr_line' id='line_1_12' title="bbox 879 1640 1861 1731; baseline 0.003 -8"><span class='ocrx_word' id='word_1_32' title='bbox 879 1640 1272 1728; x_wconf 89' lang='lat' dir='ltr'><strong>LIBER</strong></span> <span class='ocrx_word' id='word_1_33' title='bbox 1343 1642 1861 1731; x_wconf 87' lang='lat' dir='ltr'>PRIMUS</span> 
     </span>
    </p>
   </div>
   <div class='ocr_carea' id='block_1_11' title="bbox 710 1804 2026 1977">
    <p class='ocr_par' dir='ltr' id='par_1_11' title="bbox 710 1804 2026 1977">
     <span class='ocr_line' id='line_1_13' title="bbox 943 1804 1795 1866; baseline 0.006 -6"><span class='ocrx_word' id='word_1_34' title='bbox 943 1804 1430 1864; x_wconf 85' lang='lat' dir='ltr'><strong>CAPITULUM</strong></span> <span class='ocrx_word' id='word_1_35' title='bbox 1464 1807 1795 1866; x_wconf 80' lang='lat' dir='ltr'>PRIMUM</span> 
     </span>
     <span class='ocr_line' id='line_1_14' title="bbox 710 1923 2026 1977; baseline 0.003 -11"><span class='ocrx_word' id='word_1_36' title='bbox 710 1923 927 1977; x_wconf 76' lang='lat' dir='ltr'>QUOD</span> <span class='ocrx_word' id='word_1_37' title='bbox 981 1924 1104 1966; x_wconf 86' lang='lat' dir='ltr'>SIT</span> <span class='ocrx_word' id='word_1_38' title='bbox 1159 1925 1547 1968; x_wconf 84' lang='lat' dir='ltr'>OFFICIUM</span> <span class='ocrx_word' id='word_1_39' title='bbox 1603 1927 2026 1970; x_wconf 71' lang='grc' dir='ltr'><strong>ΞΑΡῙΕΝΤΙΞ</strong></span> 
     </span>
    </p>
   </div>
   <div class='ocr_carea' id='block_1_12' title="bbox 459 2057 2275 2100">
    <p class='ocr_par' dir='ltr' id='par_1_12' title="bbox 459 2057 2275 2100">
     <span class='ocr_line' id='line_1_15' title="bbox 459 2057 2275 2100; baseline 0.003 -17"><span class='ocrx_word' id='word_1_40' title='bbox 459 2057 669 2084; x_wconf 80' lang='lat' dir='ltr'>VERITATEM</span> <span class='ocrx_word' id='word_1_41' title='bbox 687 2057 930 2085; x_wconf 75' lang='lat' dir='ltr'>MEDITABITUR</span> <span class='ocrx_word' id='word_1_42' title='bbox 950 2058 1098 2086; x_wconf 80' lang='lat' dir='ltr'>GUTrUR</span> <span class='ocrx_word' id='word_1_43' title='bbox 1116 2059 1232 2095; x_wconf 73' lang='lat' dir='ltr'>MEUM,</span> <span class='ocrx_word' id='word_1_44' title='bbox 1253 2059 1300 2087; x_wconf 69' lang='lat' dir='ltr'>ET</span> <span class='ocrx_word' id='word_1_45' title='bbox 1318 2060 1424 2086; x_wconf 79' lang='lat' dir='ltr'>LABIA</span> <span class='ocrx_word' id='word_1_46' title='bbox 1443 2061 1518 2087; x_wconf 74' lang='lat' dir='ltr'>MEA</span> <span class='ocrx_word' id='word_1_47' title='bbox 1537 2060 1846 2088; x_wconf 81' lang='lat' dir='ltr'>DETESTABUNTUR</span> <span class='ocrx_word' id='word_1_48' title='bbox 1866 2061 2002 2088; x_wconf 82' lang='lat' dir='ltr'>IMPIUM.</span> <span class='ocrx_word' id='word_1_49' title='bbox 2032 2062 2138 2088; x_wconf 79' lang='lat' dir='ltr'>PRov.</span> <span class='ocrx_word' id='word_1_50' title='bbox 2154 2063 2222 2099; x_wconf 81' lang='lat' dir='ltr'>vm,</span> <span class='ocrx_word' id='word_1_51' title='bbox 2240 2064 2275 2100; x_wconf 88' lang='grc'>7.</span> 
     </span>
    </p>
   </div>
   <div class='ocr_carea' id='block_1_13' title="bbox 158 2125 2700 3470">
    <p class='ocr_par' dir='ltr' id='par_1_13' title="bbox 158 2125 2700 3470">
     <span class='ocr_line' id='line_1_16' title="bbox 274 2125 2463 2183; baseline 0.004 -22"><span class='ocrx_word' id='word_1_52' title='bbox 274 2165 282 2178; x_wconf 37' lang='lat'><strong><em>⁴</em></strong></span> <span class='ocrx_word' id='word_1_53' title='bbox 462 2135 688 2163; x_wconf 74' lang='lat' dir='ltr'>ULTrrumms</span> <span class='ocrx_word' id='word_1_54' title='bbox 715 2135 823 2174; x_wconf 89' lang='lat' dir='ltr'>usus,</span> <span class='ocrx_word' id='word_1_55' title='bbox 849 2136 970 2175; x_wconf 87' lang='lat' dir='ltr'>quem</span> <span class='ocrx_word' id='word_1_56' title='bbox 998 2125 1038 2163; x_wconf 91' lang='lat' dir='ltr'>in</span> <span class='ocrx_word' id='word_1_57' title='bbox 1068 2126 1186 2164; x_wconf 91' lang='lat' dir='ltr'>rebus</span> <span class='ocrx_word' id='word_1_58' title='bbox 1213 2125 1337 2164; x_wconf 89' lang='lat' dir='ltr'>nomi·</span> <span class='ocrx_word' id='word_1_59' title='bbox 1393 2135 1550 2176; x_wconf 87' lang='lat' dir='ltr'>ctantes,</span> <span class='ocrx_word' id='word_1_60' title='bbox 1570 2128 1620 2166; x_wconf 93' lang='lat' dir='ltr'>ad</span> <span class='ocrx_word' id='word_1_61' title='bbox 1643 2127 1766 2166; x_wconf 90' lang='lat' dir='ltr'>finem</span> <span class='ocrx_word' id='word_1_62' title='bbox 1794 2128 2053 2167; x_wconf 88' lang='lat' dir='ltr'>universalem</span> <span class='ocrx_word' id='word_1_63' title='bbox 2081 2130 2261 2168; x_wconf 90' lang='lat' dir='ltr'>omnium</span> <span class='ocrx_word' id='word_1_64' title='bbox 2279 2143 2360 2169; x_wconf 92' lang='lat' dir='ltr'>non</span> <span class='ocrx_word' id='word_1_65' title='bbox 2377 2144 2463 2183; x_wconf 92' lang='lat' dir='ltr'>per-</span> 
     </span>
     <span class='ocr_line' id='line_1_17' title="bbox 286 2178 2464 2234; baseline 0.005 -20"><span class='ocrx_word' id='word_1_66' title='bbox 286 2187 293 2234; x_wconf 54' lang='lat'>2</span> <span class='ocrx_word' id='word_1_67' title='bbox 352 2206 358 2217; x_wconf 80' lang='grc'><strong>.</strong></span> <span class='ocrx_word' id='word_1_68' title='bbox 374 2184 394 2214; x_wconf 54' lang='lat' dir='ltr'><em>i</em></span> <span class='ocrx_word' id='word_1_69' title='bbox 434 2196 439 2222; x_wconf 69' lang='grc' dir='ltr'><strong><em>ς</em></strong></span> <span class='ocrx_word' id='word_1_70' title='bbox 470 2178 610 2216; x_wconf 90' lang='lat' dir='ltr'>nandis</span> <span class='ocrx_word' id='word_1_71' title='bbox 625 2179 872 2229; x_wconf 89' lang='lat' dir='ltr'>sequendum</span> <span class='ocrx_word' id='word_1_72' title='bbox 886 2179 1152 2231; x_wconf 86' lang='lat' dir='ltr'>Philosophus</span> <span class='ocrx_word' id='word_1_73' title='bbox 1166 2188 1296 2219; x_wconf 88' lang='lat' dir='ltr'>censet</span> <span class='ocrx_word' id='word_1_74' title='bbox 1305 2180 1337 2228; x_wconf 71' lang='lat'>²⁸,</span> <span class='ocrx_word' id='word_1_75' title='bbox 1393 2180 1555 2231; x_wconf 86' lang='lat' dir='ltr'>tingunt,</span> <span class='ocrx_word' id='word_1_76' title='bbox 1570 2181 1754 2220; x_wconf 88' lang='lat' dir='ltr'>dicuntur</span> <span class='ocrx_word' id='word_1_77' title='bbox 1771 2182 1932 2232; x_wconf 90' lang='lat' dir='ltr'>quidem</span> <span class='ocrx_word' id='word_1_78' title='bbox 1946 2182 2135 2234; x_wconf 90' lang='lat' dir='ltr'>sapientes</span> <span class='ocrx_word' id='word_1_79' title='bbox 2153 2184 2271 2222; x_wconf 91' lang='lat' dir='ltr'>huius</span> <span class='ocrx_word' id='word_1_80' title='bbox 2284 2187 2347 2223; x_wconf 89' lang='lat' dir='ltr'>vel</span> <span class='ocrx_word' id='word_1_81' title='bbox 2364 2185 2464 2224; x_wconf 90' lang='lat' dir='ltr'>illius</span> 
     </span>
     <span class='ocr_line' id='line_1_18' title="bbox 275 2230 2461 2290; baseline 0.004 -22"><span class='ocrx_word' id='word_1_82' title='bbox 275 2254 286 2268; x_wconf 51' lang='grc' dir='ltr'>ς</span> <span class='ocrx_word' id='word_1_83' title='bbox 314 2268 317 2283; x_wconf 64' lang='lat'>,·</span> <span class='ocrx_word' id='word_1_84' title='bbox 360 2230 404 2287; x_wconf 45' lang='lat'>‘⁵2⁴</span> <span class='ocrx_word' id='word_1_85' title='bbox 435 2248 452 2290; x_wconf 38' lang='grc' dir='ltr'>ς,</span> <span class='ocrx_word' id='word_1_86' title='bbox 475 2233 739 2272; x_wconf 89' lang='lat' dir='ltr'>communiter</span> <span class='ocrx_word' id='word_1_87' title='bbox 757 2233 924 2271; x_wconf 88' lang='lat' dir='ltr'>obtinuit</span> <span class='ocrx_word' id='word_1_88' title='bbox 942 2242 985 2272; x_wconf 91' lang='lat' dir='ltr'>ut</span> <span class='ocrx_word' id='word_1_89' title='bbox 1002 2236 1186 2285; x_wconf 83' lang='lat' dir='ltr'>sapientes</span> <span class='ocrx_word' id='word_1_90' title='bbox 1208 2234 1338 2272; x_wconf 84' lang='lat' dir='ltr'>dican—</span> <span class='ocrx_word' id='word_1_91' title='bbox 1394 2235 1461 2283; x_wconf 86' lang='lat' dir='ltr'>rei,</span> <span class='ocrx_word' id='word_1_92' title='bbox 1491 2236 1711 2274; x_wconf 89' lang='lat' dir='ltr'>secundum</span> <span class='ocrx_word' id='word_1_93' title='bbox 1739 2248 1857 2286; x_wconf 89' lang='lat' dir='ltr'>quem</span> <span class='ocrx_word' id='word_1_94' title='bbox 1892 2237 2059 2276; x_wconf 88' lang='lat' dir='ltr'>modum</span> <span class='ocrx_word' id='word_1_95' title='bbox 2078 2237 2219 2277; x_wconf 89' lang='lat' dir='ltr'>dicitur</span> <span class='ocrx_word' id='word_1_96' title='bbox 2239 2239 2253 2276; x_wconf 94' lang='lat'>1</span> <span class='ocrx_word' id='word_1_97' title='bbox 2281 2241 2368 2277; x_wconf 87' lang='lat' dir='ltr'>Cor.</span> <span class='ocrx_word' id='word_1_98' title='bbox 2381 2244 2461 2288; x_wconf 91' lang='lat'>111¹⁰,</span> 
     </span>
     <span class='ocr_line' id='line_1_19' title="bbox 276 2279 2462 2342; baseline 0.003 -19"><span class='ocrx_word' id='word_1_99' title='bbox 276 2279 294 2319; x_wconf 61' lang='grc' dir='ltr'><em>θ</em></span> <span class='ocrx_word' id='word_1_100' title='bbox 314 2287 353 2323; x_wconf 53' lang='lat'>¹1⁴</span> <span class='ocrx_word' id='word_1_101' title='bbox 434 2286 454 2308; x_wconf 64' lang='lat'>‘³‘</span> <span class='ocrx_word' id='word_1_102' title='bbox 475 2294 539 2324; x_wconf 92' lang='lat' dir='ltr'>tur</span> <span class='ocrx_word' id='word_1_103' title='bbox 556 2286 625 2336; x_wconf 93' lang='lat' dir='ltr'>qui</span> <span class='ocrx_word' id='word_1_104' title='bbox 653 2299 714 2325; x_wconf 91' lang='lat' dir='ltr'>res</span> <span class='ocrx_word' id='word_1_105' title='bbox 737 2287 880 2325; x_wconf 90' lang='lat' dir='ltr'><strong>directe</strong></span> <span class='ocrx_word' id='word_1_106' title='bbox 899 2288 1080 2326; x_wconf 89' lang='lat' dir='ltr'>ordinant</span> <span class='ocrx_word' id='word_1_107' title='bbox 1098 2297 1135 2326; x_wconf 85' lang='lat' dir='ltr'>et</span> <span class='ocrx_word' id='word_1_108' title='bbox 1153 2299 1219 2325; x_wconf 88' lang='lat' dir='ltr'>eas</span> <span class='ocrx_word' id='word_1_109' title='bbox 1238 2288 1338 2326; x_wconf 89' lang='lat' dir='ltr'>bene</span> <span class='ocrx_word' id='word_1_110' title='bbox 1393 2295 1432 2326; x_wconf 82' lang='lat' dir='ltr'>ut</span> <span class='ocrx_word' id='word_1_111' title='bbox 1448 2292 1598 2340; x_wconf 82' lang='lat' dir='ltr'>sapiens</span> <span class='ocrx_word' id='word_1_112' title='bbox 1615 2291 1835 2328; x_wconf 78' lang='lat' dir='ltr'><em>architectus</em></span> <span class='ocrx_word' id='word_1_113' title='bbox 1856 2290 2144 2335; x_wconf 84' lang='lat' dir='ltr'>fundamentum</span> <span class='ocrx_word' id='word_1_114' title='bbox 2162 2295 2290 2342; x_wconf 83' lang='lat' dir='ltr'>posui;</span> <span class='ocrx_word' id='word_1_115' title='bbox 2317 2305 2462 2331; x_wconf 90' lang='lat' dir='ltr'>nomen</span> 
     </span>
     <span class='ocr_line' id='line_1_20' title="bbox 261 2339 2464 2400; baseline 0.003 -23"><span class='ocrx_word' id='word_1_116' title='bbox 261 2339 490 2400; x_wconf 71' lang='lat' dir='ltr'>gubernant.</span> <span class='ocrx_word' id='word_1_117' title='bbox 519 2340 634 2379; x_wconf 88' lang='lat' dir='ltr'>Unde</span> <span class='ocrx_word' id='word_1_118' title='bbox 653 2340 753 2379; x_wconf 90' lang='lat' dir='ltr'>inter</span> <span class='ocrx_word' id='word_1_119' title='bbox 775 2341 849 2379; x_wconf 89' lang='lat' dir='ltr'>alia</span> <span class='ocrx_word' id='word_1_120' title='bbox 866 2353 969 2392; x_wconf 89' lang='lat' dir='ltr'>quae</span> <span class='ocrx_word' id='word_1_121' title='bbox 995 2342 1177 2380; x_wconf 89' lang='lat' dir='ltr'>homines</span> <span class='ocrx_word' id='word_1_122' title='bbox 1204 2341 1253 2379; x_wconf 89' lang='lat' dir='ltr'>de</span> <span class='ocrx_word' id='word_1_123' title='bbox 1282 2353 1337 2379; x_wconf 90' lang='lat' dir='ltr'>sa·</span> <span class='ocrx_word' id='word_1_124' title='bbox 1360 2349 1370 2370; x_wconf 71' lang='lat'>5</span> <span class='ocrx_word' id='word_1_125' title='bbox 1393 2350 1525 2380; x_wconf 90' lang='lat' dir='ltr'>autem</span> <span class='ocrx_word' id='word_1_126' title='bbox 1565 2344 1788 2394; x_wconf 88' lang='lat' dir='ltr'>simpliciter</span> <span class='ocrx_word' id='word_1_127' title='bbox 1828 2344 2009 2395; x_wconf 88' lang='lat' dir='ltr'>sapientis</span> <span class='ocrx_word' id='word_1_128' title='bbox 2049 2345 2101 2383; x_wconf 89' lang='lat' dir='ltr'>illi</span> <span class='ocrx_word' id='word_1_129' title='bbox 2141 2346 2212 2383; x_wconf 91' lang='lat' dir='ltr'>soli</span> <span class='ocrx_word' id='word_1_130' title='bbox 2249 2355 2464 2384; x_wconf 90' lang='lat' dir='ltr'>reservatur</span> 
     </span>
     <span class='ocr_line' id='line_1_21' title="bbox 261 2393 2461 2449; baseline 0.004 -19"><span class='ocrx_word' id='word_1_131' title='bbox 261 2401 391 2445; x_wconf 81' lang='lat' dir='ltr'>piente</span> <span class='ocrx_word' id='word_1_132' title='bbox 424 2393 660 2445; x_wconf 88' lang='lat' dir='ltr'>concipiunt,</span> <span class='ocrx_word' id='word_1_133' title='bbox 694 2406 718 2433; x_wconf 86' lang='lat' dir='ltr'>a</span> <span class='ocrx_word' id='word_1_134' title='bbox 753 2394 996 2447; x_wconf 89' lang='lat' dir='ltr'>Philosopho</span> <span class='ocrx_word' id='word_1_135' title='bbox 1032 2396 1192 2448; x_wconf 90' lang='lat' dir='ltr'>ponitur</span> <span class='ocrx_word' id='word_1_136' title='bbox 1228 2395 1338 2445; x_wconf 89' lang='lat' dir='ltr'>quod</span> <span class='ocrx_word' id='word_1_137' title='bbox 1392 2395 1504 2434; x_wconf 91' lang='lat' dir='ltr'>cuius</span> <span class='ocrx_word' id='word_1_138' title='bbox 1523 2397 1779 2435; x_wconf 85' lang='lat' dir='ltr'>consideratio</span> <span class='ocrx_word' id='word_1_139' title='bbox 1803 2398 1903 2437; x_wconf 87' lang='lat' dir='ltr'>circa</span> <span class='ocrx_word' id='word_1_140' title='bbox 1930 2398 2052 2436; x_wconf 89' lang='lat' dir='ltr'><strong>finem</strong></span> <span class='ocrx_word' id='word_1_141' title='bbox 2079 2398 2249 2437; x_wconf 87' lang='lat' dir='ltr'>universi</span> <span class='ocrx_word' id='word_1_142' title='bbox 2277 2409 2461 2449; x_wconf 84' lang='lat' dir='ltr'>versatur,</span> 
     </span>
     <span class='ocr_line' id='line_1_22' title="bbox 158 2449 2462 2502; baseline 0.003 -17"><span class='ocrx_word' id='word_1_143' title='bbox 158 2493 165 2501; x_wconf 46' lang='lat'><strong>·</strong></span> <span class='ocrx_word' id='word_1_144' title='bbox 189 2468 205 2502; x_wconf 85' lang='lat'>.’</span> <span class='ocrx_word' id='word_1_145' title='bbox 226 2459 234 2480; x_wconf 75' lang='lat'>³</span> <span class='ocrx_word' id='word_1_146' title='bbox 260 2449 436 2499; x_wconf 77' lang='lat' dir='ltr'>sapientis</span> <span class='ocrx_word' id='word_1_147' title='bbox 463 2454 515 2487; x_wconf 85' lang='lat' dir='ltr'>est</span> <span class='ocrx_word' id='word_1_148' title='bbox 542 2449 723 2487; x_wconf 87' lang='lat' dir='ltr'>ordinare</span> <span class='ocrx_word' id='word_1_149' title='bbox 738 2449 769 2486; x_wconf 81' lang='grc'>*.</span> <span class='ocrx_word' id='word_1_150' title='bbox 800 2449 994 2489; x_wconf 88' lang='lat' dir='ltr'>Omnium</span> <span class='ocrx_word' id='word_1_151' title='bbox 1022 2459 1155 2489; x_wconf 88' lang='lat' dir='ltr'>autem</span> <span class='ocrx_word' id='word_1_152' title='bbox 1183 2449 1336 2487; x_wconf 90' lang='lat' dir='ltr'>ordina·</span> <span class='ocrx_word' id='word_1_153' title='bbox 1391 2450 1460 2500; x_wconf 89' lang='lat' dir='ltr'>qui</span> <span class='ocrx_word' id='word_1_154' title='bbox 1493 2450 1586 2488; x_wconf 88' lang='lat' dir='ltr'>item</span> <span class='ocrx_word' id='word_1_155' title='bbox 1618 2459 1675 2489; x_wconf 91' lang='lat' dir='ltr'>est</span> <span class='ocrx_word' id='word_1_156' title='bbox 1702 2451 1958 2490; x_wconf 88' lang='lat' dir='ltr'>universitatis</span> <span class='ocrx_word' id='word_1_157' title='bbox 1985 2451 2239 2502; x_wconf 62' lang='lat' dir='ltr'>principium</span> <span class='ocrx_word' id='word_1_158' title='bbox 2268 2454 2372 2491; x_wconf 89' lang='lat' dir='ltr'>unde</span> <span class='ocrx_word' id='word_1_159' title='bbox 2405 2467 2462 2492; x_wconf 90' lang='lat' dir='ltr'>se-</span> 
     </span>
     <span class='ocr_line' id='line_1_23' title="bbox 260 2502 2462 2555; baseline 0.002 -15"><span class='ocrx_word' id='word_1_160' title='bbox 260 2511 393 2540; x_wconf 91' lang='lat' dir='ltr'>torum</span> <span class='ocrx_word' id='word_1_161' title='bbox 416 2503 466 2541; x_wconf 93' lang='lat' dir='ltr'>ad</span> <span class='ocrx_word' id='word_1_162' title='bbox 489 2502 612 2540; x_wconf 89' lang='lat' dir='ltr'>finem</span> <span class='ocrx_word' id='word_1_163' title='bbox 631 2503 922 2552; x_wconf 79' lang='lat' dir='ltr'>gubernationis</span> <span class='ocrx_word' id='word_1_164' title='bbox 941 2510 978 2541; x_wconf 89' lang='lat' dir='ltr'>et</span> <span class='ocrx_word' id='word_1_165' title='bbox 997 2504 1144 2543; x_wconf 89' lang='lat' dir='ltr'>ordinis</span> <span class='ocrx_word' id='word_1_166' title='bbox 1163 2504 1335 2552; x_wconf 85' lang='lat' dir='ltr'>regulam</span> <span class='ocrx_word' id='word_1_167' title='bbox 1391 2503 1567 2542; x_wconf 89' lang='lat' dir='ltr'>cundum</span> <span class='ocrx_word' id='word_1_168' title='bbox 1589 2504 1887 2555; x_wconf 89' lang='lat' dir='ltr'>Philosophum,</span> <span class='ocrx_word' id='word_1_169' title='bbox 1915 2505 2096 2555; x_wconf 89' lang='lat' dir='ltr'>sapientis</span> <span class='ocrx_word' id='word_1_170' title='bbox 2123 2515 2179 2544; x_wconf 91' lang='lat' dir='ltr'>est</span> <span class='ocrx_word' id='word_1_171' title='bbox 2206 2519 2338 2544; x_wconf 82' lang='lat' dir='ltr'><em>causas</em></span> <span class='ocrx_word' id='word_1_172' title='bbox 2365 2508 2462 2545; x_wconf 87' lang='lat' dir='ltr'>altis-</span> 
     </span>
     <span class='ocr_line' id='line_1_24' title="bbox 263 2556 2700 2611; baseline 0 -17"><span class='ocrx_word' id='word_1_173' title='bbox 263 2569 310 2594; x_wconf 86' lang='lat' dir='ltr'>ex</span> <span class='ocrx_word' id='word_1_174' title='bbox 328 2556 410 2594; x_wconf 88' lang='lat' dir='ltr'>fine</span> <span class='ocrx_word' id='word_1_175' title='bbox 437 2557 542 2594; x_wconf 89' lang='lat' dir='ltr'>sumi</span> <span class='ocrx_word' id='word_1_176' title='bbox 560 2568 720 2595; x_wconf 81' lang='lat' dir='ltr'>necesse</span> <span class='ocrx_word' id='word_1_177' title='bbox 739 2565 811 2596; x_wconf 68' lang='lat' dir='ltr'>est:</span> <span class='ocrx_word' id='word_1_178' title='bbox 831 2566 925 2596; x_wconf 89' lang='lat' dir='ltr'>tunc</span> <span class='ocrx_word' id='word_1_179' title='bbox 944 2558 1051 2595; x_wconf 91' lang='lat' dir='ltr'>enim</span> <span class='ocrx_word' id='word_1_180' title='bbox 1073 2569 1335 2607; x_wconf 84' lang='lat' dir='ltr'>unaquaeque</span> <span class='ocrx_word' id='word_1_181' title='bbox 1390 2559 1504 2594; x_wconf 87' lang='lat' dir='ltr'>simas</span> <span class='ocrx_word' id='word_1_182' title='bbox 1526 2558 1772 2596; x_wconf 87' lang='lat' dir='ltr'>considerare</span> <span class='ocrx_word' id='word_1_183' title='bbox 1786 2559 1817 2596; x_wconf 84' lang='grc'>*.</span> <span class='ocrx_word' id='word_1_184' title='bbox 2488 2557 2700 2611; x_wconf 53' lang='grc' dir='ltr'>ζ,ξ7ζ’ξῖἥὲ;ζξ·,ξ’5ξξξ</span> 
     </span>
     <span class='ocr_line' id='line_1_25' title="bbox 262 2609 2461 2664; baseline 0.001 -16"><span class='ocrx_word' id='word_1_185' title='bbox 262 2622 323 2648; x_wconf 78' lang='lat' dir='ltr'>nes</span> <span class='ocrx_word' id='word_1_186' title='bbox 350 2609 499 2662; x_wconf 88' lang='lat' dir='ltr'>optime</span> <span class='ocrx_word' id='word_1_187' title='bbox 526 2611 746 2664; x_wconf 83' lang='lat' dir='ltr'>disponitur</span> <span class='ocrx_word' id='word_1_188' title='bbox 764 2623 857 2650; x_wconf 90' lang='lat' dir='ltr'>cum</span> <span class='ocrx_word' id='word_1_189' title='bbox 885 2613 935 2650; x_wconf 90' lang='lat' dir='ltr'>ad</span> <span class='ocrx_word' id='word_1_190' title='bbox 955 2623 1073 2650; x_wconf 90' lang='lat' dir='ltr'>suum</span> <span class='ocrx_word' id='word_1_191' title='bbox 1101 2611 1223 2649; x_wconf 87' lang='lat' dir='ltr'>finem</span> <span class='ocrx_word' id='word_1_192' title='bbox 1243 2623 1335 2648; x_wconf 90' lang='lat' dir='ltr'>con·</span> <span class='ocrx_word' id='word_1_193' title='bbox 1351 2623 1377 2638; x_wconf 87' lang='lat'>¹⁰</span> <span class='ocrx_word' id='word_1_194' title='bbox 1444 2610 1549 2648; x_wconf 90' lang='lat' dir='ltr'>Finis</span> <span class='ocrx_word' id='word_1_195' title='bbox 1578 2619 1709 2650; x_wconf 87' lang='lat' dir='ltr'>autem</span> <span class='ocrx_word' id='word_1_196' title='bbox 1733 2611 1892 2650; x_wconf 90' lang='lat' dir='ltr'>ultimus</span> <span class='ocrx_word' id='word_1_197' title='bbox 1911 2612 2219 2662; x_wconf 91' lang='lat' dir='ltr'>uniuscuiusque</span> <span class='ocrx_word' id='word_1_198' title='bbox 2237 2612 2292 2649; x_wconf 91' lang='lat' dir='ltr'>rei</span> <span class='ocrx_word' id='word_1_199' title='bbox 2320 2621 2375 2650; x_wconf 90' lang='lat' dir='ltr'>est</span> <span class='ocrx_word' id='word_1_200' title='bbox 2393 2614 2461 2663; x_wconf 90' lang='lat' dir='ltr'>qui</span> 
     </span>
     <span class='ocr_line' id='line_1_26' title="bbox 261 2661 2458 2716; baseline 0 -14"><span class='ocrx_word' id='word_1_201' title='bbox 261 2663 462 2703; x_wconf 89' lang='lat' dir='ltr'>venienter</span> <span class='ocrx_word' id='word_1_202' title='bbox 480 2665 700 2712; x_wconf 59' lang='lat' dir='ltr'>ordinatum</span> <span class='ocrx_word' id='word_1_203' title='bbox 721 2663 810 2703; x_wconf 92' lang='lat' dir='ltr'>finis</span> <span class='ocrx_word' id='word_1_204' title='bbox 830 2664 935 2704; x_wconf 89' lang='lat' dir='ltr'>enim</span> <span class='ocrx_word' id='word_1_205' title='bbox 955 2673 1012 2702; x_wconf 89' lang='lat' dir='ltr'>est</span> <span class='ocrx_word' id='word_1_206' title='bbox 1030 2665 1183 2703; x_wconf 88' lang='lat' dir='ltr'>bonum</span> <span class='ocrx_word' id='word_1_207' title='bbox 1201 2665 1335 2703; x_wconf 90' lang='lat' dir='ltr'>unius·</span> <span class='ocrx_word' id='word_1_208' title='bbox 1390 2661 1600 2701; x_wconf 89' lang='lat' dir='ltr'>intenditur</span> <span class='ocrx_word' id='word_1_209' title='bbox 1636 2677 1659 2702; x_wconf 87' lang='lat' dir='ltr'>a</span> <span class='ocrx_word' id='word_1_210' title='bbox 1695 2664 1824 2715; x_wconf 89' lang='lat' dir='ltr'>primo</span> <span class='ocrx_word' id='word_1_211' title='bbox 1860 2673 2017 2703; x_wconf 90' lang='lat' dir='ltr'>auctore</span> <span class='ocrx_word' id='word_1_212' title='bbox 2053 2667 2116 2703; x_wconf 91' lang='lat' dir='ltr'>vel</span> <span class='ocrx_word' id='word_1_213' title='bbox 2150 2673 2300 2703; x_wconf 85' lang='lat' dir='ltr'>motore</span> <span class='ocrx_word' id='word_1_214' title='bbox 2328 2666 2458 2716; x_wconf 90' lang='lat' dir='ltr'>ipsius.</span> 
     </span>
     <span class='ocr_line' id='line_1_27' title="bbox 261 2716 2459 2770; baseline 0 -13"><span class='ocrx_word' id='word_1_215' title='bbox 261 2717 463 2770; x_wconf 86' lang='lat' dir='ltr'>cuiusque.</span> <span class='ocrx_word' id='word_1_216' title='bbox 484 2719 598 2759; x_wconf 91' lang='lat' dir='ltr'>Unde</span> <span class='ocrx_word' id='word_1_217' title='bbox 617 2720 798 2759; x_wconf 89' lang='lat' dir='ltr'>videmus</span> <span class='ocrx_word' id='word_1_218' title='bbox 816 2719 858 2758; x_wconf 88' lang='lat' dir='ltr'>in</span> <span class='ocrx_word' id='word_1_219' title='bbox 877 2718 1022 2758; x_wconf 87' lang='lat' dir='ltr'>artibus</span> <span class='ocrx_word' id='word_1_220' title='bbox 1041 2731 1163 2757; x_wconf 91' lang='lat' dir='ltr'>unam</span> <span class='ocrx_word' id='word_1_221' title='bbox 1181 2718 1335 2757; x_wconf 89' lang='lat' dir='ltr'>alterius</span> <span class='ocrx_word' id='word_1_222' title='bbox 1390 2716 1544 2755; x_wconf 90' lang='lat' dir='ltr'>Primus</span> <span class='ocrx_word' id='word_1_223' title='bbox 1571 2726 1700 2756; x_wconf 90' lang='lat' dir='ltr'>autem</span> <span class='ocrx_word' id='word_1_224' title='bbox 1721 2727 1857 2756; x_wconf 83' lang='lat' dir='ltr'>auctor</span> <span class='ocrx_word' id='word_1_225' title='bbox 1875 2726 1911 2756; x_wconf 92' lang='lat' dir='ltr'>et</span> <span class='ocrx_word' id='word_1_226' title='bbox 1929 2727 2059 2757; x_wconf 90' lang='lat' dir='ltr'>motor</span> <span class='ocrx_word' id='word_1_227' title='bbox 2086 2718 2257 2757; x_wconf 91' lang='lat' dir='ltr'>universi</span> <span class='ocrx_word' id='word_1_228' title='bbox 2279 2726 2336 2755; x_wconf 90' lang='lat' dir='ltr'>est</span> <span class='ocrx_word' id='word_1_229' title='bbox 2352 2720 2459 2757; x_wconf 89' lang='lat' dir='ltr'>intel-</span> 
     </span>
     <span class='ocr_line' id='line_1_28' title="bbox 262 2771 2697 2824; baseline -0 -13"><span class='ocrx_word' id='word_1_230' title='bbox 262 2785 345 2812; x_wconf 89' lang='lat' dir='ltr'>esse</span> <span class='ocrx_word' id='word_1_231' title='bbox 363 2773 662 2823; x_wconf 82' lang='lat' dir='ltr'>gubernativam</span> <span class='ocrx_word' id='word_1_232' title='bbox 684 2782 722 2812; x_wconf 92' lang='lat' dir='ltr'>et</span> <span class='ocrx_word' id='word_1_233' title='bbox 745 2773 857 2823; x_wconf 89' lang='lat' dir='ltr'>quasi</span> <span class='ocrx_word' id='word_1_234' title='bbox 880 2772 1109 2824; x_wconf 88' lang='lat' dir='ltr'>principem,</span> <span class='ocrx_word' id='word_1_235' title='bbox 1136 2773 1186 2810; x_wconf 88' lang='lat' dir='ltr'>ad</span> <span class='ocrx_word' id='word_1_236' title='bbox 1212 2784 1335 2822; x_wconf 90' lang='lat' dir='ltr'>quam</span> <span class='ocrx_word' id='word_1_237' title='bbox 1388 2771 1521 2819; x_wconf 88' lang='lat' dir='ltr'>lectus,</span> <span class='ocrx_word' id='word_1_238' title='bbox 1551 2779 1593 2808; x_wconf 92' lang='lat' dir='ltr'>ut</span> <span class='ocrx_word' id='word_1_239' title='bbox 1620 2772 1718 2810; x_wconf 83' lang='lat' dir='ltr'>infra</span> <span class='ocrx_word' id='word_1_240' title='bbox 1745 2772 1969 2811; x_wconf 88' lang='lat' dir='ltr'>ostendetur</span> <span class='ocrx_word' id='word_1_241' title='bbox 1985 2772 2016 2810; x_wconf 86' lang='lat'>*.</span> <span class='ocrx_word' id='word_1_242' title='bbox 2048 2773 2211 2822; x_wconf 89' lang='lat' dir='ltr'>Oportet</span> <span class='ocrx_word' id='word_1_243' title='bbox 2238 2771 2351 2820; x_wconf 82' lang='lat' dir='ltr'>igitur</span> <span class='ocrx_word' id='word_1_244' title='bbox 2374 2773 2459 2810; x_wconf 91' lang='lat' dir='ltr'>ulti-</span> <span class='ocrx_word' id='word_1_245' title='bbox 2486 2773 2651 2821; x_wconf 63' lang='lat' dir='ltr'>L.‘}⁸‚‹⁵&#39;.31.¹²¹&#39;‘</span> <span class='ocrx_word' id='word_1_246' title='bbox 2668 2772 2697 2799; x_wconf 72' lang='lat'>¹¹⁷</span> 
     </span>
     <span class='ocr_line' id='line_1_29' title="bbox 260 2824 2458 2876; baseline -0 -11"><span class='ocrx_word' id='word_1_247' title='bbox 260 2827 425 2876; x_wconf 81' lang='lat' dir='ltr'>pertinet</span> <span class='ocrx_word' id='word_1_248' title='bbox 443 2827 528 2865; x_wconf 88' lang='lat' dir='ltr'>eius</span> <span class='ocrx_word' id='word_1_249' title='bbox 545 2827 656 2866; x_wconf 85' lang='lat' dir='ltr'>finis:</span> <span class='ocrx_word' id='word_1_250' title='bbox 686 2827 785 2866; x_wconf 87' lang='lat' dir='ltr'>sicut</span> <span class='ocrx_word' id='word_1_251' title='bbox 812 2827 1052 2865; x_wconf 90' lang='lat' dir='ltr'>medicinalis</span> <span class='ocrx_word' id='word_1_252' title='bbox 1071 2838 1132 2864; x_wconf 89' lang='lat' dir='ltr'>ars</span> <span class='ocrx_word' id='word_1_253' title='bbox 1159 2825 1334 2875; x_wconf 87' lang='lat' dir='ltr'>pigmen·</span> <span class='ocrx_word' id='word_1_254' title='bbox 1389 2836 1502 2861; x_wconf 88' lang='lat' dir='ltr'>mum</span> <span class='ocrx_word' id='word_1_255' title='bbox 1521 2824 1643 2863; x_wconf 88' lang='lat' dir='ltr'>finem</span> <span class='ocrx_word' id='word_1_256' title='bbox 1662 2825 1833 2863; x_wconf 89' lang='lat' dir='ltr'>universi</span> <span class='ocrx_word' id='word_1_257' title='bbox 1852 2838 1935 2863; x_wconf 92' lang='lat' dir='ltr'>esse</span> <span class='ocrx_word' id='word_1_258' title='bbox 1954 2825 2105 2864; x_wconf 91' lang='lat' dir='ltr'>bonum</span> <span class='ocrx_word' id='word_1_259' title='bbox 2124 2826 2347 2863; x_wconf 91' lang='lat' dir='ltr'>intellectus.</span> <span class='ocrx_word' id='word_1_260' title='bbox 2371 2827 2458 2864; x_wconf 92' lang='lat' dir='ltr'>Hoc</span> 
     </span>
     <span class='ocr_line' id='line_1_30' title="bbox 261 2878 2457 2932; baseline -0 -14"><span class='ocrx_word' id='word_1_261' title='bbox 261 2881 377 2920; x_wconf 89' lang='lat' dir='ltr'>tariae</span> <span class='ocrx_word' id='word_1_262' title='bbox 405 2881 645 2932; x_wconf 88' lang='lat' dir='ltr'>principatur</span> <span class='ocrx_word' id='word_1_263' title='bbox 678 2889 716 2919; x_wconf 93' lang='lat' dir='ltr'>et</span> <span class='ocrx_word' id='word_1_264' title='bbox 753 2893 841 2919; x_wconf 90' lang='lat' dir='ltr'>eam</span> <span class='ocrx_word' id='word_1_265' title='bbox 879 2881 1042 2928; x_wconf 89' lang='lat' dir='ltr'>ordinat,</span> <span class='ocrx_word' id='word_1_266' title='bbox 1071 2888 1231 2929; x_wconf 88' lang='lat' dir='ltr'>propter</span> <span class='ocrx_word' id='word_1_267' title='bbox 1257 2880 1334 2917; x_wconf 93' lang='lat' dir='ltr'>hoc</span> <span class='ocrx_word' id='word_1_268' title='bbox 1349 2892 1372 2912; x_wconf 81' lang='lat'>¹5</span> <span class='ocrx_word' id='word_1_269' title='bbox 1389 2884 1520 2915; x_wconf 86' lang='lat' dir='ltr'>autem</span> <span class='ocrx_word' id='word_1_270' title='bbox 1548 2886 1605 2916; x_wconf 91' lang='lat' dir='ltr'>est</span> <span class='ocrx_word' id='word_1_271' title='bbox 1631 2878 1782 2917; x_wconf 90' lang='lat' dir='ltr'>veritas.</span> <span class='ocrx_word' id='word_1_272' title='bbox 1814 2879 1977 2930; x_wconf 90' lang='lat' dir='ltr'>Oportet</span> <span class='ocrx_word' id='word_1_273' title='bbox 2004 2878 2116 2928; x_wconf 88' lang='lat' dir='ltr'>igitur</span> <span class='ocrx_word' id='word_1_274' title='bbox 2147 2878 2347 2916; x_wconf 86' lang='lat' dir='ltr'>veritatem</span> <span class='ocrx_word' id='word_1_275' title='bbox 2375 2891 2457 2917; x_wconf 91' lang='lat' dir='ltr'>esse</span> 
     </span>
     <span class='ocr_line' id='line_1_31' title="bbox 261 2930 2457 2984; baseline -0.001 -12"><span class='ocrx_word' id='word_1_276' title='bbox 261 2935 370 2984; x_wconf 92' lang='lat' dir='ltr'>quod</span> <span class='ocrx_word' id='word_1_277' title='bbox 398 2935 552 2983; x_wconf 86' lang='lat' dir='ltr'>sanitas,</span> <span class='ocrx_word' id='word_1_278' title='bbox 585 2934 687 2972; x_wconf 88' lang='lat' dir='ltr'>circa</span> <span class='ocrx_word' id='word_1_279' title='bbox 719 2945 840 2983; x_wconf 91' lang='lat' dir='ltr'>quam</span> <span class='ocrx_word' id='word_1_280' title='bbox 873 2934 1112 2972; x_wconf 89' lang='lat' dir='ltr'>medicinalis</span> <span class='ocrx_word' id='word_1_281' title='bbox 1145 2940 1331 2982; x_wconf 89' lang='lat' dir='ltr'>versatur,</span> <span class='ocrx_word' id='word_1_282' title='bbox 1388 2930 1572 2970; x_wconf 89' lang='lat' dir='ltr'>ultimum</span> <span class='ocrx_word' id='word_1_283' title='bbox 1590 2931 1712 2970; x_wconf 90' lang='lat' dir='ltr'>finem</span> <span class='ocrx_word' id='word_1_284' title='bbox 1731 2932 1848 2970; x_wconf 91' lang='lat' dir='ltr'>totius</span> <span class='ocrx_word' id='word_1_285' title='bbox 1866 2932 2054 2979; x_wconf 88' lang='lat' dir='ltr'>universi;</span> <span class='ocrx_word' id='word_1_286' title='bbox 2084 2940 2120 2970; x_wconf 89' lang='lat' dir='ltr'>et</span> <span class='ocrx_word' id='word_1_287' title='bbox 2147 2933 2246 2970; x_wconf 89' lang='lat' dir='ltr'>circa</span> <span class='ocrx_word' id='word_1_288' title='bbox 2264 2932 2347 2969; x_wconf 89' lang='lat' dir='ltr'>eius</span> <span class='ocrx_word' id='word_1_289' title='bbox 2366 2944 2457 2970; x_wconf 90' lang='lat' dir='ltr'>con-</span> 
     </span>
     <span class='ocr_line' id='line_1_32' title="bbox 260 2984 2458 3038; baseline -0.002 -12"><span class='ocrx_word' id='word_1_290' title='bbox 260 2987 350 3026; x_wconf 89' lang='lat' dir='ltr'>finis</span> <span class='ocrx_word' id='word_1_291' title='bbox 382 2996 439 3026; x_wconf 90' lang='lat' dir='ltr'>est</span> <span class='ocrx_word' id='word_1_292' title='bbox 470 2987 652 3026; x_wconf 91' lang='lat' dir='ltr'>omnium</span> <span class='ocrx_word' id='word_1_293' title='bbox 685 2986 987 3038; x_wconf 88' lang='lat' dir='ltr'>pigmentorum,</span> <span class='ocrx_word' id='word_1_294' title='bbox 1017 3000 1118 3037; x_wconf 89' lang='lat' dir='ltr'>quae</span> <span class='ocrx_word' id='word_1_295' title='bbox 1146 2995 1225 3025; x_wconf 88' lang='lat' dir='ltr'>arte</span> <span class='ocrx_word' id='word_1_296' title='bbox 1253 2986 1333 3036; x_wconf 86' lang='lat' dir='ltr'>pig·</span> <span class='ocrx_word' id='word_1_297' title='bbox 1388 2984 1662 3023; x_wconf 88' lang='lat' dir='ltr'>siderationem</span> <span class='ocrx_word' id='word_1_298' title='bbox 1684 2986 1943 3035; x_wconf 89' lang='lat' dir='ltr'>principaliter</span> <span class='ocrx_word' id='word_1_299' title='bbox 1962 2985 2188 3036; x_wconf 89' lang='lat' dir='ltr'>sapientiam</span> <span class='ocrx_word' id='word_1_300' title='bbox 2208 2984 2389 3023; x_wconf 89' lang='lat' dir='ltr'>insistere.</span> <span class='ocrx_word' id='word_1_301' title='bbox 2409 2987 2458 3023; x_wconf 90' lang='lat' dir='ltr'>Et</span> 
     </span>
     <span class='ocr_line' id='line_1_33' title="bbox 260 3038 2457 3091; baseline -0.001 -12"><span class='ocrx_word' id='word_1_302' title='bbox 260 3041 449 3080; x_wconf 89' lang='lat' dir='ltr'>mentaria</span> <span class='ocrx_word' id='word_1_303' title='bbox 477 3041 749 3080; x_wconf 91' lang='lat' dir='ltr'>conficiuntur.</span> <span class='ocrx_word' id='word_1_304' title='bbox 779 3043 828 3079; x_wconf 91' lang='lat' dir='ltr'>Et</span> <span class='ocrx_word' id='word_1_305' title='bbox 855 3041 978 3079; x_wconf 89' lang='lat' dir='ltr'>simile</span> <span class='ocrx_word' id='word_1_306' title='bbox 1006 3048 1166 3091; x_wconf 87' lang='lat' dir='ltr'>apparet</span> <span class='ocrx_word' id='word_1_307' title='bbox 1188 3040 1228 3078; x_wconf 92' lang='lat' dir='ltr'>in</span> <span class='ocrx_word' id='word_1_308' title='bbox 1254 3049 1334 3078; x_wconf 91' lang='lat' dir='ltr'>arte</span> <span class='ocrx_word' id='word_1_309' title='bbox 1388 3038 1477 3076; x_wconf 89' lang='lat' dir='ltr'>ideo</span> <span class='ocrx_word' id='word_1_310' title='bbox 1497 3040 1546 3077; x_wconf 84' lang='lat' dir='ltr'>ad</span> <span class='ocrx_word' id='word_1_311' title='bbox 1565 3039 1733 3077; x_wconf 85' lang='lat' dir='ltr'>veritatis</span> <span class='ocrx_word' id='word_1_312' title='bbox 1751 3038 2099 3077; x_wconf 84' lang='lat' dir='ltr'>manifestationem</span> <span class='ocrx_word' id='word_1_313' title='bbox 2118 3039 2249 3077; x_wconf 87' lang='lat' dir='ltr'>divina</span> <span class='ocrx_word' id='word_1_314' title='bbox 2264 3039 2457 3089; x_wconf 86' lang='lat' dir='ltr'>Sapientia</span> 
     </span>
     <span class='ocr_line' id='line_1_34' title="bbox 259 3092 2456 3146; baseline -0.002 -13"><span class='ocrx_word' id='word_1_315' title='bbox 259 3095 532 3145; x_wconf 85' lang='lat' dir='ltr'>gubernatoria</span> <span class='ocrx_word' id='word_1_316' title='bbox 559 3103 736 3146; x_wconf 86' lang='lat' dir='ltr'>respectu</span> <span class='ocrx_word' id='word_1_317' title='bbox 757 3095 1027 3141; x_wconf 82' lang='lat' dir='ltr'>navifactivae3</span> <span class='ocrx_word' id='word_1_318' title='bbox 1049 3103 1086 3132; x_wconf 92' lang='lat' dir='ltr'>et</span> <span class='ocrx_word' id='word_1_319' title='bbox 1113 3095 1154 3132; x_wconf 93' lang='lat' dir='ltr'>in</span> <span class='ocrx_word' id='word_1_320' title='bbox 1181 3093 1333 3132; x_wconf 90' lang='lat' dir='ltr'>militari</span> <span class='ocrx_word' id='word_1_321' title='bbox 1388 3103 1504 3129; x_wconf 90' lang='lat' dir='ltr'>carne</span> <span class='ocrx_word' id='word_1_322' title='bbox 1523 3093 1658 3131; x_wconf 91' lang='lat' dir='ltr'>induta</span> <span class='ocrx_word' id='word_1_323' title='bbox 1684 3105 1726 3130; x_wconf 91' lang='lat' dir='ltr'>se</span> <span class='ocrx_word' id='word_1_324' title='bbox 1753 3093 1905 3131; x_wconf 89' lang='lat' dir='ltr'>venisse</span> <span class='ocrx_word' id='word_1_325' title='bbox 1932 3092 1972 3129; x_wconf 89' lang='lat' dir='ltr'>in</span> <span class='ocrx_word' id='word_1_326' title='bbox 1999 3093 2195 3130; x_wconf 91' lang='lat' dir='ltr'>mundum</span> <span class='ocrx_word' id='word_1_327' title='bbox 2214 3099 2380 3139; x_wconf 88' lang='lat' dir='ltr'>testatur,</span> <span class='ocrx_word' id='word_1_328' title='bbox 2401 3092 2456 3129; x_wconf 91' lang='lat' dir='ltr'>di-</span> 
     </span>
     <span class='ocr_line' id='line_1_35' title="bbox 260 3146 2459 3200; baseline -0.003 -12"><span class='ocrx_word' id='word_1_329' title='bbox 260 3157 437 3200; x_wconf 83' lang='lat' dir='ltr'>respectu</span> <span class='ocrx_word' id='word_1_330' title='bbox 452 3149 639 3200; x_wconf 90' lang='lat' dir='ltr'>equestris</span> <span class='ocrx_word' id='word_1_331' title='bbox 653 3157 691 3187; x_wconf 88' lang='lat' dir='ltr'>et</span> <span class='ocrx_word' id='word_1_332' title='bbox 702 3149 831 3188; x_wconf 91' lang='lat' dir='ltr'>omnis</span> <span class='ocrx_word' id='word_1_333' title='bbox 844 3149 970 3187; x_wconf 91' lang='lat' dir='ltr'>bellici</span> <span class='ocrx_word' id='word_1_334' title='bbox 984 3156 1203 3199; x_wconf 89' lang='lat' dir='ltr'>apparatus.</span> <span class='ocrx_word' id='word_1_335' title='bbox 1220 3148 1334 3196; x_wconf 88' lang='lat' dir='ltr'>Quae</span> <span class='ocrx_word' id='word_1_336' title='bbox 1349 3162 1375 3177; x_wconf 71' lang='grc' dir='ltr'><strong><em>ω</em></strong></span> <span class='ocrx_word' id='word_1_337' title='bbox 1389 3157 1492 3192; x_wconf 81' lang='lat' dir='ltr'>cenS,</span> <span class='ocrx_word' id='word_1_338' title='bbox 1521 3149 1630 3184; x_wconf 88' lang='lat' dir='ltr'>Ioan.</span> <span class='ocrx_word' id='word_1_339' title='bbox 1651 3157 1733 3183; x_wconf 87' lang='lat' dir='ltr'>xvm</span> <span class='ocrx_word' id='word_1_340' title='bbox 1746 3149 1793 3183; x_wconf 84' lang='lat'>³⁷:</span> <span class='ocrx_word' id='word_1_341' title='bbox 1818 3148 1905 3196; x_wconf 81' lang='lat' dir='ltr'>Ego</span> <span class='ocrx_word' id='word_1_342' title='bbox 1933 3147 1971 3182; x_wconf 89' lang='lat' dir='ltr'>in</span> <span class='ocrx_word' id='word_1_343' title='bbox 1999 3147 2070 3182; x_wconf 83' lang='lat' dir='ltr'>hoc</span> <span class='ocrx_word' id='word_1_344' title='bbox 2098 3151 2205 3182; x_wconf 88' lang='lat' dir='ltr'>natus</span> <span class='ocrx_word' id='word_1_345' title='bbox 2230 3157 2324 3191; x_wconf 88' lang='lat' dir='ltr'>sum,</span> <span class='ocrx_word' id='word_1_346' title='bbox 2354 3152 2387 3182; x_wconf 88' lang='lat' dir='ltr'>et</span> <span class='ocrx_word' id='word_1_347' title='bbox 2407 3146 2459 3182; x_wconf 87' lang='lat' dir='ltr'>ad</span> 
     </span>
     <span class='ocr_line' id='line_1_36' title="bbox 260 3199 2454 3255; baseline -0.003 -13"><span class='ocrx_word' id='word_1_348' title='bbox 260 3203 421 3254; x_wconf 87' lang='lat' dir='ltr'>quidem</span> <span class='ocrx_word' id='word_1_349' title='bbox 441 3212 541 3242; x_wconf 86' lang='lat' dir='ltr'>artes</span> <span class='ocrx_word' id='word_1_350' title='bbox 559 3203 641 3242; x_wconf 92' lang='lat' dir='ltr'>aliis</span> <span class='ocrx_word' id='word_1_351' title='bbox 659 3203 919 3255; x_wconf 88' lang='lat' dir='ltr'>principantes</span> <span class='ocrx_word' id='word_1_352' title='bbox 937 3203 1246 3241; x_wconf 84' lang='lat' dir='ltr'>architectonicae</span> <span class='ocrx_word' id='word_1_353' title='bbox 1264 3214 1334 3242; x_wconf 90' lang='lat' dir='ltr'>no·</span> <span class='ocrx_word' id='word_1_354' title='bbox 1389 3200 1460 3236; x_wconf 86' lang='lat' dir='ltr'>hoc</span> <span class='ocrx_word' id='word_1_355' title='bbox 1478 3202 1566 3237; x_wconf 83' lang='lat' dir='ltr'>veni</span> <span class='ocrx_word' id='word_1_356' title='bbox 1579 3202 1616 3237; x_wconf 88' lang='lat' dir='ltr'>in</span> <span class='ocrx_word' id='word_1_357' title='bbox 1637 3199 1830 3246; x_wconf 85' lang='lat' dir='ltr'>mundum,</span> <span class='ocrx_word' id='word_1_358' title='bbox 1847 3206 1886 3237; x_wconf 88' lang='lat' dir='ltr'>ut</span> <span class='ocrx_word' id='word_1_359' title='bbox 1903 3201 2147 3236; x_wconf 85' lang='lat' dir='ltr'>testimonium</span> <span class='ocrx_word' id='word_1_360' title='bbox 2157 3200 2375 3248; x_wconf 85' lang='lat' dir='ltr'>perhibeam</span> <span class='ocrx_word' id='word_1_361' title='bbox 2394 3211 2454 3236; x_wconf 82' lang='lat' dir='ltr'>ve-</span> 
     </span>
     <span class='ocr_line' id='line_1_37' title="bbox 261 3251 2455 3308; baseline -0.004 -12"><span class='ocrx_word' id='word_1_362' title='bbox 261 3257 471 3307; x_wconf 91' lang='lat' dir='ltr'>minantur‚</span> <span class='ocrx_word' id='word_1_363' title='bbox 491 3257 603 3308; x_wconf 89' lang='lat' dir='ltr'>quasi</span> <span class='ocrx_word' id='word_1_364' title='bbox 617 3259 846 3308; x_wconf 82' lang='lat' dir='ltr'>principales</span> <span class='ocrx_word' id='word_1_365' title='bbox 869 3263 983 3295; x_wconf 85' lang='lat' dir='ltr'>artes:</span> <span class='ocrx_word' id='word_1_366' title='bbox 1010 3257 1116 3294; x_wconf 92' lang='lat' dir='ltr'>unde</span> <span class='ocrx_word' id='word_1_367' title='bbox 1136 3263 1173 3293; x_wconf 92' lang='lat' dir='ltr'>et</span> <span class='ocrx_word' id='word_1_368' title='bbox 1198 3267 1335 3293; x_wconf 89' lang='lat' dir='ltr'>earum</span> <span class='ocrx_word' id='word_1_369' title='bbox 1390 3254 1500 3290; x_wconf 83' lang='lat' dir='ltr'>ritati.</span> <span class='ocrx_word' id='word_1_370' title='bbox 1532 3254 1609 3292; x_wconf 92' lang='lat' dir='ltr'>Sed</span> <span class='ocrx_word' id='word_1_371' title='bbox 1628 3260 1665 3290; x_wconf 87' lang='lat' dir='ltr'>et</span> <span class='ocrx_word' id='word_1_372' title='bbox 1683 3252 1855 3290; x_wconf 89' lang='lat' dir='ltr'>Primam</span> <span class='ocrx_word' id='word_1_373' title='bbox 1874 3251 2166 3301; x_wconf 88' lang='lat' dir='ltr'>Philosophiam</span> <span class='ocrx_word' id='word_1_374' title='bbox 2193 3251 2455 3301; x_wconf 89' lang='lat' dir='ltr'>Philosophus</span> 
     </span>
     <span class='ocr_line' id='line_1_38' title="bbox 260 3303 2454 3362; baseline -0.004 -12"><span class='ocrx_word' id='word_1_375' title='bbox 260 3310 436 3359; x_wconf 82' lang='lat' dir='ltr'>artifices,</span> <span class='ocrx_word' id='word_1_376' title='bbox 466 3311 536 3362; x_wconf 89' lang='lat' dir='ltr'>qui</span> <span class='ocrx_word' id='word_1_377' title='bbox 564 3314 826 3350; x_wconf 82' lang='lat' dir='ltr'>architectores</span> <span class='ocrx_word' id='word_1_378' title='bbox 852 3319 1054 3355; x_wconf 86' lang='lat' dir='ltr'>vocantur,</span> <span class='ocrx_word' id='word_1_379' title='bbox 1087 3321 1235 3347; x_wconf 90' lang='lat' dir='ltr'>nomen</span> <span class='ocrx_word' id='word_1_380' title='bbox 1263 3309 1335 3346; x_wconf 90' lang='lat' dir='ltr'>sibi</span> <span class='ocrx_word' id='word_1_381' title='bbox 1390 3306 1620 3344; x_wconf 85' lang='lat' dir='ltr'>determinat</span> <span class='ocrx_word' id='word_1_382' title='bbox 1651 3318 1734 3343; x_wconf 90' lang='lat' dir='ltr'>esse</span> <span class='ocrx_word' id='word_1_383' title='bbox 1765 3308 1955 3343; x_wconf 87' lang='lat' dir='ltr'>scientiam</span> <span class='ocrx_word' id='word_1_384' title='bbox 1988 3306 2166 3349; x_wconf 79' lang='lat' dir='ltr'>veritatis;</span> <span class='ocrx_word' id='word_1_385' title='bbox 2192 3316 2273 3341; x_wconf 92' lang='lat' dir='ltr'>non</span> <span class='ocrx_word' id='word_1_386' title='bbox 2300 3303 2454 3342; x_wconf 86' lang='lat' dir='ltr'>cuiusli-</span> 
     </span>
     <span class='ocr_line' id='line_1_39' title="bbox 260 3357 2453 3415; baseline -0.004 -13"><span class='ocrx_word' id='word_1_387' title='bbox 260 3365 458 3403; x_wconf 86' lang='lat' dir='ltr'>vindicant</span> <span class='ocrx_word' id='word_1_388' title='bbox 489 3365 722 3415; x_wconf 87' lang='lat' dir='ltr'>sapientum.</span> <span class='ocrx_word' id='word_1_389' title='bbox 753 3365 857 3413; x_wconf 85' lang='lat' dir='ltr'>Quia</span> <span class='ocrx_word' id='word_1_390' title='bbox 884 3377 980 3402; x_wconf 91' lang='lat' dir='ltr'>vero</span> <span class='ocrx_word' id='word_1_391' title='bbox 1007 3363 1191 3414; x_wconf 88' lang='lat' dir='ltr'>praedicti</span> <span class='ocrx_word' id='word_1_392' title='bbox 1219 3362 1335 3400; x_wconf 87' lang='lat' dir='ltr'>artifi-</span> <span class='ocrx_word' id='word_1_393' title='bbox 1390 3360 1467 3405; x_wconf 77' lang='lat' dir='ltr'>bet,</span> <span class='ocrx_word' id='word_1_394' title='bbox 1487 3361 1555 3398; x_wconf 88' lang='lat' dir='ltr'>sed</span> <span class='ocrx_word' id='word_1_395' title='bbox 1575 3359 1658 3397; x_wconf 89' lang='lat' dir='ltr'>eius</span> <span class='ocrx_word' id='word_1_396' title='bbox 1677 3358 1844 3397; x_wconf 88' lang='lat' dir='ltr'>veritatis</span> <span class='ocrx_word' id='word_1_397' title='bbox 1863 3371 1963 3408; x_wconf 90' lang='lat' dir='ltr'>quae</span> <span class='ocrx_word' id='word_1_398' title='bbox 1984 3366 2038 3395; x_wconf 90' lang='lat' dir='ltr'>est</span> <span class='ocrx_word' id='word_1_399' title='bbox 2066 3357 2172 3406; x_wconf 85' lang='lat' dir='ltr'>origo</span> <span class='ocrx_word' id='word_1_400' title='bbox 2202 3357 2329 3394; x_wconf 89' lang='lat' dir='ltr'>omnis</span> <span class='ocrx_word' id='word_1_401' title='bbox 2356 3357 2453 3395; x_wconf 87' lang='lat' dir='ltr'>veri-</span> 
     </span>
     <span class='ocr_line' id='line_1_40' title="bbox 259 3408 2453 3470; baseline -0.005 -13"><span class='ocrx_word' id='word_1_402' title='bbox 259 3430 334 3467; x_wconf 87' lang='lat' dir='ltr'>ces,</span> <span class='ocrx_word' id='word_1_403' title='bbox 355 3419 608 3468; x_wconf 87' lang='lat' dir='ltr'>singularium</span> <span class='ocrx_word' id='word_1_404' title='bbox 637 3420 886 3470; x_wconf 88' lang='lat' dir='ltr'>quarundam</span> <span class='ocrx_word' id='word_1_405' title='bbox 909 3430 1042 3456; x_wconf 91' lang='lat' dir='ltr'>rerum</span> <span class='ocrx_word' id='word_1_406' title='bbox 1069 3417 1168 3454; x_wconf 91' lang='lat' dir='ltr'>fines</span> <span class='ocrx_word' id='word_1_407' title='bbox 1190 3425 1335 3466; x_wconf 88' lang='lat' dir='ltr'>pertra-</span> <span class='ocrx_word' id='word_1_408' title='bbox 1351 3432 1374 3452; x_wconf 80' lang='lat'>²5</span> <span class='ocrx_word' id='word_1_409' title='bbox 1391 3413 1487 3462; x_wconf 88' lang='lat' dir='ltr'>tatis,</span> <span class='ocrx_word' id='word_1_410' title='bbox 1508 3413 1647 3451; x_wconf 89' lang='lat' dir='ltr'>scilicet</span> <span class='ocrx_word' id='word_1_411' title='bbox 1666 3425 1767 3463; x_wconf 91' lang='lat' dir='ltr'>quae</span> <span class='ocrx_word' id='word_1_412' title='bbox 1786 3411 1948 3462; x_wconf 88' lang='lat' dir='ltr'>pertinet</span> <span class='ocrx_word' id='word_1_413' title='bbox 1966 3411 2015 3448; x_wconf 89' lang='lat' dir='ltr'>ad</span> <span class='ocrx_word' id='word_1_414' title='bbox 2033 3410 2205 3460; x_wconf 89' lang='lat' dir='ltr'>primurn</span> <span class='ocrx_word' id='word_1_415' title='bbox 2220 3408 2453 3460; x_wconf 89' lang='lat' dir='ltr'>principium</span> 
     </span>
    </p>
   </div>
   <div class='ocr_carea' id='block_1_14' title="bbox 0 0 464 2506">
    <p class='ocr_par' dir='ltr' id='par_1_14' title="bbox 0 0 464 2506">
     <span class='ocr_line' id='line_1_41' title="bbox 0 0 464 2506; baseline 0 0"><span class='ocrx_word' id='word_1_416' title='bbox 0 0 238 2506; x_wconf 95' lang='lat' dir='ltr'> </span> <span class='ocrx_word' id='word_1_417' title='bbox 259 2131 464 2337; x_wconf 95' lang='lat' dir='ltr'>   </span> 
     </span>
     <span class='ocr_line' id='line_1_42' title="bbox 463 2267 464 2337; baseline 0 1815"><span class='ocrx_word' id='word_1_418' title='bbox 463 2267 464 2337; x_wconf 95' lang='lat' dir='ltr'> </span> 
     </span>
    </p>
   </div>
   <div class='ocr_carea' id='block_1_15' title="bbox 258 3522 2453 3672">
    <p class='ocr_par' dir='ltr' id='par_1_15' title="bbox 259 3522 2452 3600">
     <span class='ocr_line' id='line_1_43' title="bbox 313 3522 2452 3566; baseline -0.006 -7"><span class='ocrx_word' id='word_1_419' title='bbox 313 3541 328 3566; x_wconf 92' lang='lat'>7</span> <span class='ocrx_word' id='word_1_420' title='bbox 347 3530 536 3566; x_wconf 77' lang='lat' dir='ltr'>ordinatorum]</span> <span class='ocrx_word' id='word_1_421' title='bbox 554 3531 760 3558; x_wconf 78' lang='lat' dir='ltr'>ordinandorum</span> <span class='ocrx_word' id='word_1_422' title='bbox 773 3531 857 3561; x_wconf 81' lang='lat' dir='ltr'>Gbcd,</span> <span class='ocrx_word' id='word_1_423' title='bbox 869 3530 1072 3556; x_wconf 77' lang='lat' dir='ltr'>ordinandorum</span> <span class='ocrx_word' id='word_1_424' title='bbox 1092 3534 1118 3555; x_wconf 85' lang='lat' dir='ltr'>et</span> <span class='ocrx_word' id='word_1_425' title='bbox 1135 3529 1365 3562; x_wconf 79' lang='lat' dir='ltr'>gubernandorum</span> <span class='ocrx_word' id='word_1_426' title='bbox 1379 3529 1408 3555; x_wconf 86' lang='grc' dir='ltr'>Ρ.</span> <span class='ocrx_word' id='word_1_427' title='bbox 1500 3534 1529 3553; x_wconf 80' lang='lat'>11</span> <span class='ocrx_word' id='word_1_428' title='bbox 1552 3532 1593 3552; x_wconf 85' lang='lat' dir='ltr'>est</span> <span class='ocrx_word' id='word_1_429' title='bbox 1611 3527 1710 3552; x_wconf 86' lang='lat' dir='ltr'>bonum</span> <span class='ocrx_word' id='word_1_430' title='bbox 1723 3528 1789 3558; x_wconf 81' lang='lat' dir='ltr'>post</span> <span class='ocrx_word' id='word_1_431' title='bbox 1806 3525 2012 3557; x_wconf 79' lang='lat' dir='ltr'>uniuscuiusque</span> <span class='ocrx_word' id='word_1_432' title='bbox 2030 3523 2123 3549; x_wconf 86' lang='lat' dir='ltr'>GYPc.</span> <span class='ocrx_word' id='word_1_433' title='bbox 2214 3522 2246 3548; x_wconf 85' lang='lat'>15</span> <span class='ocrx_word' id='word_1_434' title='bbox 2266 3530 2324 3549; x_wconf 79' lang='lat' dir='ltr'>eam</span> <span class='ocrx_word' id='word_1_435' title='bbox 2342 3522 2452 3556; x_wconf 79' lang='lat' dir='ltr'>ordinat]</span> 
     </span>
     <span class='ocr_line' id='line_1_44' title="bbox 259 3559 2187 3600; baseline -0.005 -6"><span class='ocrx_word' id='word_1_436' title='bbox 259 3569 291 3594; x_wconf 87' lang='lat' dir='ltr'>ad</span> <span class='ocrx_word' id='word_1_437' title='bbox 310 3576 368 3594; x_wconf 76' lang='lat' dir='ltr'>earn</span> <span class='ocrx_word' id='word_1_438' title='bbox 387 3568 491 3594; x_wconf 77' lang='lat' dir='ltr'>ordinat</span> <span class='ocrx_word' id='word_1_439' title='bbox 508 3576 534 3600; x_wconf 79' lang='grc' dir='ltr'>α,</span> <span class='ocrx_word' id='word_1_440' title='bbox 554 3568 587 3593; x_wconf 82' lang='lat' dir='ltr'>ad</span> <span class='ocrx_word' id='word_1_441' title='bbox 605 3575 666 3592; x_wconf 79' lang='lat' dir='ltr'>eam</span> <span class='ocrx_word' id='word_1_442' title='bbox 682 3567 818 3593; x_wconf 77' lang='lat' dir='ltr'>ordinatur</span> <span class='ocrx_word' id='word_1_443' title='bbox 836 3567 929 3592; x_wconf 87' lang='lat' dir='ltr'>CGXc.</span> <span class='ocrx_word' id='word_1_444' title='bbox 1023 3573 1056 3599; x_wconf 89' lang='lat'>19</span> <span class='ocrx_word' id='word_1_445' title='bbox 1075 3565 1101 3590; x_wconf 90' lang='lat' dir='ltr'>in</span> <span class='ocrx_word' id='word_1_446' title='bbox 1120 3564 1231 3598; x_wconf 87' lang='lat' dir='ltr'>militari]</span> <span class='ocrx_word' id='word_1_447' title='bbox 1252 3564 1278 3589; x_wconf 88' lang='lat' dir='ltr'>in</span> <span class='ocrx_word' id='word_1_448' title='bbox 1297 3565 1416 3590; x_wconf 78' lang='lat' dir='ltr'>militaria</span> <span class='ocrx_word' id='word_1_449' title='bbox 1433 3572 1459 3594; x_wconf 86' lang='grc' dir='ltr'>α,</span> <span class='ocrx_word' id='word_1_450' title='bbox 1477 3563 1595 3588; x_wconf 81' lang='lat' dir='ltr'>militaris</span> <span class='ocrx_word' id='word_1_451' title='bbox 1614 3562 1646 3588; x_wconf 92' lang='lat' dir='ltr'>D.</span> <span class='ocrx_word' id='word_1_452' title='bbox 1737 3568 1766 3586; x_wconf 90' lang='lat'>21</span> <span class='ocrx_word' id='word_1_453' title='bbox 1789 3559 1904 3594; x_wconf 87' lang='lat' dir='ltr'>quidem]</span> <span class='ocrx_word' id='word_1_454' title='bbox 1924 3560 2030 3592; x_wconf 83' lang='lat' dir='ltr'>quidam</span> <span class='ocrx_word' id='word_1_455' title='bbox 2050 3559 2097 3585; x_wconf 86' lang='grc' dir='ltr'><strong>οιΖ.</strong></span> <span class='ocrx_word' id='word_1_456' title='bbox 2184 3583 2187 3586; x_wconf 34' lang='lat'><strong>⁴</strong></span> 
     </span>
    </p>

    <p class='ocr_par' dir='ltr' id='par_1_16' title="bbox 258 3592 2453 3672">
     <span class='ocr_line' id='line_1_45' title="bbox 313 3592 2453 3635; baseline -0.005 -6"><span class='ocrx_word' id='word_1_457' title='bbox 313 3603 328 3629; x_wconf 86' lang='lat'>3</span> <span class='ocrx_word' id='word_1_458' title='bbox 348 3604 431 3630; x_wconf 85' lang='lat' dir='ltr'>ICor.</span> <span class='ocrx_word' id='word_1_459' title='bbox 451 3604 496 3628; x_wconf 75' lang='lat' dir='ltr'>Ita</span> <span class='ocrx_word' id='word_1_460' title='bbox 513 3603 616 3635; x_wconf 80' lang='lat' dir='ltr'>Nst3</span> <span class='ocrx_word' id='word_1_461' title='bbox 635 3603 645 3628; x_wconf 91' lang='lat' dir='ltr'>I</span> <span class='ocrx_word' id='word_1_462' title='bbox 664 3603 696 3628; x_wconf 79' lang='lat' dir='ltr'>ad</span> <span class='ocrx_word' id='word_1_463' title='bbox 714 3603 775 3627; x_wconf 86' lang='lat' dir='ltr'>Cor.</span> <span class='ocrx_word' id='word_1_464' title='bbox 794 3602 900 3633; x_wconf 79' lang='lat' dir='ltr'>ZsGPc,</span> <span class='ocrx_word' id='word_1_465' title='bbox 921 3601 983 3628; x_wconf 83' lang='lat' dir='ltr'>Cor.</span> <span class='ocrx_word' id='word_1_466' title='bbox 1002 3601 1093 3627; x_wconf 73' lang='lat' dir='ltr'>ceteri.</span> <span class='ocrx_word' id='word_1_467' title='bbox 1201 3607 1217 3632; x_wconf 93' lang='lat'><strong>7</strong></span> <span class='ocrx_word' id='word_1_468' title='bbox 1237 3600 1282 3633; x_wconf 85' lang='lat' dir='ltr'>qui</span> <span class='ocrx_word' id='word_1_469' title='bbox 1300 3600 1364 3625; x_wconf 86' lang='lat' dir='ltr'>item</span> <span class='ocrx_word' id='word_1_470' title='bbox 1382 3605 1423 3625; x_wconf 75' lang='lat' dir='ltr'>est</span> <span class='ocrx_word' id='word_1_471' title='bbox 1436 3600 1478 3624; x_wconf 76' lang='lat' dir='ltr'>Ita</span> <span class='ocrx_word' id='word_1_472' title='bbox 1495 3599 1542 3629; x_wconf 89' lang='lat' dir='ltr'>W;</span> <span class='ocrx_word' id='word_1_473' title='bbox 1558 3598 1589 3625; x_wconf 88' lang='lat' dir='ltr'>cf.</span> <span class='ocrx_word' id='word_1_474' title='bbox 1608 3597 1641 3631; x_wconf 87' lang='lat'>95</span> <span class='ocrx_word' id='word_1_475' title='bbox 1662 3605 1676 3622; x_wconf 86' lang='lat' dir='ltr'>a</span> <span class='ocrx_word' id='word_1_476' title='bbox 1687 3603 1733 3627; x_wconf 78' lang='lat'>21;</span> <span class='ocrx_word' id='word_1_477' title='bbox 1753 3597 1823 3629; x_wconf 88' lang='lat' dir='ltr'>quod</span> <span class='ocrx_word' id='word_1_478' title='bbox 1842 3595 1911 3620; x_wconf 90' lang='lat' dir='ltr'>idem</span> <span class='ocrx_word' id='word_1_479' title='bbox 1931 3600 1971 3620; x_wconf 84' lang='lat' dir='ltr'>est</span> <span class='ocrx_word' id='word_1_480' title='bbox 1989 3594 2064 3630; x_wconf 61' lang='lat' dir='ltr'>“DQ</span> <span class='ocrx_word' id='word_1_481' title='bbox 2081 3594 2152 3627; x_wconf 92' lang='lat' dir='ltr'>quod</span> <span class='ocrx_word' id='word_1_482' title='bbox 2170 3594 2240 3635; x_wconf 69' lang='lat' dir='ltr'>idem</span> <span class='ocrx_word' id='word_1_483' title='bbox 2259 3599 2300 3634; x_wconf 69' lang='lat' dir='ltr'>est</span> <span class='ocrx_word' id='word_1_484' title='bbox 2317 3594 2388 3626; x_wconf 89' lang='lat' dir='ltr'>quod</span> <span class='ocrx_word' id='word_1_485' title='bbox 2407 3592 2453 3624; x_wconf 77' lang='lat' dir='ltr'>Cb,</span> 
     </span>
     <span class='ocr_line' id='line_1_46' title="bbox 258 3628 2453 3672; baseline -0.005 -7"><span class='ocrx_word' id='word_1_486' title='bbox 258 3640 330 3672; x_wconf 84' lang='lat' dir='ltr'>quod</span> <span class='ocrx_word' id='word_1_487' title='bbox 349 3643 391 3665; x_wconf 86' lang='lat' dir='ltr'>est</span> <span class='ocrx_word' id='word_1_488' title='bbox 405 3646 428 3671; x_wconf 83' lang='lat' dir='ltr'>c,</span> <span class='ocrx_word' id='word_1_489' title='bbox 445 3639 490 3672; x_wconf 87' lang='lat' dir='ltr'>qui</span> <span class='ocrx_word' id='word_1_490' title='bbox 509 3639 579 3664; x_wconf 84' lang='lat' dir='ltr'>idem</span> <span class='ocrx_word' id='word_1_491' title='bbox 595 3644 636 3663; x_wconf 85' lang='lat' dir='ltr'>est</span> <span class='ocrx_word' id='word_1_492' title='bbox 654 3638 734 3669; x_wconf 85' lang='lat' dir='ltr'>EXY,</span> <span class='ocrx_word' id='word_1_493' title='bbox 752 3639 798 3671; x_wconf 86' lang='lat' dir='ltr'>qui</span> <span class='ocrx_word' id='word_1_494' title='bbox 817 3639 894 3663; x_wconf 77' lang='lat' dir='ltr'>etiam</span> <span class='ocrx_word' id='word_1_495' title='bbox 914 3643 954 3662; x_wconf 80' lang='lat' dir='ltr'>est</span> <span class='ocrx_word' id='word_1_496' title='bbox 973 3637 1065 3668; x_wconf 81' lang='lat' dir='ltr'>NZPd,</span> <span class='ocrx_word' id='word_1_497' title='bbox 1085 3636 1129 3669; x_wconf 89' lang='lat' dir='ltr'>qui</span> <span class='ocrx_word' id='word_1_498' title='bbox 1148 3636 1254 3669; x_wconf 83' lang='lat' dir='ltr'>quidem</span> <span class='ocrx_word' id='word_1_499' title='bbox 1274 3641 1315 3661; x_wconf 82' lang='lat' dir='ltr'>est</span> <span class='ocrx_word' id='word_1_500' title='bbox 1333 3635 1379 3661; x_wconf 90' lang='lat' dir='ltr'>sG.</span> <span class='ocrx_word' id='word_1_501' title='bbox 1469 3631 1651 3666; x_wconf 81' lang='lat' dir='ltr'>universitatis]</span> <span class='ocrx_word' id='word_1_502' title='bbox 1671 3630 1869 3657; x_wconf 79' lang='lat' dir='ltr'>universalitatis</span> <span class='ocrx_word' id='word_1_503' title='bbox 1887 3630 2024 3655; x_wconf 75' lang='lat' dir='ltr'>EGXch.</span> <span class='ocrx_word' id='word_1_504' title='bbox 2116 3629 2150 3654; x_wconf 78' lang='lat'>18</span> <span class='ocrx_word' id='word_1_505' title='bbox 2169 3629 2296 3662; x_wconf 71' lang='lat' dir='ltr'>Sapientia</span> <span class='ocrx_word' id='word_1_506' title='bbox 2314 3636 2357 3654; x_wconf 86' lang='lat' dir='ltr'>om</span> <span class='ocrx_word' id='word_1_507' title='bbox 2376 3628 2453 3655; x_wconf 81' lang='lat' dir='ltr'><strong>BFH.</strong></span> 
     </span>
    </p>
   </div>
  </div>
 </body>
</html>
