2768 4134
24 804 33 815 ·
47 803 85 825 ΑΙ.
100 809 123 831 q.
137 808 163 829 ιι,
179 808 200 824 a.
216 808 236 828 2,

24 830 53 858 (ι’
63 836 84 859 3·

25 2817 35 2827 ·
50 2815 110 2844 Cap.
123 2821 187 2838 zui.

23 2982 35 2992 '
51 2982 109 3010 Cup.
119 2988 187 3004 xvrn.

777 276 967 313 SUMMA
996 277 1218 316 CONTRA
1247 279 1523 328 GENTILES,
1554 280 1665 317 CAP.
1686 281 1800 327 LVII,
1819 281 1948 318 LVIII.

324 355 459 386 Octavo.
477 355 525 386 Ex
541 354 787 396 imperfectione
804 355 1026 386 intellectualis
1042 362 1173 388 naturae
1189 358 1339 398 provenit

263 400 485 430 ratiocinativa
515 400 670 440 cognitio.
703 399 790 439 Ergo
819 405 878 430 etc.
903 419 925 422 -
949 400 1106 432 Probatur
1135 402 1338 433 antecedens.

264 444 351 483 Quia
374 444 465 485 quod
488 454 545 485 per
568 444 656 475 aliud
680 445 896 484 cognoscitur,
922 445 1004 476 sicut
1028 446 1143 476 accidit
1165 447 1198 477 in
1227 448 1339 487 cogni-

263 490 353 520 tione
375 489 606 526 ratiocinativa,
631 494 679 519 est
701 489 809 519 minus
832 495 948 520 notum
973 500 1012 520 eo
1036 491 1127 531 quod
1156 497 1203 522 est
1225 501 1283 532 per
1305 501 1338 522 se

263 539 396 571 notum;
421 539 453 565 et
476 534 516 565 ad
539 533 715 564 illud'non
738 533 856 564 suffieit
883 541 995 565 natura
1021 537 1248 576 cognoscentis
1271 537 1339 567 sine

265 589 305 610 eo
329 588 394 619 perf
411 578 502 620 quod
525 577 562 608 fit
584 584 713 609 notum.

320 623 461 654 Adverte
485 622 587 664 quod,
612 623 687 653 licet
708 623 890 654 intellectus
914 630 1023 655 noster
1045 630 1140 655 natus
1160 625 1199 655 sit
1222 625 1340 656 multas

265 668 494 699 conclusiones
509 677 567 708 per
583 667 809 698 certitudinem
822 674 853 698 et
866 668 1030 700 evidenter
1046 679 1254 710 cognoscere,
1271 679 1338 700 non

265 719 374 743 tamen
397 717 506 753 potest
530 722 641 742 earum
660 715 780 743 certam
800 719 831 743 et
850 712 1032 744 evidentem
1050 715 1199 745 notitiam
1222 715 1340 745 habere

264 757 326 788 frisi
341 766 399 798 per
414 757 650 788 resolutionem
664 757 704 788 ad
720 758 823 798 prima
840 759 1008 799 principia,
1026 764 1063 789 ut
1081 760 1187 799 inquit
1203 759 1340 790 Sanctus

265 802 411 833 Thomas
426 802 468 832 111
481 801 580 837 Sent„
595 802 624 833 d.
642 812 728 839 xxm,
746 813 773 833 a.
794 812 822 839 2,
837 812 868 844 q.
888 803 905 833 3
919 804 946 834 *.
963 803 1139 844 Propterea
1154 805 1207 834 hic
1224 803 1340 834 dicitur

266 846 358 888 quod
372 856 441 877 non
453 846 572 877 sufficit
586 847 769 878 intellectus
781 848 850 878 illas
866 857 1064 888 cognoscere
1080 849 1202 889 absque
1218 848 1339 879 medio.

265 891 330 931 Sed
341 891 367 922 si
379 891 603 922 intellectualis
616 898 725 923 nostra
737 898 850 923 natura
860 893 997 923 omnino
1010 892 1152 933 perfecta
1164 899 1256 929 esset,
1265 903 1341 934 pos-

265 942 313 968 set
335 937 369 967 in
392 937 558 977 principiis
574 937 804 968 conclusiones
828 946 1026 977 cognoscere
1045 947 1113 968 uno
1131 938 1262 974 intuitu,
1280 948 1340 969 nec

266 991 350 1023 opus
366 987 450 1012 esset
465 982 610 1012 transitio
623 983 662 1012 ab
675 992 744 1012 uno
760 982 794 1012 in
810 981 908 1012 aliud.
926 981 1003 1012 Ideo
1019 982 1208 1012 huiusmodi
1221 982 1341 1013 discur—

265 1027 332 1058 siva
348 1027 492 1067 cognitio
518 1027 622 1067 arguit
645 1025 927 1067 imperfectionem
950 1032 1083 1057 naturae
1107 1027 1340 1058 intellectualis.

274 1081 277 1083 ·
319 1072 451 1102 Ultimo.
461 1071 578 1102 Divina
589 1072 726 1102 essentia
738 1077 786 1102 est
798 1071 948 1102 omniurn
960 1071 1148 1102 similitudo.
1159 1072 1245 1112 Ergo
1257 1078 1343 1103 etc.-

264 1116 422 1148 Probatur
439 1117 683 1157 consequentia.
696 1115 783 1154 Quia
797 1116 920 1156 absque
936 1115 1082 1147 discursu
1099 1123 1343 1156 cognoscuntur

265 1171 303 1192 ea
327 1171 470 1202 quorum
493 1161 618 1202 species
641 1165 716 1191 sunt
739 1161 772 1190 in
797 1161 1028 1201 cegnoscente.

320 1205 461 1237 Adverte
473 1205 563 1247 quod
579 1205 686 1246 aliqua
697 1210 835 1245 possunt
847 1205 963 1236 habere
976 1206 1117 1246 speciem
1131 1206 1164 1236 in
1176 1206 1341 1236 intellectu

264 1250 445 1292 dupliciter,
455 1250 577 1281 scilicet
588 1249 738 1286 mediate,
750 1256 781 1280 et
790 1250 991 1281 immediate:
1004 1250 1201 1287 immediate,
1210 1250 1342 1291 quando

263 1295 449 1326 immediate
473 1300 753 1338 repraesentantur
768 1304 826 1335 per
842 1295 945 1331 illam;
970 1294 1119 1331 mediate,
1137 1295 1269 1335 quando
1293 1305 1342 1337 se-

264 1339 714 1380 cundario'repraesentantur
726 1344 758 1370 et
771 1345 906 1370 remote.
924 1339 1128 1378 Quidditates
1141 1350 1218 1380 ergo
1235 1349 1342 1371 rerum

263 1384 452 1416 immediate
468 1390 500 1415 et
515 1385 664 1426 proxime
680 1385 800 1415 habent
816 1385 960 1425 speciem
978 1385 1012 1415 in
1033 1385 1199 1416 intellectu
1214 1390 1341 1416 nostro:

264 1429 511 1470 complexiones
538 1439 615 1460 vero
639 1435 765 1461 remote
789 1436 820 1460 et
850 1429 1000 1460 mediate.
1033 1429 1096 1460 Sed
1119 1430 1153 1460 in
1176 1430 1343 1460 intellectu

264 1474 375 1506 divino
399 1479 476 1505 sunt
494 1475 618 1515 species
641 1480 707 1505 tam
727 1475 975 1515 complexorum
995 1484 1094 1515 quam
1118 1475 1342 1515 incomplexo-

263 1529 337 1550 rum
360 1519 562 1550 immediate:
588 1529 664 1550 cum
688 1519 796 1550 divina
820 1520 956 1550 essentia
980 1520 1130 1550 omnium
1150 1520 1190 1550 sit
1212 1520 1343 1560 propria

263 1563 454 1596 similitudo.
479 1564 581 1604 Quod
609 1574 687 1605 ergo
710 1565 817 1605 inquit
840 1564 977 1595 Sanctus
1001 1564 1158 1600 Thomas,
1187 1564 1344 1606 cognosci

263 1609 384 1651 absque
407 1609 557 1641 discursu
582 1619 621 1640 ea
645 1619 785 1650 quorum
808 1614 886 1640 sunt
912 1609 1034 1650 species
1059 1609 1091 1639 in
1116 1614 1342 1650 cognoscente,

262 1654 515 1695 intelligendum
539 1654 580 1685 de
603 1655 642 1685 iis
666 1664 750 1695 quae
778 1660 854 1685 sunt
885 1655 992 1695 primo
1017 1660 1049 1685 et
1076 1653 1263 1685 immediate
1286 1663 1344 1694 per

263 1700 389 1741 species
412 1705 664 1741 repraesentata:
693 1709 761 1740 quo
789 1698 891 1730 modo
922 1700 1033 1730 omnia
1062 1700 1096 1729 in
1124 1699 1196 1729 Deo
1223 1699 1345 1729 habent

263 1745 408 1786 speciem
422 1749 464 1776 et
486 1743 734 1775 similitudinem
757 1744 868 1784 aliquo
892 1743 1005 1775 modo.

318 1789 359 1821 V.
371 1789 422 1821 Ex
432 1790 500 1820 is'tis
511 1789 683 1820 solvuntur
694 1790 836 1820 rationes
847 1799 930 1830 quae
941 1794 1054 1820 contra
1065 1789 1149 1819 hanc
1159 1789 1344 1820 conclusio-

263 1836 340 1866 nem
356 1833 476 1866 adduci
490 1840 635 1875 possent.
656 1834 763 1865 Prima
783 1840 831 1865 est
854 1835 930 1875 quia
946 1834 1036 1865 Deus
1052 1834 1164 1865 omnia
1178 1843 1237 1874 per
1252 1843 1344 1864 suam

264 1879 437 1911 essentiam
459 1880 562 1912 novit.
578 1898 601 1902 —
617 1879 744 1910 Dicitur
767 1880 855 1910 enim
874 1878 966 1920 quod
981 1879 1046 1910 hoc
1069 1888 1138 1910 non
1161 1878 1282 1909 sufficit
1305 1878 1345 1909 ad

264 1923 460 1956 discursum:
484 1934 560 1956 cum
577 1925 714 1955 essentia
733 1923 842 1955 divina
860 1934 894 1954 se
910 1924 1026 1954 habeat
1042 1923 1082 1954 ad
1097 1923 1157 1954 alia
1173 1933 1241 1954 non
1262 1924 1345 1954 sicut

262 1969 462 2010 principium
473 1968 513 2000 ad
525 1968 765 2005 conclusiones,
776 1968 833 1999 sed
844 1969 928 1999 sicut
939 1969 1063 2009 species
1076 1967 1115 1998 ad
1127 1977 1177 1998 res
1188 1968 1344 2008 cognitas.

2393 282 2461 318 165

1364 358 1367 398 Ι
1428 394 1430 396 v
1449 358 1512 390 Sed
1536 358 1662 390 videtur
1685 359 1820 390 Sanctus
1845 359 1989 390 Thomas
2018 360 2124 396 Verit.‚
2147 370 2177 401 q.
2196 371 2228 397 11,
2244 362 2304 400 4³2
2331 362 2464 402 opposi-

1393 409 1463 434 tum
1480 403 1586 434 dicere
1608 404 1713 434 huius.
1738 404 1824 434 Dicit
1843 405 1931 435 enim
1946 403 2067 435 ibidem
2083 405 2173 445 quod
2189 415 2238 436 res
2255 415 2324 437 esse
2340 407 2374 437 in
2391 406 2463 437 Deo

1393 448 1584 478 assimilatur
1607 448 1653 478 illi
1675 447 1777 478 modo
1802 458 1869 489 quo
1899 448 2031 479 effectus
2054 455 2129 480 sunt
2152 451 2186 480 in
2210 459 2306 480 causa
2329 456 2361 481 et
2384 460 2462 481 con-

1394 493 1556 523 clusiones
1576 493 1613 522 in
1635 492 1811 533 principiis.

1448 536 1675 577 Respondetur
1698 537 1798 577 quod,
1823 546 1900 567 cum
1922 538 1956 567 in
1980 538 2071 568 omni
2095 538 2302 570 similitudine
2326 539 2463 570 coniun-

1391 587 1484 622 gatur
1500 582 1597 612 etiam
1613 581 1720 622 aliqua
1732 581 1970 618 dissimilitudo,
1987 582 2102 612 similia
2118 593 2186 614 uno
2206 583 2307 615 modo
2326 589 2463 624 possunt

1393 626 1456 657 alio
1481 626 1582 657 modo
1599 625 1764 657 dissimilia
1780 626 1853 657 dici.
1877 626 2038 667 Principia
2060 636 2137 668 ergo
2160 628 2342 659 intellectus
2362 629 2462 659 nostri

1393 676 1622 711 comparantur
1645 670 1686 702 ad
1709 671 1937 701 conclusiones
1967 671 2051 701 sicut
2074 681 2170 702 causa
2193 672 2232 702 ad
2256 672 2406 704 effectum
2429 673 2462 702 in

1392 716 1462 756 ipsa
1485 716 1662 746 virtualiter
1693 721 1901 746 contentum:
1933 725 2001 746 non
2032 722 2142 746 autem
2174 717 2257 747 sicut
2286 717 2462 748 similitudo

1392 761 1560 791 actualiter
1573 766 1605 791 et
1620 760 1767 791 distincte
1783 761 2050 800 repraesentativa
2071 760 2320 792 conclusionum
2337 768 2368 792 et
2388 771 2462 802 pro-

1393 805 1463 845 pria
1474 813 1590 836 eorum
1602 802 1694 836 ratio.
1704 804 1792 841 Ideo,
1801 814 1877 836 cum
1890 805 2027 835 essentia
2039 804 2146 836 divina
2157 806 2197 836 sit
2210 815 2305 836 causa
2315 807 2462 836 omnium

1393 855 1621 886 creaturarum,
1639 855 1686 880 est
1709 849 1816 890 aliqua
1834 849 2013 881 similitudo
2029 850 2112 880 inter
2136 851 2307 881 essentiam
2323 850 2463 882 divinam

1393 891 1542 935 respectu
1554 900 1772 925 creaturarum
1785 900 1816 925 et
1828 894 2025 935 principium
2037 900 2186 935 respectu
2199 895 2462 926 conclusionum:

1394 939 1450 970 sed
1477 940 1672 980 inquantum
1703 940 1839 970 essentia
1869 938 1978 969 divina
2005 945 2079 969 actu
2107 945 2322 980 repraesentat
2350 949 2463 970 omnes

1394 989 1553 1015 creaturas
1577 990 1609 1015 et
1632 983 1790 1020 distincte,
1815 993 1883 1014 non
1907 989 2015 1014 autem
2045 984 2203 1025 principia
2230 994 2303 1015 suas
2331 984 2463 1015 conclu—

1393 1029 1502 1059 siones
1525 1029 1558 1059 in
1582 1029 1654 1069 ipso
1670 1028 1845 1059 virtualiter
1861 1034 2040 1064 contentaS‚
2058 1029 2092 1059 in
2116 1029 2180 1059 hoc
2202 1029 2285 1060 inter
2307 1029 2411 1069 ipsam
2433 1034 2464 1059 et

1393 1074 1550 1114 principia
1570 1079 1617 1104 est
1633 1072 1871 1104 dissimilitudo.
1895 1073 2033 1104 Ratione
2050 1083 2127 1113 ergo
2147 1074 2253 1110 unius,
2273 1073 2397 1104 dictum
2417 1079 2464 1104 est

1393 1118 1428 1148 in
1453 1117 1707 1156 Quaestionibus
1730 1118 1770 1148 de
1798 1117 1939 1148 Veritate
1966 1117 2057 1158 quod
2086 1124 2161 1148 sunt
2187 1117 2315 1150 similia:
2340 1118 2463 1149 ratione

1394 1172 1471 1194 vero
1495 1163 1634 1199 alterius,
1657 1163 1711 1193 hic
1741 1168 1875 1203 negatur
1903 1161 2095 1199 similitudo;
2121 1168 2152 1193 et
2179 1163 2365 1203 praesertim
2388 1163 2463 1203 quia

1395 1207 1447 1238 hic
1464 1208 1567 1247 agitur
1583 1207 1623 1238 de
1647 1208 1834 1247 cognitione
1857 1217 1922 1248 qua
1938 1207 2115 1247 unumper
2135 1206 2222 1238 aliud
2244 1208 2462 1247 cognoscitur,

1393 1252 1428 1282 in
1444 1261 1511 1292 quo
1529 1251 1633 1282 differt
1649 1252 1784 1282 essentia
1801 1252 1908 1282 divina
1923 1262 1941 1282 a
1957 1252 2122 1292 principiis
2138 1251 2461 1283 demonstrationum.

1395 1297 1450 1327 llla
1475 1297 1561 1327 enim
1586 1297 1631 1327 sic
1655 1296 1779 1327 ducunt
1802 1297 1835 1327 in
1860 1297 2082 1336 cognitionem
2109 1296 2238 1327 alterius
2261 1296 2351 1337 quod
2374 1297 2463 1337 prius

1395 1346 1648 1382 cognoscuntur,
1673 1347 1705 1371 et
1728 1346 1841 1382 postea
1865 1351 1902 1371 ex
1933 1351 2048 1376 eorum
2078 1341 2264 1381 cognitione
2295 1340 2463 1372 devenitur

1394 1387 1428 1416 in
1452 1387 1675 1426 cognitionem
1694 1386 1955 1417 conclusionum.
1979 1386 2055 1416 Non
2078 1391 2187 1416 autem
2210 1386 2255 1416 sic
2279 1391 2326 1416 est
2350 1385 2390 1416 de
2414 1396 2462 1416 es-

1395 1431 1498 1461 sentia
1516 1430 1637 1461 divina:
1663 1429 1720 1461 sed
1742 1431 1811 1471 ipsa
1827 1430 1916 1461 ducit
1931 1431 1963 1460 in
1980 1431 2201 1471 cognitionem
2224 1430 2361 1461 aliorum
2380 1431 2463 1461 sicut

1394 1476 1518 1516 species
1542 1475 1748 1516 intelligibilis
1773 1480 1803 1505 et
1833 1475 1915 1506 sicut
1943 1476 2066 1515 species
2096 1480 2264 1515 concepta,
2289 1484 2372 1515 quae
2394 1485 2462 1506 non

1395 1521 1484 1561 prius
1508 1519 1677 1550 duratione
1701 1520 1909 1560 cognoscitur
1928 1529 2027 1559 quam
2043 1518 2076 1550 id
2095 1519 2186 1560 quod
2209 1529 2266 1560 per
2288 1520 2391 1560 ipsam
2415 1530 2463 1550 re-

1378 1581 1382 1583 >
1395 1570 1627 1605 praesentatur.

1454 1619 1483 1640 2.
1508 1609 1657 1640 Secunda
1680 1609 1821 1640 obiectio
1850 1615 1896 1639 est
1920 1610 2005 1649 quia,
2035 1619 2111 1639 cum
2137 1619 2198 1639 nos
2225 1609 2462 1650 syllogizemus,

1394 1655 1628 1685 inconveniens
1652 1663 1721 1684 esse
1736 1653 1864 1684 videtur
1879 1654 1905 1684 si
1921 1653 2010 1684 Deus
2026 1653 2214 1694 syllogizare
2230 1663 2298 1684 non
2314 1655 2425 1694 possit.
2443 1673 2464 1676 -

1396 1698 1460 1730 Sed
1483 1698 1599 1729 dicitur
1623 1698 1723 1739 quod,
1746 1698 1820 1729 licet
1843 1708 1911 1729 non
1934 1698 2112 1739 syllogizet,
2129 1699 2205 1738 quia
2228 1698 2292 1729 hoc
2315 1698 2466 1739 imperfe-

1395 1744 1539 1774 ctionem
1562 1743 1664 1774 nostri
1695 1743 1877 1774 intellectus
1900 1743 2058 1783 sequitur;
2083 1743 2180 1773 habet
2205 1749 2314 1773 tamen
2337 1742 2465 1784 syllogi-

1396 1788 1492 1819 zandi
1514 1789 1692 1824 scientiam,
1717 1795 1872 1828 tanquam
1895 1787 2040 1818 iudicans
2063 1787 2103 1818 de
2126 1788 2332 1827 argumentis.

1453 1833 1686 1864 Coxrmmrun
1712 1838 1880 1873 postremo
1908 1833 2077 1863 conclusio
2101 1831 2184 1863 Heb.
2201 1842 2243 1868 ιν,
2267 1832 2324 1863 ubi
2351 1831 2467 1862 dicitur

1398 1877 1488 1919 quod
1513 1878 1624 1909 omnia
1640 1877 1729 1908 nuda
1744 1882 1821 1908 sunt
1843 1882 1874 1908 et
1889 1882 2003 1918 aperta
2027 1877 2131 1908 oculis
2149 1877 2227 1907 eius.
2246 1876 2339 1915 Quae
2359 1882 2466 1907 autem

1396 1923 1675 1963 argumentatione
1698 1927 1888 1958 noscuntur,
1918 1931 1986 1952 non
2010 1927 2086 1952 sunt
2108 1920 2289 1952 secundum
2313 1931 2346 1951 se
2373 1921 2466 1952 nobis

1396 1967 1483 1998 nuda
1507 1973 1539 1998 et
1562 1972 1680 2008 aperta,
1705 1966 1762 1997 sed
1785 1967 1909 1997 ratione
1932 1966 2095 1997 nudantur
2119 1971 2150 1996 et
2173 1966 2368 2006 aperiuntur.

1100 2072 1636 2116 *ψῃ-..ί

515 2224 1002 2281 CAPITULUM
1040 2223 1235 2301 QUIN
1238 2222 1790 2300 QUAGESIMUM
1828 2220 2227 2276 OCTAVUM

1142 2333 1171 2364 A
1210 2341 1276 2372 17r
1315 2340 1359 2362 a1
1399 2332 1468 2362 sine
1492 2331 1598 2362 titulo.

396 2417 572 2470 QUOD
618 2416 783 2458 DEUS
828 2416 957 2456 NON
1002 2414 1351 2456 INTELLIGIT
1396 2412 1824 2454 COMPONENDO
1869 2412 1948 2452 ET
1992 2409 2336 2451 DIVIDENDO

438 2549 464 2582 ,ι’
481 2552 528 2577 ER
562 2539 703 2577 eadem
739 2538 855 2576 etiam
892 2537 1043 2576 ostendi
1079 2545 1204 2587 potest
1237 2537 1345 2586 quod

436 2592 458 2637 ‘f‘
494 2593 706 2630 intellectus
748 2592 905 2629 divinus
947 2604 1029 2629 non
1066 2590 1235 2640 intelligit
1276 2603 1346 2640 per

454 2648 465 2693 ξ
494 2646 663 2683 modum
687 2645 901 2683 intellectus
924 2644 1197 2694 componentis
1226 2652 1262 2681 et
1289 2643 1345 2681 di-

370 2738 372 2740 .
494 2699 673 2736 videntis.
739 2696 741 2698 ’
1266 2693 1270 2699 ’

323 2752 532 2803 Cognoscit
553 2752 659 2790 enim
683 2752 818 2789 omnia
841 2751 1115 2800 cognoscendo
1139 2749 1345 2787 essentiam

269 2820 383 2846 suam
401 2807 433 2844 ²¹⁸.
468 2805 687 2844 Essentiam
722 2813 856 2843 autem
889 2818 1003 2843 suam
1035 2816 1117 2841 non
1149 2803 1346 2852 cognoscit

269 2860 548 2911 componendo
578 2868 615 2897 et
642 2859 875 2896 dividendo:
913 2858 1110 2907 cognoscit
1145 2857 1251 2894 enim
1288 2869 1345 2893 se-

269 2915 401 2965 ipsum
421 2915 519 2952 sicut
544 2921 621 2958 ·est;
651 2912 690 2949 in
711 2912 796 2962 ipso
816 2919 948 2949 autem
977 2913 1082 2949 nulla
1101 2919 1158 2947 est
1183 2922 1344 2959 compo-

270 2968 357 3006 sitio
374 2968 405 3005 *.
435 2969 531 3005 Non
565 2966 677 3015 igitur
711 2965 881 3014 intelligit
908 2977 979 3014 per
1005 2965 1173 3002 modum
1201 2963 1345 3000 intelle-

270 3030 354 3060 ctus
383 3019 655 3070 componentis
684 3027 721 3056 et
748 3018 966 3056 dividentis

324 3076 478 3112 Adhuc.
504 3075 563 3111 Ea
582 3085 683 3123 quae
703 3072 897 3109 intellectu
916 3078 1211 3120 componuntur
1233 3077 1270 3106 et
1289 3070 1345 3107 di-

270 3129 460 3167 viduntur
487 3135 578 3165 nata
606 3134 696 3164 sunt
724 3138 902 3163 seorsum
931 3125 980 3162 ab
1009 3137 1057 3161 eo
1086 3123 1343 3161 considerari:

271 3181 557 3232 compositione
586 3181 692 3218 enim
726 3187 763 3217 et
790 3178 980 3216 divisione
1009 3190 1110 3227 opus
1139 3189 1219 3214 non
1248 3185 1347 3214 esset

272 3237 304 3274 si
332 3236 372 3274 in
401 3237 478 3273 hoc
506 3235 590 3285 ipso
620 3234 728 3284 quod
757 3234 806 3271 de
834 3232 965 3281 aliquo
990 3231 1347 3281 apprehenderetur

272 3291 362 3341 quid
379 3296 441 3337 est,
459 3289 668 3327 haberetur
686 3287 781 3337 quid
801 3286 836 3324 ei
855 3286 995 3323 inesset
1012 3285 1074 3321 vel
1093 3296 1174 3321 non
1194 3284 1345 3321 inesset.

274 3344 315 3382 Si
343 3343 457 3392 igitur
479 3344 587 3380 Deus
613 3341 834 3390 intelligeret
851 3352 922 3390 per
940 3339 1107 3376 modum
1135 3337 1346 3374 intellectus

272 3396 546 3447 componentis
571 3403 609 3433 et
632 3394 849 3439 dividentis,
875 3400 1101 3442 sequeretur
1128 3391 1237 3440 quod
1265 3402 1346 3427 non

272 3464 355 3488 uno
394 3450 534 3488 intuitu
573 3449 706 3487 omnia
748 3447 1019 3492 consideraret,
1058 3445 1127 3482 sed
1168 3456 1347 3481 seorsum

327 3572 356 3591 ιι
379 3569 575 3598 componuntur
593 3568 619 3588 et
637 3561 793 3595 dividuntur]
814 3561 962 3586 dividuntur
980 3564 1006 3584 et
1024 3563 1215 3591 componuntur
1234 3556 1318 3582 αΕΡε.

272 3609 302 3627 re
320 3601 525 3635 apprehenditur
542 3600 572 3625 P.
1129 3629 1135 3634 .

328 3644 340 3662 ι
362 3642 404 3662 est
421 3637 464 3662 hic
482 3637 504 3661 Α
523 3636 609 3666 so!us;
624 3637 690 3667 post
708 3639 854 3659 ostensum.
938 3639 969 3656 12
990 3637 1094 3663 semper
1107 3629 1149 3654 Ιιιε
1161 3629 1194 3659 Ζ;
1211 3631 1276 3660 post
1287 3633 1336 3653 est.

271 3672 512 3705 propositiones...
530 3672 656 3696 formatae
675 3670 721 3703 ΡΖ,
741 3669 972 3703 propositionis...
991 3666 1100 3691 formata
1118 3664 1209 3690 ceteri.

1399 2535 1727 2585 unumquodque.
1773 2533 1895 2571 Cuius
1936 2532 2174 2570 contrarium
2216 2543 2333 2581 supra
2351 2531 2371 2553 '¹‘
2412 2538 2468 2567 est

1400 2597 1612 2626 ostensum.

1453 2641 1643 2691 Amplius.
1674 2642 1716 2677 In
1736 2640 1821 2677 Deo
1840 2651 1921 2676 non
1945 2646 2071 2688 potest
2094 2650 2177 2675 esse
2205 2638 2312 2687 prius
2336 2645 2372 2674 et
2396 2649 2466 2686 po-

1399 2694 1547 2732 sterius.
1570 2693 1812 2743 Compositio
1832 2700 1963 2730 autem
1982 2700 2019 2729 et
2042 2691 2180 2729 divisio
2204 2690 2394 2740 posterior
2412 2697 2467 2727 est

1367 2762 1376 2782 5
1399 2747 1707 2786 consideratione
1735 2747 1818 2784 eius
1843 2746 1943 2796 quod
1966 2746 2055 2796 quid
2081 2751 2142 2791 est,
2172 2756 2272 2793 quae
2300 2751 2356 2780 est
2383 2743 2466 2780 eius

1399 2801 1646 2852 principium.
1668 2802 1711 2838 In
1729 2799 1954 2850 operatione
1978 2798 2091 2847 igitur
2109 2797 2230 2835 divini
2256 2797 2466 2834 intellectus

1400 2854 1632 2905 compositio
1662 2862 1699 2891 et
1726 2853 1865 2891 divisio
1894 2865 1977 2889 esse
2006 2864 2087 2889 non
2114 2858 2250 2901 potest.

1396 2908 1399 2910 ’
1453 2910 1560 2946 Item.
1591 2907 1800 2958 Proprium
1824 2906 2021 2944 obiectum
2049 2905 2268 2943 intellectus
2288 2911 2344 2940 est
2370 2903 2468 2952 quod

1400 2963 1490 3012 quid
1515 2968 1584 3000 est.-
1610 2961 1716 2999 unde
1736 2961 1835 2999 circa
1854 2961 1932 2998 hoc
1950 2971 2031 2997 non
2050 2958 2239 3008 decipitur
2256 2957 2466 2994 intellectus

1361 3033 1386 3047 m
1400 3016 1474 3053 nisi
1510 3028 1581 3066 per
1612 3014 1800 3061 accidens,
1839 3014 1939 3051 circa
1975 3011 2299 3062 compositionem
2335 3017 2465 3047 autem

1400 3077 1437 3106 et
1464 3069 1697 3106 divisionem
1725 3067 1928 3117 decipitur;
1958 3067 2055 3103 sicut
2083 3073 2120 3102 et
2140 3077 2281 3107 ,sensus
2309 3063 2383 3112 ,qui
2410 3070 2466 3099 est

1400 3123 1652 3172 propriorum
1681 3133 1835 3171 semper
1862 3128 1918 3158 est
1936 3132 2064 3166 verus,
2084 3119 2123 3155 in
2143 3117 2223 3155 aliis
2251 3124 2381 3154 autem
2400 3116 2465 3152 fal-

1400 3176 1500 3215 litur.
1530 3178 1573 3213 In
1600 3175 1793 3212 intellectu
1817 3182 1947 3212 autem
1970 3172 2102 3210 divino
2131 3183 2210 3208 non
2239 3178 2294 3206 est
2322 3168 2464 3218 aliquid

1401 3242 1472 3280 per
1490 3229 1680 3275 accidens,
1702 3229 1770 3265 sed
1789 3229 1918 3264 solum
1937 3226 2045 3276 quod
2064 3237 2134 3275 per
2157 3236 2197 3260 se
2218 3231 2272 3260 est
2286 3223 2318 3260 *.
2348 3223 2390 3259 In
2409 3221 2464 3258 di-

1362 3299 1384 3320 ις
1401 3283 1494 3320 vino
1523 3282 1637 3331 igitur
1663 3282 1854 3319 intellectu
1889 3292 1969 3317 non
2001 3287 2057 3316 est
2088 3276 2318 3326 compositio
2347 3283 2383 3312 et
2411 3275 2465 3312 di-

1402 3336 1512 3382 visio,
1543 3336 1611 3373 sed
1640 3337 1768 3378 solum
1797 3334 1957 3383 simplex
1987 3332 2040 3369 rei
2068 3330 2250 3379 acceptio.

1455 3389 1645 3439 Amplius.
1683 3386 1960 3437 Propositionis
1992 3397 2062 3434 per
2094 3384 2328 3420 intellectum
2344 3408 2346 3411 -
2360 3393 2466 3418 com-

1401 3450 1614 3492 ponentem
1639 3450 1675 3479 et
1698 3441 1937 3479 dividentem
1964 3439 2149 3476 formatae
2177 3435 2408 3485 compositio
2428 3434 2467 3471 in

1404 3563 1438 3588 14
1457 3556 1488 3581 de
1507 3556 1594 3588 aliquo
1613 3549 1857 3587 apprehenderetur]
1877 3552 1909 3576 de
1928 3551 2012 3583 aliqua
2031 3549 2268 3583 apprehenderetur
2286 3548 2312 3580 d,
2331 3549 2364 3574 de
2383 3548 2468 3581 aliqua

1419 3633 1451 3659 17
1465 3625 1696 3659 Propositionis...
1707 3621 2039 3656 formatae'(propositio.'..
2052 3621 2161 3646 formata
2173 3620 2286 3645 habebat
2299 3618 2364 3654 pA)]
2380 3619 2468 3650 DsFZ,

2493 364 2501 373 ·
2517 363 2553 385 Cf.
2568 367 2610 385 art.
2622 364 2644 386 8.

2493 2534 2502 2543 '
2518 2533 2575 2560 Cap.
2584 2539 2622 2554 u.

2493 3223 2502 3231 '¹
2517 3221 2573 3249 Cap.
2585 3226 2652 3242 xxm.
