2768 4134
38 853 49 865 ‘
63 852 121 881 Cup.
130 858 211 875 xxxix.

0 1666 3 1670 ν
133 1653 182 1676 licit
204 1653 254 1676 Au-

36 1685 93 1704 m
193 1686 252 1703 ΙΙΔΝ.

38 1708 75 1731 ἰν
88 1707 150 1730 bult-

767 294 954 331 SUMMA
984 295 1206 333 CONTRA
1235 296 1509 343 GENTILES,
1538 298 1631 334 LIB.
1653 299 1694 344 II,
1725 298 1835 335 CAP.
1857 299 1989 335 XLIV.

282 383 328 408 ex
356 370 557 420 principali
591 372 803 409 intentione
839 373 955 422 primi
990 374 1133 423 agentis
1164 375 1353 425 provenit,

281 436 362 461 non
391 437 438 461 ex
467 425 683 462 diversitate
710 425 952 464 meritorum.
1043 464 1047 468 ,

335 478 489 515 Adhuc.
521 478 561 516 Si
590 490 728 516 omnes
757 488 953 517 creaturae
981 481 1184 519 rationales
1209 495 1233 519 a
1250 482 1354 532 prin-

281 529 383 580 cipio
397 531 554 568 fuerunt
568 534 749 581 aequales
763 541 922 580 creatae,
939 542 1090 583 oportet
1104 535 1230 572 dicere
1245 536 1354 585 quod

282 596 361 621 una
380 596 516 621 earum
545 585 585 622 in
614 597 684 622 sua
704 586 928 635 operatione
948 588 997 625 ab
1017 588 1090 625 alia
1108 600 1189 625 non
1209 589 1353 638 depen-

281 637 398 674 deret.
421 638 543 685 Quod
562 646 694 675 autem
713 639 893 688 provenit
911 652 958 677 ex
977 653 1170 678 concursu
1185 642 1353 679 diversa-

280 702 370 727 rum
390 702 597 728 causarum
612 704 782 741 quarum
801 706 880 730 una
894 694 943 730 ab
958 694 1031 731 alia
1049 706 1130 732 non
1149 695 1353 744 dependet,

281 751 338 780 est
359 745 523 781 casuale.
554 744 679 793 Igitur,
704 747 922 784 secundum
940 747 1178 796 praedictam
1197 748 1353 797 positio-

280 808 385 842 nem,
414 796 498 834 talis
526 797 718 836 distinctio
747 807 783 836 et
812 800 909 837 ordo
938 812 1070 838 rerum
1095 808 1151 838 est
1178 800 1351 838 casualis.

281 849 402 896 Quod
431 858 488 887 est
519 850 768 901 impossibile,
797 861 840 890 ut
868 865 986 903 supra
1003 853 1024 875 ’⁸‘
1052 861 1253 891 ostensum
1286 862 1352 891 est.

333 903 525 953 AmpliuS.
556 905 677 952 Quod
706 913 761 942 est
786 906 899 943 alicui
918 908 1102 953 naturale,
1123 919 1205 944 non
1223 906 1353 956 acqui—

280 954 376 993 ritur
396 957 446 994 ab
467 969 516 994 eo
539 970 609 1007 per
632 960 891 996 voluntatem:
921 967 1053 997 motus
1081 960 1187 997 enim
1214 961 1353 997 volun-

279 1009 376 1055 tatis,
396 1010 477 1048 sive
506 1010 614 1048 liberi
633 1011 788 1058 arbitrii,
812 1012 1092 1062 praesupponit
1114 1012 1353 1050 existentiam

279 1063 455 1111 volentis,
485 1064 534 1101 ad
564 1077 685 1114 quam
720 1065 804 1102 eius
838 1064 1027 1103 naturalia
1061 1065 1276 1115 exiguntur.
1313 1066 1353 1104 Si

279 1115 394 1164 igitur
428 1129 500 1167 per
535 1125 691 1155 motum
726 1117 834 1155 liberi
871 1118 1014 1156 arbitrii
1051 1119 1260 1168 acquisitus
1298 1127 1354 1156 est

280 1168 457 1207 diversus
494 1171 636 1219 gradus
671 1170 918 1208 rationalium
954 1180 1229 1219 creaturarum,
1258 1173 1353 1210 nulli

279 1231 478 1261 creaturae
506 1224 681 1261 rationali
709 1224 779 1261 erit
798 1237 892 1261 suus
911 1225 1053 1272 gradus
1072 1227 1265 1272 naturalis,
1286 1226 1353 1263 sed

280 1276 534 1314 accidentalis.
574 1278 663 1314 Hoc
699 1285 831 1314 autem
868 1285 924 1314 est
961 1278 1209 1328 impossibile.
1250 1279 1351 1316 Cum

280 1330 387 1381 enim
410 1330 627 1368 differentia
654 1331 834 1380 specifica
854 1331 900 1367 sit
918 1331 1130 1380 unicuique
1159 1332 1353 1378 naturalis,

241 1410 244 1413 -
281 1391 466 1434 sequetur
483 1384 593 1433 quod
612 1396 751 1422 omnes
771 1384 1005 1422 substantiae
1024 1385 1227 1422 rationales
1250 1397 1354 1422 crea-

280 1443 341 1474 tae
369 1436 444 1474 sint
471 1437 588 1474 unius
616 1437 768 1486 speciei,
798 1437 939 1475 scilicet
966 1438 1101 1486 angeli,
1129 1438 1353 1484 daemones,

281 1498 318 1527 et
346 1490 500 1527 animae
528 1491 737 1536 humanae,
767 1498 803 1527 et
830 1490 984 1527 animae
1014 1491 1238 1528 caelestium
1270 1503 1354 1528 cor-

279 1554 425 1593 porum
453 1544 570 1592 (quae
595 1543 783 1591 Origenes
802 1543 971 1580 animata
991 1545 1188 1592 ponebat).
1212 1545 1260 1581 Et
1279 1545 1356 1582 hoc

281 1607 365 1633 esse
392 1596 533 1633 falsum
561 1595 761 1632 diversitas
790 1596 990 1633 actionum
1023 1597 1256 1634 naturalium
1290 1598 1355 1634 de·

281 1650 414 1686 clarat:
444 1661 526 1686 non
545 1648 651 1685 enim
671 1656 727 1685 est
746 1648 851 1686 idem
869 1647 900 1700 †
927 1649 1072 1686 modus
1098 1662 1178 1698 quo
1202 1657 1355 1687 natura-

279 1701 365 1740 liter
391 1701 562 1750 intelligit
589 1701 802 1739 intellectus
829 1703 1040 1748 humanus,
1069 1702 1137 1751 qui
1170 1714 1287 1740 sensu
1320 1711 1356 1740 et

279 1755 483 1805 phantasia
496 1754 651 1804 indiget,
671 1763 708 1792 et
726 1755 939 1792 intellectus
956 1755 1151 1804 angelicus
1171 1764 1207 1793 et
1225 1756 1356 1794 anima

280 1808 389 1856 solis3
419 1808 492 1846 nisi
518 1809 614 1846 forte
633 1808 829 1857 fingamus
848 1810 1004 1857 angelos
1023 1817 1060 1846 et
1079 1809 1253 1846 caelestia
1272 1821 1355 1846 cor-

279 1874 378 1912 pora
405 1862 550 1899 habere
586 1874 720 1900 carnes
749 1870 786 1899 et
813 1874 902 1900 ossa
938 1870 975 1899 et
1007 1862 1098 1899 alias
1128 1862 1356 1900 huiusmodi

279 1923 421 1966 partes,
441 1916 491 1953 ad
510 1916 587 1952 hoc
606 1916 715 1966 quod
734 1916 883 1965 possint
902 1927 1046 1964 organa
1075 1928 1261 1953 sensuum
1288 1917 1355 1953 ha-

279 1969 384 2015 bere,
404 1969 513 2018 quod
532 1976 588 2006 est
606 1969 834 2006 absurdum.
851 1968 1098 2017 Relinquitur
1116 1968 1229 2017 igitur
1246 1970 1355 2018 quod

280 2021 480 2060 diversitas
508 2022 811 2060 substantiarum
830 2021 1143 2059 intellectualium
1162 2034 1243 2059 non
1262 2035 1354 2060 con-

2401 298 2476 347 369

1409 375 1514 412 enim
1542 383 1579 412 et
1606 376 1791 413 demerita
1826 384 1990 425 possunt
2022 375 2152 424 augeri
2179 378 2241 414 vel
2268 376 2411 424 minui;
2441 385 2477 414 et

1408 428 1615 478 praecipue
1644 429 1862 466 secundum
1883 429 2103 477 Origenem‚
2123 429 2191 479 qui
2210 429 2360 467 dicebat
2385 430 2476 467 libe-

1410 493 1498 518 rum
1527 481 1727 518 arbitrium
1755 481 1958 518 cuiuslibet
1985 490 2180 520 creaturae
2213 495 2367 532 semper
2394 495 2476 521 esse

1408 533 1448 570 in
1483 541 1689 583 utramque
1724 541 1874 583 partem
1909 534 2086 572 flexibile.
2124 535 2164 573 Si
2202 535 2314 584 igitur
2347 536 2477 573 anima

1376 606 1386 627 ς
1409 586 1602 623 rationalis
1631 588 1707 624 hoc
1733 599 1875 636 corpus
1894 595 2100 624 consecuta
2119 596 2175 625 est
2192 597 2350 638 propter
2366 601 2476 639 prae-

1409 639 1550 676 cedens
1579 640 1762 677 meritum
1790 641 1853 676 vel
1880 640 2129 686 demeritum,
2159 649 2341 691 sequetur
2368 643 2476 692 quod

1408 692 1528 742 possit
1555 692 1696 729 iterum
1725 692 1908 740 coniungi
1927 693 2032 730 alteri
2051 694 2222 743 corpori:
2253 702 2289 731 et
2316 707 2396 732 non
2415 708 2475 732 so-

1408 747 1491 782 lum
1511 746 1618 794 quod
1645 745 1776 784 anima
1803 746 1977 783 humana
2005 755 2176 783 assumat
2203 747 2307 784 aliud
2334 760 2476 798 corpus

1410 799 1642 844 humanum,
1672 799 1739 835 sed
1768 798 1884 836 etiam
1913 799 2020 848 quod
2049 807 2220 836 assumat
2239 801 2476 850 quandoque

1409 863 1552 901 corpus
1580 851 1793 898 sidereum,
1831 853 1932 902 quod
1964 858 2016 889 est
2048 853 2250 889 secundum
2283 854 2475 904 Pythago-

1410 907 1507 942 ricas
1530 905 1693 951 fabulas,
1724 906 1923 955 quamlibet
1950 907 2118 942 animam
2138 906 2321 955 quodlibet
2343 918 2477 955 corpus

1409 958 1560 1008 ingredi
1576 958 1606 995 ²⁸.
1637 959 1725 995 Hoc
1746 966 1877 996 autem
1896 966 1933 995 et
1951 958 2170 995 secundum
2188 958 2477 1008 philosophiam

1409 1019 1568 1060 apparet
1595 1023 1678 1048 esse
1707 1023 1926 1057 erroneum,
1956 1012 2174 1048 secundum
2203 1024 2323 1060 quam
2355 1012 2477 1049 deter-

1409 1064 1562 1101 minatis
1590 1064 1723 1102 formis
1758 1072 1795 1101 et
1829 1064 2046 1102 motoribus
2080 1064 2322 1112 assignantur
2355 1065 2476 1102 deter-

1369 1139 1391 1159 ις
1408 1117 1576 1155 minatae
1605 1117 1786 1155 materiae
1816 1125 1852 1155 et
1880 1117 2132 1155 determinata
2157 1117 2334 1155 mobilia:
2364 1125 2401 1155 et
2420 1131 2476 1155 se-

1409 1171 1585 1207 cundum
1626 1171 1748 1208 fidem
1789 1171 2044 1217 haereticum,
2080 1183 2181 1220 quae
2223 1171 2395 1208 animam
2437 1171 2477 1208 in

1409 1223 1687 1261 resurrectione
1725 1224 1830 1261 idem
1867 1236 2009 1273 corpus
2046 1236 2243 1261 resumere
2283 1223 2477 1273 praedicat

1409 1278 1517 1326 quod
1546 1277 1716 1326 deponit.

1463 1331 1675 1367 Praeterea.
1698 1331 1801 1367 Cum
1830 1330 2036 1367 multitudo
2057 1330 2138 1366 sine
2159 1329 2374 1367 diversitate
2394 1342 2476 1367 esse

1369 1403 1395 1418 ,ο
1409 1395 1490 1420 non
1518 1383 1648 1432 possit,
1678 1383 1708 1420 si
1736 1384 1892 1420 fuerunt
1920 1396 1942 1420 a
1969 1383 2159 1432 principio
2188 1390 2383 1420 creaturae
2418 1396 2476 1420 ra-

1408 1436 1569 1473 tionales
1589 1436 1628 1473 in
1648 1437 1819 1485 quadam
1838 1436 2083 1473 multitudine
2103 1436 2341 1482 constitutae,
2361 1448 2476 1485 opor-

1408 1488 1480 1526 tuit
1498 1488 1552 1526 eis
1571 1489 1742 1538 aliquam
1761 1488 2020 1526 diversitatem
2047 1488 2174 1526 fuisse.
2204 1489 2360 1538 Aliquid
2387 1502 2476 1538 ergo

1410 1542 1545 1578 habuit
1563 1554 1643 1579 una
1662 1554 1798 1579 earum
1817 1543 1925 1591 quod
1944 1554 2025 1579 non
2054 1542 2188 1579 habuit
2216 1544 2342 1579 altera.
2372 1543 2421 1579 Et
2446 1542 2477 1579 si

1410 1596 1487 1631 hoc
1515 1607 1562 1631 ex
1589 1595 1813 1635 diversitate.
1836 1595 1960 1632 meriti
1988 1607 2069 1631 non
2096 1595 2290 1644 procedat,
2310 1594 2393 1644 pari
2419 1607 2476 1632 ra-

1371 1666 1394 1687 ²5
1410 1647 1515 1684 tione
1547 1659 1620 1684 nec
1654 1648 1722 1684 fuit
1756 1659 1912 1684 necesse
1947 1655 1989 1684 ut
2023 1648 2163 1695 gradus
2199 1647 2397 1684 diversitas
2431 1660 2477 1684 ex

1411 1700 1641 1737 meritorum
1669 1700 1886 1738 diversitate
1915 1700 2146 1749 proveniret.

1464 1754 1571 1790 Item.
1602 1753 1742 1790 Omnis
1771 1753 1961 1790 distinctio
1991 1761 2046 1790 est
2078 1761 2144 1790 aut
2179 1754 2395 1790 secundum
2423 1754 2478 1791 di-

1410 1805 1602 1843 visionem
1623 1806 1852 1856 quantitatis,
1873 1818 1973 1856 quae
1993 1806 2033 1843 in
2053 1806 2142 1843 solis
2161 1806 2388 1855 corporibus
2413 1814 2478 1853 est,

1411 1860 1516 1896 unde
1536 1859 1576 1896 in
1596 1860 1814 1897 substantiis
1842 1860 1971 1909 primo
1990 1859 2134 1906 creatis,
2155 1860 2372 1896 secundum
2393 1860 2478 1897 Ori-

1371 1935 1397 1955 30
1410 1924 1562 1960 genem,
1579 1925 1661 1950 esse
1677 1925 1758 1950 non
1772 1912 1914 1963 potuit:
1932 1920 1997 1950 aut
2013 1913 2230 1950 secundum
2246 1912 2478 1950 divisionem

1410 1965 1625 2003 formalem.
1660 1966 1773 2013 Quae
1806 1965 1887 2003 sine
1920 1966 2112 2014 graduum
2147 1965 2362 2002 diversitate
2395 1978 2477 2002 esse

1410 2031 1491 2056 non
1519 2026 1661 2068 potest:
1692 2031 1784 2056 cum
1812 2019 1894 2056 talis
1922 2018 2060 2056 divisio
2093 2019 2298 2055 reducatur
2325 2019 2374 2056 ad
2402 2018 2477 2068 pri-

2504 963 2513 972 *
2526 962 2535 983 1
2546 962 2574 983 de
2582 962 2675 990 Anima,
2685 969 2717 990 m,

2504 994 2541 1017 23;
2557 994 2574 1011 s.
2586 988 2630 1010 Th.
2646 990 2660 1011 1.
2671 989 2693 1012 8.

280 2075 455 2125 sequitur
482 2075 743 2113 diversitatem
771 2075 1012 2121 meritorum,
1042 2087 1143 2124 quae
1172 2083 1262 2113 sunt
1297 2089 1354 2113 se·
1409 2071 1608 2109 vationem
1637 2079 1673 2108 et
1700 2072 1885 2117 formam;
1915 2080 1952 2108 et
1979 2072 2033 2109 sic
2061 2079 2212 2121 oportet
2230 2072 2338 2120 quod
2362 2072 2478 2109 altera

280 2129 458 2167 cundum
486 2137 617 2167 motus
645 2128 753 2166 liberi
782 2128 936 2166 arbitrii.
1408 2125 1623 2162 formarum
1638 2125 1928 2162 condivisarum
1944 2125 1989 2162 sit
2009 2124 2147 2161 melior
2165 2132 2200 2161 et
2220 2126 2335 2161 altera
2353 2124 2475 2162 vilior.

333 2183 487 2220 Adhuc.
518 2182 559 2220 Si
588 2194 633 2220 ea
661 2194 763 2232 quae
791 2190 881 2220 sunt
907 2181 1096 2219 naturalia
1123 2194 1205 2219 non
1224 2182 1354 2231 acqui·
1370 2204 1392 2225 ,ς
1409 2178 1533 2224 Unde,
1563 2178 1780 2215 secundum
1809 2178 2094 2227 Philosophum
2107 2178 2138 2224 ²¹⁶,
2167 2177 2313 2227 species
2346 2189 2477 2215 rerum
2505 2181 2716 2235 JnffigflT‘gfgpffi

280 2244 420 2274 runtur
436 2248 508 2286 per
525 2243 680 2273 motum
699 2235 806 2273 liberi
835 2235 996 2280 arbitrii;
1027 2234 1199 2272 animam
1222 2243 1353 2272 autem
1410 2239 1499 2268 sunt
1518 2231 1615 2268 sicut
1634 2231 1798 2277 numeri,
1819 2243 1990 2281 quorum
2018 2243 2121 2268 UssUS
2150 2230 2255 2267 alteri
2279 2230 2384 2273 addit
2411 2238 2477 2268 aut
2505 2235 2550 2263 ¹·3·

279 2289 509 2327 rationalem
528 2289 592 2326 tali
611 2289 766 2338 corpori
785 2288 886 2326 uniri
915 2288 1126 2337 acquiritur
1143 2288 1178 2326 ei
1196 2297 1355 2338 propter
1409 2284 1560 2321 minuit.
1592 2284 1655 2322 Sic
1683 2284 1805 2332 igitur,
1831 2285 1861 2321 si
1886 2285 2040 2321 fuerunt
2068 2297 2091 2321 a
2117 2283 2307 2333 principio
2333 2285 2476 2320 multae

278 2343 516 2392 praecedens
550 2342 734 2380 meritum
769 2343 831 2379 vel
867 2341 1101 2379 demeritum
1136 2343 1354 2379 secundum
1409 2338 1643 2375 substantiae
1663 2338 1866 2375 rationales
1889 2345 2048 2383 creatae,
2069 2345 2221 2386 oportet
2240 2337 2347 2385 quod
2367 2337 2478 2373 fuerit

279 2403 435 2433 motum
463 2395 572 2433 liberi
601 2395 761 2433 arbitrii:
792 2402 976 2444 sequetur
998 2395 1106 2444 quod
1130 2395 1352 2433 coniunctio
1409 2390 1448 2427 in
1477 2390 1531 2427 eis
1559 2391 1700 2439 gradus
1725 2390 1935 2428 diversitas.

279 2449 397 2487 huius
426 2449 579 2486 animae
609 2449 658 2486 ad
687 2450 763 2486 hoc
791 2460 936 2498 corpus
962 2460 1044 2486 non
1079 2448 1125 2485 sit
1159 2449 1351 2486 naturalis,
1367 2467 1394 2487 40
1462 2445 1568 2481 Item.
1600 2444 1639 2482 Si
1668 2452 1864 2481 creaturae
1897 2443 2100 2481 rationales
2135 2442 2216 2479 sine
2250 2441 2477 2492 corporibus

279 2503 383 2551 Ergo
403 2514 475 2539 nec
494 2502 759 2551 compositum
774 2509 831 2539 est
848 2503 1033 2539 naturale.
1055 2502 1189 2539 Homo
1209 2509 1352 2548 autem,
1408 2497 1614 2534 subsistere
1642 2505 1816 2546 possunt,
1836 2509 1917 2534 non
1944 2496 2014 2533 fuit
2040 2495 2301 2533 necessarium
2319 2503 2478 2545 propter

279 2563 317 2593 et
344 2557 412 2601 sol,
442 2555 662 2592 secundum
685 2555 907 2604 Origenem‚
934 2563 970 2592 et
993 2562 1103 2601 astra,
1133 2563 1223 2592 sunt
1245 2567 1352 2592 com-
1408 2550 1560 2588 diversa
1588 2550 1724 2587 merita
1751 2549 1997 2587 rationalium
2025 2557 2288 2586 creaturarum
2320 2547 2476 2585 diversi-

277 2609 403 2659 posita
437 2621 483 2645 ex
522 2608 741 2646 substantiis
776 2607 1026 2645 rationalibus
1059 2615 1096 2644 et
1123 2608 1352 2657 corporibus
1407 2611 1525 2640 tatem
1554 2603 1593 2640 in
1626 2611 1763 2639 natura
1795 2602 1985 2652 corporali
2020 2601 2179 2661 institui:
2210 2601 2302 2649 quia
2329 2608 2366 2637 et
2393 2601 2475 2659 sine

278 2661 430 2699 talibus,
460 2663 563 2710 Ergo
592 2661 726 2699 omnia
761 2661 1000 2707 huiusmodi,
1029 2674 1130 2710 quae
1166 2669 1255 2698 sunt
1282 2673 1351 2698 no·
1407 2656 1623 2693 diversitate
1652 2668 1863 2704 corporum
1890 2662 2040 2704 poterat
2067 2654 2241 2691 diversus
2269 2653 2409 2701 gradus
2434 2665 2474 2690 in

278 2715 463 2753 bilissima
490 2715 589 2752 inter
615 2727 823 2764 corporeas
851 2714 1093 2760 substantias,
1122 2722 1211 2751 sunt
1243 2714 1350 2751 inna-
1365 2729 1390 2749 45
1407 2708 1626 2746 substantiis
1654 2708 1903 2746 rationalibus
1931 2707 2105 2745 inveniri.
2136 2706 2177 2744 Si
2212 2714 2343 2743 autem
2370 2718 2473 2743 crea-

278 2768 426 2806 turalia.
1405 2770 1514 2799 turae
1542 2761 1746 2799 rationales
1780 2761 1862 2798 sine
1890 2760 2119 2810 corporibus
2155 2759 2359 2796 subsistere
2391 2771 2473 2796 non

332 2823 439 2859 Item.
471 2821 511 2859 Si
540 2820 632 2858 huic
667 2819 900 2857 substantiae
938 2819 1113 2856 rationali
1144 2832 1226 2856 non
1258 2832 1350 2856 con-
1404 2823 1585 2864 possunt,
1620 2827 1711 2863 ergo
1744 2827 1767 2851 a
1798 2813 1988 2864 principio
2024 2813 2140 2850 simul
2171 2824 2263 2871 cum
2293 2819 2473 2871 ‘creatura

277 2875 383 2912 venit
408 2875 643 2925 inquantum
672 2881 727 2911 est
754 2873 836 2910 talis
856 2872 1067 2910 substantia
1086 2872 1178 2909 huic
1196 2873 1350 2921 corpori
1405 2867 1580 2905 rationali
1613 2875 1668 2905 est
1702 2867 1818 2905 etiam
1846 2874 2020 2904 creatura
2052 2867 2260 2915 corporalis
2291 2872 2470 2902 instituta.

277 2928 391 2975 uniri,
415 2928 483 2965 sed
510 2927 633 2976 magis
661 2926 894 2976 inquantum
923 2933 979 2962 est
1006 2925 1060 2962 sic
1087 2925 1233 2971 merita,
1258 2925 1351 2963 huic
1404 2921 1532 2958 Maior
1551 2929 1606 2958 est
1626 2929 1757 2958 autem
1776 2920 1952 2957 distantia
1971 2918 2180 2969 corporalis
2209 2925 2403 2955 creaturae
2417 2918 2472 2976 *ad

277 2981 432 3032 corpori
459 2981 561 3019 uniri
589 2993 671 3018 non
690 2988 746 3017 est
765 2979 800 3016 ei
818 2991 889 3029 per
907 2991 958 3025 se,
979 2979 1047 3016 sed
1065 2991 1136 3028 per
1158 2978 1347 3016 accidens.
1364 2997 1390 3018 so
1405 2973 1641 3023 spiritualem
1656 2986 1776 3023 quam
1796 2973 2052 3023 spiritualium
2066 2979 2328 3009 creaturarum
2347 2971 2396 3007 ad
2414 2982 2470 3007 in-

277 3037 336 3074 Ex
364 3035 424 3073 his
452 3042 584 3072 autem
612 3045 712 3083 quae
740 3045 811 3082 per
842 3031 1019 3069 accidens
1051 3031 1241 3068 uniuntur
1267 3044 1348 3069 non
1403 3027 1542 3064 vicem.
1573 3027 1613 3065 Si
1642 3027 1754 3075 igitur
1781 3039 1804 3063 a
1831 3026 2021 3076 principio
2050 3026 2156 3062 Deus
2171 3032 2264 3083 ‘tam
2287 3035 2471 3082 magnam

276 3091 433 3127 resultat
461 3088 589 3137 aliqua
617 3086 775 3136 species,
795 3085 887 3135 quia
914 3097 996 3122 non
1020 3084 1064 3121 fit
1083 3098 1129 3122 ex
1148 3084 1202 3121 eis
1221 3097 1348 3121 unum
1403 3080 1622 3118 distantiam
1650 3080 1690 3117 in
1719 3079 1797 3117 suis
1825 3079 2006 3117 creaturis
2038 3078 2196 3115 instituit
2230 3077 2376 3136 absque
2404 3077 2470 3113 ali·

275 3155 347 3193 per
375 3155 433 3179 se:
463 3153 545 3179 non
574 3140 679 3177 enim
708 3147 763 3176 est
791 3138 919 3188 aliqua
947 3137 1092 3187 species
1110 3139 1222 3175 homo
1242 3138 1348 3175 albus
1403 3133 1545 3182 quibus
1573 3133 1718 3170 meritis
1745 3132 2074 3182 praecedentibus,
2095 3143 2175 3167 non
2195 3136 2363 3188 oportuit
2388 3141 2469 3188 me-

275 3197 339 3233 vel
365 3197 478 3233 homo
506 3196 662 3233 vestitus.
692 3191 938 3241 Relinquitur
965 3191 1078 3239 igitur
1096 3191 1204 3240 quod
1224 3191 1346 3228 homo
1402 3186 1473 3223 rita
1500 3186 1652 3224 diversa
1679 3187 1909 3235 praecedere
1938 3185 1986 3222 ad
2015 3185 2092 3244 hoc
2119 3183 2225 3243 quod
2252 3194 2291 3219 in
2309 3182 2468 3218 ὠνεῖ-313

275 3261 358 3287 non
377 3249 423 3286 sit
441 3248 570 3298 aliqua
590 3246 753 3297 species:
784 3257 856 3282 nec
885 3245 953 3290 sol,
973 3256 1046 3281 nec
1064 3245 1167 3290 luna,
1187 3256 1259 3281 nec
1280 3243 1346 3281 ali-
1362 3266 1384 3287 55
1401 3240 1583 3288 gradibus
1611 3247 1807 3276 creaturae
1835 3238 2037 3276 rationales
2064 3242 2359 3274 instituerentur.

276 3302 372 3352 quid
400 3301 639 3340 huiusmodi.

329 3355 520 3405 Amplius.
555 3355 614 3392 Ea
648 3365 748 3403 quae
785 3352 834 3388 ad
868 3349 1004 3387 merita
1040 3358 1343 3399 consequuntur,

274 3417 439 3460 possunt
473 3408 513 3446 in
548 3407 687 3445 melius
714 3407 777 3442 vel
804 3404 844 3441 in
876 3403 986 3453 peius
1019 3403 1179 3440 mutari:
1209 3404 1345 3440 merita

330 3507 344 3532 5
365 3505 533 3540 dependeret]
553 3505 684 3539 dependet
701 3505 788 3537 pNPc,
808 3503 952 3535 dependeat
969 3501 1001 3525 Y.

274 3543 362 3576 quitur
379 3543 423 3568 W.
524 3541 557 3567 15
578 3541 721 3574 acquisitus
741 3545 781 3565 est
800 3539 918 3564 dlversus
937 3537 1000 3569 grad

274 3583 408 3604 mutatum
427 3582 475 3604 est.

329 3622 340 3639 1
364 3613 443 3647 enim]
464 3618 552 3639 autem
572 3612 682 3637 aGXPc.
772 3619 790 3642 4
809 3608 928 3641 flexibile]
948 3607 1085 3633 flexibilem
1099 3605 1221 3630 aDNXY.

273 3649 378 3675 fuerunt
390 3649 480 3675 ceteri.
573 3655 602 3672 21
625 3646 748 3680 oportuit]
763 3651 789 3671 et
800 3646 913 3679 oportuit
927 3644 963 3674 Y;
977 3644 1011 3676 cf.
1025 3650 1083 3667 ναν.
1094 3641 1220 3673 praeced.

273 3686 402 3710 continua
414 3685 507 3710 eadem
515 3684 640 3718 formula
653 3683 792 3715 incipiunt.
875 3681 904 3705 31
921 3677 1058 3713 graduum]
1073 3677 1153 3710 gradu
1168 3677 1194 3708 d,
1208 3675 1303 3709 gradus
1320 3675 1348 3701 Ρ.

402 3739 495 3764 SUMMA
515 3738 627 3763 CONTRA
646 3737 779 3761 Germ-iias
798 3735 829 3760 D.
844 3735 959 3759 ”suonam
977 3733 1045 3757 Tou.
1061 3731 1078 3756 I.

1103 3506 1118 3531 7
1139 3498 1277 3532 dependet]
1298 3498 1442 3531 dependeat
1461 3496 1576 3526 aEGXb,
1596 3494 1753 3526 dependeret
1771 3492 1817 3517 sN.
2116 3525 2121 3530 ι
2258 3524 2263 3529 ⁴
2281 3524 2286 3529 ι

1002 3544 1033 3561 us
1051 3535 1164 3568 legimus
1182 3542 1242 3559 cum
1262 3534 1397 3562 omnibus,·
1416 3532 1542 3565 acquisita
1560 3537 1601 3556 est
1619 3530 1754 3555 diversitas
1773 3529 1822 3561 pA,
1837 3527 1863 3552 in
1883 3526 1998 3551 secunda
2018 3526 2171 3550 reductione
2190 3528 2314 3557 acquisita
2331 3530 2395 3548 casu
2414 3530 2466 3548 non

576 3576 608 3602 25
628 3577 724 3601 modus
743 3583 838 3608 quo...
858 3577 943 3599 totum
962 3571 1107 3604 capitulum
1129 3568 1179 3600 46.
1197 3571 1295 3595 lacuna
1314 3569 1340 3594 in
1360 3570 1391 3594 A.

1313 3604 1327 3629 5
1347 3601 1497 3635 consecuta}
1517 3606 1605 3627 secuta
1620 3600 1727 3625 aDWX.

1312 3647 1344 3664 22
1361 3639 1408 3673 eis]
1422 3639 1448 3663 in
1461 3638 1499 3663 eis
1512 3636 1642 3662 DYZch.

1455 3293 1606 3330 Adhuc.
1642 3292 1683 3330 Si
1711 3292 1909 3329 diversitas
1943 3298 2138 3328 creaturae
2173 3287 2382 3337 corporalis
2410 3299 2468 3324 re-

1401 3347 1567 3396 spondet
1594 3345 1801 3383 diversitati
1836 3352 2031 3381 creaturae
2066 3341 2268 3386 rationalis,
2298 3340 2382 3389 pari
2409 3352 2467 3377 ra-

1400 3401 1505 3438 tione
1550 3406 1586 3436 et
1629 3397 1878 3435 uniformitati
1919 3395 2162 3433 rationalium
2204 3401 2467 3430 creaturarum

1918 3497 1946 3515 ιι
1972 3488 2120 3523 acquiritur]
2148 3488 2287 3521 requiritur
2313 3488 2362 3518 ax,
2389 3487 2467 3512 relin-

1819 3604 1852 3623 αθ
1871 3597 1892 3622 si
1907 3597 2011 3622 fuerunt
2024 3596 2067 3620 Ita
2080 3595 2202 3625 WsNPc;
2218 3594 2322 3619 fuerunt
2333 3599 2420 3619 autem
2432 3593 2465 3624 Y,

1734 3642 1765 3666 27
1785 3634 1891 3658 Item...
1910 3632 1974 3657 Item
1988 3635 2084 3657 contra
2096 3637 2223 3656 canonem
2237 3630 2290 3654 duo
2305 3632 2466 3662 argumenta

2000 3674 2034 3699 42
2050 3664 2222 3699 rationalium]
2237 3665 2426 3690 rationabilium
2436 3664 2466 3690 Ζ.

2277 3727 2311 3751 47

1432 3674 1465 3705 34
1475 3670 1675 3703 condivisarum]
1692 3669 1831 3694 divisarum
1845 3668 1929 3693 GWb.
