2768 4134
14 1366 17 1367 ν
53 1350 64 1363 ·
78 1347 151 1371 Nun.
163 1355 226 1378 ni,3.

26 2069 68 2089 .¹'
84 2067 176 2097 Qum
192 2074 246 2099 ..3.

783 281 971 318 SUMMA
1001 282 1222 319 CONTRA
1251 281 1525 327 GENTILES,
1554 282 1648 318 LIB.
1670 282 1710 327 11,
1741 282 1852 318 CAP.
1874 282 2003 318 XVIII.

296 361 368 391 liter
390 360 532 391 mediam
556 359 638 390 inter
654 358 762 388 Deum
779 364 810 388 et
827 364 1014 396 creaturam,
1032 364 1063 389 et
1078 359 1182 399 ipsam
1199 368 1267 389 esse
1284 368 1370 390 crea·
1395 364 1397 381 =¹

296 410 386 436 turae
410 413 540 435 causam
559 403 695 434 essendi.
714 402 777 433 Sed
798 403 1011 443 decipiuntur.
1037 403 1133 442 Quia,
1152 404 1235 434 sicut
1252 404 1370 435 creatio

297 451 401 480 activa
423 459 492 480 non
516 449 593 480 dicit
615 447 740 488 aliquid
763 448 929 488 egrediens
953 457 971 478 a
994 448 1065 478 Deo
1090 447 1181 489 quod
1198 449 1371 489 recipiatur

296 495 331 525 in
364 501 518 531 creatura,
542 493 599 524 sed
629 492 756 523 tantum
787 492 933 523 divinum
962 493 1045 523 velle
1077 491 1153 524 cum
1183 493 1370 524 habitudine

297 540 462 570 actualiter
484 537 694 580 producentis
710 537 750 567 ad
765 547 833 567 rem
852 537 1044 578 productam
1068 538 1304 575 universaliter;
1327 538 1371 567 ita

297 585 416 615 creatio
438 584 565 625 passiva
587 592 656 613 non
680 582 757 612 dicit
780 582 920 622 aliquam
944 592 1052 613 veram
1075 583 1260 623 passionem
1283 591 1371 613 rece—

296 636 386 669 ptam
409 639 428 659 a
451 629 523 659 Deo
547 628 581 657 in
605 632 759 663 creatura,
783 627 839 657 sed
862 628 895 658 in
926 628 995 667 ipsa
1025 633 1169 658 creatura
1192 628 1371 668 accipiente

297 683 366 704 esse
390 683 408 703 a
432 673 504 703 Deo
535 672 613 702 dicit
643 671 865 702 habitudinem
895 678 1021 703 tantum
1045 671 1086 702 ad
1108 672 1216 703 Deum
1240 672 1370 703 dantem

296 719 357 749 sibi
380 717 600 749 universaliter
624 726 702 747 esse.
729 717 822 748 Unde
846 723 1025 748 creaturam
1049 718 1148 748 creari
1163 727 1231 748 non
1248 724 1296 748 est
1314 726 1372 757 per

296 764 439 804 aliquam
457 763 643 803 passionem
658 763 863 792 transmutari
878 762 919 793 ad
934 772 1020 793 esse:
1046 762 1102 793 sed
1118 767 1166 793 est
1180 762 1285 804 ipsam
1302 771 1371 792 esse

296 807 517 838 universaliter
540 816 558 837 a
582 806 653 837 Deo
676 816 734 847 per
757 807 939 847 simplicem
963 806 1132 843 effluxum;
1157 812 1189 837 et
1211 815 1269 847 per
1293 815 1372 836 con-

295 861 435 893 sequens
451 851 561 882 referri
575 851 615 882 ad
630 852 738 892 ipsum
754 858 909 892 tanquam
923 851 966 882 ad
979 851 1158 882 universale
1173 851 1371 891 principium

297 897 433 929 essendi.
456 897 666 937 Quapropter
689 896 880 927 relationem
896 897 996 927 creari
1010 896 1090 927 nihil
1106 896 1194 927 aliud
1210 901 1257 926 est
1273 905 1371 936 quam

296 943 400 984 ipsam
423 942 569 982 accipere
593 951 662 972 esse
685 951 703 972 a
731 942 802 972 Deo
834 951 911 972 cum
940 941 1084 972 novitate
1115 941 1256 971 essendi:
1282 940 1372 981 quod

297 994 344 1019 est
366 986 476 1018 referri
499 986 540 1018 ad
562 987 670 1027 ipsum
695 992 850 1028 tanquam
873 985 914 1017 ad
935 986 1133 1026 principium
1156 986 1207 1016 sui
1230 995 1310 1016 esse.
1331 985 1372 1016 Et

296 1038 477 1073 propterea,
501 1032 585 1062 sicut
612 1041 681 1063 non
710 1037 758 1062 est
787 1031 1022 1062 inconveniens
1049 1030 1239 1061 relationem
1262 1029 1372 1061 referri

296 1078 410 1118 seipsa,
425 1078 470 1107 ita
491 1086 560 1107 non
585 1082 632 1107 est
654 1077 888 1107 inconveniens
912 1075 1002 1116 quod
1025 1076 1129 1116 seipsa
1152 1080 1287 1106 creetur.
1303 1075 1372 1105 Nec

297 1123 442 1163 sequitur
466 1122 557 1162 quod
579 1122 648 1163 ipsa
671 1122 711 1152 sit
734 1121 794 1151 sibi
818 1130 914 1151 causa
937 1120 1080 1151 essendi:
1106 1121 1183 1160 quia
1204 1120 1274 1160 ipsa
1304 1129 1372 1150 non

298 1174 345 1198 est
368 1177 437 1198 esse
460 1167 506 1197 rei
529 1167 749 1207 principaliter
772 1172 896 1196 creatae
920 1175 1017 1196 causa
1040 1165 1176 1202 essendi,
1193 1164 1250 1196 sed
1264 1165 1373 1206 ipsum

298 1213 445 1244 divinum
467 1211 550 1242 velle
574 1218 622 1242 est
645 1220 741 1242 causa
764 1210 891 1242 essendi
914 1217 1095 1247 creaturae;
1123 1210 1235 1241 relatio
1263 1215 1373 1240 autem

297 1258 332 1288 in
353 1257 424 1298 ipsa
448 1257 587 1300 eristens
618 1262 665 1287 est
696 1265 764 1296 quo
795 1255 971 1286 formaliter
1001 1262 1145 1287 creatura
1174 1254 1310 1286 refertur
1333 1254 1373 1285 ad

298 1303 417 1333 Deum.

295 1366 326 1371 γ’
343 1344 701 1377 -Vh‘Kd‘evidentiam
724 1345 808 1375 tertii
832 1344 920 1375 dubii
936 1345 964 1381 *,
988 1343 1259 1375 considerandum
1284 1342 1374 1384 quod

297 1391 496 1421 creationem
527 1399 596 1420 esse
627 1389 776 1420 accidens
806 1390 916 1430 negari
938 1398 1007 1420 non
1030 1394 1148 1430 potest,
1171 1390 1205 1419 in
1229 1389 1374 1419 doctrina

297 1435 407 1466 Sancti
430 1435 597 1465 Thomae:
623 1443 699 1465 cum
721 1434 785 1464 hoc
808 1434 848 1464 ab
873 1435 944 1474 ipso
969 1443 1118 1474 expresse
1136 1434 1170 1464 in
1187 1434 1267 1464 locis
1283 1442 1375 1474 prae·

297 1480 440 1520 allegatis
463 1480 627 1510 habeatur.
652 1479 874 1510 Veruntamen
894 1484 1041 1509 tenentes
1061 1478 1252 1509 relationem
1268 1488 1287 1508 a
1302 1477 1376 1508 fun-

297 1524 452 1556 damento
475 1524 601 1555 realiter
624 1533 693 1554 non
717 1523 881 1563 distingui,
898 1523 1042 1554 dicerent
1064 1523 1162 1554 talem
1184 1523 1376 1553 relationem

297 1566 363 1600 dici
386 1568 545 1605 accidens,
565 1577 634 1598 non
658 1569 735 1608 quia
758 1568 798 1598 sit
821 1567 970 1598 accidens
998 1577 1072 1598 vere
1096 1577 1113 1597 a
1137 1567 1313 1598 substantia
1328 1567 1375 1597 di-

297 1615 463 1651 stinctum,
479 1613 535 1644 sed
551 1613 628 1653 quia
644 1622 701 1643 sua
717 1613 798 1643 ratio
815 1618 862 1642 est
881 1618 968 1642 extra
986 1612 1146 1643 rationem
1171 1612 1376 1648 substantiae,

298 1665 331 1691 et
352 1658 540 1699 intelligitur
554 1658 671 1688 rationi
687 1657 885 1688 substantiae
903 1657 1064 1687 advenire.
1089 1656 1253 1687 Tenentes
1269 1661 1377 1687 autem

297 1705 489 1736 relationem
512 1713 531 1734 a
553 1702 768 1734 fundamento
796 1701 923 1732 realiter
950 1701 1114 1742 distingui,
1137 1701 1251 1732 dicunt
1273 1702 1377 1741 ipsam

298 1759 368 1782 esse
393 1758 467 1780 vere
489 1747 639 1779 accidens
670 1757 688 1778 ει
720 1747 897 1778 substantia
925 1747 1051 1778 realiter
1079 1746 1278 1777 distinctum.
1303 1746 1377 1783 Sed,

299 1794 458 1836 quicquid
479 1793 521 1824 sit
543 1793 584 1824 de
607 1793 678 1823 aliis
698 1792 922 1828 relationibus,
946 1798 1044 1822 teneo
1067 1790 1108 1822 de
1130 1797 1240 1822 mente
1269 1791 1379 1822 Sancti

299 1839 449 1871 Thomae
473 1847 543 1869 esse
566 1836 657 1878 quod
681 1836 794 1868 relatio
818 1843 981 1868 creaturae
997 1836 1038 1867 ad
1053 1836 1173 1874 Deum,
1190 1845 1284 1877 quae,
1301 1845 1377 1867 cum

297 1885 443 1915 novitate
467 1883 593 1914 essendi
617 1882 847 1918 co-intellecta,
871 1881 988 1912 dicitur
1011 1881 1141 1918 creatio,
1158 1887 1205 1912 est
1228 1880 1378 1912 accidens

298 1929 425 1961 realiter
447 1928 637 1959 distinctum
667 1937 686 1958 a
715 1932 860 1958 creatura
889 1936 975 1967 quae
1004 1925 1149 1957 refertur.
1178 1926 1247 1957 Nec
1271 1932 1378 1967 potest

299 1974 434 2015 glossari
457 1972 549 2014 quod
570 1972 727 2013 intelligat
750 1973 855 2013 ipsam
877 1981 947 2003 esse
970 1971 1121 2002 accidens
1137 1972 1213 2012 quia
1228 1977 1314 2001 extra
1330 1981 1378 2001 ra-

299 2020 426 2051 tionem
449 2019 646 2049 substantiae
661 2018 702 2048 sit
717 2017 900 2049 sectmdum
915 2025 1008 2048 suam
1024 2016 1195 2047 formalem
1218 2017 1377 2047 rationem

300 2064 517 2097 considerata:
533 2072 611 2094 nam
625 2062 666 2094 de
680 2062 841 2098 Potentia,
854 2062 910 2094 ubi
925 2071 1022 2103 supra
1032 2062 1060 2099 ³,
1072 2061 1113 2092 ad
1126 2061 1156 2098 3,
1169 2062 1276 2102 inquit
1287 2061 1378 2102 quod

301 2109 360 2141 illa
384 2108 501 2140 relatio
525 2107 675 2139 accidens
698 2112 762 2145 est,·
785 2113 817 2138 et
837 2106 1014 2138 secundum
1038 2116 1107 2138 esse
1121 2116 1216 2137 suum
1232 2106 1379 2137 conside-

301 2159 386 2190 rata,
394 2158 500 2195 prout
514 2153 663 2183 inhaeret
677 2152 830 2188 subiecto,
837 2152 1005 2193 posterius
1016 2156 1063 2182 est
1073 2161 1171 2192 quam
1188 2161 1240 2182 res
1256 2156 1377 2187 creata,

299 2199 385 2231 sicut
405 2197 556 2229 accidens
578 2197 720 2228 subiecto
745 2197 909 2228 intellectu
933 2202 966 2227 et
987 2201 1108 2227 natura
1126 2196 1292 2237 posterius
1315 2201 1379 2233 esr‚·

301 2245 384 2280 licet,
406 2242 584 2274 secundum
607 2251 701 2273 suam
726 2243 897 2278 rationem,
915 2246 1020 2283 prout
1042 2250 1084 2272 ex
1106 2241 1236 2272 actione
1249 2241 1379 2282 agentis

300 2289 494 2324 innascitur,
517 2288 561 2318 sit
581 2287 824 2328 quodammodo
841 2287 943 2328 prior
963 2286 1117 2318 subiecto.

358 2343 388 2365 2.
413 2333 508 2365 Unde
531 2332 574 2363 ad
595 2333 739 2373 primum
762 2332 862 2369 Secti,
885 2332 993 2373 primo
1015 2336 1151 2371 negatur
1170 2331 1224 2361 illa
1239 2331 1379 2361 maxima

301 2388 366 2420 qua
381 2386 618 2419 saepenumero
635 2378 745 2414 utitur,
762 2377 901 2408 scilicet:
925 2375 1016 2407 Illud
1037 2375 1127 2417 quod
1143 2376 1282 2416 proprie
1297 2375 1380 2406 inest

301 2424 402 2455 alicui
425 2428 457 2454 et
478 2423 549 2453 sine
571 2431 635 2464 quo
667 2422 750 2453 illud
779 2422 898 2463 absque
928 2420 1186 2452 contradictione
1216 2429 1285 2450 esse
1313 2429 1378 2450 non

295 2473 414 2510 potest,
431 2472 479 2498 est
493 2467 577 2498 idem
592 2467 654 2497 sibi
670 2466 814 2498 realiter.
838 2466 929 2497 Haec
945 2466 1034 2496 enim
1049 2464 1128 2496 falsa
1151 2470 1215 2495 est:
1240 2470 1276 2495 ut
1291 2469 1380 2505 patet

302 2513 342 2544 de
365 2513 512 2543 subiecto
535 2518 568 2543 et
590 2512 721 2552 propria
744 2512 906 2552 passione,
929 2511 956 2541 si
979 2515 1121 2551 ponatur
1143 2510 1261 2550 passio,
1282 2510 1379 2540 etiam

301 2567 359 2599 per
381 2557 523 2589 divinam
547 2557 739 2598 potentiam,
756 2567 774 2587 a
789 2557 936 2588 subiecto
952 2555 1092 2596 separari
1106 2564 1175 2586 non
1189 2564 1297 2595 posse.
1314 2554 1378 2585 Ubi

302 2603 390 2634 enim
413 2608 462 2634 est
483 2602 664 2633 necessaria
687 2602 851 2633 connexio
874 2601 971 2632 unius
994 2601 1041 2631 rei
1063 2600 1104 2631 ad
1127 2600 1259 2630 alteram
1276 2604 1307 2629 et
1322 2608 1379 2629 ne-

302 2647 437 2679 cessaria
460 2647 603 2688 sequela,
626 2647 671 2678 ibi
700 2656 805 2678 unum
835 2656 902 2677 non
934 2651 1043 2686 potest
1074 2654 1143 2675 esse
1173 2644 1242 2674 sine
1266 2643 1377 2673 altero.

302 2692 355 2724 Sic
379 2698 427 2723 est
449 2692 483 2722 in
507 2693 689 2733 proposito.
714 2692 801 2730 Quia
824 2691 922 2727 enim,
946 2696 982 2720 ut
1005 2689 1122 2720 dicitur
1142 2688 1250 2718 Prima
1275 2687 1378 2723 Parte,

302 2746 334 2778 q.
350 2747 433 2773 ηπ,
450 2746 478 2767 a.
495 2745 521 2774 ι,
537 2736 578 2767 ad
598 2745 626 2773 ι,
642 2745 742 2767 omne
766 2745 823 2766 ens
839 2735 927 2766 aliud
943 2744 961 2764 a
977 2734 1050 2764 Deo
1066 2739 1114 2763 est
1130 2742 1188 2763 ens
1202 2741 1261 2773 per
1281 2732 1378 2772 parti-

301 2782 512 2822 cipationem,
536 2781 683 2821 sequitur
706 2786 742 2811 ut
771 2781 811 2810 sit
841 2780 881 2810 ab
914 2779 978 2809 alio
1007 2783 1185 2808 causatum.
1210 2777 1287 2807 Ideo
1310 2785 1378 2806 non

301 2832 409 2866 potest
424 2835 494 2856 esse
510 2826 631 2866 absque
647 2825 864 2864 dependentia
878 2823 920 2854 ad
936 2832 1080 2854 causam:
1097 2823 1180 2852 sicut
1195 2831 1255 2852 nec
1271 2825 1380 2861 potest

301 2871 405 2901 homo
429 2879 499 2900 esse
522 2870 602 2910 quin
626 2870 745 2900 risibile
769 2869 818 2899 sit.

358 2915 484 2945 Dicitur
506 2913 663 2951 secundo,
688 2913 779 2954 quod
802 2912 1015 2943 contradictio
1040 2911 1124 2941 dicta
1147 2910 1187 2941 de
1218 2909 1379 2949 aliquibus

301 2958 483 2990 secundum
506 2968 575 2989 esse
599 2963 631 2988 et
653 2967 721 2988 non
750 2967 820 2988 esse
850 2966 918 2988 non
941 2955 1037 2986 infert
1059 2955 1178 2986 realem
1201 2954 1379 2985 distinctio-

301 3013 379 3035 nem
394 3004 536 3034 illorum.
561 3003 610 3034 De
626 3012 694 3033 uno
711 3003 798 3033 enim
814 3011 930 3032 eorum
946 3010 1030 3041 quae
1046 3006 1122 3030 sunt
1140 2999 1266 3030 realiter
1281 2998 1378 3035 idem,

301 3055 409 3089 potest
433 3048 611 3089 diciquod
639 3053 696 3084 est,
721 3047 760 3077 de
788 3046 916 3087 reliquo
939 3055 1018 3076 vero
1042 3044 1132 3085 quod
1155 3053 1224 3075 non
1248 3049 1305 3080 est,
1330 3052 1379 3074 se-

302 3093 447 3124 cundum
471 3093 562 3133 quod
583 3092 636 3122 illa
660 3101 709 3123 res
733 3091 896 3131 complete
918 3091 1014 3121 habet
1035 3090 1194 3120 rationem
1211 3089 1317 3124 unius,
1335 3088 1379 3118 al—

301 3139 399 3169 terius
423 3148 499 3168 vero
523 3138 682 3168 rationem
709 3146 776 3167 non
805 3137 901 3166 habet
928 3135 1104 3175 complete:
1134 3135 1216 3164 sicut
1241 3133 1378 3163 dicimus

2416 281 2490 330 307

1423 360 1504 390 velle
1529 359 1675 390 divinum
1691 366 1723 390 et
1739 359 1934 389 creationem
1951 359 2086 390 activam
2107 370 2174 391 esse
2196 362 2321 393 realiter
2346 363 2442 402 idem,
2462 370 2494 395 et

1423 410 1542 441 tamen,
1566 410 1740 444 antequam
1763 413 1812 434 res
1836 409 2028 440 crearentur,
2053 410 2119 434 erat
2134 414 2247 437 verum
2271 407 2386 444 dicere,
2409 409 2493 439 Velle

1423 448 1567 479 divinum
1591 453 1647 484 est,
1672 458 1739 479 non
1763 454 1883 484 autem,
1905 448 1966 478 Est
1988 449 2120 485 creatio,
2144 450 2219 490 quia
2236 451 2289 482 illa
2305 454 2418 483 entitas
2437 454 2492 484 ha-

1423 493 1518 523 bebat
1541 493 1704 533 complete
1727 493 1884 523 rationem
1902 492 1991 529 velle,
2009 503 2076 523 non
2100 501 2208 525 autem
2228 497 2386 528 rationem
2402 507 2492 528 crea-

1422 537 1530 573 tionis,
1546 543 1678 577 propter
1699 536 1861 567 defectum
1884 538 2021 574 termini,
2038 538 2158 569 scilicet
2181 546 2352 572 creaturae.
2377 542 2493 583 Neque
2536 563 2540 567 -

1423 582 1519 612 etiam
1550 582 1789 622 impossibilitas
1820 582 1995 622 recipiendi
2026 583 2098 612 talia
2131 585 2376 617 contradictoria
2399 587 2494 617 infert

1422 627 1542 657 realem
1565 626 1782 657 identitatem:
1807 632 1843 656 ut
1874 627 2038 657 dicebatur
2069 627 2108 657 de
2138 629 2282 660 subiecto
2311 637 2342 661 et
2366 633 2494 672 propria

1422 671 1584 711 passione.

1481 716 1604 746 Dicitur
1627 716 1733 752 tertio,
1757 715 1848 756 quod
1871 722 2013 746 creatura
2041 715 2211 755 dupliciter
2240 724 2346 758 potest
2374 721 2492 761 accipi:

1424 770 1492 791 uno
1508 760 1621 796 modo,
1634 760 1792 797 absolute,
1804 760 1986 790 secundum
2002 770 2093 790 suam
2106 762 2285 799 entitatem;
2303 764 2365 794 alio
2381 765 2492 802 modo,

1424 810 1460 835 ut
1484 814 1552 836 esse
1576 805 1671 836 habet
1695 814 1752 845 per
1775 804 1917 836 divinam
1941 806 2103 835 actionem
2129 812 2159 836 et
2174 815 2232 846 per
2247 808 2350 847 ipsam
2366 818 2494 840 conser-

1424 855 1524 880 vatur.
1542 850 1651 880 Primo
1668 849 1780 886 modo,
1797 849 1909 880 relatio
1927 855 1974 880 est
1989 850 2148 890 posterior
2172 857 2324 889 creatura,
2340 858 2494 894 tanquam

1424 894 1573 925 accidens
1597 895 1676 925 eius.
1701 894 1853 925 Secundo
1877 895 1990 931 modo,
2014 900 2062 925 est
2086 905 2123 925 ea
2150 896 2248 935 prior,
2272 903 2426 937 tanquam
2450 899 2495 929 vi-

1424 939 1541 970 delicet
1564 939 1603 970 de
1627 940 1751 970 ratione
1775 940 1844 970 eius
1867 941 2061 980 inquantum
2082 950 2100 970 a
2117 940 2187 971 Deo
2212 940 2382 981 dependet.
2407 943 2496 974 Sicut

1425 985 1513 1015 enim
1537 983 1576 1015 de
1600 985 1725 1015 ratione
1752 984 1827 1020 albi,
1852 985 2047 1026 inquantum
2076 985 2275 1022 huiusmodi,
2300 992 2346 1017 est
2370 987 2494 1025 albedo,

1424 1029 1467 1059 ita
1490 1028 1530 1059 de
1554 1030 1677 1060 ratione
1702 1034 1874 1065 creaturae,
1903 1030 2097 1070 inquantum
2121 1029 2283 1070 dependet
2306 1032 2344 1061 ab
2369 1033 2495 1062 actione

1425 1074 1542 1111 divina,
1568 1080 1615 1104 est
1644 1074 1756 1104 relatio
1786 1074 2021 1114 dependentiae
2052 1074 2092 1105 ad
2123 1075 2241 1106 Deum.
2265 1075 2306 1106 Et
2329 1078 2405 1116 quia
2427 1086 2495 1107 non

1424 1124 1531 1159 potest
1555 1128 1573 1149 a
1596 1124 1740 1149 creatura
1771 1119 1927 1150 existente
1956 1120 1989 1150 in
2018 1125 2140 1156 natura,
2164 1120 2358 1160 inquantum
2386 1122 2496 1153 huius-

1425 1163 1526 1200 modi,
1550 1164 1710 1194 removeri
1740 1164 1819 1203 quin
1849 1164 1887 1193 ab
1911 1165 2039 1195 actione
2067 1163 2174 1194 divina
2202 1165 2397 1205 dependeat,
2421 1166 2495 1197 ideo

1425 1210 1464 1239 ab
1488 1209 1557 1249 ipsa
1580 1209 1651 1239 talis
1674 1208 1786 1239 relatio
1810 1209 2044 1248 dependentiae
2068 1211 2206 1250 separari
2228 1219 2295 1241 non
2319 1217 2436 1251 potest.

1483 1253 1512 1284 3.
1537 1252 1589 1284 Ad
1618 1252 1808 1290 secundum,
1839 1259 1974 1294 negatur
2005 1253 2094 1294 quod
2125 1253 2340 1294 dependentia
2373 1255 2495 1286 unifor-

1425 1298 1521 1328 miter
1536 1298 1708 1328 conveniat
1732 1297 1878 1328 relationi
1903 1304 1935 1328 et
1957 1298 2035 1328 aliis.
2060 1298 2132 1328 Alia
2149 1300 2235 1330 enim
2251 1310 2333 1340 quae
2350 1301 2496 1331 absoluta

1425 1348 1510 1379 sunt,
1533 1352 1602 1373 non
1625 1342 1807 1373 referuntur
1837 1343 1960 1383 seipsis,
1984 1344 2061 1384 quia
2089 1353 2156 1373 non
2187 1349 2262 1374 sunt
2289 1346 2496 1376 essentialiter

1426 1388 1548 1418 relatio.
1573 1387 1644 1427 Ipsa
1667 1393 1775 1418 autem
1799 1388 1910 1418 relatio
1933 1389 2036 1428 seipsa
2052 1386 2202 1418 refertur:
2229 1390 2304 1429 quia
2320 1396 2367 1420 est
2381 1400 2496 1421 secun-

1427 1432 1506 1463 durn
1530 1441 1623 1462 suam
1646 1433 1816 1463 essentiam
1840 1432 1922 1463 ordo
1947 1438 1979 1462 et
2001 1433 2124 1463 relatio.

1481 1486 1514 1516 4.
1538 1476 1591 1507 Ad
1614 1478 1743 1507 tertium
1767 1476 1883 1508 dicitur
1906 1477 1996 1517 quod
2026 1487 2095 1508 non
2126 1483 2173 1508 est
2202 1487 2294 1508 mens
2317 1479 2497 1510 Aristotelis

1428 1531 1560 1551 omnem
1585 1521 1795 1552 substantiam
1820 1531 1888 1552 esse
1912 1528 2058 1562 tempore
2082 1523 2222 1562 priorem
2247 1524 2392 1563 quolibet
2415 1525 2497 1555 acci-

1428 1565 1540 1596 dente:
1566 1571 1613 1596 est
1637 1567 1724 1596 enim
1748 1566 1854 1607 aliqua
1879 1567 2052 1597 substantia
2070 1577 2152 1607 quae
2169 1568 2207 1597 ab
2223 1568 2388 1598 accidente
2408 1579 2498 1609 sepa-

1428 1611 1488 1640 rari
1503 1619 1571 1640 non
1589 1615 1706 1650 potest,
1723 1616 1754 1640 et
1769 1620 1827 1650 per
1843 1620 2047 1651 consequens
2070 1621 2137 1642 non
2163 1617 2209 1641 est
2228 1613 2317 1642 omni
2335 1613 2498 1644 accidente

1428 1655 1516 1694 prior
1539 1660 1696 1695 tempore.
1721 1655 1784 1685 Sed
1808 1655 1978 1695 dupliciter
2001 1666 2074 1686 vera
2097 1662 2154 1687 est.
2178 1656 2297 1692 Primo,
2321 1658 2499 1688 secundum

1430 1698 1744 1736 Commentatorem‚
1757 1700 1813 1730 Vll
1825 1701 2018 1741 Metaphys„
2036 1707 2211 1731 comment.
2223 1710 2254 1739 4,
2271 1701 2310 1731 de
2325 1703 2500 1733 substantia

1430 1744 1642 1784 corruptibili,
1666 1745 1790 1775 ratione
1813 1746 1964 1775 materiae
1989 1755 2027 1775 ex
2051 1755 2115 1785 qua
2138 1745 2183 1776 fit.
2209 1745 2294 1776 Cum
2324 1747 2409 1777 enim
2433 1757 2500 1778 ma-

1429 1789 1509 1820 teria
1524 1799 1561 1820 ex
1579 1799 1644 1830 qua
1667 1799 1786 1830 corpus
1809 1789 2018 1830 corruptibile
2041 1789 2086 1827 fit,
2110 1791 2280 1831 praecedat
2302 1796 2449 1831 tempore
2469 1792 2501 1822 id

1430 1833 1520 1874 quod
1544 1833 1579 1864 fit
1603 1844 1641 1865 ex
1665 1844 1718 1871 ea,
1743 1834 1913 1875 praecedet
1936 1835 2031 1865 etiam
2056 1845 2154 1866 omne
2178 1835 2326 1866 accidens
2350 1836 2439 1876 quod
2462 1837 2501 1867 ad

1430 1878 1510 1909 illud
1533 1880 1754 1919 consequitur.
1771 1898 1791 1901 —
1809 1879 1971 1916 Secunde,
1989 1879 2079 1920 quod
2098 1881 2273 1910 substantia
2289 1881 2395 1920 aliqua
2410 1891 2500 1922 prae-

1431 1923 1516 1954 cedit
1544 1933 1643 1955 omne
1671 1923 1820 1954 accidens
1849 1930 1996 1964 tempore
2021 1934 2086 1954 non
2112 1930 2342 1966 repugnanter.
2366 1925 2500 1956 Nullum

1431 1969 1519 1999 enim
1538 1969 1687 2000 accidens
1703 1975 1810 2009 potest
1825 1978 1894 2000 esse
1910 1970 1978 2000 sine
2003 1970 2192 2000 substantia:
2217 1969 2272 1999 sed
2298 1971 2378 2000 bene
2393 1970 2500 2010 aliqua

1430 2014 1607 2044 substantia
1630 2020 1737 2054 potest
1761 2023 1829 2044 esse
1852 2015 1921 2044 sine
1944 2013 2120 2050 accidente,
2145 2015 2213 2044 eius
2243 2015 2366 2044 ratione
2395 2016 2500 2045 consi-

1431 2058 1548 2094 derata,
1566 2065 1644 2099 puta
1660 2059 1749 2089 Deus
1765 2064 1819 2089 aut
1835 2059 2073 2099 intelligentiae,
2097 2059 2192 2089 etiam
2209 2059 2387 2089 secundum
2400 2059 2500 2090 Com-

1431 2109 1655 2140 mentatorem‚
1674 2103 1730 2134 XII
1748 2103 1941 2145 Metaphys„
1959 2110 2135 2134 comment.
2155 2105 2205 2134 25.
2231 2103 2387 2141 Quamvis
2414 2105 2500 2134 enim

1432 2154 1608 2189 poneretur
1632 2148 1739 2179 Deum
1762 2148 1802 2178 de
1827 2149 2015 2179 necessitate
2040 2148 2228 2189 produxisse
2252 2149 2377 2179 caelum
2393 2149 2432 2178 ab
2449 2158 2500 2179 ae-

1431 2199 1535 2229 terno,
1560 2198 1591 2224 et
1614 2202 1672 2233 per
1695 2202 1899 2233 consequens
1923 2193 2097 2224 accidentia
2121 2193 2200 2224 caeli
2225 2202 2293 2223 esse
2317 2198 2453 2229 aeterna,
2470 2198 2501 2223 et

1432 2239 1478 2268 sic
1500 2237 1609 2268 Deum
1633 2243 1706 2268 actu
1730 2247 1797 2267 non
1821 2238 2012 2278 praecedere
2037 2244 2184 2278 tempore
2207 2247 2306 2268 omne
2336 2237 2501 2271 accidens;

1430 2289 1539 2314 tamen
1563 2283 1759 2313 substantiae
1783 2282 1910 2313 divinae
1934 2283 2113 2314 secundum
2137 2292 2170 2312 se
2194 2282 2412 2312 consideratae
2435 2291 2502 2312 non

1431 2333 1590 2368 repugnat
1613 2327 1703 2368 quod
1727 2328 1766 2358 sit
1789 2337 1857 2358 non
1881 2328 2089 2358 existentibus
2112 2327 2339 2362 accidentibus,
2357 2336 2396 2357 eo
2414 2326 2502 2366 quod

1433 2372 1472 2403 ad
1495 2373 1598 2413 ipsam
1622 2373 1793 2403 intrinsece
1817 2372 1944 2403 nullum
1968 2373 2116 2404 accidens
2139 2378 2365 2411 consequatur.

1488 2416 1556 2447 VII.
1581 2417 1632 2447 Ad
1655 2417 1807 2448 ultimum
1831 2417 1967 2448 dubium
1983 2418 2000 2433 ἕ
2023 2416 2235 2457 respondetur
2251 2415 2340 2457 quod
2356 2416 2503 2455 superius

1433 2461 1517 2492 dicta
1539 2471 1607 2492 non
1632 2461 1858 2492 contradicunt
1881 2463 1918 2492 iis
1943 2471 2026 2502 quae
2056 2463 2108 2492 hic
2137 2461 2303 2492 dicuntur:
2328 2465 2502 2499 utrumque

1433 2507 1521 2537 enim
1544 2515 1658 2537 verum
1681 2512 1737 2537 est.
1762 2507 1845 2536 Nam
1869 2507 1895 2536 si
1918 2507 2006 2536 Deus
2030 2506 2069 2536 ad
2093 2506 2169 2536 alias
2192 2515 2241 2535 res
2265 2505 2398 2536 refertur
2424 2505 2502 2534 rela-

1432 2551 1522 2581 tione
1543 2561 1564 2581 a
1586 2560 1620 2581 se
1644 2551 1790 2581 distincta
1815 2557 1846 2581 et
1870 2556 2023 2590 separata,
2041 2551 2110 2590 ipsa
2133 2550 2245 2580 relatio
2262 2551 2320 2580 erit
2334 2550 2367 2579 in
2384 2548 2501 2579 eodem

1432 2595 1546 2626 ordine
1569 2604 1645 2626 cum
1669 2595 1737 2625 aliis
1759 2595 1864 2626 rebus.
1889 2594 2051 2625 Omnibus
2074 2595 2171 2631 enim,
2196 2603 2263 2624 non
2286 2593 2392 2624 solum
2409 2593 2501 2622 abso-

1431 2640 1516 2675 lutis,
1533 2639 1590 2670 sed
1606 2639 1703 2670 etiam
1726 2639 1863 2669 relativis
1882 2639 1970 2669 Deus
1984 2645 2033 2669 est
2049 2639 2146 2679 prior,
2163 2644 2194 2668 et
2210 2638 2242 2668 in
2259 2637 2500 2677 comparatione

1431 2683 1471 2714 ad
1495 2684 1606 2714 omnia
1629 2689 1676 2713 est
1699 2692 1864 2714 summum
1887 2684 2023 2714 bonum.
2048 2682 2135 2719 Ideo,
2152 2683 2177 2712 si
2201 2682 2355 2712 relatione
2371 2690 2387 2710 a
2405 2690 2437 2710 se
2453 2680 2500 2710 di-

1430 2728 1545 2758 stincta
1569 2726 1703 2758 refertur
1734 2727 1774 2758 ad
1804 2727 1865 2758 alia
1894 2733 1931 2758 ut
1961 2737 2126 2758 summum
2157 2728 2281 2757 bonum
2307 2730 2337 2756 et
2360 2725 2500 2765 primurn

1431 2782 1499 2808 ens,
1516 2773 1614 2802 etiam
1637 2772 1677 2802 ad
1699 2772 1803 2812 ipsam
1819 2772 2008 2803 relationem
2025 2772 2084 2802 alia
2100 2771 2254 2802 relatione
2270 2780 2288 2800 a
2303 2779 2337 2800 se
2353 2769 2501 2800 distincta

1431 2816 1616 2848 referretur:
1641 2826 1710 2847 non
1733 2817 1820 2848 enim
1843 2818 2077 2848 inconveniens
2100 2822 2148 2847 est
2171 2815 2292 2855 aliquid
2314 2814 2354 2844 ad
2373 2814 2500 2844 relatio-

1431 2871 1508 2892 nem
1531 2862 1613 2892 sicut
1629 2861 1669 2892 ad
1688 2862 1863 2892 terminum
1886 2861 2040 2892 relatione
2064 2859 2182 2891 referri.
2207 2860 2292 2890 Huic
2309 2864 2416 2889 autern
2432 2867 2500 2888 non

1430 2911 1590 2947 repugnat
1613 2905 1703 2946 quod
1726 2906 1838 2937 relatio
1868 2906 1928 2936 alia
1958 2906 2113 2936 relatione
2143 2914 2210 2935 non
2241 2903 2402 2934 referatur.
2431 2902 2499 2932 Nec

1432 2951 1577 2991 sequitur
1593 2960 1631 2981 ex
1646 2951 1711 2982 hoc
1727 2950 1818 2991 quod
1833 2951 1921 2981 Deus
1937 2950 1998 2981 alia
2013 2950 2167 2981 relatione
2182 2948 2351 2980 referretur
2366 2946 2406 2977 ad
2421 2946 2500 2977 rela-

1433 2996 1568 3031 tionem,
1585 2994 1676 3035 quod
1693 2996 1762 3035 ipsa
1778 2995 1890 3026 relan’o
1906 2995 1967 3025 alia
1982 2994 2136 3025 relatione
2160 2993 2312 3024 referatur
2327 2991 2366 3022 ad
2381 2991 2499 3021 Deum.

1431 3040 1504 3081 Ipsa
1527 3041 1615 3071 enim
1638 3040 1750 3070 relatio
1774 3045 1822 3070 est
1845 3040 2053 3070 essentialiter
2075 3038 2197 3075 relatio,
2221 3037 2295 3069 ideo
2326 3036 2429 3075 seipsa
2451 3045 2501 3066 re-

1433 3084 1548 3116 fertur:
1573 3094 1640 3115 non
1665 3089 1773 3115 autem
1797 3084 1886 3115 Deus
1910 3090 1957 3115 est
1980 3084 2187 3114 essentialiter
2205 3081 2326 3117 relatio,
2343 3086 2379 3110 ut
2394 3080 2500 3120 seipso

1432 3128 1586 3160 referatur
1610 3129 1648 3159 ad
1673 3135 1840 3160 creaturas.

2530 2416 2538 2423 ·
2554 2413 2621 2435 Num.
2633 2419 2665 2439 111,
2676 2421 2697 2439 4,
