2768 4134
50 600 59 610 ·
74 598 126 620 Fol.
139 603 163 627 35
170 604 193 620 v.

46 1001 55 1010 ·
69 999 117 1027 Qu.
126 1004 176 1025 vin,
189 1003 210 1019 a.
224 1003 258 1019 io.

43 1535 51 1544 ·
67 1533 102 1556 cf.
125 1539 189 1556 num.
208 1540 255 1560 xvi,

44 1567 63 1587 ι,
78 1560 115 1582 Ex
130 1560 180 1582 hoc.

38 2560 48 2571 '
62 2559 133 2582 Num.
147 2566 205 2588 xvir,
221 2567 239 2582 i.

295 297 369 334 588

759 289 948 328 SUMMA
978 287 1201 325 CONTRA
1229 283 1506 328 GENTILES,
1535 283 1630 320 LIB.
1651 283 1692 328 II,
1724 281 1836 319 CAP.
1858 281 2027 318 XCVIII.

291 381 323 407 et
336 375 429 415 plura
444 375 733 412 repraesentantes:
750 369 833 407 sicut
849 373 880 398 et
895 368 965 407 ipsa
980 366 1157 397 substantia
1173 374 1242 395 esse
1253 364 1363 394 minus
1419 362 1536 393 ctionis
1560 366 1608 392 est
1631 362 1664 391 in
1687 359 1834 391 inferiori
1857 365 1889 390 et
1911 359 2034 400 aliquid
2057 360 2208 400 amplius,
2224 362 2315 392 unite
2338 367 2448 393 tamen
2468 367 2499 393 et

290 422 491 450 contractum
514 420 546 445 et
568 414 669 454 magis
693 423 711 443 a
734 413 867 443 materia
890 416 1055 442 remotum
1070 410 1176 446 habet,
1193 408 1362 449 magisque

289 464 318 494 ei
342 460 432 502 quod
454 460 594 491 maxime
618 467 721 489 unum
745 463 802 493 est,
827 462 859 487 et
883 455 974 496 quod
1005 464 1074 485 uno
1098 454 1247 484 universa
1271 462 1363 483 com—

287 504 465 548 prehendit,
490 503 740 544 appropinquat.

345 559 374 580 2.
398 549 486 580 Hinc
509 546 691 578 excluditur
714 546 856 576 obiectio
886 543 986 580 Scoti,
1009 544 1043 573 in
1068 541 1232 579 Secundo,
1260 541 1291 572 d.
1317 551 1360 577 m,

287 604 319 635 q.
335 605 355 625 x
366 595 394 631 *,
419 594 475 633 qui
498 593 581 622 hanc
597 592 767 629 rationem,
792 594 824 620 et
846 589 899 619 hic
916 594 948 619 et
963 589 997 619 in
1014 588 1120 618 Prima
1143 587 1246 623 Parte,
1263 596 1294 627 q.
1311 595 1360 625 ιν,

287 649 314 670 a.
333 639 362 675 3,
379 643 476 678 atque
500 637 597 667 etiam
621 635 696 666 alibi
720 633 903 670 adductam,
919 632 1032 664 nititur
1056 631 1235 663 confutare.
1252 631 1362 671 Inquit

286 684 372 714 enim
395 691 464 712 non
488 685 639 721 oportere
662 684 698 710 ut
720 678 902 710 intellectus
925 677 1061 708 similior
1076 677 1148 707 Deo
1170 675 1362 707 assimiletur

285 727 386 768 magis
409 726 469 757 sibi
491 727 526 756 in
548 725 613 755 hoc
637 723 728 764 quod
751 729 799 754 est
821 732 879 763 per
901 723 1072 763 pauciores
1096 722 1220 762 species
1243 719 1361 750 intelli-

285 781 370 813 gere,
386 770 443 801 sed
466 771 498 800 in
522 770 586 800 hoc
603 768 694 810 quod
717 773 765 799 est
780 767 895 799 clarius
911 772 943 798 et
965 765 1130 806 limpidius
1149 773 1359 805 cognoscere.

341 815 405 847 Sed
420 819 507 856 patet
531 823 569 845 ex
585 813 677 845 dictis
693 812 784 854 quod
799 821 931 843 necesse
955 816 1003 841 est
1018 811 1115 840 etiam
1131 810 1165 840 in
1187 810 1253 840 hoc
1269 807 1360 849 quod

286 865 333 891 est
359 869 417 901 per
446 859 693 890 universaliores
722 858 846 898 species
875 855 1063 895 intelligere,
1095 854 1359 885 assimilationem

285 904 371 936 fieri:
388 909 522 945 propter
536 903 785 944 proportionem
802 910 900 941 quarn
916 901 999 930 inter
1014 899 1226 930 substantiam
1243 903 1275 928 et
1290 898 1360 928 eius

285 949 445 981 naturales
468 949 679 989 proprietates
703 955 771 977 esse
795 950 935 986 oportet.
960 944 1004 975 Ut
1027 944 1113 974 enim
1138 944 1275 974 habetur
1303 942 1360 972 Ve-

286 995 392 1029 ritate‚
417 994 609 1034 quaestione
632 991 777 1031 allegata,
802 1000 829 1020 a.
858 997 897 1019 ιο
910 990 938 1025 ⁴²,
967 993 1089 1029 quanto
1114 988 1227 1029 aliqua
1256 986 1360 1017 virtus

286 1044 334 1070 est
355 1038 462 1080 magis
492 1037 594 1073 unita,
626 1041 716 1066 tanto
741 1039 789 1065 est
814 1033 984 1075 efficacior
1013 1032 1056 1063 ad
1080 1032 1303 1074 operandum:
1330 1036 1362 1062 et

286 1083 368 1120 ideo,
392 1087 513 1123 quanto
542 1086 590 1112 est
616 1080 725 1115 altior,
758 1083 848 1109 tanto
881 1077 1047 1108 invenitur
1078 1087 1121 1108 ex
1145 1076 1360 1118 paucioribus

286 1127 427 1168 operari,
451 1135 536 1167 quae
559 1130 665 1156 tamen
690 1123 733 1155 ad
755 1124 857 1164 plura
887 1132 921 1153 se
951 1122 1140 1153 extendunt.
1165 1122 1243 1152 Hoc
1273 1120 1359 1151 enim

284 1178 316 1203 et
338 1172 371 1202 in
395 1170 569 1212 cognitivis
591 1175 623 1200 et
645 1170 678 1199 in
704 1167 880 1209 operativis
903 1167 1075 1198 virtutibus
1098 1171 1243 1208 apparet.
1269 1165 1360 1196 Vide-

283 1226 354 1247 mus
377 1215 461 1246 enim
484 1214 572 1256 quod
594 1214 649 1244 ille
664 1213 720 1254 qui
743 1218 790 1243 est
811 1212 998 1243 elevatior-is
1021 1212 1157 1254 ingenii,
1182 1221 1225 1242 ex
1243 1210 1362 1251 paucis

277 1260 451 1302 principiis
473 1259 517 1290 ad
540 1259 652 1290 varias
667 1257 893 1289 conclusiones
906 1256 1066 1297 procedit,
1084 1257 1128 1287 ad
1143 1265 1225 1297 quas
1240 1255 1296 1296 qui
1314 1260 1362 1286 est

281 1304 453 1336 hebetioris
477 1303 611 1345 ingenii,
637 1313 702 1333 non
721 1307 830 1343 potest
846 1301 1026 1342 provenire
1049 1302 1113 1332 nisi
1130 1310 1195 1342 per
1211 1300 1360 1341 particu-

283 1350 369 1381 laria
393 1354 425 1380 et
438 1353 590 1390 coaptata
600 1347 776 1388 principia.
794 1346 952 1377 Similiter
967 1346 1163 1377 architectus
1179 1355 1245 1386 per
1260 1354 1359 1376 unam

273 1395 425 1437 formam
449 1394 531 1424 artis
554 1392 712 1434 dirigitur
735 1392 768 1422 in
793 1391 942 1422 omnibus
972 1391 1005 1421 in
1036 1391 1151 1432 quibus
1181 1390 1360 1432 inferiores

282 1439 424 1480 artifices
441 1448 504 1479 per
526 1437 655 1468 diversa
674 1436 840 1478 principia
864 1436 1066 1477 diriguntur.

337 1483 450 1514 XVIII.
475 1482 570 1514 Circa
592 1481 673 1513 illud
696 1481 787 1522 quod
802 1480 843 1512 de
858 1481 1029 1521 speciebus
1050 1480 1234 1511 intellectus
1257 1480 1359 1511 nom-i

282 1527 398 1559 dicitur
420 1528 484 1558 hoc
507 1527 583 1557 loco
595 1527 622 1563 ἢ
647 1525 879 1557 advertendum
895 1530 944 1556 est
958 1534 1027 1557 non
1051 1526 1096 1556 sic
1112 1524 1359 1566 intelligendum

283 1582 351 1603 esse
384 1572 585 1603 intellectum
615 1576 765 1602 nostrum
793 1569 835 1601 ad
865 1570 1088 1610 cognitionem
1119 1570 1359 1610 cuiuscumque

283 1616 468 1658 quidditatis
484 1616 619 1657 exigere
628 1615 803 1656 propriam
819 1620 850 1645 et
863 1614 1081 1655 adaequatam
1097 1615 1245 1655 speciem,
1267 1615 1359 1655 quasi

282 1661 505 1702 per'speciem
528 1661 626 1691 unius
649 1659 836 1700 quidditatis
859 1668 927 1690 non
951 1660 1054 1699 possit
1076 1658 1178 1690 modo
1202 1660 1360 1700 quopiam

283 1706 378 1737 aliam
408 1704 621 1746 quidditatem
644 1704 838 1744 intelligere:
864 1713 941 1735 cum
965 1703 1090 1734 dicatur
1111 1704 1164 1734 hic
1188 1703 1279 1744 quod
1296 1713 1360 1745 per

282 1750 419 1791 speciem
435 1750 588 1780 animalis
604 1753 825 1791 cognoscatur
847 1753 879 1779 et
901 1748 1065 1779 rationale
1079 1753 1111 1778 et
1132 1748 1230 1779 homo
1245 1758 1360 1779 secun-

283 1795 359 1826 dum
383 1795 478 1836 quid;
501 1799 533 1824 et
556 1794 672 1830 Prima,
696 1803 728 1834 q.
745 1803 798 1829 xn,
823 1802 850 1823 a.
872 1800 922 1829 ιο,
946 1791 986 1823 ad
1006 1801 1033 1829 1,
1057 1792 1183 1823 dicatur
1210 1793 1301 1834 quod
1325 1793 1358 1824 in

282 1839 387 1880 specie
416 1839 556 1869 hominis
582 1838 795 1880 cognoscitur
817 1837 943 1868 animal
966 1842 997 1868 et
1023 1838 1207 1874 rationale;
1230 1836 1262 1869 et
1285 1838 1358 1868 uni-

282 1884 445 1914 versaliter
459 1892 573 1913 verum
592 1883 632 1913 sit
647 1882 738 1923 quod
754 1891 812 1922 per
831 1882 974 1922 speciem
994 1882 1094 1912 totius
1113 1887 1358 1922 cognoscuntur

280 1933 396 1969 partes.
413 1927 477 1958 Sed
491 1926 739 1967 intelligendum
752 1931 799 1956 est
815 1925 855 1956 de
871 1926 1060 1966 cognitione
1073 1925 1221 1957 distincta
1234 1932 1265 1957 et
1281 1935 1357 1966 pro-

280 1973 359 2013 pria,
383 1981 448 2012 qua
472 1972 680 2011 cognoscitur
695 1971 775 2000 haec
791 1969 953 2010 quidditas
969 1975 1006 2000 ut
1021 1971 1060 2000 ab
1077 1971 1169 2000 omni
1185 1970 1246 2001 alia
1262 1970 1356 2010 quid-

280 2016 377 2048 ditate
401 2016 610 2046 essentialiter
625 2020 658 2046 et
672 2013 853 2045 secundum
869 2015 1016 2054 proprias
1033 2013 1226 2045 differentias
1245 2014 1356 2045 distin-

279 2062 396 2102 guitur.
422 2060 471 2091 De
494 2061 554 2091 hac
578 2060 666 2090 enim
690 2059 878 2099 cognitione
902 2059 1059 2090 hocloco
1075 2059 1211 2090 habetur
1232 2068 1355 2090 sermo:

280 2107 356 2146 quia
371 2104 489 2135 modus
505 2114 573 2145 quo
589 2104 765 2135 substantia
784 2107 928 2143 separata
946 2112 996 2134 res
1012 2103 1162 2135 distincte
1186 2105 1356 2144 cognoscit

279 2151 497 2190 investigatur.
515 2150 556 2180 Et
571 2148 612 2179 de
627 2149 686 2179 hac
702 2149 837 2189 ponitur
852 2147 1031 2179 differentia
1045 2149 1128 2179 inter
1143 2149 1354 2180 substantiam

279 2199 456 2236 separatam
480 2199 512 2224 et
537 2193 739 2225 intellectum
766 2193 964 2223 humanum:
989 2193 1081 2233 quod
1110 2193 1260 2224 videlicet
1282 2203 1355 2235 spe-

279 2241 344 2270 cies
359 2239 542 2270 intellectus
560 2238 695 2270 humani
719 2238 837 2279 quibus
860 2247 910 2268 res
934 2242 965 2268 et
989 2237 1183 2278 quidditates
1206 2238 1355 2270 distincte

280 2290 311 2315 et
326 2284 457 2325 proprie
473 2288 727 2324 cognoscuntur,
743 2281 926 2313 secundum
942 2281 1158 2314 diversitatem
1174 2293 1283 2314 rerum
1299 2293 1355 2314 co-

279 2329 441 2369 gnitarum
456 2333 531 2358 sunt
555 2327 712 2364 diversae3
728 2337 794 2358 una
817 2332 926 2357 autem
950 2328 1075 2367 species
1094 2328 1290 2359 substantiae
1305 2338 1355 2360 se-

279 2379 407 2414 paratae
423 2372 584 2404 sufficiens
600 2377 648 2403 est
671 2371 711 2403 ad
727 2372 834 2412 plures
851 2370 1045 2412 quidditates
1060 2373 1354 2413 repraesentandas‚

281 2423 313 2448 et
335 2417 515 2448 secundum
531 2417 679 2448 ordinem
695 2417 838 2457 ipsarum
861 2416 1112 2448 substantiarum
1129 2418 1162 2448 in
1187 2418 1354 2449 nobilitate

280 2468 313 2493 et
340 2462 554 2503 simplicitate,
582 2467 656 2492 sunt
686 2461 787 2502 magis
810 2461 1006 2492 universales
1033 2467 1089 2493 aut
1115 2463 1217 2502 magis
1248 2464 1281 2494 in
1305 2473 1355 2494 re-

280 2505 514 2548 praesentando
539 2511 732 2537 contractae.

339 2560 368 2582 2.
392 2550 456 2582 Sed
471 2551 602 2582 resultat
623 2556 702 2582 tunc
718 2550 898 2581 difficultas.
915 2550 1047 2582 Dictum
1067 2557 1114 2582 est
1130 2552 1218 2582 enim
1230 2552 1248 2568 ⁴*
1263 2551 1355 2593 quod

280 2597 403 2636 species
425 2595 632 2636 intelligibilis
662 2600 710 2626 est
739 2594 885 2626 eiusdem
914 2595 1046 2626 rationis
1074 2606 1151 2627 cum
1175 2596 1354 2637 quidditate

279 2650 337 2681 per
359 2641 462 2681 ipsam
485 2645 720 2680 repraesentata
744 2645 776 2671 et
805 2645 853 2671 est
876 2640 989 2671 eadem
1021 2650 1098 2672 cum
1127 2641 1191 2678 illa,
1222 2641 1297 2673 licet
1320 2643 1354 2673 in

279 2684 380 2716 modo
404 2684 530 2716 essendi
553 2684 708 2716 differant.
729 2684 792 2716 Sed
816 2694 881 2716 una
897 2685 1058 2726 quidditas
1073 2695 1142 2717 non
1158 2691 1266 2728 potest
1284 2695 1354 2718 esse

279 2730 387 2770 plures
411 2729 618 2770 quidditates:
643 2739 710 2760 non
735 2730 822 2761 enim
846 2729 1007 2770 quidditas
1037 2730 1152 2771 lapidis
1182 2737 1230 2762 est
1259 2731 1355 2772 quid-

280 2774 360 2805 ditas
390 2774 528 2814 plantae.
560 2774 647 2814 Ergo
677 2784 743 2805 una
765 2775 889 2815 species
913 2775 1121 2816 intelligibilis
1151 2786 1219 2807 non
1247 2782 1356 2817 potest

281 2828 349 2849 esse
372 2819 516 2859 plurium
540 2818 757 2860 quidditatum
780 2820 914 2860 species.

338 2863 367 2894 3.
385 2863 435 2894 Ad
459 2864 556 2895 huius
571 2864 776 2901 evidentiam,
793 2863 1066 2895 considerandum
1083 2870 1130 2895 est
1151 2865 1242 2906 quod
1265 2866 1356 2897 aliter

281 2908 485 2948 loquendum
508 2913 556 2939 est
579 2908 619 2940 de
642 2910 750 2950 specie
774 2909 813 2940 ab
837 2909 968 2940 obiecto
984 2915 1128 2946 causata;
1154 2916 1185 2941 et
1208 2911 1299 2942 aliter
1315 2910 1355 2942 de

282 2962 318 2983 ea
342 2962 424 2993 quae
447 2953 624 2984 intellectui
647 2954 844 2985 substantiae
867 2959 1031 2994 separatae
1055 2956 1274 2987 connaturalis
1297 2961 1354 2993 est,

282 3006 301 3027 a
323 2997 395 3028 Deo
418 2998 478 3028 sibi
493 2998 744 3029 communicata.
763 2998 848 3029 Nam
871 2999 995 3039 species
1011 2999 1050 3029 ab
1074 3000 1205 3031 obiecto
1227 3007 1356 3032 causata

282 3046 356 3072 nata
379 3047 426 3073 est
448 3042 556 3074 solum
578 3043 667 3074 illam
696 3042 910 3083 quidditatem
939 3050 1177 3084 repraesentare
1207 3045 1356 3077 distincte

283 3095 301 3116 a
316 3095 380 3127 qua
396 3092 524 3118 causata
539 3093 587 3118 est
602 3097 660 3128 per
674 3087 812 3119 modum
830 3087 964 3118 obiecti:
982 3088 1059 3129 quia
1074 3098 1111 3120 ex
1135 3090 1208 3130 ipso
1225 3091 1355 3122 obiecto

283 3140 301 3160 a
324 3140 391 3171 quo
416 3137 574 3168 causatur,
599 3131 902 3163 determinationem
933 3138 965 3163 et
994 3133 1222 3165 limitationem
1247 3135 1355 3166 habet.

283 3174 347 3206 Sed
369 3177 493 3216 species
516 3186 600 3217 quae
623 3186 692 3208 non
712 3182 759 3208 est
782 3178 821 3208 ab
838 3177 969 3208 obiecto
993 3184 1133 3215 causata,
1150 3179 1206 3210 sed
1229 3189 1247 3210 a
1271 3180 1355 3217 Deo,

283 3229 350 3250 non
374 3221 562 3252 inconvenit
577 3220 669 3262 quod
685 3221 793 3262 plures
809 3221 1003 3263 quidditates
1027 3223 1060 3254 in
1083 3232 1151 3254 uno
1175 3225 1355 3262 communi,

284 3264 374 3304 quod
387 3265 426 3296 sit
437 3266 580 3306 primum
593 3271 624 3296 et
635 3265 852 3307 adaequatum
865 3267 986 3308 speciei
998 3267 1175 3305 obiectum,
1188 3275 1357 3301 contentas

283 3315 513 3349 repraesentet:
539 3311 625 3351 quia,
650 3311 733 3342 sicut
757 3310 863 3342 divina
888 3311 1025 3343 essentia
1049 3318 1098 3344 est
1120 3314 1252 3354 propria
1275 3315 1356 3345 ratio

285 3358 316 3383 et
337 3355 468 3394 propria
491 3355 614 3396 species
631 3356 780 3387 omnium
797 3356 1058 3398 intelligibilium,
1074 3357 1288 3398 inadaequata
1310 3364 1356 3389 ta—

284 3406 369 3434 men,
393 3399 436 3429 ita
459 3404 567 3439 potest
582 3400 724 3441 speciem
739 3400 973 3442 intelligibilem
997 3403 1031 3433 in
1054 3402 1167 3443 aliquo
1190 3402 1356 3434 intellectu

285 3450 391 3473 creare
407 3452 501 3483 quae,
518 3453 583 3475 una
599 3445 746 3482 existens,
759 3446 800 3476 sit
815 3447 945 3487 propria
962 3447 1087 3488 species
1102 3446 1247 3488 plurium
1263 3447 1357 3488 quid-

286 3485 430 3524 ditatum,
446 3488 527 3519 nulli
546 3489 674 3520 illarum
689 3488 876 3531 adaequata,
893 3491 951 3523 sed
966 3491 1127 3523 excellens
1142 3501 1357 3532 unamquam-

287 3538 360 3569 que,
375 3531 496 3563 habens
512 3533 644 3574 aliquod
660 3543 837 3566 commune
856 3535 917 3566 illis
934 3545 994 3577 pro
1011 3536 1142 3567 obiecto
1165 3535 1357 3577 adaequato.

286 3573 355 3605 Nec
377 3576 440 3607 hoc
464 3581 511 3607 est
533 3578 776 3610 inconveniens.
794 3579 884 3611 Sicut
901 3581 988 3612 enim
1003 3590 1072 3612 non
1093 3581 1283 3612 inconvenit
1301 3581 1357 3612 ali-

288 3626 386 3657 quam
400 3626 546 3652 naturam
562 3621 743 3663 digniorem
759 3623 939 3656 secundum
956 3634 1025 3656 esse
1041 3630 1174 3657 naturae
1190 3626 1357 3657 continere

287 3660 471 3695 inferiorem
501 3667 689 3705 eminenter,
721 3668 916 3709 inquantum
947 3670 1044 3701 habet
1072 3669 1230 3711 quicquid
1253 3670 1358 3711 perfe-

1416 405 1599 437 secundum
1623 414 1693 436 esse
1716 414 1823 435 unum
1846 403 1942 440 reale,
1966 404 2050 435 sicut
2072 405 2181 435 anima
2199 405 2396 437 intellectiva
2419 416 2499 437 con-

1416 451 1498 482 tinet
1520 450 1707 481 sensitivam
1731 454 1764 480 et
1778 449 2010 489 vegetativam3
2035 449 2078 479 ita
2094 458 2163 480 non
2186 450 2376 481 inconvenit
2398 460 2499 482 unam

1415 496 1559 535 speciem
1574 493 1811 534 intelligibilem
1827 494 2004 534 superioris
2020 494 2218 524 substantiae
2237 500 2403 535 separatae
2420 505 2499 527 con-

1414 540 1518 571 tinere
1542 540 1724 570 eminenter
1746 538 1872 579 species
1895 537 2057 569 inferioris
2084 538 2284 570 substantiae
2313 544 2347 570 et
2376 539 2500 580 aliquid

1416 585 1557 625 amplius
1581 585 1615 614 in
1640 592 1710 614 esse
1734 582 1928 623 intelligibili
1952 588 1985 613 et
2007 584 2297 623 repraesentativo;
2317 589 2355 614 ut
2377 584 2500 616 scilicet

1417 628 1575 670 quicquid
1599 627 1809 669 perfectionis
1833 632 1881 658 est
1904 628 1939 658 in
1962 627 2108 659 inferiori
2131 629 2251 668 specie,
2277 629 2312 659 in
2339 630 2500 669 superiori

1415 674 1632 709 contineatur,
1653 678 1686 703 et
1709 672 1858 713 superior
1873 677 2093 712 repraesentet
2108 673 2266 714 quicquid
2282 679 2500 714 repraesentat

1417 719 1542 759 species
1564 717 1699 748 inferior
1722 722 1754 748 et
1777 716 1901 757 aliquid
1924 716 2022 748 aliud.

1473 762 1526 794 Ad
1553 762 1692 794 dubium
1720 770 1798 802 ergo
1826 761 1944 792 dicitur
1966 760 2059 802 quod
2085 769 2155 792 non
2181 762 2372 793 inconvenit
2398 772 2499 793 unam

1415 807 1630 849 quidditatem
1654 815 1723 837 esse
1740 806 1849 847 plures
1866 805 2062 847 quidditates
2085 806 2120 836 in
2135 815 2206 837 esse
2221 807 2414 848 intelligibili
2430 808 2498 838 ina-

1418 852 1587 893 daequate,
1611 853 1678 882 sive
1703 851 1894 882 eminenter.
1924 850 2049 881 Eadem
2075 851 2164 882 enim
2186 852 2312 891 species
2339 861 2424 892 quae
2451 858 2499 883 est

1412 897 1653 938 ntelligibiliter
1666 895 1829 937 quidditas
1845 895 1970 936 lapidis,
1984 900 2093 936 potest
2105 904 2174 926 esse
2191 895 2353 936 quidditas
2368 896 2498 937 plantae

1414 943 1604 978 eminenter,
1630 941 1779 982 quamvis
1802 950 1868 972 una
1890 939 2019 971 illarum
2046 949 2115 971 non
2138 940 2243 980 possit
2272 950 2343 972 esse
2373 941 2435 972 alia
2463 943 2497 973 in

1414 997 1483 1018 esse
1506 986 1660 1018 naturali:
1686 987 1770 1017 sicut
1793 985 1932 1016 essentia
1947 985 2057 1016 divina
2073 990 2122 1016 est
2144 986 2296 1016 omnium
2319 986 2401 1017 ratio
2417 987 2498 1017 emi-

1413 1037 1528 1063 nenter
1551 1037 1584 1063 et
1606 1030 1833 1071 inadaequate,
1857 1030 1935 1061 licet
1957 1031 2047 1071 ipsae
2075 1039 2126 1060 res
2155 1039 2225 1061 non
2255 1031 2320 1061 sint
2350 1030 2498 1062 eiusdem

1413 1077 1547 1108 rationis
1571 1081 1659 1107 extra
1680 1076 1898 1111 intellectum;
1923 1080 1955 1105 et
1979 1075 2063 1106 sicut
2078 1080 2192 1106 natura
2206 1075 2335 1116 generis
2351 1076 2498 1107 continet

1413 1121 1553 1152 diversas
1577 1121 1703 1162 species
1727 1119 1958 1161 potentialiter,
1982 1129 2068 1160 quae
2090 1125 2200 1150 tamen
2216 1129 2287 1151 non
2302 1125 2379 1151 sunt
2399 1121 2497 1151 unius

1412 1167 1545 1197 rationis
1568 1164 1758 1207 specificae;
1775 1165 1850 1196 iicet
1870 1165 1930 1196 ista
1945 1165 1986 1196 sit
2001 1165 2063 1195 alia
2078 1165 2280 1196 continentia
2294 1174 2394 1206 quam
2418 1174 2498 1196 con-

1413 1212 1550 1242 tinentia
1571 1210 1703 1252 speciei.
2415 1216 2417 1218 ·

1469 1256 1554 1287 XIX.
1578 1256 1627 1286 Ex
1650 1256 1718 1286 istis
1740 1259 1830 1295 patet
1857 1253 2030 1296 quomodo
2060 1253 2310 1295 intelligendum
2341 1255 2383 1285 sit
2405 1253 2498 1295 quod

1414 1301 1531 1332 dicitur
1558 1301 1676 1337 Prima,
1702 1309 1734 1341 q.
1755 1309 1806 1336 nv,
1827 1309 1855 1330 a.
1878 1299 1908 1336 3,
1936 1298 1977 1330 ad
2001 1298 2031 1336 3,
2063 1298 2165 1340 quod,
2194 1299 2342 1340 inquam,
2371 1299 2497 1340 species

1414 1346 1602 1377 universalis
1626 1354 1711 1387 quae
1735 1350 1783 1376 est
1805 1345 1840 1375 in
1855 1349 1966 1375 mente
1984 1343 2168 1375 intellectus
2191 1344 2339 1385 angelici,
2357 1349 2499 1385 propter

1413 1392 1484 1422 eius
1507 1391 1734 1422 excellentiam
1758 1394 1866 1431 potest
1889 1397 1959 1420 esse
1982 1389 2114 1430 propria
2135 1389 2218 1420 ratio
2240 1389 2395 1431 plurium.
2420 1388 2497 1421 Non

1413 1436 1502 1467 enim
1517 1435 1765 1476 intelligendum
1781 1440 1829 1465 est
1852 1433 1893 1465 de
1908 1434 1979 1465 eius
1994 1434 2184 1466 excellentia
2205 1434 2240 1465 in
2255 1433 2405 1470 essendo,
2420 1433 2497 1465 licet

1413 1482 1538 1522 species
1554 1481 1661 1521 angeli
1676 1480 1853 1521 superioris
1867 1479 1985 1510 habeat
2000 1479 2143 1510 nobilius
2161 1487 2231 1510 esse
2247 1488 2348 1520 quam
2370 1479 2496 1520 species

1413 1526 1520 1567 angeli
1531 1525 1703 1557 inferioris.
1720 1525 1806 1556 Nam
1817 1524 1956 1556 Sanctus
1971 1523 2118 1555 Thomas
2135 1523 2245 1559 Ver-it..
2262 1533 2294 1565 q.
2309 1533 2378 1561 vm,
2394 1533 2423 1555 a.
2444 1531 2495 1561 ιο,

1413 1570 1453 1602 ad
1469 1571 1527 1602 ult.
1538 1571 1565 1607 ⁴²,
1590 1580 1719 1612 ponens
1742 1569 1958 1601 differentiam
1980 1569 2065 1599 inter
2084 1569 2210 1610 species
2230 1569 2416 1601 intellectus
2438 1577 2495 1600 an·

1413 1615 1507 1656 gelici
1531 1621 1564 1646 et
1586 1617 1711 1656 species
1733 1614 1918 1646 intellectus
1941 1614 2055 1650 noan-i,
2080 1613 2158 1645 dicit
2187 1614 2280 1655 quod
2312 1614 2392 1645 illae
2417 1619 2498 1646 sunt

1413 1660 1664 1692 excellentiores
1687 1659 1782 1691 rebus
1806 1659 1904 1700 ipsis:
1930 1659 2004 1690 ideo
2034 1668 2100 1689 una
2125 1663 2236 1699 potest
2260 1667 2330 1690 esse
2353 1659 2496 1701 propria

1415 1705 1501 1736 ratio
1520 1705 1682 1746 plurium.
1710 1704 1839 1745 Species
1861 1709 1969 1735 autem
1994 1703 2176 1734 intellectus
2199 1703 2306 1734 nostri
2329 1713 2395 1734 non
2418 1709 2497 1735 sunt

1414 1750 1663 1781 excellentiores
1687 1749 1783 1780 rebus
1807 1748 1884 1789 ipsis
1906 1752 2065 1790 quantum
2082 1747 2126 1779 ad
2149 1749 2494 1788 repraesentationem,

1414 1795 1490 1826 licet
1511 1795 1578 1826 sint
1599 1794 1849 1826 excellentiores
1863 1798 2022 1834 quantum
2045 1793 2090 1824 ad
2104 1793 2237 1824 modum
2260 1793 2406 1825 essendi:
2421 1793 2495 1826 ideo

1414 1850 1481 1870 una
1498 1849 1564 1870 non
1584 1843 1694 1880 potest
1708 1848 1777 1870 esse
1786 1838 1928 1879 propria
1945 1838 2032 1869 ratio
2051 1837 2212 1879 plurium.
2229 1838 2278 1869 Ex
2301 1839 2423 1878 quibus
2436 1847 2495 1880 ap-

1412 1890 1503 1925 paret
1526 1883 1617 1924 quod
1641 1883 1830 1915 excellentia
1853 1884 1887 1913 in
1911 1883 2049 1914 essendo
2069 1891 2138 1913 non
2162 1888 2210 1913 est
2232 1883 2354 1922 speciei
2375 1883 2494 1916 intem-

1410 1928 1501 1969 gibili
1524 1937 1621 1959 causa
1645 1937 1745 1968 quare
1769 1936 1835 1958 una
1858 1935 1928 1958 esse
1951 1927 2054 1967 possit
2076 1926 2222 1967 plurium
2244 1928 2378 1967 propria
2399 1929 2493 1960 ratio.

1467 1972 1531 2003 Sed
1555 1972 1727 2013 dupliciter
1750 1977 1858 2012 potest
1885 1971 2010 2002 dictum
2033 1971 2143 2002 Sancti
2170 1971 2322 2002 Thomae
2345 1971 2492 2014 intelligi.

1410 2017 1530 2054 Primo,
1554 2016 1647 2058 quod
1673 2016 1863 2047 excellentia
1893 2016 1991 2047 unius
2015 2016 2136 2056 speciei
2164 2015 2373 2057 intelligibilis
2395 2025 2494 2059 super

1409 2061 1505 2092 aliam
1521 2062 1554 2092 in
1579 2070 1648 2092 esse
1673 2060 1888 2102 quidditativo
1908 2065 1962 2092 -est
1984 2061 2082 2092 huius
2103 2061 2197 2092 ratio.
2221 2060 2310 2092 Cum
2333 2061 2432 2099 enim,
2455 2067 2494 2094 ut

1409 2105 1533 2137 dictum
1558 2112 1605 2137 est
1620 2107 1648 2142 θ,
1673 2106 1798 2147 species
1819 2104 2030 2147 intelligibilis
2053 2106 2094 2136 sit
2114 2106 2186 2147 ipsa
2211 2105 2375 2147 quidditas
2397 2106 2493 2139 intel-

1409 2150 1502 2188 lecta,
1527 2151 1552 2182 si
1577 2160 1643 2182 una
1665 2151 1791 2191 species
1817 2150 1859 2181 sit
1880 2150 1990 2191 plures
2014 2149 2212 2191 quidditates
2242 2150 2333 2182 unite
2356 2157 2389 2182 et
2413 2152 2492 2183 sim-

1408 2196 1535 2236 pliciter
1557 2196 1592 2226 in
1616 2204 1685 2226 esse
1709 2195 1914 2236 intelligibili,
1930 2195 1985 2226 illa
2009 2200 2118 2236 potest
2132 2204 2202 2226 esse
2224 2196 2306 2226 ratio
2329 2195 2491 2237 plurium:

1409 2241 1435 2271 si
1458 2246 1568 2271 autem
1592 2249 1661 2271 non
1685 2241 1726 2271 sit
1749 2240 1859 2281 plures
1881 2239 2076 2280 quidditates
2099 2239 2164 2271 hoc
2186 2239 2300 2277 modo,
2324 2249 2393 2272 non
2417 2247 2491 2283 pot-

1410 2285 1469 2316 erit
1493 2294 1562 2316 esse
1586 2285 1730 2326 plurium
1745 2285 1878 2326 propria
1892 2285 1985 2316 ratio.
2002 2284 2089 2324 Quia
2107 2293 2186 2325 ergo
2205 2285 2331 2326 species
2353 2286 2491 2327 angelici

1408 2330 1592 2361 intellectus
1615 2329 1694 2361 tales
1717 2335 1794 2361 sunt
1815 2330 1850 2361 in
1873 2329 1989 2360 ordine
2012 2329 2053 2361 ad
2075 2330 2201 2370 species
2223 2329 2407 2362 intellectus
2428 2339 2491 2363 no-

1409 2375 1464 2405 stn·
1488 2374 1579 2415 quod
1603 2384 1669 2406 una
1691 2375 1821 2406 illarum
1837 2380 1886 2406 est
1908 2374 2000 2405 unite
2015 2374 2125 2415 plures
2144 2373 2350 2415 quidditates,
2375 2380 2490 2417 utpote

1408 2420 1448 2450 ab
1472 2420 1610 2450 essentia
1633 2419 1752 2456 divina,
1776 2429 1861 2461 quae
1877 2427 1994 2450 omnes
2009 2418 2206 2460 quidditates
2221 2420 2313 2451 unite
2332 2420 2490 2460 continet,

1408 2464 1595 2495 immediate
1619 2465 1849 2505 provenientes
1872 2469 1904 2495 et
1927 2463 1974 2495 illi
1997 2463 2266 2505 propinquiores;
2281 2464 2362 2496 istae
2379 2470 2491 2497 auten

1409 2514 1484 2540 sunt
1507 2509 1586 2540 tales
1610 2508 1701 2550 quod
1724 2518 1790 2540 una
1813 2510 1957 2550 ipsarum
1985 2514 2034 2540 est
2063 2514 2192 2540 tantum
2218 2518 2285 2540 una
2315 2508 2488 2550 quidditas,

1409 2559 1523 2594 utpote
1548 2554 1588 2584 ab
1611 2563 1677 2585 una
1701 2553 1882 2595 quidditate
1909 2554 2060 2584 exteriori
2087 2558 2231 2585 causata:
2259 2553 2336 2585 ideo
2359 2563 2426 2586 una
2451 2554 2492 2586 il-

1407 2599 1511 2630 larum
1535 2603 1644 2639 potest
1666 2599 1770 2640 accipi
1793 2603 1831 2629 ut
1852 2599 1984 2639 propria
2003 2599 2085 2629 ratio
2108 2597 2263 2639 plurium,
2286 2607 2357 2630 non
2380 2604 2490 2631 autem

1407 2653 1474 2674 una
1496 2644 1640 2674 istarum.
1697 2657 1699 2659 ·

1465 2687 1618 2719 Secundo
1646 2692 1754 2728 potest
1784 2687 1920 2728 intelligi
1951 2686 2044 2728 quod
2072 2687 2169 2718 buius
2199 2687 2281 2719 ratio
2309 2693 2358 2719 est
2385 2688 2490 2720 excel-

1407 2733 1506 2764 lentia
1529 2733 1650 2774 speciei
1665 2732 1830 2773 angelicae
1853 2732 1887 2763 in
1910 2731 2194 2773 repraesentando.
2211 2731 2298 2771 Quia
2313 2733 2403 2764 enim
2424 2741 2490 2765 una

1408 2778 1533 2819 species
1557 2777 1694 2819 angelici
1717 2777 1900 2808 intellectus
1922 2786 1992 2808 non
2015 2782 2143 2808 tantum
2158 2785 2259 2808 unam
2275 2776 2491 2818 quidditatem

1408 2822 1550 2863 perfecte
1567 2828 1599 2854 et
1615 2821 1764 2853 distincte
1787 2827 2015 2863 repraesentat,
2030 2821 2088 2853 sed
2110 2821 2230 2863 plures,
2254 2821 2330 2853 ideo
2353 2831 2422 2854 non
2436 2831 2491 2854 so-

1409 2868 1478 2898 lum
1501 2873 1550 2898 est
1572 2867 1704 2908 propria
1726 2867 1807 2898 ratio
1831 2867 1939 2904 unius,
1955 2866 2013 2898 sed
2028 2867 2133 2907 accipi
2156 2871 2265 2908 potest
2287 2871 2324 2898 ut
2345 2865 2491 2908 plurium

1409 2913 1554 2953 propria:
1579 2913 1674 2949 sicut,
1698 2912 1775 2952 quia
1798 2912 1936 2943 essentia
1966 2911 2075 2942 divina
2098 2916 2146 2943 est
2169 2910 2312 2952 perfecta
2339 2912 2491 2943 omnium

1408 2966 1517 2988 rerum
1541 2955 1731 2993 similitudo,
1755 2955 1832 2988 ideo
1848 2961 1956 2997 potest
1979 2956 2084 2997 accipi
2106 2961 2144 2987 ut
2166 2956 2299 2998 propria
2321 2955 2394 2988 idea
2416 2956 2491 2998 plu-

1409 3002 1504 3033 rium.
1529 3019 1552 3025 —
1574 3001 1648 3033 Hoc
1672 3002 1782 3032 haberi
1805 3006 1914 3042 potest
1937 3010 1976 3032 ex
1999 3000 2076 3033 loco
2095 3000 2233 3042 allegato
2256 3001 2290 3032 in
2311 3000 2378 3040 Qu.
2391 3001 2489 3033 Ver-lt.

1465 3047 1541 3078 Non
1557 3047 1664 3077 obstat
1686 3046 1763 3077 huic
1780 3046 1871 3087 quod
1892 3045 2029 3078 Sanctus
2045 3045 2192 3077 Thomas
2207 3045 2329 3077 ibidem
2345 3045 2491 3087 loquitur

1409 3090 1450 3122 de
1473 3092 1581 3133 specie
1605 3091 1751 3132 angelica
1774 3090 2061 3132 proportionaliter
2078 3089 2120 3122 ad
2135 3090 2308 3122 essentiam
2330 3089 2488 3123 divinam:

1410 3141 1537 3167 constat
1553 3141 1662 3168 autem
1675 3135 1767 3177 quod
1782 3136 1837 3167 illa
1852 3141 1987 3177 propter
1998 3135 2222 3167 excellentiam
2237 3135 2272 3166 in
2287 3133 2426 3167 essendo
2441 3139 2491 3167 eet

1410 3182 1541 3222 propria
1564 3181 1646 3212 ratio
1670 3180 1824 3221 plurium.
1848 3198 1872 3204 -
1894 3180 2021 3212 Dicitur
2043 3180 2133 3212 enim
2163 3180 2282 3221 primo,
2306 3178 2398 3221 quod
2418 3187 2489 3211 non

1409 3231 1543 3267 propter
1566 3225 1791 3257 excellentiam
1814 3227 1848 3257 in
1875 3225 2025 3262 essendo,
2053 3224 2110 3256 sed
2136 3229 2271 3266 propter
2296 3223 2489 3256 infinitatem

1409 3279 1486 3301 suae
1502 3276 1646 3307 naturae,
1659 3275 1691 3301 et
1707 3275 1841 3311 propter
1856 3269 2081 3302 excellentiam
2097 3270 2132 3300 in
2146 3266 2429 3310 repraesentando,
2441 3273 2490 3299 eet

1409 3315 1553 3355 plurium
1577 3315 1708 3355 propria
1730 3315 1822 3346 ratio.
1838 3332 1862 3338 -
1885 3315 2012 3346 Dicitur
2034 3313 2191 3350 secundo,
2215 3311 2308 3354 quod
2330 3312 2389 3343 ista
2412 3321 2488 3353 pro-

1410 3361 1518 3400 portio
1534 3360 1692 3400 accipitur
1707 3358 1888 3391 secundum
1905 3359 2130 3390 excellentiam
2146 3357 2183 3389 in
2205 3355 2488 3398 repraesentando,

1411 3413 1479 3435 non
1507 3410 1616 3436 autem
1640 3404 1673 3435 in
1697 3403 1847 3436 essendo.

1465 3448 1542 3480 Non
1566 3449 1673 3480 obstat
1696 3449 1794 3480 etiam
1818 3448 1895 3490 quia
1917 3447 2008 3479 nulla
2030 3446 2245 3486 assignaretur
2267 3446 2349 3476 ratio
2365 3454 2489 3487 propo·

1411 3494 1462 3524 siti
1477 3494 1539 3524 nisi
1554 3493 1733 3524 verbaliter.
1753 3492 1947 3524 Probaretur
1961 3491 2049 3523 enim
2066 3489 2155 3521 idem
2171 3488 2346 3531 peridem:
2366 3490 2489 3522 scilicet

1411 3537 1503 3578 quod
1518 3537 1593 3569 ideo
1609 3538 1734 3579 specie·
1758 3537 1904 3578 angelica
1918 3545 1984 3568 una
2007 3535 2146 3566 existens
2170 3539 2219 3566 est
2240 3534 2422 3567 multorum
2439 3533 2488 3566 di-

1410 3583 1525 3613 stincte
1540 3582 1819 3624 repraesentativa,
1836 3581 1912 3622 quia
1933 3579 2128 3611 excellenter
2147 3584 2376 3621 repraesentat,
2394 3578 2487 3616 ideat,

1411 3635 1479 3658 non
1502 3632 1629 3658 tantum
1644 3635 1760 3663 unum,
1776 3625 1833 3658 sed
1847 3625 1950 3666 plura.
1966 3641 1989 3647 -
2004 3623 2130 3655 Dicitur
2144 3624 2233 3655 enim
2249 3623 2341 3665 quod
2363 3624 2488 3665 optime

1410 3671 1592 3702 secundum
1614 3672 1710 3703 istam
1739 3670 1979 3712 expositionem
2007 3669 2185 3709 assignatur
2211 3670 2292 3700 ratio
2316 3669 2487 3710 propositi.

2523 1571 2666 1602 aaut>

2519 2111 2529 2122 ·
2543 2109 2683 2138 Nun-xm,
2695 2116 2715 2133 ι.
