2768 4134
61 881 71 891 ·
81 880 138 908 Cap.
153 885 208 902 xux
221 885 274 908 sqq.
329 883 343 905 ¹}
357 879 386 917 ᾗ
426 903 433 910 Ι

57 1462 276 1518 tralatis?

55 1570 175 1599 ,αμ-

0 1870 1 1874 ’
55 1891 124 1943 ·.....¹
117 1891 275 1942 *aar

56 1951 111 1975 ms.

0 2009 2 2023 ι
55 1999 66 2011 ·
81 1998 140 2027 Cup.
154 2004 231 2027 pnec-

0 3424 5 3435 ν
0 3141 9 3414 ,ψ-νμ-ψ-,ψν-ν-νήηῄ-
0 3070 11 3129 ⁹¹:
0 2974 5 3016 0-

812 283 1001 320 SUMMA
1030 284 1253 322 CONTRA
1282 284 1557 331 GENTILES,
1585 285 1680 322 LlB.
1702 286 1742 331 II,
1773 285 1884 322 CAP.
1905 287 2000 323 LVI.

2425 289 2501 336 403

485 440 1021 498 CAPITULUM
1075 443 1904 520 QUINQUAGESIMUM
1953 444 2326 501 SEXTUM

1280 570 1310 600 Α
1343 570 1412 608 45r
1444 578 1526 609 a27.

618 667 735 708 PER
769 667 944 720 QUEM
978 669 1208 710 MODUM
1242 668 1630 710 SUBSTANTIA
1664 668 2190 711 INTELLECTUALIS

1043 730 1255 772 POSSIT
1290 731 1456 772 UNIRI
1492 730 1757 771 CORPORI

513 881 564 906 UM
584 876 715 905 autem
736 881 852 918 supra
866 869 887 891 ‘¹‘
915 878 1115 907 ostensum
1135 870 1181 907 sit
1199 870 1375 907 substan-

353 937 383 971 χ
414 930 419 932 “
473 933 478 937 ”
526 922 620 959 tiam
655 921 951 960 intellectualem
988 935 1070 960 non
1112 935 1195 960 esse
1232 935 1375 973 corpus

400 974 465 1030 '¹³²³
490 980 497 1005 ’τ
526 987 655 1025 neque
683 975 866 1014 virtutem
886 976 1056 1025 aliquam
1085 989 1107 1013 a
1127 989 1290 1026 corpore
1310 977 1383 1013 de-.

431 1023 436 1065 ᾗ
472 1028 499 1059 ἃ
526 1029 899 1079 pendentem,restat
913 1029 1226 1078 investigandum
1243 1038 1375 1067 utrum

302 1081 431 1132 aliqua
446 1082 658 1120 substantia
676 1081 939 1120 intellectualis
954 1083 1109 1133 corpori
1122 1083 1244 1133 possit
1260 1083 1373 1121 uniri.

356 1137 424 1173 Est
452 1144 584 1173 autem
612 1135 741 1186 primo
761 1135 1010 1173 manifestum
1031 1137 1138 1186 quod
1164 1137 1375 1174 substantia

302 1189 565 1227 intellectualis
584 1201 665 1226 non
684 1197 810 1238 potest
829 1189 983 1240 corpori
1003 1189 1104 1227 uniri
1122 1203 1195 1240 per
1223 1191 1374 1228 modum

303 1245 504 1280 mixtionis.

357 1296 470 1346 Quae
500 1295 606 1335 enim
634 1295 856 1342 miscentur,
887 1304 1038 1345 oportet
1057 1297 1107 1334 ad
1136 1296 1303 1334 invicem
1324 1299 1375 1334 al-

298 1348 545 1387 terataesse.
567 1349 688 1397 Quod
713 1361 793 1386 non
822 1349 1005 1398 contingit
1024 1349 1097 1387 nisi
1126 1350 1164 1387 in
1193 1350 1253 1387 his
1278 1363 1374 1400 quo·
1392 1368 1417 1382 10

302 1415 392 1440 rum
412 1411 468 1440 est
487 1403 648 1440 materia
668 1403 818 1449 eadem,
839 1415 940 1452 quae
959 1411 1124 1452 possunt
1150 1416 1232 1440 esse
1253 1403 1376 1441 activa

303 1465 339 1494 et
358 1456 513 1506 passiva
532 1456 581 1493 ad
601 1455 770 1493 invicem
784 1455 815 1492 ³¹⁸.
847 1456 1091 1494 Substantiae
1116 1465 1248 1494 autem
1270 1457 1375 1494 intel-

302 1507 483 1547 lectuales
512 1521 593 1546 non
612 1508 906 1546 communicant
934 1509 974 1546 in
993 1509 1153 1547 materia
1181 1522 1273 1547 cum
1293 1522 1376 1547 cor-

300 1562 516 1612 poralibus:
556 1570 646 1598 sunt
683 1561 788 1598 enim
826 1561 1108 1609 immateriales,
1147 1570 1189 1599 ut
1226 1575 1344 1612 supra
1357 1563 1377 1585 ‘³‘

302 1623 504 1653 ostensum
533 1623 599 1652 est.
621 1615 714 1651 Non
735 1622 824 1651 sunt
853 1614 966 1662 igitur
984 1615 1138 1664 corpori
1158 1615 1375 1653 miscibiles.
1394 1632 1402 1645 1

355 1668 509 1706 Adhuc.
541 1668 655 1715 Quae
684 1667 910 1714 miscentur,
946 1667 1133 1705 mixtione
1162 1668 1240 1706 iarn
1269 1669 1376 1715 facta,

301 1733 383 1760 non
412 1729 572 1759 manent
600 1728 700 1767 actu,
739 1721 806 1758 sed
844 1720 985 1758 virtute
1023 1729 1193 1759 tantum:
1224 1734 1317 1759 nam
1347 1722 1377 1759 si

301 1783 389 1814 actu
409 1782 623 1821 manerent,
639 1786 720 1812 non
736 1782 834 1812 esset
853 1774 1000 1821 mixtio,
1016 1775 1084 1812 sed
1099 1775 1276 1812 confusio
1296 1784 1378 1813 tan-

301 1836 403 1874 tum;
433 1829 539 1866 unde
568 1840 712 1878 corpus
740 1827 906 1865 mixtum
930 1841 976 1866 ex
997 1828 1196 1866 elementis
1224 1830 1378 1866 nullum

301 1894 440 1920 eorum
469 1890 525 1919 est
539 1881 570 1918 *.
601 1882 689 1919 Hoc
712 1888 844 1918 autem
863 1881 1101 1931 impossibile
1123 1889 1178 1919 est
1205 1882 1377 1919 accidere
1393 1897 1419 1913 σο

301 1935 522 1972 substantiis
551 1933 884 1972 intellectualibus:
915 1943 1004 1971 sunt
1024 1934 1128 1972 enim
1148 1934 1376 1985 incorrupti-

300 1987 407 2034 biles,
436 1996 479 2025 ut
507 1987 659 2038 supra*
687 1995 888 2024 ostensum
917 1996 984 2024 est.

354 2042 449 2079 Non
468 2041 581 2090 igitur
599 2049 726 2090 potest
745 2041 957 2078 substantia
981 2041 1244 2078 intellectualis
1273 2041 1374 2078 uniri

300 2095 456 2145 corpori
484 2107 555 2145 per
583 2095 751 2132 modum
780 2093 988 2131 mixtionis.

356 2148 539 2186 Similiter
575 2156 707 2185 autem
745 2155 848 2197 patet
876 2148 983 2197 quod
1018 2147 1229 2185 substantia
1268 2147 1374 2185 intel·
1391 2164 1413 2183 ις

301 2201 472 2239 lectualis
511 2213 591 2239 non
629 2209 755 2251 potest
792 2200 893 2238 uniri
923 2201 1078 2251 corpori
1109 2214 1182 2251 per
1221 2202 1374 2238 modum

300 2261 490 2293 contactus
513 2257 671 2305 proprie
698 2256 843 2303 sumpti.
874 2255 1020 2292 Tactus
1053 2253 1159 2292 enim
1191 2266 1273 2291 non
1302 2254 1374 2291 nisi

300 2320 514 2359 corporum
533 2316 606 2346 est:
635 2316 726 2345 sunt
754 2308 859 2344 enim
887 2307 1080 2357 tangentia
1104 2320 1263 2357 quorum
1291 2314 1375 2345 sunt

229 2383 235 2394 ·
265 2374 270 2392 ³
300 2363 430 2400 ultima
457 2363 570 2399 simul
582 2361 613 2408 ³²,
644 2370 687 2399 ut
714 2369 859 2411 puncta
886 2369 952 2398 aut
988 2361 1111 2399 lineae
1139 2369 1206 2398 aut
1241 2374 1373 2411 super-

299 2415 417 2462 ficies,
438 2427 540 2465 quae
556 2423 647 2451 sunt
665 2426 877 2464 corporum
893 2414 1038 2452 ultima.
1060 2416 1153 2452 Non
1174 2414 1287 2463 igitur
1304 2427 1375 2465 per
1390 2424 1416 2445 ³⁰

308 2469 475 2507 modum
495 2475 693 2505 contactus
713 2467 924 2506 substantia
943 2467 1205 2506 intellectualis
1219 2469 1373 2518 corpori

299 2522 402 2560 uniri
429 2530 567 2572 potest.

354 2575 412 2612 Ex
441 2575 518 2613 hoc
546 2583 678 2613 autem
706 2574 936 2624 relinquitur
963 2576 1071 2625 quod
1099 2588 1228 2624 neque
1257 2576 1371 2613 conti-

300 2630 488 2674 nuatione,
518 2641 646 2678 neque
670 2631 937 2679 compositione
954 2637 1021 2666 aut
1045 2630 1300 2679 colligatione,
1326 2641 1370 2665 ex

299 2681 511 2719 substantia
551 2681 794 2719 intellectuali
837 2690 874 2719 et
914 2694 1078 2731 corpore
1120 2694 1246 2718 unum
1289 2681 1371 2718 fieri
1388 2696 1410 2715 κς

297 2735 429 2785 possit.
460 2735 605 2773 Omnia
636 2735 741 2772 enim
761 2737 857 2773 haec
877 2735 959 2772 sine
988 2743 1167 2772 contactu
1187 2747 1269 2772 esse
1290 2747 1370 2771 non

326 2796 472 2826 ossunt.

297 2801 323 2838 p
351 2843 419 2879 Est
447 2849 580 2879 tamen
599 2840 762 2890 quidam
791 2843 935 2879 modus
955 2849 1155 2878 contactus
1179 2853 1260 2890 quo
1280 2840 1369 2877 sub-

297 2895 434 2933 stantia
471 2894 733 2932 intellectualis
771 2895 926 2944 corpori
963 2894 1065 2931 uniri
1103 2902 1238 2943 potest.
1275 2893 1369 2931 Cor—

295 2961 393 2998 pora
413 2948 518 2986 enim
548 2947 735 2985 naturalia
753 2949 948 2996 tangendo
977 2960 1017 2984 se
1047 2949 1221 2984 alterant:
1252 2955 1288 2984 et
1317 2947 1370 2984 sic
1384 2966 1411 2986 4⁰

296 3002 345 3039 ad
374 3001 543 3039 invicem
576 3001 766 3050 uniuntur
793 3013 874 3038 non
903 3003 1032 3038 solum
1065 3001 1284 3037 secundum
1313 3001 1368 3037 ul-

295 3054 389 3092 tima
418 3054 649 3105 quantitatis,
679 3055 747 3091 sed
772 3054 888 3092 etiam
908 3054 1126 3092 secundum
1155 3053 1369 3091 similitudi-

296 3121 388 3145 nem
416 3108 606 3158 qualitatis
626 3116 692 3145 aut
719 3108 878 3154 formae,
899 3108 996 3145 dum
1020 3109 1184 3144 alterans
1203 3108 1369 3144 formam

295 3174 408 3199 suam
428 3162 614 3212 imprimit
633 3161 672 3198 in
691 3163 905 3198 alteratum.
930 3162 979 3198 Et
1007 3160 1199 3210 quamvis,
1224 3160 1254 3197 si
1277 3172 1370 3197 con-

295 3215 511 3252 siderentur
538 3217 667 3252 solum
695 3214 831 3252 ultima
859 3213 1089 3264 quantitatiS,
1123 3221 1298 3263 oporteat
1330 3213 1369 3250 in
1384 3232 1408 3252 45

295 3269 480 3306 omnibus
508 3277 693 3306 mutuum
723 3280 805 3305 esse
834 3275 990 3313 tactum,
1019 3275 1161 3312 tamen,
1191 3266 1222 3303 si
1250 3274 1369 3303 atten-

294 3322 408 3359 datur
449 3323 499 3360 ad
537 3322 729 3360 actionem
768 3330 804 3358 et
840 3320 1080 3372 passionem,
1123 3319 1371 3357 invenientur

350 3464 377 3482 ιι
401 3456 478 3490 quae]
505 3462 531 3481 et
555 3464 622 3489 quae
648 3456 696 3481 Pd.

293 3493 392 3518 ultima.
494 3499 527 3526 ²9
545 3497 576 3516 ut
593 3497 689 3524 puncta
707 3490 759 3524 aut]
779 3496 808 3515 ut
827 3489 864 3523 (et
883 3489 913 3523 Ρ)
940 3494 1034 3522 puncta
1051 3489 1094 3513 vel
1113 3488 1156 3513 Pc.

789 3462 816 3479 21
840 3453 1047 3486 incorruptibiles
1073 3452 1218 3483 EGNYbP3
1247 3452 1432 3485 incorporales.
1457 3452 1559 3484 Margo
1585 3452 1605 3476 P
1629 3452 1662 3476 al'
1672 3451 1856 3483 incorporales.

1258 3487 1291 3512 36
1310 3487 1380 3521 esse]
1405 3486 1460 3512 fieri
1479 3487 1617 3512 DNYZPc.

1431 869 1560 919 aliqua
1579 882 1661 907 esse
1690 870 1881 919 tangentia
1908 878 2059 907 tantum
2089 879 2124 907 et
2152 870 2280 920 aliqua
2303 879 2400 909 tacta
2421 880 2501 909 tan-

1431 931 1532 960 tum:
1563 936 1727 973 corpora
1747 922 1852 960 enim
1872 923 2048 960 caelestia
2067 932 2229 972 tangunt
2248 923 2407 973 quidem
2427 926 2503 963 hoc

1431 977 1552 1014 modo
1569 976 1814 1014 elementaria
1829 989 2003 1026 corpora,
2020 977 2253 1026 inquantum
2269 989 2314 1014 ea
2328 979 2501 1024 alterant;

1431 1042 1512 1066 non
1532 1038 1662 1067 autern
1682 1038 1892 1078 tanguntur
1919 1030 1968 1067 ab
1997 1030 2061 1077 eis,
2083 1030 2174 1079 quia
2194 1031 2243 1067 ab
2263 1030 2317 1068 eis
2336 1043 2416 1068 non
2434 1044 2502 1081 pa-

1431 1083 1588 1120 tiuntur.
1611 1083 1651 1121 Si
1678 1083 1790 1132 igitur
1818 1083 1891 1120 sint
1919 1083 2048 1133 aliqua
2072 1084 2221 1132 agentia
2250 1096 2351 1134 quae
2380 1097 2501 1134 quan-

1431 1136 1543 1173 titatis
1572 1136 1715 1174 ultimis
1744 1149 1824 1174 non
1853 1145 2019 1185 tangant,
2045 1136 2221 1174 dicentur
2248 1137 2502 1175 nihilominus

1431 1198 1596 1238 tangere,
1627 1190 1857 1239 inquantum
1888 1198 2019 1239 agunt:
2041 1191 2258 1227 secundum
2278 1203 2398 1240 quem
2417 1203 2501 1228 mo-

1431 1244 1529 1281 dum
1558 1243 1723 1280 dicimus
1752 1244 1860 1293 quod
1889 1243 2116 1281 contristans
2145 1256 2218 1281 nos
2254 1245 2384 1294 tangit.
2414 1245 2502 1282 Hoc

1431 1296 1545 1345 igitur
1563 1297 1684 1334 modo
1704 1297 1884 1345 tangendi
1912 1297 2094 1346 possibile
2114 1306 2169 1334 est
2197 1297 2298 1334 uniri
2327 1297 2501 1334 substan-

1430 1350 1523 1387 tiam
1544 1350 1838 1387 intellectualem
1858 1350 2011 1400 corpori
2030 1362 2100 1399 per
2119 1358 2351 1388 contactum.
2373 1352 2502 1399 Agunt

1432 1403 1538 1440 enim
1558 1403 1792 1440 substantiae
1813 1403 2085 1441 intellectuales
2114 1403 2153 1440 in
2173 1416 2336 1453 corpora
2361 1411 2398 1441 et
2417 1416 2501 1441 mo-

1433 1464 1523 1493 vent
1552 1468 1608 1502 ea,
1637 1456 1728 1494 curn
1749 1456 1822 1493 sint
1850 1456 2121 1494 immateriales
2142 1465 2177 1493 et
2205 1457 2325 1505 magis
2354 1457 2392 1494 in
2414 1465 2501 1494 actu

1433 1509 1646 1547 existentes.

1487 1562 1562 1599 Hic
1589 1570 1720 1599 autern
1749 1570 1870 1599 tactus
1900 1575 1980 1599 non
2001 1572 2056 1600 est
2080 1562 2310 1612 quantitatiS,
2341 1564 2407 1600 sed
2426 1565 2500 1601 vir-

1433 1617 1526 1652 tutis.
1565 1616 1677 1653 Unde
1706 1615 1832 1652 differt
1870 1615 1932 1652 hic
1960 1624 2081 1653 tactus
2119 1629 2141 1653 a
2178 1624 2280 1653 tactu
2313 1628 2501 1666 corporeo

1434 1668 1473 1704 in
1493 1668 1625 1705 tribus.
1647 1668 1780 1705 Primo
1801 1668 1973 1718 quidem,
1994 1669 2085 1718 quia
2105 1670 2181 1706 hoc
2205 1677 2307 1706 tactu
2336 1669 2373 1706 id
2394 1670 2501 1718 quod

1434 1729 1490 1758 est
1517 1720 1746 1758 indivisibile
1775 1729 1900 1771 potest
1927 1730 2081 1770 tangere
2102 1721 2301 1759 divisibile.
2324 1722 2443 1769 Quod
2464 1722 2502 1759 in

1433 1782 1536 1812 tactu
1566 1786 1755 1824 corporeo
1784 1787 1865 1812 non
1884 1783 2009 1824 potest
2037 1775 2224 1812 accidere:
2246 1788 2337 1812 nam
2357 1783 2502 1825 puncto

1434 1840 1514 1865 non
1543 1835 1669 1877 potest
1706 1827 1807 1876 tangi
1845 1828 1916 1865 nisi
1954 1828 2183 1866 indivisibile
2217 1828 2371 1878 aliquid.
2404 1829 2502 1866 Sub-

1432 1880 1569 1918 stantia
1598 1889 1729 1918 autem
1758 1881 2030 1928 intellectualis,
2070 1882 2250 1931 quamvis
2288 1881 2334 1918 sit
2366 1881 2501 1920 indivi-

1433 1934 1564 1980 sibilis,
1603 1942 1729 1983 potest
1766 1942 1921 1983 tangere
1959 1934 2211 1984 quantitatem
2253 1934 2499 1981 divisibilem,

1432 1987 1665 2037 inquantum
1694 1987 1768 2035 agit
1796 1987 1835 2024 in
1864 1987 2000 2037 ipsam.
2038 1988 2124 2024 Alio
2161 1987 2265 2025 enim
2294 1988 2416 2025 modo
2446 1997 2501 2025 est

1431 2040 1663 2078 indivisibile
1691 2049 1893 2090 punctum,
1923 2049 1959 2078 et
1988 2041 2198 2078 substantia
2225 2041 2497 2078 intellectualis.

1431 2095 1627 2131 Punctum
1655 2093 1816 2143 quidem
1852 2094 1948 2131 sicut
1976 2094 2195 2144 quantitatis
2223 2094 2429 2131 terminus:
2464 2103 2500 2132 et

1431 2147 1520 2184 ideo
1540 2148 1656 2184 habet
1675 2147 1791 2184 situm
1812 2147 2110 2185 determinatum
2131 2147 2169 2184 in
2189 2147 2386 2194 continuo,
2402 2149 2499 2185 ultra

1431 2213 1550 2250 quem
1579 2200 1721 2250 porrigi
1750 2213 1830 2238 non
1858 2209 1994 2250 potest.
2027 2201 2246 2238 Substantia
2279 2209 2408 2238 autem
2442 2201 2498 2238 in-

1430 2252 1651 2291 tellectualis
1667 2262 1722 2291 est
1736 2253 1976 2291 indivisibilis
1991 2254 2102 2303 quasi
2118 2262 2222 2291 extra
2236 2266 2357 2302 genus
2376 2267 2498 2303 quan-

1430 2307 1542 2345 titatis
1557 2307 1733 2344 existens.
1751 2307 1863 2345 Unde
1879 2320 1959 2345 non
1979 2307 2257 2344 determinatur
2275 2307 2309 2345 ei
2330 2307 2498 2344 indivisi-

1430 2361 1506 2398 bile
1526 2360 1670 2410 aliquid
1686 2360 1906 2410 quantitatis
1925 2361 1974 2398 acl
1994 2361 2244 2409 tangendum.
2262 2383 2286 2387 -
2304 2361 2496 2407 Secundo,

1430 2414 1522 2464 quia
1554 2422 1676 2451 tactus
1705 2414 1923 2464 quantitatis
1953 2422 2008 2451 est
2036 2416 2163 2451 solum
2197 2414 2415 2451 secundum
2442 2415 2498 2451 ul-

1429 2467 1540 2504 tima:
1571 2475 1693 2505 tactus
1721 2475 1853 2505 autem
1881 2467 2029 2505 virtutis
2063 2476 2118 2504 est
2150 2468 2199 2504 ad
2231 2475 2357 2504 totum
2390 2468 2497 2517 quod

1428 2521 1605 2569 tangitur.
1632 2520 1695 2558 Sic
1723 2521 1828 2558 enim
1857 2521 2022 2569 tangitur
2049 2521 2267 2558 secundum
2296 2521 2402 2570 quod
2431 2533 2497 2570 pa—

1428 2573 1519 2611 titur
1538 2582 1574 2610 et
1593 2582 1784 2611 movetur.
1807 2574 1894 2611 Hoc
1913 2582 2044 2611 autem
2071 2573 2115 2610 fit
2143 2574 2360 2611 secundum
2389 2575 2496 2622 quod

1428 2635 1483 2664 est
1511 2627 1551 2663 in
1579 2627 1761 2676 potentia.
1792 2626 1966 2664 Potentia
1993 2639 2088 2663 vero
2117 2634 2172 2663 est
2201 2627 2418 2663 secundum
2440 2634 2495 2663 to-

1427 2689 1522 2726 tum,
1553 2692 1633 2717 non
1662 2680 1879 2716 secundum
1909 2679 2043 2717 ultima
2071 2679 2197 2716 totius.
2228 2679 2340 2716 Unde
2369 2687 2495 2717 totum

1426 2733 1602 2782 tangitur.
1624 2755 1648 2759 -
1670 2734 1728 2770 Ex
1757 2745 1836 2782 quo
1864 2741 1967 2782 patet
1995 2733 2102 2770 tertia
2135 2731 2359 2769 differentia.
2391 2732 2495 2780 Quia

1426 2786 1465 2823 in
1494 2794 1596 2823 tactu
1625 2785 1855 2836 quantitatis,
1885 2786 1952 2835 qui
1980 2785 2023 2823 fit
2058 2786 2274 2823 secundum
2308 2793 2493 2831 extrema,

1427 2848 1578 2889 oportet
1606 2851 1689 2877 esse
1717 2847 1877 2888 tangens
1912 2839 2168 2876 extrinsecum
2203 2839 2237 2876 ei
2271 2839 2378 2888 quod
2411 2847 2492 2876 tan-

1425 2893 1540 2941 gitur;
1580 2900 1616 2929 et
1653 2905 1733 2930 non
1770 2900 1895 2942 potest
1932 2892 2108 2930 incedere
2146 2904 2216 2941 per
2252 2891 2391 2941 ipsum,
2425 2893 2492 2929 sed

1425 2946 1635 2996 impeditur
1653 2946 1702 2983 ab
1722 2958 1781 2983 eo.
1803 2947 1948 2983 Tactus
1967 2954 2097 2983 autem
2117 2945 2275 2991 virtutis,
2296 2945 2362 2994 qui
2387 2957 2492 2981 com-

1424 2999 1518 3049 petit
1545 2999 1765 3036 substantiis
1794 2998 2121 3044 intellectualibus,
2155 3011 2247 3035 cum
2275 2998 2320 3035 sit
2355 2998 2403 3034 ad
2435 2997 2491 3034 in-

1425 3052 1530 3098 tima,
1559 3052 1644 3089 facit
1673 3052 1925 3090 substantiam
1953 3060 2172 3100 tangentem
2208 3063 2290 3088 esse
2323 3050 2420 3088 intra
2452 3050 2490 3087 id

1425 3106 1533 3155 quod
1562 3106 1738 3154 tangitur,
1768 3114 1804 3142 et
1832 3106 2074 3143 incedentem
2093 3117 2164 3154 per
2188 3104 2315 3154 ipsum
2344 3104 2491 3153 absque

1425 3159 1717 3208 impedimento.

1480 3212 1543 3249 Sic
1570 3212 1684 3261 igitur
1717 3211 1925 3249 substantia
1959 3210 2219 3248 intellectualis
2251 3217 2375 3259 potest
2408 3222 2490 3247 cor—

1425 3266 1511 3315 pori
1539 3265 1640 3302 uniri
1667 3278 1738 3315 per
1766 3273 1986 3302 contactum
2019 3264 2178 3301 virtutis.
2215 3264 2326 3310 Quae
2359 3270 2490 3300 autem

1425 3318 1615 3356 uniuntur
1643 3319 1859 3356 secundum
1888 3319 2003 3354 talem
2032 3325 2263 3362 contactum,
2293 3328 2373 3353 non
2402 3324 2491 3353 sunt

1954 3448 1986 3473 28
2005 3455 2065 3473 sunt
2087 3450 2135 3474 alt.
2155 3449 2203 3473 loc.
2222 3448 2264 3473 h1'c
2282 3448 2304 3472 Α
2323 3448 2407 3477 solus;
2426 3451 2490 3479 post

1720 3486 1753 3517 45
1774 3490 1893 3518 oporteat
1912 3484 2003 3515 NsGb3
2026 3490 2129 3517 oportet
2148 3483 2228 3513 DGX,
2247 3483 2377 3516 oportebit
2394 3483 2424 3514 Z,
2442 3484 2489 3508 sed

293 3529 370 3554 eriam
389 3533 493 3561 oportet
512 3527 563 3558 αΥ,
582 3528 628 3552 sed
648 3527 725 3552 etiam
744 3527 774 3558 E,
794 3526 831 3551 sic
850 3526 927 3550 etiam
947 3529 1049 3557 oportet
1067 3524 1151 3555 Wsi-i,
1170 3523 1247 3548 etiam
1265 3528 1370 3556 oportet
1388 3523 1431 3548 Pe.

347 3564 361 3589 5
382 3564 483 3597 agentia
501 3564 525 3588 A
543 3564 628 3595 solus;
646 3562 819 3596 contingentia
838 3562 870 3592 Y,
889 3561 1019 3593 tangentia
1037 3560 1127 3585 ceteri.

293 3599 424 3634 dicuntur)
443 3600 471 3630 Z,
492 3607 560 3632 quae
579 3598 738 3632 (quantitatis
757 3597 856 3623 ultimis
875 3605 928 3621 non
947 3601 1087 3628 tanguntur
1106 3594 1235 3628 dicuntur)
1253 3594 1287 3620 Y.

292 3635 373 3660 ΕΒΗ.
465 3642 499 3666 24
518 3633 593 3668 sicut]
614 3639 654 3659 est
673 3634 739 3659 sicut
758 3634 800 3659 Pc.
893 3632 925 3664 34
944 3639 1007 3657 vero
1026 3633 1048 3656 Α
1061 3631 1145 3660 solus;
1164 3636 1261 3655 autem.

292 3671 357 3700 soli3
375 3679 422 3703 per
440 3671 525 3704 ipsam
544 3671 567 3694 Α
585 3677 658 3701 casu,
678 3673 704 3695 et
723 3676 823 3695 omnes.

1380 3593 1412 3619 16
1432 3594 1538 3627 quidem
1564 3594 1584 3617 Α
1609 3594 1693 3622 solus3
1717 3599 1768 3617 om.

1353 3629 1383 3654 35
1405 3637 1457 3654 non
1473 3631 1495 3654 Α
1507 3629 1594 3659 solus3
1613 3634 1638 3653 et
1653 3636 1714 3654 non.

1218 3566 1285 3591 quae
1304 3558 1390 3589 EGN3
1415 3566 1483 3591 quae
1506 3559 1532 3583 in
1553 3558 1698 3588 aDWXPc,
1722 3564 1789 3589 quae
1813 3556 1956 3581 secundum
1980 3554 2083 3587 (ultima
2106 3555 2254 3587 quantitatis
2279 3562 2331 3579 non
2353 3559 2490 3586 tangantur

1862 3598 1893 3624 ¹9
1913 3590 2018 3623 aliquid]

1807 3627 1838 3659 37
1858 3626 1911 3660 qui]
1927 3626 1997 3659 quod
2013 3625 2073 3651 aW.

2045 3590 2149 3624 aliquod
2169 3590 2212 3615 Pc.
2305 3597 2335 3614 22
2357 3590 2425 3614 enim
2445 3596 2488 3614 om

2163 3625 2196 3657 43
2217 3633 2263 3658 per
2276 3626 2362 3658 ipsum
2375 3625 2489 3658 legimus
