2768 4134
148 528 156 541 *
182 527 187 541 ¹
213 527 242 541 ¹⁸⁴
292 526 333 555 ut
361 528 478 565 supra
497 515 516 536 ’¹‘
545 515 753 564 probatum
783 522 848 551 est.
881 515 972 551 Non
1001 513 1114 562 igitur
1141 515 1190 551 ad
1219 514 1364 563 produ-

47 1966 55 1974 ·
71 1964 127 1991 Cap.
145 1969 219 1991 praec.

48 2505 56 2512 ·
67 2503 103 2524 (js.
114 2502 252 2530 11P11y5.,1v

46 2536 67 2557 7,
78 2530 101 2552 8.

57 3227 65 3236 ‘
81 3226 116 3247 Cf.
134 3226 266 3256 Commenl.

55 3259 106 3279 cap.
117 3259 148 3277 vi,
164 3259 185 3273 in

188 3253 213 3274 it.

796 276 984 313 SUMMA
1014 276 1237 312 CONTRA
1266 275 1542 321 GENTILES,
1572 277 1667 312 LIB.
1688 276 1729 321 ΙΙ,
1761 277 1872 313 CAP.
1895 278 1993 314 XVI.

293 367 358 396 aut
376 358 504 416 aliqua
524 355 720 393 inchoatio
740 355 898 399 formae,
920 354 959 391 in
979 354 1075 404 ipso.
1107 355 1214 391 Deus
1234 362 1366 391 autem
1422 354 1468 391 sit
1496 355 1545 392 ab
1574 357 1705 400 altero,
1735 357 1797 392 vel
1832 363 2045 406 utrumque
2080 370 2103 394 a
2137 359 2273 396 tertio..
2294 360 2373 397 Sed
2404 373 2497 398 cum

292 424 371 448 non
387 410 461 458 agit
480 409 628 446 actione
649 408 777 468 aliqua
792 420 913 457 quam
934 419 1090 444 necesse
1110 407 1156 444 sit
1175 407 1214 444 in
1234 407 1365 456 aliquo
1422 409 1530 445 Deus
1549 408 1596 445 sit
1615 408 1788 458 primum
1808 421 1878 446 ens
1897 417 1934 446 et
1952 409 2079 459 prima
2098 412 2256 458 causa*,
2271 424 2352 450 non
2370 421 2498 463 potest

291 464 457 514 patiente
479 461 613 511 recipi:
643 461 735 510 quia
754 474 824 498 sua
844 460 942 498 actio
963 468 1019 497 est
1042 473 1113 497 sua
1141 460 1363 507 substantia,
1422 473 1504 499 esse
1525 462 1685 500 effectus
1705 462 1899 509 materiae,
1929 475 2001 500 nec
2028 471 2162 524 potest·
2182 476 2266 502 esse
2294 464 2343 502 ab
2368 466 2498 516 aliqua

1421 514 1529 552 tertia
1548 527 1676 553 causa.
1698 514 1945 566 Relinquitur
1963 515 2086 566 igitur,
2102 517 2134 555 si
2153 517 2350 555 invenitur
2367 518 2497 569 aliqua

291 570 460 608 cendum
476 569 659 606 effectum
675 567 832 617 requirit
848 567 1050 604 materiam
1052 567 1362 627 ‘praeiacentem
1388 586 1396 604 s
1421 568 1581 606 materia
1610 569 1903 619 proportionata
1922 569 2077 608 divinae
2098 571 2249 625 actioni,
2270 572 2379 620 quod
2399 572 2498 610 illius

344 625 556 660 Praeterea.
588 622 718 659 Omne
755 634 872 670 agens
907 621 1015 670 quod
1051 620 1090 657 in
1125 621 1277 670 agendo
1307 633 1364 659 re·
1420 621 1502 671 ipse
1530 622 1576 659 sit
1604 635 1733 660 causa.
2397 651 2401 654 «

289 676 404 726 quirit
439 675 641 712 materiam
677 675 973 735 praeiacentem‚
1010 674 1127 711 habet
1161 674 1364 713 materiam
1474 675 1627 713 Adhuc.
1659 677 1779 724 Quod
1809 685 1865 714 est
1884 676 1924 714 in
1950 677 2104 715 entibus
2132 678 2318 728 primum,
2347 686 2498 728 oportet

289 729 623 790 proportionatam
653 741 745 766 suae
775 728 927 773 actioni,
954 735 995 765 ut
1025 727 1211 777 quicquid
1241 736 1297 765 est
1326 728 1364 765 in
1421 741 1504 766 esse
1533 735 1692 767 causam
1722 742 1861 767 eorum
1886 742 1987 780 quae
2017 739 2121 768 sunt:
2153 732 2184 769 si
2213 731 2318 769 enim
2338 744 2419 769 non
2440 745 2497 769 es·

289 784 426 820 virtute
456 782 611 831 agentis,
641 790 766 819 toturn
804 782 849 818 sit
885 782 923 818 in
956 781 1127 830 potentia
1160 781 1362 819 materiae:
1421 791 1504 820 sent
1523 791 1690 829 causata,
1711 795 1792 821 non
1812 792 1940 821 essent
1958 784 2113 835 abipso
2128 785 2315 831 ordinata,
2331 794 2374 823 ut
2392 785 2499 824 iam*

289 837 379 874 alias
409 849 488 873 non
525 843 655 885 posset
690 836 727 872 in
766 843 894 872 actum
931 835 1147 884 producere
1177 835 1622 885 quicquidwostensum
1656 845 1722 874 est.
1758 839 1859 875 Inter
1886 845 2016 876 actum
2050 846 2182 876 autem
2215 847 2252 876 et
2283 839 2498 889 potentiam

288 899 343 928 est
373 890 409 927 in
440 902 511 927 sua
540 889 679 926 virtute
709 889 843 934 activa,
874 897 909 925 et
945 888 998 925 sic
1033 888 1171 926 frustra
1206 889 1365 926 haberet
1420 890 1503 928 talis
1527 898 1583 927 est
1609 891 1707 928 ordo
1729 891 1848 940 quod,
1869 891 1955 929 licet
1983 891 2023 928 in
2051 904 2133 930 uno
2162 900 2198 929 et
2226 893 2370 930 eodem
2388 893 2496 953 quod

289 945 470 981 virtutem
497 943 546 980 ad
575 943 648 980 illa.
679 943 841 980 Materia
861 949 992 980 autem
1013 954 1093 979 non
1114 943 1230 980 habet
1249 944 1365 980 talem
1421 944 1661 1004 quandoque
1682 952 1738 982 est
1756 944 1929 995 potentia
1947 946 2187 995 quandoque
2207 953 2306 992 actu,
2326 947 2498 996 potentia

288 997 582 1057 proportionem
603 997 652 1033 ad
668 997 809 1034 Deum.
831 997 924 1033 Non
944 995 1059 1034 enirn
1070 996 1109 1033 in
1130 996 1298 1034 materia
1309 1004 1366 1033 est
1421 997 1467 1040 sit
1486 997 1595 1047 prior
1609 1002 1788 1048 tempore
1807 999 1929 1048 quam
1956 1006 2075 1045 actus,
2097 998 2182 1036 licet
2200 1007 2309 1037 actus
2328 999 2374 1037 sit
2392 1000 2499 1050 prior

288 1051 458 1102 potentia
488 1051 536 1087 ad
566 1050 819 1099 quantitatem
850 1062 1157 1099 quamcumque,
1193 1058 1233 1087 ut
1261 1058 1364 1100 patet
1421 1059 1574 1097 natura;
1590 1059 1733 1098 tamen,
1746 1051 2190 1102 simpliciterloquendo,
2200 1060 2352 1103 oportet
2366 1061 2498 1091 actum

297 280 371 316 300

128 1114 148 1127 *¹
165 1113 205 1130 Ἀ
243 1113 257 1127 ”
288 1118 357 1155 per
386 1104 683 1153 Philosophum,
715 1103 752 1140 in
783 1104 827 1140 111
853 1105 1103 1153 Physicorum
1123 1102 1158 1140 ²¹⁸:
1189 1116 1282 1141 cum
1309 1112 1364 1142 ta—
1381 1105 1592 1154 ¹tpotentia
1612 1105 1784 1155 priorem
1806 1117 1907 1153 esse;
1937 1106 2045 1156 quod
2074 1114 2178 1156 patet
2205 1119 2252 1144 ex
2281 1107 2368 1152 hoc,
2389 1107 2497 1157 quod

288 1171 378 1196 men
399 1158 531 1195 divina
550 1157 720 1207 potentia
750 1156 795 1194 sit
824 1157 1046 1207 simpliciter
1075 1156 1235 1203 infinita,
1257 1165 1299 1194 ut
1325 1157 1364 1194 in
1420 1159 1593 1208 potentia
1612 1171 1693 1197 non
1714 1159 1939 1197 reducitur
1930 1172 1970 1197 m
1989 1167 2121 1198 actum
2136 1160 2208 1198 nisi
2223 1172 2294 1210 per
2313 1172 2382 1198 ens
2396 1169 2496 1199 actu.

289 1212 420 1250 Primo
440 1211 460 1233 '¹‘
489 1219 690 1248 ostensum
720 1219 786 1247 est.
818 1211 925 1248 Deus
955 1211 1067 1260 igitur
1095 1223 1176 1248 non
1206 1211 1365 1260 requirit
1422 1213 1499 1251 Sed
1533 1213 1694 1251 materia
1726 1221 1782 1251 est
1815 1225 1884 1251 ens
1916 1213 1956 1251 in
1989 1213 2174 1264 potentia.
2210 1214 2313 1263 Ergo
2347 1222 2499 1265 oportet

288 1266 489 1304 materiam
505 1265 790 1314 praeiacentem
806 1277 851 1301 ex
868 1277 947 1314 qua
962 1265 1010 1302 de
1027 1264 1250 1302 necessitate
1265 1272 1361 1314 agat.
1420 1266 1529 1317 quod
1558 1267 1677 1313 Deus,
1707 1266 1776 1317 qui
1809 1275 1866 1305 est
1893 1274 2002 1305 actus
2030 1279 2166 1317 purus,
2196 1267 2242 1305 sit
2275 1267 2500 1318 simpliciter

341 1320 492 1357 Adhuc.
524 1319 777 1356 Diversarum
807 1330 937 1356 rerum
967 1318 1143 1356 diversae
1173 1326 1262 1355 sunt
1282 1331 1363 1356 ma·
1420 1333 1466 1358 ea
1494 1319 1616 1370 prior·
1647 1328 1698 1358 et
1710 1333 1791 1381 per
1809 1322 2056 1371 consequens
2084 1333 2203 1359 causa
2237 1320 2370 1372 ipsius.
2387 1320 2501 1371 -No'n

286 1373 417 1411 teriae:
448 1385 528 1410 non
549 1373 654 1410 enim
674 1380 729 1409 est
749 1372 888 1410 eadem
917 1372 1077 1410 materia
1106 1371 1363 1422 spiritualium
1379 1390 1406 1405 20
1420 1386 1514 1435 ergo
1535 1387 1629 1412 suae
1653 1374 1794 1412 actioni
1818 1374 2150 1424 prae-:supponitur
2175 1375 2336 1414 materia
2358 1386 2422 1413 ex
2431 1375 2499 1414 ne·

287 1436 322 1465 et
341 1426 616 1477 corporalium,
639 1439 709 1463 nec
739 1437 951 1476 corporum
981 1425 1204 1464 caelestium
1224 1434 1260 1463 et
1279 1439 1363 1464 cor·
1419 1428 1606 1466 cessitate.

287 1480 539 1532 ruptibilium.
569 1481 690 1528 Quod
711 1480 872 1530 quidem
892 1492 938 1517 ex
959 1481 1036 1517 hoc
1055 1487 1158 1529 patet
1177 1480 1286 1530 quod
1307 1493 1364 1517 re·
1474 1483 1581 1520 Item.
1602 1481 1767 1520 Materia
1784 1481 1911 1532 prima
1930 1481 2063 1532 aliquo
2083 1479 2206 1520 modo
2229 1489 2301 1519 est:
2332 1482 2425 1532 quia
2443 1490 2500 1521 est

286 1535 425 1585 cipere,
441 1534 549 1584 quod
570 1542 626 1571 est
644 1533 859 1584 proprietas
880 1533 1073 1579 materiae,
1090 1545 1170 1571 non
1186 1534 1364 1572 eiusdem
1420 1548 1489 1573 ens
1519 1535 1558 1573 in
1587 1535 1769 1586 potentia.
1798 1536 1908 1573 Deus
1935 1543 2068 1573 autem
2097 1543 2154 1573 est
2181 1547 2298 1574 causa
2318 1535 2500 1575 omnium

2525 415 2678 443 *Lib.1,c=p.
2687 421 2740 437 xm.

2525 788 2622 816 '¹8qu
2627 788 2739 817 Amplius.

287 1589 443 1626 rationis
463 1597 519 1625 est
546 1588 584 1625 in
610 1587 827 1638 praedictis:
859 1600 951 1625 nam
981 1587 1149 1637 receptio
1178 1600 1279 1638 quae
1309 1596 1364 1625 est
1420 1602 1522 1640 quae
1543 1597 1643 1636 sunt,
1664 1597 1707 1627 ut
1735 1601 1853 1640 supra
1872 1589 1893 1611 '¹‘
1921 1597 2123 1627 ostensum
2152 1597 2219 1627 est.
2249 1589 2358 1628 Deus
2386 1589 2501 1640 igitur
2527 1596 2537 1607 ·

287 1643 326 1679 in
356 1641 616 1692 spiritualibus
645 1650 699 1679 est
734 1641 990 1691 intelligibilis,
1022 1641 1119 1678 sicut
1153 1641 1364 1680 intellectus
1380 1660 1403 1680 ις
1421 1651 1476 1681 est
1504 1656 1623 1682 causa
1652 1643 1835 1682 materiae
1864 1642 2027 1694 primae.
2049 1643 2124 1681 Cui
2143 1643 2250 1682 nulla
2268 1643 2498 1694 praeexistit.

289 1696 419 1746 recipit
448 1695 596 1745 species
624 1695 916 1744 intelligibilium
940 1707 1021 1732 non
1041 1695 1261 1732 secundum
1281 1707 1364 1734 esse
1421 1696 1564 1735 Divina
1592 1696 1707 1746 igitur
1733 1696 1834 1735 actio
1862 1704 2044 1735 naturam
2072 1696 2394 1747 praeexistentem
2418 1709 2500 1736 non

289 1750 501 1795 materiale;
531 1761 696 1799 corpora
716 1761 810 1786 vero
830 1749 1007 1786 caelestia
1034 1748 1224 1798 recipiunt
1252 1749 1364 1787 inno·
1421 1750 1591 1800 requirit.

290 1803 487 1841 vationem
507 1803 612 1848 situs,
630 1815 709 1839 non
731 1810 862 1840 autem
883 1802 1179 1840 innovationem
1201 1803 1364 1849 essendi,
1474 1805 1587 1842 Hanc
1617 1812 1749 1842 autem
1778 1804 1979 1843 veritatem
2013 1803 2146 1842 divina
2174 1803 2373 1855 Scriptura
2407 1816 2500 1842 con-

290 1858 386 1894 sicut
414 1868 579 1906 corpora
608 1856 798 1893 inferiora.
830 1857 922 1893 Non
952 1864 1007 1892 est
1034 1855 1147 1904 igitur
1175 1869 1254 1894 una
1283 1869 1364 1894 ma·
1421 1857 1562 1904 firmat,
1582 1857 1726 1903 dicens,
1751 1858 1845 1896 Gen.
1866 1863 1915 1895 1¹:
1947 1859 1992 1896 In
2019 1859 2209 1908 principio
2237 1860 2377 1897 creavit
2398 1859 2501 1896 Deus

289 1910 381 1948 teria
401 1923 501 1960 quae
522 1910 568 1947 sit
593 1909 631 1947 in
655 1909 826 1959 potentia
851 1910 900 1947 ad
925 1921 1007 1946 esse
1029 1909 1258 1947 universale.
1280 1911 1407 1960 Ipseao
1393 1911 1567 1949 ocaelum
1598 1917 1631 1948 et
1663 1917 1817 1949 terram.
1854 1911 1962 1949 Nihil
1997 1911 2104 1950 enim
2139 1919 2196 1949 est
2230 1911 2336 1950 aliud
2369 1924 2500 1950 creare

289 1972 419 2001 autem
439 1964 547 2000 Deus
567 1971 622 2000 est
642 1962 758 2000 totius
782 1975 864 2000 esse
889 1962 1037 2000 activus
1057 1962 1362 2001 universaliter*.
1421 1977 1543 2015 quam
1572 1964 1721 2015 absque
1750 1964 1912 2003 materia
1939 1963 2172 2036 praeiacenti
2191 1964 2367 2015 aliquid
2358 1977 2397 2003 in
2417 1977 2500 2004 esse

288 2017 362 2067 Ipsi
390 2016 504 2066 igitur
531 2018 637 2054 nulla
660 2016 820 2054 materia
840 2015 1179 2066 proportionaliter
1207 2028 1365 2067 respon·
1422 2018 1652 2069 producere.

288 2072 362 2108 det.
393 2071 486 2107 Non
516 2069 629 2120 igitur
656 2069 860 2107 materiam
883 2083 928 2107 ex
950 2069 1173 2107 necessitate
1194 2070 1363 2120 requirit.
1476 2072 1534 2110 Ex
1571 2072 1647 2110 hoc
1682 2080 1814 2110 autem
1850 2071 2071 2110 confutatur
2105 2084 2214 2110 error
2248 2071 2502 2123 antiquorum

342 2124 532 2174 Amplius.
563 2125 921 2174 Quorumcumque
942 2123 980 2160 in
1002 2136 1134 2161 rerum
1154 2131 1290 2162 natura
1310 2133 1366 2162 est
1422 2125 1752 2177 philosophorum
1788 2125 1857 2176 qui
1891 2126 2092 2176 ponebant
2119 2125 2303 2164 materiae
2336 2125 2501 2165 omnino

288 2178 417 2228 aliqua
445 2177 646 2228 proportio
675 2186 711 2216 et
744 2177 882 2228 aliquis
917 2178 1027 2224 ordo,
1057 2185 1209 2228 oportet
1239 2190 1366 2216 unum
1383 2198 1404 2218 ις
1422 2181 1570 2218 nullam
1589 2192 1750 2218 causam
1777 2191 1870 2226 esse,
1891 2192 1940 2218 eo
1958 2179 2067 2230 quod
2093 2179 2310 2219 actionibus
2335 2179 2502 2231 particu-

288 2244 427 2270 eorum
463 2244 546 2270 esse
582 2232 631 2269 ab
667 2231 753 2278 alio,
783 2233 844 2269 vel
874 2231 993 2269 ambo
1022 2231 1072 2269 ab
1100 2231 1232 2293 aliquo
1266 2244 1364 2270 uno:
1423 2233 1561 2271 larium
1591 2233 1789 2283 agentium
1818 2245 1974 2295 semper
1991 2233 2176 2272 videbant
2195 2233 2341 2285 aliquid
2360 2233 2502 2274 actioni

289 2294 441 2336 oportet
469 2286 574 2323 enim
604 2285 783 2323 ordinem
813 2285 851 2323 in
880 2297 962 2322 uno
991 2285 1171 2323 constitui
1207 2298 1366 2336 respon·
1423 2288 1657 2338 praeiacere:
1679 2300 1726 2326 ex
1746 2300 1827 2338 quo
1847 2287 2077 2338 opinionem
2097 2295 2359 2339 sumpserunt,
2375 2287 2502 2327 omni·

289 2340 419 2378 dendo
448 2340 497 2377 ad
526 2339 647 2384 aliud;
684 2339 776 2377 alias
805 2339 904 2377 ordo
933 2341 994 2376 vel
1030 2339 1232 2400 proportio
1268 2348 1367 2378 esset
1423 2341 1497 2379 bus
1517 2354 1787 2402 communem,
1810 2342 1919 2392 quod
1939 2354 1990 2380 ex
2009 2341 2124 2380 nihilo
2145 2342 2238 2380 nihil
2252 2342 2348 2393 fit*.
2379 2341 2539 2391 Quod

290 2406 312 2431 a
331 2405 434 2440 casu,
455 2405 575 2444 quem
605 2393 643 2430 in
672 2393 807 2443 primis
837 2405 968 2431 rerum
997 2392 1195 2444 principiis
1219 2406 1366 2454 ponere
1423 2395 1585 2446 quidem
1623 2395 1662 2434 in
1698 2395 1994 2446 particularibus
2029 2395 2231 2446 agentibus
2259 2408 2397 2434 verum
2431 2404 2500 2434 est.
2516 2437 2520 2441 .

290 2455 346 2486 est
366 2447 614 2498 impossibile,
636 2447 727 2508 quia
747 2455 974 2508 sequeretur
993 2447 1115 2497 magis
1134 2447 1267 2486 omnia
1294 2447 1367 2486 alia
1382 2470 1409 2490 ⁴⁶
1423 2449 1483 2487 Ad
1505 2449 1732 2487 universalis
1751 2457 1883 2488 autem
1903 2449 2059 2499 agentis,
2079 2450 2188 2500 quod
2207 2458 2264 2488 est
2282 2449 2399 2489 totius
2417 2462 2501 2488 esse

291 2514 373 2539 esse
394 2514 416 2539 a
435 2514 526 2539 casu
541 2501 573 2538 ²¹².
605 2500 645 2539 Si
674 2500 787 2550 igitur
809 2501 854 2538 sit
874 2500 1003 2551 aliqua
1032 2501 1192 2539 materia
1211 2501 1366 2539 divinae
1423 2502 1606 2549 activum,
1622 2503 1885 2552 cognitionem
1901 2503 2082 2542 nondum
2096 2512 2365 2554 pervenerant,
2380 2515 2501 2555 quem

291 2555 430 2593 actioni
459 2554 761 2605 proportionata,
792 2562 944 2604 oportet
973 2556 1033 2591 vei
1063 2555 1171 2605 quod
1201 2557 1366 2593 alterum
1424 2556 1547 2594 nihil'
1539 2569 1577 2594 m
1598 2569 1669 2595 sua
1688 2557 1839 2595 actione
1859 2569 2177 2608 praesupponere
2198 2569 2355 2596 necesse
2379 2565 2446 2596 est.

345 2669 376 2695 15
398 2677 457 2694 cum
477 2668 574 2703 tamen]
595 2677 655 2694 cum
675 2669 753 2702 igitur
771 2675 859 2695 tamen
879 2670 1020 2700 CvasF,
1040 2677 1100 2696 cum
1125 2670 1202 2703 igitur
1228 2670 1275 2701 Nb,
1301 2670 1378 2705 igitur
1401 2678 1461 2697 cum
1479 2671 1524 2702 W,
1543 2679 1604 2697 cum
1629 2677 1716 2697 autem
1737 2672 1763 2702 d,
1783 2680 1843 2697 cum
1869 2679 1933 2705 ergo
1953 2672 1981 2697 Ρ.

290 2706 399 2739 simplex
419 2710 444 2731 et
463 2705 506 2731 Pc.
600 2705 632 2730 23
652 2706 770 2731 eiusdem
789 2706 897 2731 rationis
913 2709 977 2739 pose
996 2711 1037 2731 est
1055 2705 1143 2731 Dwz.

290 2742 379 2767 tet-iaie
397 2742 445 2767 sed
465 2741 634 2767 immateriale
654 2741 682 2771 Ζ,
701 2742 839 2775 corporale
858 2742 889 2767 D.

290 2777 368 2802 totius
387 2784 447 2803 esse
466 2782 539 2802 actus
558 2777 721 2803 universalis.
814 2777 847 2809 34
866 2782 957 2803 natura
975 2777 1025 2811 eat}
1045 2782 1136 2803 nutura
1155 2784 1204 2809 est,
1223 2784 1264 2804 est
1283 2786 1307 2804 α.

289 2818 393 2846 oportet
411 2813 620 2846 unumquodque
638 2821 730 2839 eorum
750 2821 809 2838 esse
829 2813 860 2838 ab
879 2814 931 2839 alio
950 2821 1043 2839 eorum
1063 2814 1092 2839 E.

290 2849 352 2874 talin
372 2849 418 2879 sN,
436 2849 525 2875 omnia
544 2849 593 2874 alia
612 2849 648 2880 D;
668 2849 708 2883 pN
728 2857 771 2874 om
791 2850 852 2874 hom
872 2857 952 2883 quem
972 2850 1040 2875 in...
1060 2857 1074 2874 a
1093 2857 1164 2875 casu.

344 2884 360 2910 8
380 2885 450 2918 sunt}
470 2890 532 2910 sunt
544 2890 604 2918 post
618 2885 771 2918 simpliciter
783 2886 814 2915 D,
829 2890 891 2910 sunt
903 2885 998 2917 (spat.)
1013 2885 1045 2910 X.

291 2921 348 2946 Non
370 2921 400 2946 D.
494 2920 526 2946 ³5
546 2920 699 2953 actionibusl
720 2922 745 2946 in
765 2921 912 2947 actionibus
933 2921 980 2946 ΡΑ.
1075 2921 1107 2946 38
1126 2921 1216 2956 nihilo]
1238 2922 1311 2947 nullo
1330 2922 1380 2947 αΧ.

2085 2671 2117 2698 16
2136 2671 2298 2707 simpliciter}
2323 2672 2434 2706 simplex
2452 2673 2502 2705 nx,

1243 2713 1274 2740 ²7
1295 2706 1428 2733 materiale
1449 2707 1491 2733 Ita
1509 2707 1574 2736 Wb·
1593 2708 1716 2733 materine
1735 2707 1797 2739 avc,
1816 2708 1933 2734 nnmnle
1951 2708 2170 2740 GxY,nntun1e
2193 2713 2219 2734 et
2244 2708 2378 2734 materiale
2397 2708 2428 2739 N.
2447 2716 2504 2734 mn·

972 2742 1101 2775 caelestia]
1121 2742 1323 2775 supercaelestia
1342 2743 1405 2769 «Pe.

1494 2743 1522 2769 31
1546 2743 1654 2778 activus]
1675 2749 1749 2770 actu·
1768 2744 1801 2775 G,
1820 2744 1929 2770 factivus
1948 2745 1979 2775 B,
1996 2751 2074 2770 etun
2094 2744 2129 2776 Ρ;
2149 2744 2171 2770 D
2189 2744 2270 2779 legit.-
2286 2744 2347 2779 lpse
2361 2749 2449 2771 nutem
2463 2749 2505 2771 ent

1401 2778 1432 2804 35
1451 2785 1556 2813 oportet
1568 2787 1650 2805 unum
1666 2787 1758 2806 eorum
1772 2787 1832 2806 esse
1845 2780 1878 2806 ab
1893 2779 1954 2814 nliol
1974 2788 2058 2806 uuum
2070 2786 2175 2814 oportet
2187 2787 2247 2806 eno
2261 2780 2294 2806 ab
2307 2780 2358 2806 ulio
2370 2788 2463 2806 eorum
2478 2789 2504 2811 a,

1187 2797 1219 2840 36
1238 2814 1301 2848 unol
1322 2815 1397 2840 tertio
1416 2815 1464 2840 Pd.

1255 2857 1290 2882 42
1310 2851 1351 2876 vel
1371 2850 1453 2884 quod}

1127 2885 1158 2911 ¹3
1179 2891 1298 2920 tempore
1311 2894 1391 2920 quam
1407 2892 1481 2913 actus
1511 2892 1569 2912 actu
1585 2893 1704 2920 tempore
1718 2887 1748 2914 D.

1554 2823 1590 2847 40
1610 2815 1694 2848 magis
1713 2815 1800 2841 omnia
1820 2815 1878 2850 alia]
1897 2816 1986 2842 omnia
2005 2816 2089 2850 magis
2108 2816 2157 2842 nli·
2176 2824 2202 2847 a,
2220 2815 2310 2842 omnia
2328 2816 2411 2849 magis
2429 2820 2505 2842 nam-

1492 2852 1545 2876 uod
1565 2852 1606 2877 vei
1626 2851 1677 2883 ΕΖ,
1697 2852 1768 2885 quod
1788 2851 1820 2882 D.
1838 2852 1880 2878 vel
1899 2849 2025 2886 (oportet)
2044 2852 2118 2886 quod
2137 2852 2168 2878 N.

1473 2859 1491 2920 Ἰ
1834 2886 1866 2913 18
1886 2887 1978 2922 purus]
1998 2888 2098 2922 primus
2112 2893 2138 2914 et
2150 2895 2232 2921 purus
2247 2887 2295 2913 Pd-

2379 2887 2412 2913 30
2424 2887 2502 2922 Nihil}

1471 2930 1502 2954 ⁴¹
1526 2922 1649 2956 activum}
1669 2929 1774 2949 actuum
1795 2923 1882 2953 aXsN,
1902 2923 2032 2950 actionem
2051 2923 2083 2949 N.

1063 3028 1402 3062 Commentario
1427 3029 1739 3063 Fen-ariensis

349 3146 495 3167 osteum
520 3134 744 3166 determinavit
768 3135 904 3166 Sanctus
921 3135 1067 3166 Thomas
1089 3135 1130 3166 de
1153 3136 1314 3177 principio
1340 3143 1371 3167 et

298 3147 488 3212 Ptermino
511 3180 648 3211 actionis
673 3179 810 3216 divinae,
831 3189 920 3211 nunc
943 3179 984 3219 de
1007 3180 1077 3221 ipsa
1109 3181 1236 3212 actione
1267 3181 1372 3212 deter-

295 3226 394 3256 minat
410 3226 436 3256 *ἃ
462 3224 556 3256 Circa
580 3225 643 3255 hoc
667 3231 776 3256 autem
800 3224 867 3256 duo
892 3224 983 3256 facit:
1009 3225 1116 3266 primo
1141 3226 1227 3256 enim
1251 3227 1316 3267 agit
1332 3226 1371 3258 de

295 3271 363 3311 ipsa
379 3270 541 3306 absolute;
566 3269 722 3306 secundo,
739 3279 796 3310 per
813 3270 1093 3310 comparationem
1109 3270 1148 3301 ad
1165 3271 1372 3312 suppositum

296 3324 402 3355 agens,
428 3315 533 3355 capite
557 3325 607 3345 xx.

352 3359 445 3390 Circa
470 3360 611 3401 primum
636 3359 702 3390 duo
728 3359 819 3390 facit:
845 3360 961 3400 primo,
986 3360 1050 3400 agit
1077 3359 1117 3390 de
1142 3361 1249 3400 specie
1272 3361 1372 3392 actio-

298 3404 362 3439 nis;
387 3404 542 3441 secundo,
567 3404 727 3445 quaedam
755 3414 773 3434 a
804 3405 928 3435 ratione
952 3404 1037 3435 illius
1061 3405 1197 3435 actionis
1221 3405 1372 3441 excludit,

299 3449 401 3488 capite
425 3459 498 3479 xvn.

355 3493 377 3523 l.
408 3493 576 3531 Quantum
608 3493 648 3524 ad
680 3495 832 3534 primum,
864 3494 957 3535 ponit
991 3494 1073 3524 hanc
1106 3494 1371 3525 conclusionem:

301 3537 388 3567 Deus
412 3538 444 3568 in
469 3548 536 3569 esse
553 3538 716 3579 produxit
732 3548 783 3569 res
800 3549 841 3569 ex
865 3539 957 3569 nullo
977 3539 1219 3580 praeexistente
1233 3539 1317 3570 sicut
1331 3549 1374 3570 ex

302 3583 447 3612 materia.
469 3583 509 3613 Et
525 3589 571 3613 est
587 3582 672 3614 idem
689 3583 795 3614 dicere
811 3583 912 3624 quod,
929 3584 1018 3614 Deus
1035 3592 1086 3614 res
1098 3593 1161 3624 per
1175 3584 1372 3614 creationem

300 3626 473 3699 {dit-aduxit:
497 3637 571 3658 nam
595 3638 701 3658 creare
726 3634 772 3659 est
796 3638 833 3659 ex
858 3628 949 3659 nullo
974 3629 1120 3660 subiecto
1145 3628 1267 3669 aliquid
1299 3639 1373 3669 pro-

325 3679 429 3700 ucere

1482 3136 1648 3168 Probatur
1665 3137 1786 3178 primo.
1813 3136 1950 3168 Effectui
1982 3137 2043 3168 Dei
2073 3143 2128 3169 aut
2159 3137 2282 3179 aliquid
2306 3138 2502 3179 praeexistit:

1426 3188 1481 3213 aut
1497 3191 1575 3212 non.
1592 3181 1626 3213 Si
1642 3191 1721 3218 non,
1738 3182 1875 3213 habetur
1891 3183 2108 3223 propositum.
2125 3201 2148 3206 —
2163 3182 2196 3215 Si
2212 3184 2268 3219 sic,
2285 3191 2362 3214 cum
2380 3191 2448 3214 non
2464 3183 2505 3214 sit

1425 3226 1603 3268 procedere
1626 3227 1658 3258 in
1683 3226 1848 3258 infinitum
1871 3228 1905 3259 in
1928 3228 2033 3259 causis
2056 3227 2274 3259 materialibus
2290 3228 2317 3264 ⁹,
2334 3237 2374 3258 ex
2390 3227 2417 3259 11
2434 3227 2504 3259 Me-

1427 3272 1565 3313 taphys„
1583 3272 1642 3302 erit
1665 3271 1817 3304 devenire
1833 3271 1874 3303 ad
1889 3271 2024 3314 aliquod
2038 3272 2183 3313 primum
2206 3271 2389 3303 subiectum
2413 3271 2505 3314 quod

1426 3315 1513 3347 aliud
1537 3326 1604 3347 non
1630 3317 1875 3358 praesupponit,
1892 3322 1924 3348 et
1939 3323 1987 3348 est
2010 3327 2029 3348 a
2052 3316 2124 3348 Deo
2141 3315 2348 3358 productum,
2366 3322 2401 3348 ut
2416 3322 2504 3359 patet

1426 3371 1465 3392 ex
1492 3360 1697 3402 praecedenti
1727 3362 1882 3403 capitulo.
1915 3361 2001 3402 Ergo
2029 3360 2117 3392 Deus
2145 3361 2178 3392 in
2206 3360 2423 3402 productione
2453 3363 2504 3394 sui

1427 3405 1562 3437 effectus
1587 3415 1654 3437 non
1679 3407 1812 3447 requirit
1827 3407 1994 3437 materiam
2017 3405 2253 3446 praeiacentem
2278 3416 2315 3437 ex
2341 3416 2405 3448 qua
2424 3416 2512 3448 ope-¹

1427 3457 1523 3482 retur.

1482 3495 1622 3526 Adverte
1646 3495 1737 3536 quod
1761 3505 1829 3527 non
1852 3501 1901 3526 est
1923 3494 2010 3526 idem
2034 3494 2216 3536 producere
2239 3496 2363 3536 aliquid
2378 3496 2412 3527 in
2436 3506 2504 3527 ma-

1428 3541 1520 3574 teria,
1531 3546 1570 3571 .et
1593 3540 1773 3581 producere
1796 3539 1919 3581 aliquid
1942 3549 1985 3571 ex
2001 3540 2148 3571 materia.
2174 3540 2263 3572 Deus
2286 3541 2373 3572 enim
2396 3540 2503 3581 aliqua

1427 3586 1460 3615 in
1477 3586 1609 3616 materia
1625 3584 1851 3626 praeexistenti
1870 3583 2038 3625 producit:
2063 3586 2147 3616 sicut
2170 3585 2311 3617 animam
2335 3585 2502 3617 intellecti-

1429 3639 1501 3660 vam
1525 3630 1557 3660 in
1582 3630 1714 3660 materia
1737 3627 1902 3670 disposita.
1927 3629 2003 3660 Non
2019 3635 2128 3661 tamen
2145 3639 2183 3662 ex
2199 3631 2268 3671 ipsa
2283 3630 2415 3661 materia
2431 3639 2502 3662 eam

1429 3673 1590 3714 producit,
1615 3674 1708 3714 quasi
1731 3673 1771 3705 ad
1794 3674 1863 3705 eius
1887 3673 2139 3715 productionem
2170 3675 2337 3706 materiam
2361 3676 2504 3716 praeexi-

2553 2347 2591 2371 ef.
2601 2347 2700 2376 ῙΙἎγιυ
2711 2353 2743 2373 ιν,

2532 3235 2541 3244 ·
2553 3233 2589 3256 ct.
2598 3237 2653 3256 tut.
2664 3237 2686 3255 ot
2698 3238 2745 3254 var.
