2768 4134
35 2227 46 2238 ⁸
61 2225 99 2250 Cf-
111 2229 169 2250 text.

760 273 948 310 SUMMA
977 273 1199 311 CONTRA
1227 274 1501 319 GENTILES,
1529 274 1624 312 LIB.
1645 275 1687 320 ΙΙ,
1718 274 1827 311 CAP.
1849 275 1982 311 XLIV.

278 350 410 382 effectus
440 350 564 383 intendi
593 351 789 391 inquantum
818 350 1067 392 distinguuntur.
1102 352 1228 383 Causae
1260 354 1347 384 enim

276 396 436 436 propriae,
453 401 490 426 ut
505 396 561 432 sic,
577 395 728 436 proprius
744 400 792 426 est
807 394 890 432 finis,
906 405 975 427 non
991 402 1099 428 autem
1120 398 1313 428 communis.
1324 414 1349 420 —

277 440 372 472 Unde
404 445 539 481 negatur
569 445 782 480 assumptum,
806 440 965 471 sumendo
997 450 1073 472 cum
1102 441 1208 481 glossa
1231 441 1347 478 addita,

276 485 413 516 scilicet:
438 490 497 516 aut
519 489 658 525 utraque
687 484 728 515 ab
757 493 823 514 una
851 486 1015 515 commum·
1037 495 1137 517 causa
1160 486 1347 526 dependeat.

332 529 384 561 111.
413 529 533 560 Tertio.
558 528 592 559 Si
614 538 673 569 per
694 534 823 559 motum
846 529 937 560 liberi
960 530 1079 560 arbitrii
1102 531 1278 571 acquisitus
1301 536 1349 560 est

276 573 420 605 diversus
443 573 559 614 gradus
581 573 790 603 rationalibus
814 574 975 611 creaturis,
999 574 1081 605 nulli
1103 580 1266 606 creaturae
1290 574 1349 605 erit

276 627 354 648 suus
369 618 487 658 gradus
502 617 665 654 naturalis,
682 617 739 648 sed
754 617 968 648 accidentalis.
994 618 1057 649 Sed
1073 619 1136 650 hoc
1153 625 1200 650 est
1220 619 1346 650 falsum.

276 662 362 703 Ergo
379 667 439 693 etc.
456 680 480 685 -
493 662 652 692 Probatur
675 663 817 702 sequela.
842 662 928 700 Quia
952 663 1043 703 quod
1065 669 1113 694 est
1136 663 1232 694 alicui
1254 669 1347 694 natu-

275 706 350 743 rale,
373 716 442 737 non
473 706 650 747 acquiritur
680 707 719 737 ab
744 716 784 738 eo
808 716 866 747 per
889 707 1107 738 voluntatem:
1132 717 1208 738 cum
1237 713 1347 738 motus

274 751 450 782 voluntatis
482 757 724 791 praesupponat
756 752 957 782 existentiam
989 752 1136 783 volentis.
1165 770 1188 774 —
1214 752 1239 782 F
1242 752 1347 782 alsitas

275 796 372 826 etiam
395 796 625 836 consequentis
648 796 812 836 probatur.
837 796 923 834 Quia
946 802 1148 837 sequeretur,
1172 797 1236 827 hoc
1260 796 1346 833 dat0‚

275 839 367 880 quod
389 849 504 871 omnes
533 840 730 871 substantiae
758 841 929 872 rationales
960 846 1085 872 creatae
1115 846 1221 871 essent
1251 841 1348 871 unius

275 884 411 925 speciei:
436 885 523 925 quia,
547 894 624 915 cum
653 895 722 916 non
752 884 1005 925 distinguantur,
1036 894 1094 925 per
1124 890 1174 921 te,
1197 885 1259 915 nisi
1289 894 1348 925 per

273 928 390 969 gradus
413 929 636 966 accidentales,
661 939 700 960 ex
723 929 785 960 illis
807 929 957 970 gradibus
980 939 1049 960 non
1072 934 1226 969 poterunt
1245 929 1348 969 speci-

274 973 336 1004 fice
360 973 522 1014 distingui,
547 983 587 1004 eo
612 973 702 1014 quod
726 973 903 1004 differentia
927 973 1078 1014 specifica
1100 973 1252 1004 naturalis
1275 974 1348 1004 uni-

275 1018 394 1058 cuique
410 1018 459 1048 sit.
484 1018 559 1048 Hoc
583 1024 693 1049 autem
716 1028 785 1048 esse
809 1017 935 1055 falsum,
953 1017 1095 1048 diversus
1115 1017 1234 1048 modus
1254 1023 1348 1048 natu-

274 1063 347 1093 ralis
370 1062 570 1102 intelligendi
594 1062 802 1094 demonstrat.
827 1063 914 1103 Ergo
940 1067 1001 1093 etc.

334 1106 473 1143 Quarto.
507 1106 703 1147 Sequeretur
735 1108 894 1137 unionem
926 1107 1023 1137 huius
1054 1107 1180 1137 animae
1213 1105 1253 1136 ad
1284 1107 1347 1137 hoc

276 1160 395 1192 corpus
419 1161 487 1181 non
510 1161 580 1182 esse
602 1151 793 1188 naturalem,
809 1156 925 1191 utpote
941 1160 979 1181 ex
998 1156 1091 1181 motu
1114 1151 1206 1181 liberi
1230 1151 1348 1181 arbitrii

276 1196 477 1236 acquisitam.
501 1196 588 1236 Ergo
611 1206 673 1227 nec
694 1196 916 1236 compositum
932 1196 1076 1226 naturale
1092 1196 1160 1226 erit.
1185 1195 1271 1235 Ergo
1287 1204 1347 1226 no-

276 1241 431 1271 bilissima
461 1241 495 1270 in
520 1240 658 1277 entibus,
682 1245 718 1271 ut
740 1240 853 1276 homo,
878 1239 937 1276 sol,
962 1245 993 1270 et
1016 1240 1077 1270 alia
1100 1245 1195 1276 astra,
1220 1239 1348 1271 innatu-

276 1285 353 1315 ralia
377 1290 481 1315 erunt.
506 1284 607 1322 Quod
630 1284 896 1315 absurdissimum
920 1289 976 1314 est.

335 1329 478 1365 Quinto:
502 1335 534 1359 et
564 1334 611 1359 est
641 1328 846 1360 confirmatio
877 1327 1098 1369 praecedentis
1125 1329 1267 1358 rationis.
1292 1327 1349 1358 Se·

278 1380 396 1414 quetur
419 1373 510 1414 quod
533 1373 646 1410 homo,
671 1373 720 1403 sol
750 1378 781 1403 et
808 1373 895 1409 luna,
920 1377 951 1403 et
975 1373 1035 1403 alia
1058 1371 1256 1408 huiusmodi,
1280 1382 1349 1402 non

276 1418 340 1448 sint
362 1417 489 1458 aliquae
512 1418 646 1457 species.
671 1417 757 1455 Quia
780 1418 860 1448 unio
884 1417 980 1447 huius
1004 1417 1199 1447 substantiae
1222 1416 1262 1447 ad
1284 1417 1349 1447 hoc

277 1471 407 1502 corpus,
431 1467 587 1501 tanquam
615 1471 653 1492 ex
684 1462 800 1492 merito
825 1460 1021 1501 dependens,
1047 1461 1106 1491 erit
1135 1460 1348 1491 accidentalis.

276 1506 326 1537 Ex
347 1507 386 1536 iis
409 1511 519 1538 autem
549 1515 633 1546 quae
663 1515 721 1546 per
751 1505 900 1536 accidens
930 1506 1097 1541 uniuntur,
1120 1514 1190 1535 non
1219 1504 1350 1535 resultat

276 1550 384 1590 aliqua
408 1550 541 1590 species.

331 1594 443 1625 Sexto.
468 1593 630 1634 Sequetur
646 1592 737 1633 quod
752 1593 860 1623 anima
882 1593 1047 1623 rationalis
1068 1601 1151 1632 quae
1174 1597 1349 1622 consecuta

276 1642 324 1668 est
346 1639 411 1668 hoc
434 1647 564 1677 corpuS,
587 1638 690 1677 possit
713 1637 831 1667 iterum
855 1637 1011 1677 coniungi
1027 1636 1080 1666 alii
1096 1636 1236 1676 corpori,
1254 1637 1350 1666 etiam

276 1681 411 1713 sidereo.
436 1681 523 1720 Quia
546 1682 660 1712 merita
675 1686 707 1711 et
723 1681 878 1712 demerita
900 1686 1039 1721 possunt
1054 1681 1165 1720 augeri
1181 1685 1213 1710 et
1227 1681 1349 1710 minui:

227 1764 230 1768 ⁴
275 1727 451 1767 praecipue
480 1725 662 1757 secundum
687 1725 872 1766 Origenem.
904 1725 946 1756 Et
975 1725 1020 1756 sic
1051 1734 1135 1764 quae
1165 1724 1206 1755 ad
1236 1725 1350 1755 merita

276 1776 534 1813 consequuntur,
557 1775 694 1812 possunt
717 1771 751 1801 in
774 1770 890 1801 melius
914 1775 946 1801 et
968 1770 1003 1800 in
1023 1770 1116 1809 peius
1131 1769 1259 1800 mutari.
1275 1769 1351 1800 Hoc

276 1821 386 1848 autem
409 1821 441 1846 et
463 1814 646 1846 secundum
668 1815 911 1855 philosophiam
941 1820 989 1845 est
1019 1813 1146 1850 falsum,
1170 1812 1351 1844 secundum

276 1869 376 1902 quam
399 1860 618 1891 determinatis
641 1858 753 1890 formis
776 1859 977 1900 assignantur
1000 1858 1230 1889 determinatae
1250 1863 1350 1888 mate-

275 1905 358 1936 riae:
384 1910 415 1936 et
444 1903 628 1935 secundum
657 1903 757 1934 fidem
788 1909 835 1934 est
863 1903 1072 1939 haereticum,
1097 1912 1181 1943 quae
1209 1903 1350 1933 animam

276 1955 365 1981 tenet
387 1949 475 1980 idem
506 1958 626 1989 corpus
650 1947 740 1989 quod
764 1947 915 1988 deposuit
944 1948 978 1978 in
1005 1948 1240 1977 resurrectione
1267 1956 1351 1977 reas-

277 2003 415 2026 sumere.
440 1993 526 2033 Ergo
551 1998 611 2023 etc.

333 2038 486 2079 Septimo.
515 2037 550 2068 In
579 2037 657 2078 ipsis
687 2037 871 2067 substantiis
899 2036 1108 2067 rationalibus
1134 2041 1208 2066 ante
1237 2035 1352 2066 merita

277 2082 339 2114 fuit
371 2082 534 2113 distinctio
565 2092 583 2112 a
612 2082 784 2122 principio,
808 2081 851 2111 ita
875 2080 966 2121 quod
995 2080 1118 2120 aliquid
1146 2080 1259 2111 habuit
1287 2089 1351 2110 una

277 2127 369 2169 quod
383 2136 452 2158 non
468 2127 580 2157 habuit
596 2126 672 2156 alia:
697 2126 844 2165 alioquin
867 2134 935 2155 non
952 2124 1088 2155 fuissent
1103 2125 1234 2155 multae.
1252 2124 1350 2164 Ergo,

277 2173 348 2213 pari
370 2172 504 2207 ratione,
527 2181 596 2201 non
627 2170 688 2201 fuit
716 2179 848 2200 necesse
877 2175 912 2200 ut
942 2169 1102 2210 graduum
1125 2168 1289 2200 diversitas
1313 2178 1351 2199 ex

278 2216 511 2248 demeritorum
526 2216 543 2232 ⁴*
567 2215 748 2246 diversitate
772 2214 967 2254 proveniret.

333 2261 387 2292 IV.
412 2260 547 2291 Octavo.
572 2260 668 2290 Tales
691 2259 886 2291 substantiae
917 2268 935 2288 a
964 2258 1126 2298 principio
1150 2256 1280 2289 fuerunt
1302 2266 1351 2287 se-

278 2305 424 2337 cundum
447 2305 641 2336 divisionem
664 2303 844 2339 formalem,
867 2312 936 2333 non
960 2307 1069 2333 autem
1099 2302 1280 2333 secundum
1304 2301 1351 2332 di-

278 2350 486 2382 stinctionem
509 2349 708 2380 materialem
731 2347 914 2378 distinctae:
940 2356 1016 2378 cum
1040 2346 1154 2377 divisio
1171 2346 1351 2377 secundum

278 2395 491 2436 quantitatem
506 2394 540 2424 in
557 2393 633 2423 solis
649 2393 841 2433 corporibus
857 2392 906 2422 sit.
930 2391 1016 2432 Ergo
1038 2390 1169 2422 fuerunt
1185 2391 1352 2421 distinctae

278 2438 459 2470 secundum
482 2437 642 2478 graduum
663 2436 895 2468 diversitatem:
921 2437 997 2476 quia
1013 2435 1127 2466 divisio
1143 2435 1287 2466 formalis
1302 2444 1352 2465 re·

278 2484 407 2515 ducitur
431 2482 471 2513 ad
494 2483 710 2523 privationem
733 2487 765 2512 et
787 2481 943 2517 formam;
968 2486 1000 2511 et
1023 2481 1068 2511 sic
1092 2486 1222 2520 oportet
1251 2489 1352 2510 unam

278 2528 457 2559 formarum
483 2536 552 2557 esse
581 2526 752 2558 meliorem
785 2532 816 2556 et
847 2526 979 2556 alteram
1008 2525 1171 2561 viliorem;
1199 2531 1235 2556 ut
1265 2529 1352 2565 patet

279 2582 318 2603 ex
333 2572 536 2612 Philosopho
553 2570 690 2608 dicente,
707 2570 780 2601 VIII
795 2570 940 2611 Metaph.
953 2571 980 2606 θ’,
998 2569 1088 2611 quod
1104 2570 1227 2610 species
1243 2578 1352 2600 rerum

279 2622 354 2648 sunt
378 2617 461 2647 sicut
483 2616 621 2652 numeri,
645 2624 788 2656 quorum
812 2624 897 2646 unus
921 2614 1011 2645 alteri
1034 2613 1122 2645 addit
1145 2621 1200 2645 aut
1223 2614 1350 2645 minuit.

279 2661 367 2702 Ergo
392 2666 452 2691 etc.

333 2704 589 2741 Advertendum‚
606 2705 724 2745 primo,
738 2703 829 2744 quod
845 2703 960 2734 divisio
977 2702 1130 2739 formalis,
1145 2712 1228 2742 quae
1243 2701 1280 2732 fit
1295 2710 1353 2741 per

280 2749 483 2786 differentias,
507 2758 576 2780 non
598 2750 642 2779 ita
664 2748 829 2779 reducitur
852 2748 892 2779 ad
915 2748 1131 2788 privationem
1155 2752 1186 2777 et
1213 2746 1352 2776 formam

279 2795 372 2835 quasi
395 2804 460 2825 una
483 2792 662 2824 differentia
685 2798 740 2823 aut
763 2792 868 2823 forma
898 2794 938 2822 sit
965 2792 1112 2832 privatio,
1138 2797 1169 2822 et
1192 2791 1289 2821 altera
1312 2790 1352 2820 sit

279 2839 393 2870 forma.
417 2838 493 2869 Hoc
516 2838 604 2868 enim
634 2842 681 2867 est
711 2836 925 2877 impossibile:
955 2846 1031 2866 cum
1061 2836 1198 2876 privatio
1222 2836 1261 2865 sit
1282 2843 1351 2865 non

279 2893 346 2920 ens,
370 2883 424 2914 cui
446 2892 516 2913 non
538 2887 646 2922 potest
670 2882 844 2912 convenire
867 2886 904 2911 ut
930 2886 1079 2911 naturam
1106 2879 1248 2920 aliquam
1272 2888 1352 2909 con-

279 2929 397 2958 stituat.
422 2926 486 2958 Sed
515 2927 580 2957 hoc
610 2926 726 2956 dicitur
757 2927 833 2966 quia
863 2934 990 2965 semper
1020 2934 1086 2955 una
1113 2923 1291 2954 differentia
1317 2932 1351 2953 se

278 2973 375 3003 habet
398 2972 481 3002 sicut
503 2970 692 3012 imperfecta
715 2971 749 3000 in
772 2969 1015 3009 comparatione
1035 2968 1075 2999 ad
1091 2969 1196 3004 aliam,
1213 2974 1249 2998 ut
1264 2972 1352 3008 patet

279 3017 470 3048 discurrenti
485 3025 543 3056 per
559 3016 709 3046 omnium
724 3023 881 3054 generum
897 3012 1106 3044 differentias:
1124 3012 1352 3053 imperfectum

279 3067 399 3098 autem,
422 3067 459 3092 ut
482 3061 538 3097 sic,
561 3061 659 3091 habet
682 3058 926 3090 similitudinem
950 3067 1025 3088 cum
1048 3058 1238 3097 privatione.

337 3116 366 3136 2.
392 3105 487 3136 Circa
509 3106 603 3136 istam
617 3104 880 3145 propositionem
895 3102 1068 3134 adductam
1084 3111 1123 3132 ex
1138 3101 1351 3141 Philosopho,

279 3151 353 3182 VIII
376 3150 530 3191 Metaph„
553 3154 630 3180 text.
652 3156 701 3184 ιο,
724 3148 852 3188 Species
875 3157 985 3178 rerum
1009 3151 1085 3177 sunt
1106 3146 1191 3176 sicut
1213 3145 1350 3181 numeri,

279 3205 419 3237 quorum
444 3204 529 3225 unus
552 3193 649 3224 alteri
671 3192 762 3223 addit
784 3197 843 3223 aut
865 3191 990 3227 minuit,
1008 3190 1240 3221 advertendum
1261 3189 1351 3230 quod

281 3240 446 3281 duplicem
469 3248 601 3270 sensum
630 3238 747 3268 habere
778 3242 895 3277 potest.
924 3236 1016 3266 Unus
1045 3244 1157 3265 sensus
1180 3239 1228 3265 est
1251 3233 1350 3274 quod,

280 3285 363 3316 sicut
377 3293 534 3315 numerus
549 3283 709 3324 posterior
734 3280 980 3321 comprehendit
994 3280 1027 3309 in
1044 3289 1078 3309 se
1094 3288 1208 3309 omnes
1228 3279 1351 3319 priores

281 3335 313 3360 et
335 3330 494 3360 unitatem
523 3327 621 3364 addit,
644 3327 688 3357 ita
719 3327 825 3357 omnis
856 3325 979 3365 species
1009 3323 1182 3363 perfectior
1208 3322 1352 3353 includat

280 3373 456 3405 formaliter
479 3374 513 3404 in
536 3382 571 3403 se
602 3381 716 3403 omnes
746 3370 939 3402 differentias
968 3369 1204 3407 cuiuscumque
1233 3367 1352 3407 speciei

279 3418 536 3459 imperfectioris,
561 3422 593 3447 et
616 3416 827 3447 differentiam
848 3414 888 3444 ad
903 3414 971 3444 illas
988 3412 1091 3443 addat.
1115 3412 1157 3442 Et
1171 3412 1224 3442 hic
1240 3420 1352 3441 sensus

280 3472 349 3493 non
373 3468 420 3493 est
442 3463 585 3493 intentus
608 3461 648 3491 ab
672 3460 861 3491 Aristotele:
887 3467 963 3489 cum
986 3457 1084 3488 falsus
1100 3457 1139 3486 sit
1156 3461 1187 3486 et
1202 3456 1352 3495 impossi-

280 3508 361 3544 bilis,
386 3508 412 3537 si
435 3506 656 3537 universaliter
678 3510 833 3541 sumatur,
849 3504 883 3534 in
899 3502 1050 3533 omnibus
1066 3500 1214 3531 videlicet
1229 3500 1351 3540 specie-

281 3552 351 3582 bus.
377 3552 450 3583 Una
473 3551 562 3582 enim
585 3550 709 3590 species
725 3549 954 3589 specialissima
969 3546 1162 3576 substantiae
1180 3554 1249 3574 non
1264 3544 1352 3574 venit

280 3597 315 3626 in
339 3596 614 3637 compositionem
642 3594 770 3625 alterius
801 3593 930 3633 speciei.
960 3591 1037 3621 Non
1061 3590 1147 3620 enim
1170 3590 1204 3619 in
1226 3589 1351 3618 ratione

281 3641 422 3671 hominis
445 3639 620 3671 includitur
642 3638 820 3669 differentia
843 3636 1047 3668 constitutiva
1071 3634 1162 3664 bovis
1178 3638 1209 3663 et
1225 3633 1303 3663 asini
1320 3637 1352 3662 et

2396 275 2465 324 371

1403 353 1541 384 aliorum
1565 353 1752 383 animalium
1774 352 2062 392 imperfectiorum.
2080 353 2168 384 Tum
2185 356 2260 395 quia
2275 360 2354 385 tunc
2369 355 2471 385 homo

1403 402 1486 427 esset
1508 397 1578 434 bos,
1602 397 1710 427 asinus
1740 402 1771 427 et
1799 397 1860 427 alia
1891 397 2048 428 animalia.
2073 397 2159 428 Tum
2185 400 2281 430 etiam
2305 400 2382 439 quia
2403 409 2472 430 non

1402 446 1512 481 posset
1533 441 1635 471 homo
1661 440 1870 481 quidditative
1894 443 2048 481 cognosci
2070 443 2131 472 nisi
2155 452 2269 474 omnes
2284 444 2472 474 animalium

1403 484 1600 515 differentiae
1623 491 1914 524 cognoscerentur:
1939 495 2052 515 omnes
2077 487 2164 517 enim
2186 497 2317 518 necesse
2341 493 2423 518 esset
2437 488 2472 518 in

1403 529 1527 559 ratione
1551 528 1760 569 quidditativa
1783 538 1844 559 suo
1868 528 1981 559 ordine
2004 539 2136 569 ponere.
2161 549 2183 552 —
2205 532 2268 563 Sed
2292 531 2472 562 secundum

1403 573 1491 604 hunc
1514 582 1655 609 sensum,
1679 573 1775 603 habet
1798 573 1963 603 veritatem
1986 580 2112 604 tantum
2141 576 2175 605 in
2206 577 2373 616 speciebus
2397 577 2472 607 sub·

1403 617 1557 647 ordinatis
1573 617 1607 647 in
1623 617 1708 647 linea
1723 616 2014 657 praedicamentali.
2038 618 2214 650 Perfectior
2230 621 2317 651 enim
2337 621 2470 660 species,

1404 671 1488 702 quae
1511 667 1558 692 est
1581 661 1751 701 posterior,
1776 661 1921 691 continet
1943 661 2226 701 imperfectiorem,
2251 674 2333 705 quae
2357 669 2404 695 est
2419 674 2472 695 su-

1402 706 1520 746 perior,
1544 705 1725 736 secundum
1748 705 1992 745 perfectionem,
2018 711 2049 736 et
2079 706 2166 737 addit
2195 708 2405 739 differentiam
2432 708 2472 739 ad

1402 751 1516 790 ipsam,
1541 751 1623 780 sicut
1645 759 1801 780 numerus
1830 749 2003 790 perfectior
2031 751 2176 781 continet
2200 752 2472 793 imperfectiorem

1402 800 1434 825 et
1456 793 1543 824 addit
1566 795 1733 824 unitatem.
1758 794 1800 824 Et
1822 794 1908 830 ideo,
1925 795 1991 824 sive
2006 795 2064 824 uni
2086 796 2205 834 speciei
2228 796 2360 827 addatur
2383 797 2472 827 diffe-

1402 839 1504 869 rentia
1527 838 1612 869 illius
1636 839 1843 874 contractiva,
1867 839 1934 869 sive
1958 839 2159 870 subtrahatur
2175 849 2231 870 sua
2246 841 2360 871 ultima
2383 841 2472 871 diffe-

1402 884 1514 919 rentia,
1538 892 1606 913 non
1629 888 1774 913 remanet
1797 882 1910 913 eadem
1933 883 2067 923 species.
2093 883 2126 914 Si
2145 894 2297 924 namque,
2314 890 2350 915 ut
2366 894 2473 915 exem-

1402 926 1524 967 plificat
1550 927 1685 958 Sanctus
1711 927 1856 958 Thomas
1879 927 1951 958 VIII
1975 928 2117 967 Metaph.
2131 929 2158 964 ἦ
2182 929 2318 958 animali
2341 929 2473 960 addatur

1403 972 1576 1007 rationale,
1595 981 1662 1002 non
1686 977 1830 1002 remanet
1854 971 1991 1012 amplius
2015 972 2137 1012 species
2161 982 2245 1013 quae
2268 978 2334 1004 erat
2356 974 2474 1004 animal

1403 1015 1576 1053 dumtaxat,
1593 1016 1649 1046 sed
1665 1016 1870 1047 constituitur
1885 1016 2008 1056 speeies
2025 1017 2169 1047 animalis
2186 1027 2268 1057 quae
2290 1023 2336 1047 est
2355 1018 2472 1054 homo;

1404 1066 1435 1091 et
1458 1062 1484 1091 si
1508 1061 1547 1091 ab
1571 1061 1708 1091 animali
1730 1066 1934 1091 removeatur
1957 1061 2116 1097 sensibile,
2140 1071 2209 1092 non
2232 1067 2375 1092 remanet
2406 1063 2473 1092 ani-

1403 1105 1494 1136 malis
1518 1105 1652 1145 species,
1677 1105 1733 1135 sed
1756 1105 1894 1145 plantae.
1920 1105 2071 1135 Similiter
2087 1111 2134 1136 est
2157 1111 2189 1136 et
2210 1106 2244 1136 in
2267 1106 2420 1136 numeris.
2441 1106 2474 1136 Si

1404 1150 1491 1180 enim
1515 1150 1718 1189 quaternario
1744 1149 1877 1179 addatur
1900 1150 2015 1185 unitas,
2040 1159 2108 1180 non
2131 1155 2275 1180 remanet
2305 1156 2474 1190 quaterna-

1403 1195 1469 1224 rius
1491 1194 1552 1224 nisi
1575 1194 1790 1230 materialiter,
1815 1193 1871 1224 sed
1894 1193 1930 1224 fit
1954 1194 2135 1234 quinarius;
2160 1200 2191 1225 et
2215 1195 2240 1224 si
2264 1195 2302 1224 ab
2326 1195 2398 1234 ipso
2424 1203 2474 1224 re—

1403 1244 1572 1269 moveatur
1596 1238 1712 1274 unitas,
1736 1243 1879 1269 remanet
1902 1239 2068 1268 ternarius.

1459 1282 1628 1313 Secundus
1644 1292 1756 1312 sensus
1768 1288 1875 1322 potest
1889 1292 1956 1312 esse
1970 1282 2069 1322 quod,
2083 1283 2165 1313 sicut
2177 1283 2338 1323 quaelibet
2350 1283 2473 1323 species

1403 1327 1531 1357 numeri
1553 1337 1611 1367 per
1634 1326 1825 1357 indivisibile
1850 1327 2066 1363 constituitur,
2090 1336 2147 1366 per
2177 1327 2322 1357 ultimam
2354 1326 2474 1357 scilicet

1404 1372 1576 1408 unitatem;
1602 1376 1633 1401 et
1656 1372 1881 1411 unusquisque
1905 1380 2060 1401 numerus
2084 1378 2138 1401 aut
2162 1371 2286 1401 excedit
2302 1371 2401 1401 alium
2417 1380 2474 1410 per

1404 1415 1561 1446 unitatem
1584 1414 1735 1452 additam,
1760 1421 1814 1445 aut
1845 1414 1952 1445 deficit
1982 1416 2020 1445 ab
2051 1415 2106 1445 illo
2137 1425 2194 1455 per
2223 1416 2475 1446 subtractionem

1404 1460 1552 1490 unitatis:
1569 1460 1613 1489 ita
1629 1460 1791 1500 quaelibet
1807 1460 1930 1499 species
1946 1469 2053 1490 rerum
2069 1469 2127 1499 per
2142 1459 2368 1490 indivisibilem
2385 1458 2474 1489 diffe-

1405 1504 1541 1534 rentiam
1565 1504 1787 1540 constituitur;
1812 1504 1855 1534 ita
1879 1503 1968 1543 quod
1992 1503 2148 1544 quicquid
2172 1504 2296 1544 attingit
2320 1504 2360 1534 ad
2386 1503 2474 1533 illam

1406 1547 1627 1584 differentiam,
1651 1549 1710 1578 sub
1733 1548 1788 1578 illa
1818 1548 1925 1588 specie
1956 1549 2155 1584 continetur3
2181 1548 2338 1588 quicquid
2367 1553 2474 1578 autem

1406 1590 1514 1622 deficit
1529 1593 1568 1622 ab
1585 1592 1639 1622 illa
1654 1598 1710 1622 aut
1724 1592 1812 1622 illam
1829 1591 1963 1627 excedit,
1980 1591 2020 1622 ad
2042 1593 2138 1622 aliam
2161 1592 2303 1632 speciem
2325 1592 2473 1632 pertinet.

1406 1635 1447 1665 Et
1469 1635 1544 1666 ideo
1569 1636 1675 1666 omnis
1699 1636 1760 1666 alia
1783 1637 1906 1675 species
1937 1641 1991 1666 aut
2019 1637 2224 1666 constituitur
2247 1645 2304 1676 per
2328 1635 2475 1666 differen-

1406 1680 1483 1710 tiam
1507 1679 1687 1720 digniorem
1718 1685 1749 1710 et
1780 1680 2048 1716 excellentiorem,
2074 1686 2128 1710 aut
2150 1689 2208 1719 per
2237 1680 2474 1720 ignobiliorem.

1406 1723 1452 1754 Ita
1476 1724 1566 1764 quod
1590 1734 1689 1755 unam
1713 1724 1855 1764 speciem
1887 1723 2003 1754 addere
2034 1723 2073 1754 ad
2104 1725 2198 1754 aliam
2228 1733 2295 1754 non
2320 1729 2367 1754 est
2388 1723 2476 1753 illam

1406 1769 1502 1799 aliam
1519 1769 1685 1799 continere
1701 1767 1877 1799 formaliter
1893 1774 1925 1799 et
1940 1768 2073 1798 ulterius
2096 1768 2261 1799 includere
2283 1767 2477 1798 nobiliorem

1407 1813 1548 1854 aliquam
1573 1812 1802 1844 differentiam:
1828 1813 1884 1843 sed
1908 1818 1955 1843 est
1974 1813 2077 1853 ipsam
2092 1822 2150 1853 per
2166 1812 2360 1843 nobiliorem
2377 1817 2408 1842 et
2424 1821 2476 1842 ex-

1407 1858 1628 1888 cellentiorem
1661 1857 1873 1888 differentiam
1906 1857 2075 1893 constitui,
2108 1856 2318 1887 differentiam
2349 1856 2477 1887 alterius

1407 1903 1586 1932 eminenter
1610 1903 1848 1938 continentem;
1874 1911 1940 1941 quo
1964 1900 2066 1931 modo
2084 1902 2179 1931 etiam
2197 1901 2338 1931 nobilior
2353 1901 2476 1940 species

1407 1945 1523 1977 dicitur
1546 1946 1725 1986 aliqualiter
1740 1946 1968 1986 ignobiliorem
1985 1946 2161 1982 continere,
2177 1955 2245 1975 non
2262 1944 2395 1985 quidem
2411 1944 2476 1974 for-

1406 1991 1540 2027 maliter,
1565 1990 1621 2021 sed
1649 1991 1837 2021 eminenter.
1865 2007 1888 2012 -—
1914 1989 1966 2020 Ad
1991 1990 2079 2020 hunc
2103 1999 2179 2030 ergo
2203 1999 2334 2020 sensum
2360 1989 2476 2028 accipit

1406 2035 1664 2076 propositionem
1699 2035 1879 2065 Aristotelis
1906 2034 2040 2065 Sanctus
2068 2034 2226 2064 Thomas:
2262 2034 2338 2074 quia
2369 2043 2407 2063 ex
2434 2043 2474 2064 eo

1407 2080 1530 2120 optime
1553 2079 1762 2120 inaequalitas
1786 2079 2033 2109 substantiarum
2057 2088 2140 2118 quae
2167 2078 2342 2108 formaliter
2365 2077 2475 2108 distin-

1406 2129 1559 2164 guuntur,
1579 2124 1731 2164 arguitur.
1756 2123 1847 2153 Licet
1871 2123 1965 2153 etiam
1985 2124 2108 2163 primus
2124 2132 2235 2152 sensus
2258 2122 2372 2152 habeat
2394 2122 2475 2152 veri-

1406 2174 1515 2205 tatem,
1539 2173 1575 2198 ut
1599 2168 1723 2198 dictum
1747 2173 1802 2204 est,
1823 2168 1856 2198 in
1880 2168 2048 2207 speciebus
2072 2166 2252 2197 secundum
2275 2167 2420 2206 superius
2445 2171 2476 2196 et

1406 2209 1540 2243 inferius
1563 2213 1597 2242 in
1620 2212 1705 2243 linea
1727 2211 2009 2252 praedicamentali
2032 2211 2195 2241 ordinatis.

1463 2258 1502 2287 V.
1527 2257 1636 2287 Nono.
1659 2258 1727 2287 Aut
1750 2263 1912 2287 creaturae
1940 2256 2110 2286 rationales
2140 2260 2277 2296 possunt
2306 2255 2476 2285 subsistere

1407 2303 1530 2342 absque
1553 2301 1760 2341 corporibus:
1786 2307 1840 2331 aut
1860 2310 1938 2331 non.
1963 2300 1997 2331 Si
2017 2301 2170 2340 primum,
2186 2309 2255 2329 non
2271 2298 2330 2329 fuit
2345 2308 2476 2329 necesse

1407 2352 1540 2387 propter
1555 2346 1669 2376 merita
1684 2345 1807 2376 diversa
1824 2354 2000 2385 corporum
2017 2344 2229 2375 diversitatem
2245 2344 2380 2374 institui:
2402 2343 2478 2383 quia

1408 2392 1504 2422 etiarn
1520 2396 1646 2430 poterat
1662 2391 1694 2420 in
1711 2390 1894 2420 substantiis
1918 2389 2133 2429 spiritualibus
2158 2389 2278 2428 absque
2302 2397 2477 2428 corporum

1408 2435 1587 2466 diversitate
1612 2434 1754 2465 diversus
1778 2434 1894 2474 gradus
1917 2434 2062 2463 inveniri.
2086 2451 2108 2455 —
2129 2432 2161 2463 Si
2185 2432 2374 2468 secundum,
2400 2441 2476 2471 ergo

1407 2480 1503 2510 simul
1527 2489 1603 2509 cum
1626 2479 1702 2519 ipsis
1726 2478 1857 2509 fuerunt
1880 2487 2016 2518 corpora
2039 2477 2207 2517 producta.
2233 2476 2295 2507 Sed
2311 2477 2414 2506 maior
2430 2481 2478 2506 est

1408 2524 1555 2555 distantia
1578 2523 1754 2563 corporalis
1777 2523 1971 2553 substantiae
2002 2521 2041 2552 ad
2071 2521 2267 2561 spiritualem
2292 2530 2389 2560 quam
2413 2521 2476 2560 spi-

1406 2569 1571 2599 ritualium
1594 2567 1635 2597 ad
1657 2568 1807 2598 invicem.
1832 2567 1930 2606 Ergo,
1948 2567 1973 2596 si
1989 2571 2160 2605 utramque
2177 2565 2385 2595 substantiam
2400 2573 2476 2604 pro-

1407 2613 1497 2644 duxit
1520 2612 1641 2652 absque
1664 2612 1785 2642 meritis
1808 2609 2083 2651 praecedentibus,
2107 2619 2175 2639 non
2199 2609 2344 2648 oportuit
2363 2608 2476 2638 merita

1406 2656 1598 2697 praecedere
1622 2655 1661 2686 ad
1685 2656 1748 2685 hoc
1771 2660 1807 2685 ut
1830 2656 1863 2685 in
1888 2654 2018 2684 diversis
2041 2653 2190 2692 gradibus
2207 2652 2384 2693 spirituales
2401 2652 2475 2682 sub-

1407 2701 1540 2732 stantiae
1563 2700 1814 2730 instituerentur.

1461 2744 1606 2775 Decimo.
1631 2744 1826 2783 Sequeretur
1846 2742 1946 2782 quod,
1962 2747 2095 2782 propter
2118 2740 2372 2771 uniformitatem
2388 2749 2474 2770 crea-

1406 2796 1496 2821 turae
1519 2789 1692 2824 rationalis,
1716 2789 1742 2819 si
1765 2787 1885 2818 scilicet
1907 2787 2021 2817 merita
2044 2786 2167 2816 diversa
2188 2794 2257 2815 non
2286 2784 2474 2824 praecessis-

1406 2839 1486 2871 sent,
1503 2833 1615 2864 fuisset
1631 2837 1735 2863 creata
1748 2837 1862 2862 natura
1874 2831 2049 2871 corporalis
2065 2829 2244 2860 uniformis.
2261 2829 2347 2868 Ergo
2364 2827 2475 2858 fuisset

1407 2884 1512 2909 creata
1533 2878 1667 2908 materia
1689 2877 1792 2917 prima
1808 2877 1867 2906 sub
1883 2885 1948 2906 una
1963 2880 2089 2905 tantum
2105 2873 2219 2904 forma.
2243 2873 2328 2912 Ergo
2349 2881 2474 2902 reman—

1407 2924 1497 2953 sisset
1508 2921 1712 2963 imperfecta:
1727 2931 1802 2952 cum
1815 2921 1877 2950 sint
1892 2921 1926 2950 in
1938 2920 2007 2960 ipsa
2019 2919 2126 2959 plures
2139 2917 2261 2948 formae
2273 2918 2307 2947 in
2319 2916 2472 2957 potentia.

1407 2967 1471 2999 Sed
1493 2967 1557 2997 hoc
1581 2966 1708 2997 divinae
1732 2966 1867 2996 bonitati
1883 2974 1951 2994 non
1968 2969 2014 2994 est
2035 2963 2241 2994 conveniens.
2266 2962 2351 3001 Ergo
2369 2965 2428 2991 etc.

1465 3011 1652 3041 Undecimo.
1677 3010 1769 3040 Esset
1792 3020 1810 3039 a
1834 3018 1909 3039 casu
1934 3008 2024 3048 quod
2046 3008 2080 3037 in
2103 3006 2227 3037 mundo
2245 3011 2326 3036 esset
2348 3010 2473 3034 tantum

1406 3065 1492 3086 unus
1513 3055 1572 3086 sol.
1588 3074 1611 3077 —
1626 3055 1717 3085 Patet
1733 3054 1975 3093 consequentia.
2000 3052 2085 3090 Quia
2101 3062 2119 3081 a
2135 3061 2211 3081 casu
2227 3049 2288 3080 fuit
2304 3048 2394 3089 quod
2408 3057 2474 3079 una

1406 3105 1532 3131 tantum
1556 3100 1732 3130 substantia
1761 3099 1806 3128 sic
1835 3097 1981 3138 peccavit
2008 3102 2044 3127 ut
2071 3096 2126 3126 tali
2149 3095 2277 3134 corpori
2300 3098 2474 3124 mereretur

1407 3144 1548 3184 adiungi.

1461 3188 1674 3218 Duodecimo.
1700 3187 1894 3227 Sequeretur
1925 3184 2014 3225 quod
2042 3184 2176 3214 visibilia
2206 3191 2341 3222 corpora
2369 3185 2474 3211 essent

1407 3233 1557 3263 adiuncta
1581 3232 1763 3262 substantiis
1787 3230 1996 3261 invisibilibus
2019 3234 2151 3268 propter
2170 3232 2349 3267 peccatum.
2374 3224 2474 3262 Quod

1407 3283 1454 3308 est
1477 3277 1702 3317 propinquum
1725 3276 1824 3305 errori
1847 3274 2122 3304 Manichaeorum.

1463 3321 1601 3352 Adverte
1626 3319 1716 3360 quod
1738 3320 1802 3349 hoc
1827 3326 2029 3357 consequens
2053 3316 2168 3347 dicitur
2188 3315 2409 3354 propinquum
2425 3322 2473 3343 er-

1406 3367 1471 3396 rori
1494 3365 1771 3400 Manichaeorum,
1803 3363 1893 3403 quia,
1919 3362 2000 3392 sicut
2022 3360 2201 3391 Manichaei
2224 3358 2357 3388 visibilia
2388 3357 2473 3388 dice-

1406 3411 1483 3440 bant
1506 3420 1524 3440 a
1546 3409 1633 3440 malo
1657 3408 1816 3448 principio
1842 3406 1985 3437 effective
2015 3405 2218 3445 processisse,
2241 3403 2285 3433 ita
2307 3403 2371 3432 hoc
2395 3410 2473 3432 con-

1407 3464 1546 3494 sequens
1571 3453 1647 3484 dicit
1669 3453 1723 3483 illa
1746 3462 1763 3482 a
1786 3451 1872 3482 malo
1897 3449 2032 3480 finaliter
2055 3448 2256 3488 processisse.

1463 3498 1694 3529 CONFIRMATUR
1709 3496 1896 3526 auctoritate
1915 3494 1993 3524 Gen.
2007 3503 2028 3529 1,
2044 3493 2101 3522 ubi
2117 3492 2156 3522 de
2173 3491 2305 3531 singulis
2321 3490 2472 3530 operibus

1406 3543 1580 3573 visibilium
1604 3546 1819 3572 creaturarum
1842 3539 1897 3568 tali
1919 3537 2020 3567 modo
2043 3536 2201 3576 loquendi
2217 3535 2346 3575 Moyses
2362 3534 2472 3570 utitur,

1412 3587 1496 3617 Vidit
1510 3587 1600 3616 Deus
1618 3585 1705 3626 quod
1720 3589 1801 3615 esset
1823 3583 1940 3613 bonum
1958 3587 2033 3618 etc.;
2049 3586 2162 3621 postea
2178 3579 2218 3610 de
2235 3580 2357 3610 cunctis
2378 3577 2473 3608 simul

1406 3631 1579 3670 subiungit,
1603 3629 1686 3659 Vidit
1708 3629 1797 3658 Deus
1820 3631 1935 3657 cuncta
1960 3631 2019 3656 etc.

2500 931 2509 940 ·
2529 930 2587 951 Loc.
2609 931 2657 957 cin,

2500 957 2551 978 lect.
2565 963 2585 985 3.
