2716 4302
47 965 99 990 491
114 961 158 983 bi.

1264 157 1527 194 APPENDIX

292 239 390 270 etiam
406 232 489 278 quae
506 237 656 268 nondum
673 244 747 268 sunt
765 244 950 278 cognoscat.
976 240 994 278 ξ
1011 239 1171 278 Amplius.
1189 238 1368 278 Intelligere

293 291 356 321 Dei
376 291 617 320 successionem
634 300 701 320 non
718 290 824 326 habet,
836 291 924 321 vsicut
940 300 1001 321 nec
1018 291 1087 320 eius
1103 299 1182 320 esse.
1202 290 1258 320 Est
1274 290 1370 330 igitur

292 346 400 372 totum
424 341 520 372 simul
538 340 680 383 (semper
695 342 855 378 manens),
872 341 962 382 quod
979 341 1019 372 de
1035 342 1159 372 ratione
1176 342 1369 372 aeternitatis

293 398 350 423 est.
369 393 543 433 Temporis
560 398 667 423 autem
686 415 694 422 .
709 416 716 422 .
731 416 738 422 .
758 392 949 423 extenditur.
967 393 1139 432 Proportio
1157 394 1252 432 igitur
1269 398 1368 422 aeter-

292 445 400 474 nitatis
417 444 456 474 ad
479 450 582 474 totam
606 444 764 484 temporis
791 443 996 474 durationem
1021 450 1067 474 est
1092 445 1174 474 sicut
1199 444 1368 484 proportio

293 495 494 526 indivisibilis
519 495 558 526 ad
583 497 788 534 continuum,
813 505 880 525 non
913 495 1046 536 quidem
1077 497 1146 526 eius
1170 495 1369 526 indivisibilis

294 547 385 587 quod
408 549 565 578 terminus
590 547 737 577 continui
761 553 808 577 est
826 571 832 577 .
849 571 855 577 .
870 571 877 578 .
896 547 950 577 sed
975 548 1044 577 eius
1062 546 1262 577 indivisibilis
1279 546 1369 587 quod

294 605 382 630 extra
406 600 601 630 continuum
618 606 675 635 est,
697 599 829 629 cuilibet
845 605 954 629 tamen
971 600 1051 639 parti
1077 599 1224 628 continui
1244 602 1284 626 vel
1303 598 1368 628 sive

293 656 417 691 puncto
431 651 464 681 in
477 650 637 680 continuo
650 651 776 689 signato
789 651 952 680 coexistit:
970 659 1045 680 nam
1063 659 1138 680 cum
1155 653 1271 685 tempori
1289 655 1370 679 tem-

293 711 355 742 pus
371 707 500 731 motum
516 710 583 731 non
601 700 743 736 excedat,
758 702 936 739 aeternitas,
951 711 1034 741 quae
1047 701 1184 731 omnino
1198 706 1283 730 extra
1299 710 1370 730 mo-

293 759 365 784 tum
379 758 436 789 est,
453 752 533 783 nihil
547 753 702 792 temporis
716 758 772 782 est.
790 753 932 783 Rursum
946 776 952 782 .
969 777 974 782 .
991 776 998 783 .
1013 758 1059 783 est
1076 752 1193 783 videre.
1208 753 1369 782 Punctum

294 805 428 836 enimin
441 803 712 840 circumferentia,
726 805 783 834 etsi
798 804 990 835 indivisibile
1008 806 1047 835 sit
1070 814 1138 834 non
1154 810 1262 834 tamen
1280 803 1371 834 cuili-

293 857 348 887 bet
357 861 482 897 puncto
501 860 557 885 alio
575 856 626 886 alii
644 855 825 886 secundum
842 857 939 886 situm
953 856 1100 886 coexistit
1112 855 1218 891 simul,
1237 859 1286 884 sed
1304 859 1372 884 ordo

292 910 527 944 circumferentiae
543 906 624 937 ordo
642 907 728 936 enim
741 907 820 937 situs
830 907 1077 937 continuitatem
1093 905 1371 936 circumferentiae

294 959 380 990 facit.
406 958 565 989 Centrum
583 982 589 988 .
606 981 613 988 .
629 981 635 988 .
654 958 759 988 habet.
784 959 801 974 ⁴*
817 957 985 998 Quicquid
1002 959 1097 998 igitur
1113 959 1145 988 in
1162 967 1371 998 quacumque

294 1015 384 1051 parte
409 1010 565 1049 temporis
582 1015 639 1047 est,
658 1010 805 1039 coexistit
821 1015 953 1039 aeterno
971 1010 1062 1049 quasi
1080 1018 1230 1049 praesens
1255 1008 1371 1044 eidem,

295 1062 352 1092 etsi
378 1067 527 1100 respectu
552 1061 682 1090 alterius
702 1062 799 1100 partis
823 1061 980 1100 temporis
999 1059 1062 1100 (sit)
1089 1060 1297 1100 praeteritum
1322 1059 1372 1089 vel

294 1111 452 1142 futurum.
477 1112 622 1141 Aeterno
647 1117 755 1141 autem
772 1121 839 1141 non
858 1116 964 1150 potest
981 1110 1103 1150 aliquid
1122 1110 1373 1150 praesentialiter

295 1156 472 1193 coexistere
485 1163 546 1192 nisi
558 1163 628 1198 toti,
646 1162 720 1201 quia
738 1161 951 1192 successionis
964 1160 1169 1191 durationem
1182 1170 1249 1190 non
1266 1161 1371 1199 habet,

295 1225 364 1251 quae
382 1218 494 1251 tempori
515 1217 643 1246 convenit,
663 1225 693 1241 ex
713 1225 767 1249 quo
792 1216 916 1249 contingit
935 1217 1006 1248 quod
1032 1216 1129 1248 aliquid
1149 1216 1227 1248 parti
1245 1221 1286 1240 est
1307 1215 1372 1248 parti

293 1269 422 1302 temporis
435 1276 570 1301 praesens,
583 1276 635 1292 non
656 1273 743 1292 autem
757 1268 810 1295 toti,
826 1267 873 1292 sed
887 1272 1007 1299 respectu
1026 1267 1131 1292 alterius
1144 1268 1311 1299 praeteritum
1331 1267 1372 1291 vel

270 1338 276 1339 ff
295 1321 421 1346 futurum.
445 1315 614 1356 Quicquid
630 1316 725 1355 igitur
739 1337 746 1345 .
762 1339 767 1345 .
784 1338 789 1344 .
809 1314 957 1345 notitiam
973 1315 1079 1344 habet.
1097 1315 1114 1352 ἓ
1130 1315 1190 1344 Per
1205 1315 1262 1344 has
1278 1315 1374 1353 igitur

236 1398 241 1399 t
263 1369 436 1399 ‘fanones
455 1368 594 1407 'apparet
618 1365 708 1406 quod
733 1366 822 1396 Deus
846 1375 912 1395 non
939 1365 1063 1395 entium
1091 1365 1239 1395 notitiam
1268 1365 1372 1394 habet.

294 1415 370 1451 Non
395 1425 504 1450 tamen
529 1418 639 1448 omnia
657 1427 725 1448 non
746 1418 832 1447 entia
849 1416 985 1447 eandem
1009 1417 1128 1446 habent
1151 1415 1374 1446 habitudinem

295 1470 337 1502 ad
353 1471 422 1501 eius
439 1470 619 1500 scientiam.
644 1469 691 1498 Ea
716 1469 803 1498 enirn
821 1477 904 1507 quae
929 1477 995 1497 non
1014 1473 1089 1497 sunt
1113 1476 1172 1496 nec
1197 1472 1290 1497 erunt
1315 1476 1374 1496 nec

296 1522 429 1553 fuerunt
445 1532 463 1551 a
479 1521 551 1551 Deo
576 1521 722 1550 sciuntur
746 1519 836 1559 quasi
862 1519 931 1548 eius
956 1519 1063 1548 virtuti
1090 1518 1254 1557 possibilia
1275 1517 1375 1555 (unde

294 1583 364 1604 non
389 1573 559 1613 cognoscit
581 1570 647 1612 [ea]
667 1576 702 1601 ut
727 1570 894 1600 existentia
916 1569 1097 1609 aliqualiter
1119 1570 1152 1599 in
1177 1569 1300 1609 seipsis,
1320 1567 1376 1598 sed

294 1629 382 1654 solum
398 1630 436 1655 ut
451 1623 619 1654 existentia
633 1626 660 1651 in
675 1622 783 1652 solum
801 1622 832 1651 in
851 1621 996 1661 potentia
1012 1621 1120 1650 divina
1145 1625 1246 1648 virtute.
1265 1624 1301 1648 [ὰ
1313 1624 1378 1649 haec

24 1699 26 1702 >
48 1663 63 1700 t
77 1676 267 1728 mdv-
294 1679 423 1714 cognitio,
445 1678 532 1709 Unde)
549 1674 643 1711 Quae
661 1672 794 1712 quidem
807 1673 823 1688 ⁴*
848 1682 865 1702 a
882 1671 1076 1712 quibusdam
1095 1671 1246 1701 dicuntur
1271 1681 1287 1700 a
1304 1671 1377 1701 Deo

0 1707 122 1770 {aba

0 1810 26 1842 s„

217 1709 268 1726 ΙΙΙΥ·

37 1770 132 1808 ,oflVR
147 1779 178 1803 ad
193 1779 240 1801 loe.

296 1726 451 1767 cognosci
462 1724 645 1756 secundum
657 1724 806 1754 notitiam
819 1722 974 1762 simplicis
988 1722 1228 1762 intelligentiae.
1242 1722 1287 1751 Ea
1301 1731 1378 1752 vero

295 1787 380 1819 quae
397 1783 473 1808 sunt
496 1779 597 1812 (nobis)
621 1774 801 1816 praesentia
826 1774 995 1814 praeterita
1019 1773 1070 1804 vel
1095 1773 1202 1804 futura
1226 1772 1348 1813 (nobis)
1362 1774 1378 1789 ἥ

296 1829 466 1869 cognoscit
490 1835 515 1856 et
534 1831 560 1855 in
578 1829 697 1864 †(vel)†
715 1829 771 1854 suis
792 1825 894 1867 (Deus
919 1824 1100 1855 secundum
1129 1823 1219 1864 quod
1247 1830 1321 1854 sunt
1345 1825 1377 1854 in

295 1890 354 1911 sua
378 1879 525 1920 potentia
549 1884 580 1909 et
597 1878 630 1907 in
648 1876 800 1917 propriis)
818 1877 922 1906 causis
940 1881 971 1905 et
992 1877 1023 1905 in
1048 1876 1170 1915 seipsis.
1197 1875 1237 1905 Et
1260 1875 1379 1905 horum

296 1931 442 1972 cognitio
459 1930 576 1960 dicitur
591 1929 706 1959 notitia
723 1928 865 1958 visionis.
889 1927 963 1957 Non
981 1927 1069 1956 enim
1095 1926 1182 1956 Deus
1208 1930 1378 1962 (cognoscit)

296 1987 394 2018 (videt)
413 1986 499 2012 solum
518 1992 577 2011 esse
595 1989 702 2011 rerum
721 1989 804 2020 quac
826 1978 914 2019 apud
939 1987 1000 2008 nos
1020 1977 1168 2008 nondum
1191 1984 1275 2013 sunt,
1293 1978 1379 2008 videt

296 2035 405 2066 solum
430 2043 499 2065 esse
524 2032 615 2073 quod
642 2033 762 2062 habent
789 2032 822 2062 in
850 2031 916 2061 suis
944 2031 1058 2066 causis,
1087 2029 1143 2060 sed
1175 2030 1271 2060 etiam
1299 2029 1378 2061 illud

297 2084 390 2126 quod
405 2085 526 2115 habent
536 2084 571 2114 in
582 2083 704 2123 seipsis,
723 2085 775 2110 Nec
788 2090 876 2110 tamen
895 2087 936 2110 est
947 2084 1004 2110 eius
1022 2084 1108 2117 aliqua
1123 2085 1256 2116 cognoscit
1271 2084 1319 2108 nisi
1333 2091 1379 2116 per

295 2140 440 2177 ‘essentiam
460 2145 620 2170 suam,nam
637 2134 846 2175 (inquantum
870 2133 939 2163 eius
963 2132 1133 2162 aeternitas
1157 2137 1204 2161 est
1228 2132 1378 2171 praesens

297 2198 356 2220 sua
370 2186 622 2218 indivisibilitate
647 2186 738 2216 omni
762 2184 912 2223 tempori.
931 2184 971 2214 Et
987 2189 1096 2213 tamen
1115 2193 1280 2219 quocumque
1299 2186 1378 2211 modo

297 2251 343 2271 res
367 2249 438 2271 esse
466 2237 702 2279 quodcumque
727 2236 772 2266 rei
802 2236 891 2266 Deus
919 2235 1088 2274 cognoscit
1119 2244 1176 2274 per
1207 2234 1377 2264 essentiam

299 2301 402 2331 suam,
433 2289 523 2331 nam)
553 2299 610 2320 sua
642 2288 777 2319 essentia
810 2293 858 2318 est
884 2286 1161 2327 repraesentabilis
1189 2289 1278 2314 multis
1308 2286 1380 2326 (per

298 2342 416 2385 multa)
433 2352 517 2383 quae
534 2351 601 2372 non
618 2346 692 2371 sunt
708 2349 769 2370 nec
787 2345 880 2369 erunt
899 2348 960 2369 nec
977 2338 1117 2369 fuerunt.
1137 2338 1207 2378 Ipsa
1223 2338 1319 2368 etiam

301 2387 490 2428 deductum.
509 2394 561 2425 Sic
578 2394 674 2433 igitur
698 2402 765 2422 non
790 2391 876 2422 entia
899 2395 1057 2428 inquantum
1083 2391 1267 2430 (cognoscit
1291 2390 1379 2420 Deus

299 2445 512 2488 inquantum)
530 2445 641 2484 aliquo
666 2443 768 2473 modo
792 2443 911 2473 habent
935 2451 1014 2480 esse,
1031 2442 1083 2472 vel
1100 2442 1132 2472 in
1157 2441 1303 2482 potentia
1319 2441 1379 2471 Dei

300 2499 351 2530 vel
376 2499 409 2529 in
434 2497 538 2528 causis
555 2496 620 2530 suis
638 2495 687 2525 vel
705 2495 737 2524 in
762 2495 885 2534 seipsis,
903 2492 994 2533 quod
1010 2493 1127 2523 rationi
1143 2493 1295 2523 scientiae
1312 2502 1380 2522 non

301 2550 438 2581 obsistit.
456 2552 624 2584 Cognoscere
642 2555 730 2575 autem
750 2557 801 2574 non
817 2549 886 2574 entia
899 2555 961 2573 esse
979 2555 1032 2573 non
1051 2547 1119 2572 entia
1138 2553 1179 2572 est
1197 2547 1315 2573 eiusdem
1335 2554 1380 2571 ra-

301 2604 383 2630 tionis
401 2603 496 2628 eodem
510 2602 591 2627 modo
605 2601 672 2626 sicut
686 2600 905 2634 (cognoscimus)
919 2598 1135 2633 (cognoscuntur)
1149 2599 1218 2623 entia
1231 2605 1291 2623 esse
1303 2598 1380 2628 entia,

56 2657 68 2668 ³
82 2655 144 2678 Cnu
166 2661 216 2677 ⁰¹¹¹-
235 2660 275 2676 πθ·
302 2663 362 2680 cum
383 2653 520 2680 affirmatio
535 2653 548 2668 ⁸
570 2653 663 2678 virtute
681 2653 824 2678 contineat:
844 2651 910 2677 scito
929 2651 998 2676 enim
1018 2651 1090 2683 quod
1114 2651 1195 2675 homo
1214 2650 1309 2675 animal
1332 2654 1380 2680 est,

94 2682 182 2704 timu·
194 2682 228 2703 vel
237 2681 276 2702 nli-

58 2709 115 2738 quid
129 2708 214 2730 simile.

28 3084 35 3086 >
57 3070 72 3083 ³
82 3069 138 3093 Vid.
152 3070 182 3092 ad
197 3070 242 3091 loc.

71 3741 182 3765 i9vai.

302 2706 392 2732 haberi
410 2710 498 2738 potest
516 2705 589 2738 quod
608 2711 661 2728 non
679 2708 720 2728 est
739 2703 813 2736 lapis.
834 2703 910 2728 Unde
928 2703 1047 2735 negativa
1065 2710 1118 2727 non
1136 2702 1184 2726 nisi
1203 2709 1250 2734 per
1269 2700 1381 2726 affirma-

302 2757 384 2783 tivam
403 2755 524 2782 concludi
543 2760 638 2788 potest.
662 2752 680 2790 5
697 2751 756 2781 His
781 2756 890 2781 autem
903 2773 910 2780 .
926 2774 953 2780 ..
971 2750 1141 2789 cognoscit
1165 2750 1285 2779 omnia.
1311 2749 1380 2791 (Et)

303 2806 360 2836 ier.
378 2805 496 2845 primo,
517 2803 609 2833 Prius
631 2811 730 2843 quam
750 2807 781 2832 te
803 2801 978 2832 formarem
995 2802 1027 2831 in
1047 2806 1140 2831 utero
1164 2801 1243 2831 novi
1266 2806 1313 2836 te3
1330 2798 1381 2841 (et)

287 2868 344 2888 wo.
363 2867 398 2890 rV,
418 2859 469 2890 Qui
489 2863 566 2884 vocat
584 2865 616 2883 ea
634 2864 703 2890 quae
722 2864 775 2882 non
795 2862 856 2882 sunt
875 2862 1000 2889 tanquam
1020 2864 1050 2881 ea
1070 2863 1138 2888 quae
1158 2861 1228 2881 sunt.
1253 2854 1271 2891 ξ
1292 2852 1382 2882 Patet

305 2915 416 2940 autern
433 2917 471 2938 ex
488 2906 670 2948 praemissis
688 2904 779 2944 quod
794 2914 861 2934 non
880 2904 1028 2943 cogimur
1044 2903 1150 2934 dicere
1173 2906 1233 2940 (sic)
1253 2907 1310 2932 Deo
1329 2907 1382 2931 sin-

305 2965 436 2999 gularium
455 2963 573 2988 notitiam
592 2961 687 2986 adesse
707 2960 779 2993 quod
799 2967 830 2984 ea
848 2959 1030 2984 universaliter
1049 2964 1150 2984 tantum
1169 2963 1347 2991 cognosceret,
1361 2958 1382 2982 si

306 3015 402 3040 modus
421 3014 453 3039 ad
473 3020 530 3038 rem
549 3011 681 3045 cognitam
700 3010 839 3035 referatur:
859 3010 896 3034 sic
915 3009 985 3034 enim
1011 3004 1118 3047 (sicut)
1145 3005 1278 3046 quidam
1295 3005 1383 3035 dixe-

306 3070 382 3095 runt
398 3064 425 3100 ’ἢ
443 3063 551 3093 Deum
575 3059 797 3092 universaliter
813 3059 984 3099 singularia
1009 3067 1217 3098 cognoscere,
1235 3057 1310 3096 quia
1328 3065 1383 3086 co-

306 3116 435 3156 gnoscit
459 3112 524 3155 (ea)
548 3113 582 3142 in
607 3112 711 3142 causis
736 3110 969 3140 universalibus
981 3115 1118 3144 tantum,
1142 3109 1224 3138 sicut
1249 3109 1304 3148 qui
1328 3117 1384 3138 co-

307 3170 479 3207 gnosceret
496 3164 641 3204 eclipsim
663 3163 756 3198 hanc,
774 3171 841 3192 non
866 3166 964 3201 prout
994 3161 1083 3196 haec,
1109 3159 1165 3190 sed
1189 3165 1286 3199 prout
1310 3168 1384 3199 pro-

307 3218 396 3248 venit
419 3227 457 3247 ex
477 3219 520 3244 tali
541 3214 760 3255 oppositione,
787 3217 866 3247 Quod
881 3216 986 3249 quidem
1001 3223 1118 3241 asserere
1137 3219 1263 3240 conantur
1271 3221 1323 3246 per
1336 3214 1386 3239 hoc

308 3280 339 3298 ex
358 3272 472 3297 duobus.
491 3271 611 3301 Quorum
631 3277 712 3294 unum
732 3275 771 3294 est
790 3268 862 3301 quod
881 3267 994 3301 cognitio
1013 3267 1150 3300 singularis
1170 3271 1247 3299 prout
1270 3271 1311 3290 est
1332 3266 1384 3290 sin-

308 3325 408 3358 gulare,
431 3331 485 3348 non
507 3326 595 3355 potest
613 3328 673 3346 esse
693 3320 740 3344 nisi
767 3328 814 3352 per
832 3319 973 3352 potentiam
994 3326 1062 3351 quae
1082 3326 1134 3342 non
1152 3318 1260 3342 omnino
1279 3317 1386 3350 accipiat

309 3375 423 3401 formam
443 3374 601 3400 denudatam
621 3380 636 3397 a
654 3370 845 3397 conditionibus
865 3370 1050 3395 materialibus.
1075 3370 1133 3394 Hoc
1157 3374 1244 3394 autem
1263 3368 1387 3400 competit

310 3427 359 3453 soli
378 3426 511 3461 potentiae
529 3425 611 3450 utenti
633 3431 733 3457 organo
753 3422 889 3455 corporali,
914 3422 986 3454 quod
1010 3421 1036 3446 in
1059 3421 1116 3446 Deo
1140 3421 1188 3445 dici
1213 3428 1265 3444 non
1291 3425 1387 3453 potest.

310 3478 390 3504 Aliud
409 3482 449 3503 est
468 3477 531 3510 quia
544 3476 685 3509 singulare,
700 3474 771 3507 quod
788 3474 913 3506 temporis
928 3473 1059 3497 variationi
1079 3471 1203 3502 subiacet,
1223 3479 1275 3495 non
1294 3475 1387 3503 potest,

311 3534 340 3555 ut
358 3529 468 3560 videtur,
487 3528 610 3561 cognosci
629 3528 655 3551 in
675 3533 724 3550 sua
743 3524 919 3557 singularitate
938 3529 964 3548 et
984 3528 1063 3556 prout
1081 3528 1121 3548 est
1139 3522 1179 3547 hic
1199 3527 1224 3547 et
1243 3530 1320 3551 nunc,
1340 3522 1388 3546 nisi

311 3579 448 3605 intellectu
468 3578 544 3604 inteH
562 3578 677 3611 potentia
694 3576 832 3608 temporali
852 3574 1020 3600 successione
1032 3573 1172 3607 accipiente
1185 3573 1234 3597 hoc
1249 3580 1316 3597 nunc
1329 3579 1389 3597 esse

312 3636 339 3656 et
357 3629 488 3664 posterius
508 3637 560 3654 non
580 3636 648 3654 esse.
669 3629 743 3659 Quae
757 3628 863 3660 quidem
883 3634 913 3651 ex
933 3626 1006 3650 dictis
1025 3630 1095 3657 patet
1113 3623 1254 3649 efficaciam
1273 3631 1324 3648 non
1344 3623 1389 3648 ha-

312 3681 384 3711 bere,
404 3687 466 3705 cum
484 3684 622 3705 ostensum
641 3679 676 3704 sit
695 3679 780 3703 Deum
799 3685 846 3710 per
864 3684 940 3701 suam
964 3675 1107 3700 essentiam
1131 3674 1329 3699 immaterialem
1348 3681 1389 3698 es-

313 3733 433 3761 sentiam,
447 3739 516 3765 quae
528 3737 616 3757 tamen
630 3736 671 3756 est
684 3730 804 3755 omnium
819 3728 990 3753 materialium
1011 3727 1025 3742 *
1041 3726 1192 3756 similitudo,
1211 3726 1298 3750 omnia
1312 3726 1389 3749 etiam

1387 716 1411 730 lo

1388 1226 1414 1240 ²0

1391 1484 1413 1502 25

1395 1735 1420 1754 10

1396 1989 1417 2008 15

1397 2247 1420 2265 ιθ

1395 2506 1418 2525 4ἳ

1397 2758 1422 2778 ςΟ

1399 3015 1421 3034 55

1399 3269 1426 3289 6ο

1403 3525 1427 3550 65

2427 160 2498 208 27*

1425 243 1559 274 referatur,
1578 244 1615 268 sic
1634 250 1726 274 verum
1739 248 1779 268 est
1791 243 1864 276 quod
1877 243 2016 276 singularia
2029 251 2081 268 non
2095 243 2143 268 nisi
2157 243 2337 269 universaliter
2355 245 2496 276 cognoscit,

1425 295 1486 327 quia
1505 302 1551 327 per
1575 303 1649 320 suam
1673 295 1823 326 essentiam,
1847 302 1916 328 quae
1939 300 1978 320 est
2001 295 2119 320 omnium
2142 295 2295 320 universalis
2319 302 2405 326 causa,
2430 296 2496 320 sicut

1425 345 1502 370 etiam
1516 345 1658 370 materialia
1670 346 1762 370 dicitur
1773 346 1976 370 immaterialiter
1987 353 2147 377 cognoscere
2159 351 2185 370 et
2203 346 2355 378 temporalia
2367 346 2496 379 intempo-

1425 402 1512 426 raliter
1535 398 1551 413 ⁴*
1569 396 1659 437 (cum
1675 403 1841 427 ostensum
1859 398 1898 427 sit
1915 397 2004 436 quod
2021 397 2128 427 divina
2145 398 2287 437 cognitio
2305 407 2338 427 se
2355 397 2496 428 extendit

1426 447 1465 478 ad
1489 448 1660 487 singularia
1684 455 1782 488 prout
1806 454 1880 478 sunt
1905 449 1936 478 in
1962 448 2099 488 seipsis.)

1522 551 1602 591 Cap.
1628 551 1753 581 LXVII.
1780 552 1876 589 Quor>
1902 552 1986 582 Deus
2011 561 2186 582 coososcn
2210 562 2395 582 stsGULAan

1764 613 1995 633 conrrxoasrm
2021 614 2152 633 rurum.

1469 704 1487 741 ἓ
1506 703 1550 732 Ex
1576 703 1623 732 his
1648 709 1755 733 autem
1782 704 1844 733 iam
1869 704 2046 743 aliqualiter
2063 710 2170 743 patere
2188 709 2294 743 potest
2311 702 2401 743 quod
2418 711 2495 732 con-

1426 754 1620 793 tingentium
1637 754 1846 794 singularium
1864 755 1902 784 ab
1919 761 2050 784 aeterno
2067 755 2155 785 Deus
2174 754 2374 784 infallibilem
2394 754 2496 783 scien-

1426 807 1503 835 tiam
1528 806 1639 835 habuit
1657 829 1663 835 .
1678 829 1685 836 .
1701 829 1706 835 .
1725 805 1904 835 secundum
1930 805 2019 845 quod
2043 815 2192 845 praesens
2213 812 2269 836 est.
2295 805 2496 844 Contingens

1427 857 1524 891 enim,
1550 866 1625 886 cum
1651 856 1795 886 futurum
1821 862 1877 892 est,
1903 862 2009 896 potest
2034 866 2099 886 non
2125 866 2203 892 esse,
2229 862 2260 886 et
2283 857 2327 886 sic
2352 856 2495 895 cognitio

1428 906 1650 947 (aestimantis)
1675 908 1782 947 ipsum
1806 906 1951 937 futurum
1969 917 2037 937 esse
2054 907 2119 937 falli
2137 913 2252 947 potest,
2270 906 2395 936 falletur
2410 907 2497 937 enim

1402 959 1452 991 3si
1478 967 1545 988 non
1574 958 1632 988 erit
1663 958 1754 998 quod
1787 957 1930 988 futurum
1958 967 2026 988 esse
2050 959 2238 988 aestimavit.
2265 961 2380 991 Quando
2405 964 2494 986 autem

1425 1019 1553 1043 praesens
1573 1009 1619 1039 Ex
1644 1019 1711 1049 quo
1734 1015 1842 1039 autem
1870 1019 2019 1049 praesens
2045 1015 2116 1039 est.
2131 1015 2264 1039 ..certa
2289 1018 2356 1038 esse
2381 1014 2497 1048 potest.

1428 1061 1537 1090 Divini
1569 1066 1677 1091 autem
1706 1061 1888 1091 intellectus
1917 1061 2051 1091 intuitus
2085 1061 2136 1102 (ab
2168 1059 2312 1101 aeterno)
2339 1059 2439 1090 fertur
2465 1060 2499 1089 in

1429 1111 1690 1152 unumquodque
1700 1121 1814 1142 eorum
1825 1122 1908 1152 quae
1922 1113 2077 1152 temporis
2088 1122 2181 1143 cursu
2196 1117 2391 1152 peraguntur
2403 1116 2500 1150 prout

1428 1173 1578 1203 praesens
1614 1170 1671 1202 est,
1703 1170 1739 1194 ut
1768 1174 1864 1204 supra
1892 1170 2059 1194 ostensum
2091 1170 2147 1195 est.
2173 1164 2378 1204 Relinquitur
2406 1163 2501 1202 igitur

1429 1214 1519 1254 quod
1535 1214 1574 1244 de
1591 1216 1854 1255 contingentibus
1870 1215 1947 1246 nihil
1966 1216 2115 1255 prohibet
2139 1215 2247 1245 Deum
2267 1219 2293 1243 in
2314 1214 2352 1244 ab
2369 1220 2500 1244 aeterno

1430 1265 1625 1306 (scientiam)
1650 1266 1849 1296 infallibilem
1875 1267 2003 1297 habere.
2027 1267 2152 1306 §Item.
2178 1266 2379 1306 Contingens
2404 1276 2421 1295 a
2443 1275 2501 1296 ne-

1430 1317 1567 1347 cessario
1586 1341 1592 1347 .
1609 1341 1615 1347 .
1632 1341 1637 1346 .
1656 1318 1715 1347 nisi
1733 1327 1811 1347 esse.
1829 1317 2017 1348 Secundum
2041 1318 2072 1348 id
2093 1327 2169 1348 vero
2187 1317 2277 1357 quod
2297 1320 2502 1352 unumquodque

1431 1374 1606 1408 utrumque
1623 1378 1738 1398 eorum
1763 1369 1794 1398 in
1819 1378 1853 1399 se
1878 1375 1934 1403 est,
1959 1379 2026 1399 non
2044 1369 2148 1399 differt
2173 1369 2345 1408 (quantum
2366 1367 2405 1398 ad
2422 1378 2500 1404 esse,

1430 1429 1526 1459 supra
1549 1419 1639 1459 quod
1663 1423 1789 1448 certitudo
1813 1419 1965 1450 fundatur
1980 1419 2116 1461 verum),
2134 1420 2208 1460 quia
2233 1421 2266 1450 in
2291 1419 2501 1459 contingenti,

1431 1470 1611 1501 secundum
1636 1471 1668 1501 id
1697 1470 1786 1511 quod
1811 1472 1842 1501 in
1867 1481 1900 1502 se
1925 1477 1981 1508 est,
2006 1481 2073 1502 non
2098 1478 2145 1502 est
2173 1476 2220 1500 nisi
2246 1475 2332 1507 ipsum
2352 1482 2420 1504 esse,
2452 1474 2504 1499 nisi

1430 1533 1480 1557 per
1503 1533 1558 1555 acc,
1575 1526 1641 1551 sicut
1660 1532 1686 1551 et
1704 1527 1729 1551 in
1749 1527 1901 1551 necessariis
1914 1527 2012 1556 accidit,
2032 1527 2080 1551 nisi
2100 1535 2146 1559 per
2165 1528 2284 1552 accidens
2303 1528 2457 1560 inquantum
2477 1526 2503 1551 in

1432 1575 1518 1600 causis
1537 1576 1709 1608 contingentis
1728 1582 1769 1601 est
1787 1583 1815 1601 ut
1834 1577 1865 1602 ab
1885 1585 1944 1602 esse
1964 1576 2074 1601 deficere
2093 1578 2184 1609 possit,
2204 1585 2270 1610 quae
2293 1577 2398 1610 quidem
2418 1577 2504 1602 consi-

1434 1626 1531 1650 deratio
1554 1627 1604 1650 iam
1629 1627 1676 1651 erit
1700 1627 1872 1660 contingentis
1896 1633 1973 1660 prout
1998 1627 2023 1652 in
2052 1636 2099 1652 sua
2118 1635 2196 1652 causa
2219 1633 2269 1653 est.
2290 1628 2409 1661 Cognitio
2428 1614 2504 1660 igitur

1434 1677 1607 1710 contingentis
1626 1677 1711 1702 deficit
1729 1686 1743 1702 a
1762 1678 1913 1703 certitudine
1932 1685 1958 1703 et
1976 1679 2152 1704 infallibilitate
2171 1680 2302 1710 scientiae,
2321 1687 2389 1712 quae
2408 1680 2440 1704 de
2460 1687 2504 1704 ne-

1434 1728 1554 1753 cessar-iis
1583 1733 1631 1758 est,
1657 1729 1801 1753 secundum
1827 1729 1898 1761 quod
1927 1730 1952 1753 in
1972 1737 2049 1754 causa
2074 1738 2122 1754 sua
2145 1731 2318 1762 cognoscitur,
2343 1737 2396 1754 non
2418 1734 2506 1754 autem

1435 1781 1582 1806 secundum
1597 1781 1668 1814 quod
1688 1781 1852 1814 cognoscitur
1870 1782 1895 1806 in
1915 1789 1944 1806 se
1962 1783 2029 1814 ipsov
2043 1783 2109 1806 sicut
2122 1782 2293 1814 apprehendit
2311 1783 2396 1814 ipsum
2411 1789 2506 1806 sensus

1437 1829 1519 1864 (esse
1544 1835 1575 1859 et
1599 1839 1666 1860 non
1691 1839 1770 1865 esse,
1795 1829 1849 1859 sed
1874 1829 1980 1860 solum
2006 1839 2085 1865 esse,
2103 1830 2177 1860 licet
2200 1830 2233 1860 in
2257 1829 2403 1860 futurum
2428 1839 2507 1860 con-

1435 1881 1562 1920 tingens
1590 1881 1691 1920 possit
1722 1890 1788 1910 non
1821 1879 1915 1921 esse.)
1944 1881 2080 1914 Divinus
2112 1886 2220 1911 autem
2245 1880 2426 1911 intellectus
2454 1880 2506 1917 (ab

1435 1929 1580 1969 aeterno)
1606 1932 1775 1971 cognoscit
1803 1941 1852 1962 res
1879 1941 1946 1962 non
1978 1932 2084 1962 solum
2109 1931 2288 1962 secundum
2321 1941 2388 1961 esse
2417 1931 2508 1971 quod

1435 1982 1554 2012 habent
1571 1983 1603 2012 in
1621 1983 1725 2012 causis
1741 1983 1816 2018 suis,
1841 1982 1895 2012 sed
1920 1983 2015 2013 etiam
2041 1982 2221 2013 secundum
2246 1991 2314 2012 esse
2338 1981 2427 2022 quod
2451 1982 2507 2012 ha-

1434 2034 1512 2064 bent
1536 2034 1568 2063 in
1593 2035 1714 2074 seipsis.
1740 2034 1827 2064 Nihil
1853 2035 1948 2074 igitur
1971 2035 2120 2075 prohibet
2144 2035 2251 2074 ipsum
2273 2034 2389 2064 habere
2406 2039 2506 2064 aeter-

1434 2095 1510 2115 nam
1528 2086 1750 2126 cognitionem
1767 2086 1807 2116 de
1827 2087 2089 2127 contingentibus
2109 2086 2167 2127 (et)
2185 2085 2387 2117 infallibilem
2410 2095 2507 2116 tamen.

1434 2141 1450 2174 §
1470 2142 1601 2174 Amplius.
1626 2141 1721 2167 Omnis
1751 2142 1856 2166 effectus
1885 2147 2005 2175 respectu
2035 2150 2098 2167 suae
2126 2149 2219 2167 causae
2242 2141 2391 2167 sufficientis
2416 2149 2507 2166 neces-

1434 2192 1518 2217 sarius
1537 2198 1590 2217 est:
1610 2193 1695 2225 posita
1708 2193 1778 2218 enirn
1797 2193 1902 2226 propria
1915 2201 1992 2217 causa
2006 2198 2031 2218 et
2050 2192 2195 2222 sufficienti,
2209 2200 2316 2217 necesse
2329 2198 2369 2217 est
2387 2192 2507 2217 effectum

1434 2244 1503 2276 poni.
1525 2244 1550 2268 Si
1570 2244 1638 2268 enim
1660 2251 1720 2274 non,
1741 2244 1864 2276 possibile
1884 2245 1930 2268 erit
1950 2245 2032 2277 igitur.
2053 2244 2136 2276 posita
2162 2252 2247 2274 causa,
2267 2243 2388 2269 effectum
2403 2252 2463 2269 esse
2482 2249 2508 2269 et

1434 2302 1487 2319 non
1506 2302 1573 2319 esse.
1594 2294 1732 2327 Oportebit
1750 2295 1827 2326 igitur
1846 2294 1942 2327 aliquid
1961 2295 2019 2319 addi
2039 2303 2106 2328 quae
2119 2303 2223 2320 causam
2244 2295 2275 2320 ad
2294 2295 2403 2319 alterum
2423 2295 2508 2319 deter-

1435 2345 1523 2371 minet.
1544 2346 1601 2370 Hoc
1620 2351 1707 2370 tamen
1727 2346 1835 2371 interest
1846 2346 1912 2371 inter
1926 2347 2101 2372 necessarium
2117 2352 2141 2372 et
2154 2347 2306 2379 contingens
2326 2347 2397 2379 quod
2417 2353 2506 2371 neces-

1436 2397 1535 2422 sarium
1559 2396 1639 2421 habet
1663 2397 1840 2422 habitudinem
1859 2398 1897 2422 ad
1918 2405 1994 2422 suam
2015 2398 2190 2422 necessariam
2214 2398 2245 2422 ad
2268 2405 2328 2422 suas
2349 2405 2440 2422 causas
2459 2405 2507 2430 per

1435 2456 1464 2473 se
1483 2449 1505 2472 si
1524 2449 1597 2473 solae
1617 2454 1763 2478 sumantur,
1787 2449 1939 2481 contingens
1962 2453 2049 2473 autem
2074 2456 2126 2473 non
2150 2448 2198 2473 nisi
2223 2456 2283 2473 cum
2308 2449 2392 2473 causis
2412 2455 2462 2480 per
2479 2455 2508 2472 se

1435 2505 1573 2524 sumantur
1586 2507 1679 2524 causae
1698 2507 1745 2532 per
1764 2500 1891 2525 accidens.
1905 2500 1989 2524 Causa
2002 2500 2070 2524 enim
2084 2499 2255 2532 contingentis
2275 2499 2392 2531 impediri
2411 2502 2507 2531 potest.

1436 2551 1550 2584 Oportet
1569 2558 1632 2583 ergo
1650 2551 1683 2575 ad
1702 2550 1752 2575 hoc
1770 2551 1842 2583 quod
1864 2551 2015 2584 contingens
2038 2551 2180 2583 proveniat,
2203 2550 2274 2583 quod
2293 2554 2430 2574 concurrat
2448 2556 2507 2574 cum

1436 2610 1515 2627 causa
1535 2609 1582 2635 per
1601 2609 1629 2626 se
1649 2602 1725 2626 etiam
1739 2602 1851 2627 remotio
1863 2602 2050 2634 impedimenti,
2069 2602 2139 2634 quod
2158 2602 2269 2634 pertinet
2287 2602 2319 2626 ad
2338 2609 2442 2626 causam
2462 2608 2509 2633 per

1437 2653 1565 2683 accidens,
1586 2653 1697 2684 (causa)
1713 2650 1841 2685 (causam)
1856 2653 1925 2677 enim
1945 2652 2115 2684 contingentis
2136 2652 2150 2667 ⁸
2170 2660 2222 2676 non
2243 2652 2398 2684 <impedita>
2414 2651 2508 2684 (impe-

1437 2703 1528 2737 ditam)
1542 2704 1576 2729 de
1589 2703 1717 2729 necessita
1731 2710 1838 2728 necesse
1851 2708 1892 2727 est
1903 2710 2008 2735 semper
2020 2702 2140 2727 effectum
2157 2710 2262 2735 semper
2275 2702 2415 2735 (produci)
2436 2701 2507 2734 (pro-

1437 2755 1552 2787 ducere.)
1573 2754 1649 2785 Quod
1669 2754 1776 2787 quidem
1796 2754 1821 2779 in
1841 2755 1992 2779 necessariis
2012 2762 2064 2779 non
2077 2754 2223 2786 requiritur,
2237 2754 2298 2786 quia
2310 2761 2402 2779 eorum
2415 2760 2509 2778 causae

1437 2807 1557 2840 impediri
1578 2814 1630 2831 non
1646 2809 1737 2838 potest
1754 2811 1873 2838 possunt.
1892 2805 1962 2830 Sicut
1981 2805 2057 2838 igitur
2076 2806 2181 2830 effectus
2202 2804 2363 2830 necessarius
2386 2805 2508 2838 cognosci

1438 2863 1524 2891 potest
1542 2858 1753 2883 certitudinaliter
1765 2857 1867 2890 cognita
1884 2865 1931 2889 per
1944 2865 1973 2881 se
1992 2864 2070 2881 causa
2089 2857 2153 2887 eius,
2167 2856 2201 2881 ita
2220 2855 2327 2881 effectus
2347 2856 2509 2889 contingens,

1438 2911 1460 2934 si
1473 2914 1663 2943 cognoscantur
1676 2916 1735 2934 curn
1755 2908 1839 2933 causis
1859 2916 1906 2940 per
1924 2916 1952 2933 se
1972 2909 2049 2933 etiam
2063 2915 2155 2933 causae
2168 2915 2214 2940 per
2227 2908 2355 2933 accidens.
2368 2907 2420 2932 Sed
2438 2907 2510 2932 Deus

1438 2969 1532 2986 omnes
1552 2968 1644 2985 causas
1664 2960 1799 2992 cognoscit
1817 2965 1843 2984 et
1861 2967 1907 2992 per
1926 2967 1954 2984 se
1974 2965 1999 2984 et
2018 2967 2064 2992 per
2088 2959 2215 2989 accidens,
2239 2966 2300 2983 cum
2318 2963 2454 2983 ostensum
2477 2958 2511 2983 sit

1439 3012 1526 3044 ipsum
1539 3011 1570 3036 ab
1585 3016 1690 3036 aeterno
1703 3011 1821 3035 omnium
1842 3011 1940 3035 entium
1959 3011 2074 3035 notitiam
2094 3009 2199 3035 habere.
2218 3009 2303 3033 Habet
2319 3009 2396 3041 igitur
2415 3013 2511 3033 certam

1439 3061 1612 3095 cognitionem
1633 3062 1665 3086 de
1684 3061 1893 3094 contingentibus
1913 3061 1944 3086 ab
1964 3066 2078 3085 aeterno.
2096 3057 2114 3073 ¹*
2127 3055 2157 3095 (§
2174 3055 2334 3095 Amplius.
2361 3055 2451 3085 Sicut
2474 3064 2511 3084 ex

1439 3119 1534 3141 causa
1550 3110 1727 3139 necessaria
1742 3133 1748 3139 .
1764 3133 1770 3139 .
1786 3133 1792 3138 .
1808 3110 1870 3139 sint
1886 3109 1936 3139 vel
1952 3119 2019 3139 non
2037 3106 2122 3148 sint.)
2145 3109 2191 3146 ’,ξ
2208 3106 2333 3137 Adhuc.
2351 3105 2512 3136 Effectum

1440 3160 1593 3191 excedere
1610 3170 1686 3190 suae
1703 3169 1816 3190 causae
1833 3160 2066 3200 perfectionem
2083 3169 2150 3189 non
2167 3158 2334 3198 contingit,
2351 3156 2513 3187 interdum

1439 3217 1548 3241 tamen
1573 3211 1611 3240 ab
1637 3219 1673 3240 ea
1699 3209 1816 3246 deficit,
1840 3214 1882 3238 vel
1901 3219 2006 3246 propter
2024 3213 2154 3239 defectum
2174 3212 2327 3244 recipientis,
2346 3211 2388 3235 vel
2407 3215 2514 3242 propter

1441 3265 1664 3298 imperfectionem
1693 3272 1787 3290 causae
1810 3265 1919 3295 mediae,
1939 3265 1980 3289 vel
2009 3269 2116 3296 propter
2142 3263 2262 3288 ordinem
2281 3261 2395 3286 essendi.
2419 3256 2513 3288 Unde

1441 3317 1468 3342 in
1488 3316 1563 3341 nobis
1583 3321 1659 3343 cum
1676 3313 1708 3342 in
1726 3312 1819 3342 nobis
1843 3321 1880 3341 ex
1904 3312 1998 3341 rebus
2020 3310 2162 3350 cognitio
2181 3315 2329 3339 causetur
2346 3331 2353 3338 .
2368 3331 2375 3338 .
2391 3331 2397 3337 .
2411 3308 2514 3337 scien-

1442 3366 1520 3395 tiam
1547 3365 1653 3394 habet.
1682 3365 1700 3402 ξ
1716 3363 1892 3393 Praeterea.
1917 3361 2058 3392 Effectus
2075 3385 2081 3391 .
2098 3385 2104 3391 .
2120 3384 2126 3390 .
2145 3366 2192 3390 est
2215 3366 2323 3389 tamen
2347 3368 2442 3389 causa
2466 3367 2515 3388 re-

1443 3422 1542 3446 mota.
1573 3415 1652 3445 Eius
1682 3415 1778 3454 igitur
1805 3417 1971 3442 necessitatis
1997 3411 2176 3442 necessitati
2206 3411 2359 3440 scitorum
2388 3409 2515 3439 contin-

1443 3468 1552 3507 gentia
1574 3475 1643 3496 non
1666 3471 1834 3505 repugnat,
1866 3473 1941 3494 cum
1973 3463 2139 3502 contingat
2170 3470 2280 3491 causas
2310 3459 2516 3490 intermedias

1446 3518 1671 3557 contingentes
1696 3525 1774 3551 esse,
1798 3523 1826 3543 ut
1845 3518 2005 3542 voluntatem
2024 3517 2066 3541 vel
2086 3515 2183 3548 aliquid
2206 3513 2366 3539 huiusmodi.
2390 3511 2407 3548 ξ
2425 3510 2514 3540 [tem.

1445 3568 1586 3599 Scientia
1609 3567 1670 3597 Dei
1694 3575 1767 3596 vera
1791 3575 1858 3595 non
1884 3569 1966 3594 esset
1982 3569 2012 3593 et
2036 3561 2178 3603 perfecta
2194 3562 2219 3591 si
2243 3570 2310 3590 non
2327 3560 2390 3590 hoc
2414 3558 2515 3590 modo

1445 3628 1495 3649 res
1523 3618 1689 3647 evenirent
1719 3616 1801 3646 sicut
1831 3615 1920 3644 Deus
1951 3623 2002 3644 eas
2033 3613 2162 3643 evenire
2185 3615 2319 3648 contingit
2337 3610 2515 3650 cognoscit.

1446 3669 1536 3700 Deus
1563 3673 1674 3698 autern
1756 3666 1981 3705 contingenter
2013 3664 2151 3694 evenire.
2185 3662 2236 3692 Sic
2267 3662 2363 3702 igitur
2391 3661 2516 3691 divinae

1446 3720 1599 3751 scientiae
1630 3717 1789 3749 certitudo
1815 3722 1845 3747 et
1869 3717 1983 3746 veritas
2006 3726 2058 3743 non
2078 3718 2164 3742 so‘lum
2189 3723 2297 3744 rerum
2327 3713 2516 3751 contingen-

313 3784 455 3810 materialia
474 3790 643 3816 cognoscere,
656 3787 682 3807 et
700 3782 727 3806 in
740 3789 788 3806 sua
807 3779 947 3806 invariabili
963 3779 1111 3804 aeternitate
1130 3784 1208 3802 omne
1221 3781 1305 3801 totum
1324 3781 1389 3800 tem·
1406 3787 1431 3806 70
1445 3772 1525 3801 tiam
1549 3768 1642 3811 (non)
1669 3768 1763 3806 tollit,
1784 3771 1830 3796 sed
1852 3770 2000 3795 necessario
2023 3776 2080 3793 eam
2104 3769 2185 3801 ponit.
2204 3765 2222 3803 ἓ
2239 3764 2328 3793 Patet
2351 3763 2447 3802 igitur
2465 3785 2470 3790 .
2487 3784 2493 3791 .
2508 3783 2514 3790 .

313 3835 385 3868 poris
398 3842 505 3860 cursum
517 3841 687 3866 cognoscere.
700 3833 727 3858 Si
739 3840 803 3857 vero
815 3830 1015 3856 universalitatis
1029 3829 1123 3854 modus
1137 3828 1169 3852 ad
1188 3831 1390 3859 cognoscentem

1445 3820 1640 3861 repellenda.
1665 3820 1740 3850 Non
1765 3819 1850 3849 enim
1875 3818 2091 3858 posteriorum
2123 3815 2255 3845 variatio
2280 3814 2439 3854 prioribus
2463 3821 2517 3841 va-

387 3961 422 3979 20
440 3961 508 3987 quae
527 3953 639 3985 tempori
659 3951 787 3984 convenit}
808 3951 912 3976 Habent
930 3950 982 3979 ΝΖ,
1002 3948 1120 3982 quamvis
1140 3952 1210 3972 totus
1229 3952 1323 3979 passus
1343 3944 1421 3969 simul
1441 3944 1541 3968 deletus
1561 3948 1610 3967 est.
1629 3942 1737 3966 Videtur
1756 3948 1818 3973 ergo
1837 3940 1908 3973 quod
1929 3944 2069 3972 postquam
2089 3939 2173 3963 deleta
2196 3941 2268 3962 erant
2291 3936 2335 3960 illa
2359 3935 2406 3959 tria
2429 3933 2516 3963 verba,

315 3998 484 4024 nihilominus
503 3997 655 4029 transcripta
674 4001 744 4021 sunt.
765 3996 822 4020 Vid.
841 3995 874 4020 ad
893 3995 943 4019 loc.

387 4042 448 4076 1³59
467 4041 597 4066 deficit...
611 4039 646 4065 60
666 4039 749 4072 Unde}
771 4039 790 4063 Z
809 4039 900 4064 habet:
921 4038 1009 4071 deficit
1023 4039 1138 4069 propter
1156 4035 1287 4068 defectum
1309 4032 1460 4064 recipientis
1480 4034 1506 4056 et
1522 4030 1714 4064 perfectionem
1733 4036 1832 4055 causae
1847 4029 1986 4054 materiam
2009 4026 2172 4052 habentium.
2195 4024 2279 4049 Unde.

2526 406 2571 428 i9r
2586 399 2639 420 bad
2655 400 2670 421 l.
2685 406 2716 428 39,

2525 710 2575 731 i9v
2590 708 2716 730 aJ-p.i9‹

2538 2652 2588 2674 195·
2606 2646 2619 2667 b
2632 2653 2650 2667 ι.

2542 3060 2567 3082 ι9
2579 3061 2592 3074 ν
2607 3060 2620 3075 a
2634 3059 2681 3081 mg.
2697 3053 2716 3074 in

2542 3107 2574 3128 lb.
2590 3107 2604 3128 b
2619 3113 2642 3134 9.
