<?xml version="1.0" encoding="UTF-8"?>
<!DOCTYPE html PUBLIC "-//W3C//DTD XHTML 1.0 Transitional//EN"
    "http://www.w3.org/TR/xhtml1/DTD/xhtml1-transitional.dtd">
<html xmlns="http://www.w3.org/1999/xhtml" xml:lang="en" lang="en">
 <head>
  <title>
</title>
<meta http-equiv="Content-Type" content="text/html;charset=utf-8" />
  <meta name='ocr-system' content='tesseract 3.04.00' />
  <meta name='ocr-capabilities' content='ocr_page ocr_carea ocr_par ocr_line ocrx_word'/>
</head>
<body>
  <div class='ocr_page' id='page_1' title='image "./operaomniaiussui13thom/operaomniaiussui13thom_0638.png"; bbox 0 0 2768 4134; ppageno 0'>
   <div class='ocr_carea' id='block_1_1' title="bbox 61 499 272 522">
    <p class='ocr_par' dir='ltr' id='par_1_1' title="bbox 61 499 272 522">
     <span class='ocr_line' id='line_1_1' title="bbox 61 499 272 522; baseline -0.009 0"><span class='ocrx_word' id='word_1_1' title='bbox 61 502 71 511; x_wconf 89' lang='grc'><em>·</em></span> <span class='ocrx_word' id='word_1_2' title='bbox 86 501 121 522; x_wconf 87' lang='lat' dir='ltr'><strong>Cf.</strong></span> <span class='ocrx_word' id='word_1_3' title='bbox 137 500 182 522; x_wconf 84' lang='lat' dir='ltr'><strong>loc.</strong></span> <span class='ocrx_word' id='word_1_4' title='bbox 199 499 238 521; x_wconf 82' lang='lat' dir='ltr'><strong>cit.</strong></span> <span class='ocrx_word' id='word_1_5' title='bbox 249 499 272 520; x_wconf 86' lang='lat' dir='ltr'><strong>in</strong></span> 
     </span>
    </p>
   </div>
   <div class='ocr_carea' id='block_1_2' title="bbox 62 529 206 555">
    <p class='ocr_par' dir='ltr' id='par_1_2' title="bbox 62 529 206 555">
     <span class='ocr_line' id='line_1_2' title="bbox 62 529 206 555; baseline -0.007 -6"><span class='ocrx_word' id='word_1_6' title='bbox 62 533 135 555; x_wconf 81' lang='lat' dir='ltr'><strong>marg.</strong></span> <span class='ocrx_word' id='word_1_7' title='bbox 149 529 206 548; x_wconf 81' lang='lat' dir='ltr'><strong>text.</strong></span> 
     </span>
    </p>
   </div>
   <div class='ocr_carea' id='block_1_3' title="bbox 59 675 272 729">
    <p class='ocr_par' dir='ltr' id='par_1_3' title="bbox 59 675 272 729">
     <span class='ocr_line' id='line_1_3' title="bbox 60 675 272 698; baseline -0.009 0"><span class='ocrx_word' id='word_1_8' title='bbox 60 678 69 687; x_wconf 85' lang='lat'><strong>‘</strong></span> <span class='ocrx_word' id='word_1_9' title='bbox 78 676 114 698; x_wconf 80' lang='lat' dir='ltr'><strong>Cf.</strong></span> <span class='ocrx_word' id='word_1_10' title='bbox 123 675 272 698; x_wconf 79' lang='lat' dir='ltr'><strong>Caiet.c0m-</strong></span> 
     </span>
     <span class='ocr_line' id='line_1_4' title="bbox 59 702 270 729; baseline -0.009 -5"><span class='ocrx_word' id='word_1_11' title='bbox 59 706 130 724; x_wconf 85' lang='lat' dir='ltr'><strong>ment.</strong></span> <span class='ocrx_word' id='word_1_12' title='bbox 138 702 161 724; x_wconf 92' lang='lat' dir='ltr'><strong>in</strong></span> <span class='ocrx_word' id='word_1_13' title='bbox 170 702 180 723; x_wconf 90' lang='lat'>1</span> <span class='ocrx_word' id='word_1_14' title='bbox 188 702 222 728; x_wconf 79' lang='lat' dir='ltr'><strong>P.,</strong></span> <span class='ocrx_word' id='word_1_15' title='bbox 231 708 270 729; x_wconf 90' lang='lat' dir='ltr'><strong>qu.</strong></span> 
     </span>
    </p>
   </div>
   <div class='ocr_carea' id='block_1_4' title="bbox 58 733 168 755">
    <p class='ocr_par' dir='ltr' id='par_1_4' title="bbox 58 733 168 755">
     <span class='ocr_line' id='line_1_5' title="bbox 58 733 168 755; baseline -0.009 -4"><span class='ocrx_word' id='word_1_16' title='bbox 58 736 79 755; x_wconf 78' lang='grc' dir='ltr'><strong>ι,</strong></span> <span class='ocrx_word' id='word_1_17' title='bbox 94 733 135 751; x_wconf 81' lang='lat' dir='ltr'><strong>art.</strong></span> <span class='ocrx_word' id='word_1_18' title='bbox 145 735 168 755; x_wconf 80' lang='lat'><strong>4.</strong></span> 
     </span>
    </p>
   </div>
   <div class='ocr_carea' id='block_1_5' title="bbox 53 1206 260 1260">
    <p class='ocr_par' dir='ltr' id='par_1_5' title="bbox 53 1206 260 1260">
     <span class='ocr_line' id='line_1_6' title="bbox 61 1206 260 1233; baseline -0.005 -5"><span class='ocrx_word' id='word_1_19' title='bbox 61 1208 69 1217; x_wconf 87' lang='lat'>&#39;</span> <span class='ocrx_word' id='word_1_20' title='bbox 98 1206 154 1233; x_wconf 83' lang='lat' dir='ltr'><strong>Cap.</strong></span> <span class='ocrx_word' id='word_1_21' title='bbox 193 1212 260 1232; x_wconf 67' lang='lat' dir='ltr'><strong>cxxv,</strong></span> 
     </span>
     <span class='ocr_line' id='line_1_7' title="bbox 53 1239 212 1260; baseline 0.006 -6"><span class='ocrx_word' id='word_1_22' title='bbox 53 1239 212 1260; x_wconf 51' lang='lat' dir='ltr'><strong>must-xxxi.</strong></span> 
     </span>
    </p>
   </div>
   <div class='ocr_carea' id='block_1_6' title="bbox 48 2189 258 2219">
    <p class='ocr_par' dir='ltr' id='par_1_6' title="bbox 48 2189 258 2219">
     <span class='ocr_line' id='line_1_8' title="bbox 48 2189 258 2219; baseline -0.01 -7"><span class='ocrx_word' id='word_1_23' title='bbox 48 2190 60 2209; x_wconf 58' lang='lat'><strong>&#39;.</strong></span> <span class='ocrx_word' id='word_1_24' title='bbox 66 2189 118 2212; x_wconf 71' lang='lat'><strong>1³01.</strong></span> <span class='ocrx_word' id='word_1_25' title='bbox 126 2195 176 2219; x_wconf 85' lang='lat' dir='ltr'><strong>3ov</strong></span> <span class='ocrx_word' id='word_1_26' title='bbox 191 2189 258 2218; x_wconf 84' lang='lat' dir='ltr'><strong>(Ven.</strong></span> 
     </span>
    </p>
   </div>
   <div class='ocr_carea' id='block_1_7' title="bbox 47 2217 260 2301">
    <p class='ocr_par' dir='ltr' id='par_1_7' title="bbox 47 2217 260 2301">
     <span class='ocr_line' id='line_1_9' title="bbox 49 2217 234 2251; baseline 0 -8"><span class='ocrx_word' id='word_1_27' title='bbox 49 2217 124 2245; x_wconf 62' lang='lat' dir='ltr'><strong>uam)-v</strong></span> <span class='ocrx_word' id='word_1_28' title='bbox 229 2246 234 2251; x_wconf 55' lang='lat'>‚</span> 
     </span>
     <span class='ocr_line' id='line_1_10' title="bbox 47 2246 260 2274; baseline 0.005 -6"><span class='ocrx_word' id='word_1_29' title='bbox 47 2247 86 2269; x_wconf 83' lang='lat' dir='ltr'><strong>‘S.</strong></span> <span class='ocrx_word' id='word_1_30' title='bbox 94 2246 172 2269; x_wconf 73' lang='lat' dir='ltr'><strong>Th.1.¹</strong></span> <span class='ocrx_word' id='word_1_31' title='bbox 179 2246 260 2274; x_wconf 52' lang='lat' dir='ltr'><strong>1.;D1d.</strong></span> 
     </span>
     <span class='ocr_line' id='line_1_11' title="bbox 47 2273 175 2301; baseline 0.008 -7"><span class='ocrx_word' id='word_1_32' title='bbox 47 2273 87 2300; x_wconf 87' lang='lat' dir='ltr'><strong>VI,</strong></span> <span class='ocrx_word' id='word_1_33' title='bbox 99 2280 131 2301; x_wconf 77' lang='lat' dir='ltr'><strong>xi,</strong></span> <span class='ocrx_word' id='word_1_34' title='bbox 144 2280 175 2296; x_wconf 76' lang='grc' dir='ltr'><strong>η.</strong></span> 
     </span>
    </p>
   </div>
   <div class='ocr_carea' id='block_1_8' title="bbox 47 2326 183 2348">
    <p class='ocr_par' dir='ltr' id='par_1_8' title="bbox 47 2326 183 2348">
     <span class='ocr_line' id='line_1_12' title="bbox 47 2326 183 2348; baseline 0 0"><span class='ocrx_word' id='word_1_35' title='bbox 47 2327 55 2336; x_wconf 91' lang='grc'>·</span> <span class='ocrx_word' id='word_1_36' title='bbox 71 2326 128 2348; x_wconf 88' lang='lat' dir='ltr'><strong>Loc.</strong></span> <span class='ocrx_word' id='word_1_37' title='bbox 145 2326 183 2348; x_wconf 89' lang='lat' dir='ltr'><strong>cit.</strong></span> 
     </span>
    </p>
   </div>
   <div class='ocr_carea' id='block_1_9' title="bbox 308 285 384 330">
    <p class='ocr_par' dir='ltr' id='par_1_9' title="bbox 308 285 384 330">
     <span class='ocr_line' id='line_1_13' title="bbox 308 285 384 330; baseline 0.013 -10"><span class='ocrx_word' id='word_1_38' title='bbox 308 285 384 330; x_wconf 90' lang='lat'><strong>564</strong></span> 
     </span>
    </p>
   </div>
   <div class='ocr_carea' id='block_1_10' title="bbox 286 349 1372 3700">
    <p class='ocr_par' dir='ltr' id='par_1_10' title="bbox 302 349 1372 436">
     <span class='ocr_line' id='line_1_14' title="bbox 303 349 1372 397; baseline -0.01 -6"><span class='ocrx_word' id='word_1_39' title='bbox 303 361 515 392; x_wconf 81' lang='lat' dir='ltr'>diversitatem</span> <span class='ocrx_word' id='word_1_40' title='bbox 539 356 673 397; x_wconf 88' lang='lat' dir='ltr'><strong>speciei;</strong></span> <span class='ocrx_word' id='word_1_41' title='bbox 703 364 786 395; x_wconf 89' lang='lat' dir='ltr'><strong>quae</strong></span> <span class='ocrx_word' id='word_1_42' title='bbox 810 359 919 384; x_wconf 89' lang='lat' dir='ltr'><strong>autem</strong></span> <span class='ocrx_word' id='word_1_43' title='bbox 942 358 990 383; x_wconf 91' lang='lat' dir='ltr'><strong>est</strong></span> <span class='ocrx_word' id='word_1_44' title='bbox 1013 362 1052 383; x_wconf 84' lang='lat' dir='ltr'><strong>ex</strong></span> <span class='ocrx_word' id='word_1_45' title='bbox 1081 351 1223 388; x_wconf 89' lang='lat' dir='ltr'><strong>materia,</strong></span> <span class='ocrx_word' id='word_1_46' title='bbox 1248 349 1372 381; x_wconf 86' lang='lat' dir='ltr'>inducit</span> 
     </span>
     <span class='ocr_line' id='line_1_15' title="bbox 302 399 927 436; baseline -0.011 -1"><span class='ocrx_word' id='word_1_47' title='bbox 302 404 515 436; x_wconf 81' lang='lat' dir='ltr'><strong>diversitatem</strong></span> <span class='ocrx_word' id='word_1_48' title='bbox 539 399 719 431; x_wconf 88' lang='lat' dir='ltr'><strong>secundum</strong></span> <span class='ocrx_word' id='word_1_49' title='bbox 743 407 927 429; x_wconf 87' lang='lat' dir='ltr'><strong>numerum.</strong></span> 
     </span>
    </p>

    <p class='ocr_par' dir='ltr' id='par_1_11' title="bbox 287 438 1372 1734">
     <span class='ocr_line' id='line_1_16' title="bbox 355 438 1372 486; baseline -0.009 -8"><span class='ocrx_word' id='word_1_50' title='bbox 355 447 494 478; x_wconf 88' lang='lat' dir='ltr'><strong>Adverte</strong></span> <span class='ocrx_word' id='word_1_51' title='bbox 518 443 608 486; x_wconf 91' lang='lat' dir='ltr'><strong>quod</strong></span> <span class='ocrx_word' id='word_1_52' title='bbox 631 444 711 474; x_wconf 90' lang='lat' dir='ltr'><strong>ratio</strong></span> <span class='ocrx_word' id='word_1_53' title='bbox 735 443 814 473; x_wconf 90' lang='lat' dir='ltr'><strong>haec</strong></span> <span class='ocrx_word' id='word_1_54' title='bbox 837 447 967 483; x_wconf 87' lang='lat' dir='ltr'><strong>sumpta</strong></span> <span class='ocrx_word' id='word_1_55' title='bbox 989 446 1037 472; x_wconf 90' lang='lat' dir='ltr'><strong>est</strong></span> <span class='ocrx_word' id='word_1_56' title='bbox 1053 449 1092 470; x_wconf 87' lang='lat' dir='ltr'><strong>ex</strong></span> <span class='ocrx_word' id='word_1_57' title='bbox 1114 439 1297 476; x_wconf 81' lang='lat' dir='ltr'><strong>Aristotele,</strong></span> <span class='ocrx_word' id='word_1_58' title='bbox 1313 438 1372 469; x_wconf 87' lang='lat' dir='ltr'><strong>XII</strong></span> 
     </span>
     <span class='ocr_line' id='line_1_17' title="bbox 301 484 1372 532; baseline -0.009 -9"><span class='ocrx_word' id='word_1_59' title='bbox 301 491 453 532; x_wconf 69' lang='lat' dir='ltr'><strong>Metaph„</strong></span> <span class='ocrx_word' id='word_1_60' title='bbox 471 495 546 520; x_wconf 87' lang='lat' dir='ltr'><strong>text.</strong></span> <span class='ocrx_word' id='word_1_61' title='bbox 563 498 606 529; x_wconf 88' lang='lat'><strong>49</strong></span> <span class='ocrx_word' id='word_1_62' title='bbox 619 490 653 518; x_wconf 72' lang='lat' dir='ltr'><strong>*z</strong></span> <span class='ocrx_word' id='word_1_63' title='bbox 670 497 728 528; x_wconf 91' lang='lat' dir='ltr'><strong>per</strong></span> <span class='ocrx_word' id='word_1_64' title='bbox 743 488 826 517; x_wconf 89' lang='lat' dir='ltr'><strong>hanc</strong></span> <span class='ocrx_word' id='word_1_65' title='bbox 838 487 925 518; x_wconf 87' lang='lat' dir='ltr'><strong>enim</strong></span> <span class='ocrx_word' id='word_1_66' title='bbox 937 486 1053 527; x_wconf 85' lang='lat' dir='ltr'><strong>probat</strong></span> <span class='ocrx_word' id='word_1_67' title='bbox 1068 484 1268 520; x_wconf 90' lang='lat' dir='ltr'><strong>Aristoteles,</strong></span> <span class='ocrx_word' id='word_1_68' title='bbox 1284 484 1372 514; x_wconf 87' lang='lat' dir='ltr'><strong>iuxta</strong></span> 
     </span>
     <span class='ocr_line' id='line_1_18' title="bbox 300 528 1371 573; baseline -0.008 -6"><span class='ocrx_word' id='word_1_69' title='bbox 300 536 407 567; x_wconf 87' lang='lat' dir='ltr'><strong>Sancti</strong></span> <span class='ocrx_word' id='word_1_70' title='bbox 427 535 576 565; x_wconf 91' lang='lat' dir='ltr'><strong>Thomae</strong></span> <span class='ocrx_word' id='word_1_71' title='bbox 599 532 907 573; x_wconf 85' lang='lat' dir='ltr'><strong>interpretationem,</strong></span> <span class='ocrx_word' id='word_1_72' title='bbox 924 531 1067 571; x_wconf 88' lang='lat' dir='ltr'><strong>primum</strong></span> <span class='ocrx_word' id='word_1_73' title='bbox 1089 529 1287 570; x_wconf 89' lang='lat' dir='ltr'><strong>principium</strong></span> <span class='ocrx_word' id='word_1_74' title='bbox 1310 528 1371 558; x_wconf 92' lang='lat' dir='ltr'><strong>im-</strong></span> 
     </span>
     <span class='ocr_line' id='line_1_19' title="bbox 299 574 1371 611; baseline -0.007 0"><span class='ocrx_word' id='word_1_75' title='bbox 299 580 420 611; x_wconf 91' lang='lat' dir='ltr'><strong>mobile</strong></span> <span class='ocrx_word' id='word_1_76' title='bbox 444 588 513 610; x_wconf 90' lang='lat' dir='ltr'><strong>esse</strong></span> <span class='ocrx_word' id='word_1_77' title='bbox 536 583 661 608; x_wconf 91' lang='lat' dir='ltr'><strong>tanturn</strong></span> <span class='ocrx_word' id='word_1_78' title='bbox 685 586 799 607; x_wconf 91' lang='lat' dir='ltr'><strong>unum.</strong></span> <span class='ocrx_word' id='word_1_79' title='bbox 824 576 966 606; x_wconf 89' lang='lat' dir='ltr'><strong>Nomine</strong></span> <span class='ocrx_word' id='word_1_80' title='bbox 991 580 1100 605; x_wconf 89' lang='lat' dir='ltr'><strong>autem</strong></span> <span class='ocrx_word' id='word_1_81' title='bbox 1123 574 1282 604; x_wconf 84' lang='lat' dir='ltr'><strong>materiae</strong></span> <span class='ocrx_word' id='word_1_82' title='bbox 1303 581 1371 603; x_wconf 90' lang='lat' dir='ltr'><strong>non</strong></span> 
     </span>
     <span class='ocr_line' id='line_1_20' title="bbox 299 617 1372 665; baseline -0.007 -10"><span class='ocrx_word' id='word_1_83' title='bbox 299 625 455 665; x_wconf 88' lang='lat' dir='ltr'><strong>accipitur</strong></span> <span class='ocrx_word' id='word_1_84' title='bbox 477 623 516 653; x_wconf 92' lang='lat' dir='ltr'><strong>ab</strong></span> <span class='ocrx_word' id='word_1_85' title='bbox 540 621 714 652; x_wconf 85' lang='lat' dir='ltr'><strong>Aristotele</strong></span> <span class='ocrx_word' id='word_1_86' title='bbox 741 626 772 651; x_wconf 89' lang='lat' dir='ltr'><strong>et</strong></span> <span class='ocrx_word' id='word_1_87' title='bbox 796 620 915 651; x_wconf 89' lang='lat' dir='ltr'><strong>Sancto</strong></span> <span class='ocrx_word' id='word_1_88' title='bbox 939 619 1069 650; x_wconf 90' lang='lat' dir='ltr'><strong>Thoma</strong></span> <span class='ocrx_word' id='word_1_89' title='bbox 1092 627 1193 649; x_wconf 90' lang='lat' dir='ltr'><strong>omne</strong></span> <span class='ocrx_word' id='word_1_90' title='bbox 1215 617 1372 658; x_wconf 86' lang='lat' dir='ltr'><strong>suscepti-</strong></span> 
     </span>
     <span class='ocr_line' id='line_1_21' title="bbox 298 664 1371 706; baseline -0.007 -7"><span class='ocrx_word' id='word_1_91' title='bbox 298 678 376 700; x_wconf 90' lang='lat' dir='ltr'><strong>vum</strong></span> <span class='ocrx_word' id='word_1_92' title='bbox 399 667 626 702; x_wconf 86' lang='lat' dir='ltr'><strong>indifferenter,</strong></span> <span class='ocrx_word' id='word_1_93' title='bbox 643 671 679 696; x_wconf 95' lang='lat' dir='ltr'><strong>ut</strong></span> <span class='ocrx_word' id='word_1_94' title='bbox 702 664 836 706; x_wconf 89' lang='lat' dir='ltr'><strong>quidam</strong></span> <span class='ocrx_word' id='word_1_95' title='bbox 851 665 936 695; x_wconf 89' lang='lat' dir='ltr'><strong>male</strong></span> <span class='ocrx_word' id='word_1_96' title='bbox 959 665 1209 704; x_wconf 82' lang='lat' dir='ltr'><strong>interpretantur</strong></span> <span class='ocrx_word' id='word_1_97' title='bbox 1220 664 1247 699; x_wconf 78' lang='lat'><strong>*‚</strong></span> <span class='ocrx_word' id='word_1_98' title='bbox 1263 667 1300 693; x_wconf 93' lang='lat' dir='ltr'><strong>ut</strong></span> <span class='ocrx_word' id='word_1_99' title='bbox 1315 670 1371 702; x_wconf 90' lang='lat' dir='ltr'><strong>ap-</strong></span> 
     </span>
     <span class='ocr_line' id='line_1_22' title="bbox 297 706 1371 755; baseline -0.007 -11"><span class='ocrx_word' id='word_1_100' title='bbox 297 718 388 755; x_wconf 90' lang='lat' dir='ltr'><strong>paret</strong></span> <span class='ocrx_word' id='word_1_101' title='bbox 410 717 534 743; x_wconf 85' lang='lat' dir='ltr'><strong>textum</strong></span> <span class='ocrx_word' id='word_1_102' title='bbox 562 710 742 741; x_wconf 85' lang='lat' dir='ltr'><strong>Aristotelis</strong></span> <span class='ocrx_word' id='word_1_103' title='bbox 767 715 798 740; x_wconf 89' lang='lat' dir='ltr'><strong>et</strong></span> <span class='ocrx_word' id='word_1_104' title='bbox 824 709 933 741; x_wconf 90' lang='lat' dir='ltr'><strong>Sancti</strong></span> <span class='ocrx_word' id='word_1_105' title='bbox 956 709 1105 740; x_wconf 85' lang='lat' dir='ltr'><strong>Thomae</strong></span> <span class='ocrx_word' id='word_1_106' title='bbox 1132 707 1300 748; x_wconf 87' lang='lat' dir='ltr'><strong>diligenter</strong></span> <span class='ocrx_word' id='word_1_107' title='bbox 1320 706 1371 736; x_wconf 92' lang='lat' dir='ltr'><strong>in-</strong></span> 
     </span>
     <span class='ocr_line' id='line_1_23' title="bbox 297 753 1371 796; baseline -0.007 -8"><span class='ocrx_word' id='word_1_108' title='bbox 297 758 416 788; x_wconf 90' lang='lat' dir='ltr'><strong>tuenti:</strong></span> <span class='ocrx_word' id='word_1_109' title='bbox 442 756 498 787; x_wconf 89' lang='lat' dir='ltr'><strong>sed</strong></span> <span class='ocrx_word' id='word_1_110' title='bbox 521 755 679 796; x_wconf 81' lang='lat' dir='ltr'><strong>accipitur</strong></span> <span class='ocrx_word' id='word_1_111' title='bbox 701 754 834 785; x_wconf 84' lang='lat' dir='ltr'><strong>materia</strong></span> <span class='ocrx_word' id='word_1_112' title='bbox 848 754 980 794; x_wconf 75' lang='lat' dir='ltr'><strong>proprie</strong></span> <span class='ocrx_word' id='word_1_113' title='bbox 1003 753 1098 789; x_wconf 91' lang='lat' dir='ltr'><strong>dicta,</strong></span> <span class='ocrx_word' id='word_1_114' title='bbox 1115 762 1199 793; x_wconf 87' lang='lat' dir='ltr'><strong>quae</strong></span> <span class='ocrx_word' id='word_1_115' title='bbox 1223 757 1271 782; x_wconf 91' lang='lat' dir='ltr'><strong>est</strong></span> <span class='ocrx_word' id='word_1_116' title='bbox 1280 760 1371 792; x_wconf 82' lang='lat' dir='ltr'><strong>pura</strong></span> 
     </span>
     <span class='ocr_line' id='line_1_24' title="bbox 290 797 1371 843; baseline -0.006 -11"><span class='ocrx_word' id='word_1_117' title='bbox 290 802 440 843; x_wconf 84' lang='lat' dir='ltr'><strong>potentia</strong></span> <span class='ocrx_word' id='word_1_118' title='bbox 465 801 497 831; x_wconf 88' lang='lat' dir='ltr'><strong>in</strong></span> <span class='ocrx_word' id='word_1_119' title='bbox 521 810 643 842; x_wconf 83' lang='lat' dir='ltr'><strong>genere</strong></span> <span class='ocrx_word' id='word_1_120' title='bbox 665 799 874 830; x_wconf 83' lang='lat' dir='ltr'><strong>substantiae.</strong></span> <span class='ocrx_word' id='word_1_121' title='bbox 901 798 977 829; x_wconf 92' lang='lat' dir='ltr'><strong>Non</strong></span> <span class='ocrx_word' id='word_1_122' title='bbox 996 799 1092 828; x_wconf 80' lang='lat' dir='ltr'><strong>&#39;enim</strong></span> <span class='ocrx_word' id='word_1_123' title='bbox 1116 797 1169 827; x_wconf 90' lang='lat' dir='ltr'><strong>hic</strong></span> <span class='ocrx_word' id='word_1_124' title='bbox 1192 805 1299 827; x_wconf 88' lang='lat' dir='ltr'><strong>sermo</strong></span> <span class='ocrx_word' id='word_1_125' title='bbox 1324 800 1371 825; x_wconf 90' lang='lat' dir='ltr'><strong>est</strong></span> 
     </span>
     <span class='ocr_line' id='line_1_25' title="bbox 297 839 1370 879; baseline -0.007 -2"><span class='ocrx_word' id='word_1_126' title='bbox 297 847 337 877; x_wconf 91' lang='lat' dir='ltr'><strong>de</strong></span> <span class='ocrx_word' id='word_1_127' title='bbox 361 845 538 877; x_wconf 86' lang='lat' dir='ltr'><strong>differentia</strong></span> <span class='ocrx_word' id='word_1_128' title='bbox 554 844 709 875; x_wconf 91' lang='lat' dir='ltr'><strong>materiali</strong></span> <span class='ocrx_word' id='word_1_129' title='bbox 726 843 952 879; x_wconf 88' lang='lat' dir='ltr'><strong>accidentium,</strong></span> <span class='ocrx_word' id='word_1_130' title='bbox 974 842 1030 873; x_wconf 89' lang='lat' dir='ltr'><strong>sed</strong></span> <span class='ocrx_word' id='word_1_131' title='bbox 1054 842 1313 879; x_wconf 87' lang='lat' dir='ltr'><strong>substantiarum,</strong></span> <span class='ocrx_word' id='word_1_132' title='bbox 1330 839 1370 870; x_wconf 89' lang='lat' dir='ltr'><strong>de</strong></span> 
     </span>
     <span class='ocr_line' id='line_1_26' title="bbox 297 885 1370 932; baseline -0.007 -10"><span class='ocrx_word' id='word_1_133' title='bbox 297 891 414 932; x_wconf 91' lang='lat' dir='ltr'><strong>quibus</strong></span> <span class='ocrx_word' id='word_1_134' title='bbox 431 891 528 921; x_wconf 89' lang='lat' dir='ltr'><strong>etiam</strong></span> <span class='ocrx_word' id='word_1_135' title='bbox 543 890 619 920; x_wconf 93' lang='lat' dir='ltr'><strong>loco</strong></span> <span class='ocrx_word' id='word_1_136' title='bbox 637 889 773 929; x_wconf 86' lang='lat' dir='ltr'><strong>allegato</strong></span> <span class='ocrx_word' id='word_1_137' title='bbox 790 888 935 928; x_wconf 90' lang='lat' dir='ltr'><strong>loquitur</strong></span> <span class='ocrx_word' id='word_1_138' title='bbox 951 887 1151 917; x_wconf 90' lang='lat' dir='ltr'><strong>Aristoteles.</strong></span> <span class='ocrx_word' id='word_1_139' title='bbox 1176 886 1211 916; x_wconf 90' lang='lat' dir='ltr'><strong>In</strong></span> <span class='ocrx_word' id='word_1_140' title='bbox 1227 885 1266 915; x_wconf 90' lang='lat' dir='ltr'><strong>iis</strong></span> <span class='ocrx_word' id='word_1_141' title='bbox 1282 885 1370 916; x_wconf 92' lang='lat' dir='ltr'><strong>enim</strong></span> 
     </span>
     <span class='ocr_line' id='line_1_27' title="bbox 295 931 1369 976; baseline -0.007 -10"><span class='ocrx_word' id='word_1_142' title='bbox 295 945 409 966; x_wconf 89' lang='lat' dir='ltr'><strong>verum</strong></span> <span class='ocrx_word' id='word_1_143' title='bbox 425 941 472 966; x_wconf 89' lang='lat' dir='ltr'><strong>est</strong></span> <span class='ocrx_word' id='word_1_144' title='bbox 489 934 589 976; x_wconf 92' lang='lat' dir='ltr'><strong>quod,</strong></span> <span class='ocrx_word' id='word_1_145' title='bbox 606 935 632 964; x_wconf 91' lang='lat' dir='ltr'><strong>si</strong></span> <span class='ocrx_word' id='word_1_146' title='bbox 648 934 710 964; x_wconf 89' lang='lat' dir='ltr'><strong>sint</strong></span> <span class='ocrx_word' id='word_1_147' title='bbox 722 933 918 963; x_wconf 87' lang='lat' dir='ltr'><strong>substantiae</strong></span> <span class='ocrx_word' id='word_1_148' title='bbox 930 941 988 972; x_wconf 91' lang='lat' dir='ltr'><strong>per</strong></span> <span class='ocrx_word' id='word_1_149' title='bbox 1004 941 1037 962; x_wconf 91' lang='lat' dir='ltr'><strong>se</strong></span> <span class='ocrx_word' id='word_1_150' title='bbox 1054 931 1262 961; x_wconf 88' lang='lat' dir='ltr'><strong>subsistentes</strong></span> <span class='ocrx_word' id='word_1_151' title='bbox 1279 939 1369 960; x_wconf 90' lang='lat' dir='ltr'><strong>com-</strong></span> 
     </span>
     <span class='ocr_line' id='line_1_28' title="bbox 295 974 1368 1021; baseline -0.007 -10"><span class='ocrx_word' id='word_1_152' title='bbox 295 981 400 1021; x_wconf 92' lang='lat' dir='ltr'><strong>pletae</strong></span> <span class='ocrx_word' id='word_1_153' title='bbox 423 981 458 1010; x_wconf 90' lang='lat' dir='ltr'><strong>in</strong></span> <span class='ocrx_word' id='word_1_154' title='bbox 481 979 599 1020; x_wconf 89' lang='lat' dir='ltr'><strong>specie,</strong></span> <span class='ocrx_word' id='word_1_155' title='bbox 625 983 656 1008; x_wconf 93' lang='lat' dir='ltr'><strong>et</strong></span> <span class='ocrx_word' id='word_1_156' title='bbox 678 978 741 1008; x_wconf 90' lang='lat' dir='ltr'><strong>sint</strong></span> <span class='ocrx_word' id='word_1_157' title='bbox 763 977 856 1017; x_wconf 90' lang='lat' dir='ltr'><strong>plura</strong></span> <span class='ocrx_word' id='word_1_158' title='bbox 879 975 1044 1007; x_wconf 91' lang='lat' dir='ltr'><strong>individua</strong></span> <span class='ocrx_word' id='word_1_159' title='bbox 1069 975 1214 1006; x_wconf 90' lang='lat' dir='ltr'><strong>eiusdem</strong></span> <span class='ocrx_word' id='word_1_160' title='bbox 1238 974 1368 1015; x_wconf 88' lang='lat' dir='ltr'><strong>speciei,</strong></span> 
     </span>
     <span class='ocr_line' id='line_1_29' title="bbox 295 1021 1369 1065; baseline -0.007 -9"><span class='ocrx_word' id='word_1_161' title='bbox 295 1030 425 1065; x_wconf 90' lang='lat' dir='ltr'><strong>oportet</strong></span> <span class='ocrx_word' id='word_1_162' title='bbox 447 1024 500 1054; x_wconf 89' lang='lat' dir='ltr'><strong>illa</strong></span> <span class='ocrx_word' id='word_1_163' title='bbox 515 1024 633 1054; x_wconf 89' lang='lat' dir='ltr'><strong>habere</strong></span> <span class='ocrx_word' id='word_1_164' title='bbox 648 1022 814 1053; x_wconf 85' lang='lat' dir='ltr'><strong>materiam</strong></span> <span class='ocrx_word' id='word_1_165' title='bbox 837 1026 962 1062; x_wconf 89' lang='lat' dir='ltr'><strong>partem</strong></span> <span class='ocrx_word' id='word_1_166' title='bbox 977 1021 1038 1057; x_wconf 91' lang='lat' dir='ltr'><strong>sui,</strong></span> <span class='ocrx_word' id='word_1_167' title='bbox 1063 1026 1094 1052; x_wconf 87' lang='lat' dir='ltr'><strong>et</strong></span> <span class='ocrx_word' id='word_1_168' title='bbox 1116 1021 1169 1058; x_wconf 13' lang='lat' dir='ltr'><strong>sic*</strong></span> <span class='ocrx_word' id='word_1_169' title='bbox 1185 1029 1254 1051; x_wconf 85' lang='lat' dir='ltr'><strong>esse</strong></span> <span class='ocrx_word' id='word_1_170' title='bbox 1278 1028 1369 1050; x_wconf 90' lang='lat' dir='ltr'><strong>com-</strong></span> 
     </span>
     <span class='ocr_line' id='line_1_30' title="bbox 294 1062 1370 1110; baseline -0.006 -10"><span class='ocrx_word' id='word_1_171' title='bbox 294 1070 399 1110; x_wconf 90' lang='lat' dir='ltr'><strong>posita</strong></span> <span class='ocrx_word' id='word_1_172' title='bbox 415 1078 453 1099; x_wconf 87' lang='lat' dir='ltr'><strong>ex</strong></span> <span class='ocrx_word' id='word_1_173' title='bbox 475 1068 607 1099; x_wconf 89' lang='lat' dir='ltr'><strong>materia</strong></span> <span class='ocrx_word' id='word_1_174' title='bbox 630 1072 663 1097; x_wconf 87' lang='lat' dir='ltr'><strong>et</strong></span> <span class='ocrx_word' id='word_1_175' title='bbox 681 1065 796 1097; x_wconf 89' lang='lat' dir='ltr'><strong>forma.</strong></span> <span class='ocrx_word' id='word_1_176' title='bbox 812 1066 844 1097; x_wconf 93' lang='lat' dir='ltr'><strong>Si</strong></span> <span class='ocrx_word' id='word_1_177' title='bbox 867 1069 977 1096; x_wconf 89' lang='lat' dir='ltr'><strong>autern</strong></span> <span class='ocrx_word' id='word_1_178' title='bbox 996 1066 1061 1096; x_wconf 90' lang='lat' dir='ltr'><strong>sint</strong></span> <span class='ocrx_word' id='word_1_179' title='bbox 1081 1062 1279 1095; x_wconf 84' lang='lat' dir='ltr'><strong>substantiae</strong></span> <span class='ocrx_word' id='word_1_180' title='bbox 1299 1073 1370 1094; x_wconf 89' lang='lat' dir='ltr'><strong>non</strong></span> 
     </span>
     <span class='ocr_line' id='line_1_31' title="bbox 295 1109 1370 1154; baseline -0.005 -10"><span class='ocrx_word' id='word_1_181' title='bbox 295 1114 476 1154; x_wconf 85' lang='lat' dir='ltr'><strong>completae</strong></span> <span class='ocrx_word' id='word_1_182' title='bbox 499 1113 533 1142; x_wconf 90' lang='lat' dir='ltr'><strong>in</strong></span> <span class='ocrx_word' id='word_1_183' title='bbox 556 1112 673 1152; x_wconf 89' lang='lat' dir='ltr'><strong>specie,</strong></span> <span class='ocrx_word' id='word_1_184' title='bbox 691 1111 746 1141; x_wconf 92' lang='lat' dir='ltr'><strong>sed</strong></span> <span class='ocrx_word' id='word_1_185' title='bbox 763 1120 846 1151; x_wconf 92' lang='lat' dir='ltr'><strong>quae</strong></span> <span class='ocrx_word' id='word_1_186' title='bbox 871 1115 947 1141; x_wconf 92' lang='lat' dir='ltr'><strong>sunt</strong></span> <span class='ocrx_word' id='word_1_187' title='bbox 962 1115 1067 1151; x_wconf 91' lang='lat' dir='ltr'><strong>partes</strong></span> <span class='ocrx_word' id='word_1_188' title='bbox 1083 1109 1214 1151; x_wconf 90' lang='lat' dir='ltr'><strong>speciei,</strong></span> <span class='ocrx_word' id='word_1_189' title='bbox 1237 1117 1370 1139; x_wconf 88' lang='lat' dir='ltr'><strong>necesse</strong></span> 
     </span>
     <span class='ocr_line' id='line_1_32' title="bbox 294 1153 1367 1196; baseline -0.005 -7"><span class='ocrx_word' id='word_1_190' title='bbox 294 1163 342 1189; x_wconf 90' lang='lat' dir='ltr'><strong>est</strong></span> <span class='ocrx_word' id='word_1_191' title='bbox 353 1163 389 1188; x_wconf 93' lang='lat' dir='ltr'><strong>ut</strong></span> <span class='ocrx_word' id='word_1_192' title='bbox 404 1158 543 1188; x_wconf 85' lang='lat' dir='ltr'><strong>habeant</strong></span> <span class='ocrx_word' id='word_1_193' title='bbox 554 1156 721 1187; x_wconf 80' lang='lat' dir='ltr'><strong>materiam</strong></span> <span class='ocrx_word' id='word_1_194' title='bbox 734 1156 767 1186; x_wconf 90' lang='lat' dir='ltr'><strong>in</strong></span> <span class='ocrx_word' id='word_1_195' title='bbox 781 1165 845 1196; x_wconf 89' lang='lat' dir='ltr'><strong>qua</strong></span> <span class='ocrx_word' id='word_1_196' title='bbox 857 1155 1054 1196; x_wconf 88' lang='lat' dir='ltr'><strong>recipiantur</strong></span> <span class='ocrx_word' id='word_1_197' title='bbox 1066 1159 1098 1185; x_wconf 90' lang='lat' dir='ltr'><strong>et</strong></span> <span class='ocrx_word' id='word_1_198' title='bbox 1112 1153 1367 1190; x_wconf 87' lang='lat' dir='ltr'><strong>individuentur‚</strong></span> 
     </span>
     <span class='ocr_line' id='line_1_33' title="bbox 287 1198 1368 1242; baseline -0.004 -9"><span class='ocrx_word' id='word_1_199' title='bbox 287 1207 329 1234; x_wconf 82' lang='lat' dir='ltr'><strong>&#39;ut</strong></span> <span class='ocrx_word' id='word_1_200' title='bbox 345 1212 383 1233; x_wconf 84' lang='lat' dir='ltr'><strong>ex</strong></span> <span class='ocrx_word' id='word_1_201' title='bbox 399 1202 546 1242; x_wconf 89' lang='lat' dir='ltr'><strong>superius</strong></span> <span class='ocrx_word' id='word_1_202' title='bbox 558 1202 576 1218; x_wconf 71' lang='lat'><strong>⁴*</strong></span> <span class='ocrx_word' id='word_1_203' title='bbox 592 1199 686 1231; x_wconf 87' lang='lat' dir='ltr'><strong>dictis</strong></span> <span class='ocrx_word' id='word_1_204' title='bbox 709 1205 852 1240; x_wconf 88' lang='lat' dir='ltr'><strong>apparet.</strong></span> <span class='ocrx_word' id='word_1_205' title='bbox 868 1203 891 1222; x_wconf 85' lang='lat'><strong>—&#39;</strong></span> <span class='ocrx_word' id='word_1_206' title='bbox 906 1199 976 1230; x_wconf 92' lang='lat' dir='ltr'><strong>Nec</strong></span> <span class='ocrx_word' id='word_1_207' title='bbox 1000 1199 1108 1230; x_wconf 87' lang='lat' dir='ltr'><strong>obstat</strong></span> <span class='ocrx_word' id='word_1_208' title='bbox 1124 1198 1215 1240; x_wconf 91' lang='lat' dir='ltr'><strong>quod</strong></span> <span class='ocrx_word' id='word_1_209' title='bbox 1231 1198 1368 1230; x_wconf 84' lang='lat' dir='ltr'><strong>Sanctus</strong></span> 
     </span>
     <span class='ocr_line' id='line_1_34' title="bbox 293 1242 1367 1286; baseline -0.005 -8"><span class='ocrx_word' id='word_1_210' title='bbox 293 1247 436 1278; x_wconf 90' lang='lat' dir='ltr'><strong>Thomas</strong></span> <span class='ocrx_word' id='word_1_211' title='bbox 460 1246 576 1282; x_wconf 90' lang='lat' dir='ltr'><strong>Prima,</strong></span> <span class='ocrx_word' id='word_1_212' title='bbox 602 1255 632 1286; x_wconf 96' lang='lat' dir='ltr'><strong>q.</strong></span> <span class='ocrx_word' id='word_1_213' title='bbox 650 1255 679 1281; x_wconf 85' lang='lat'><strong>1.‚</strong></span> <span class='ocrx_word' id='word_1_214' title='bbox 697 1255 724 1275; x_wconf 88' lang='lat' dir='ltr'><strong>a.</strong></span> <span class='ocrx_word' id='word_1_215' title='bbox 740 1254 773 1285; x_wconf 85' lang='lat'><strong>4,</strong></span> <span class='ocrx_word' id='word_1_216' title='bbox 791 1245 844 1276; x_wconf 90' lang='lat' dir='ltr'><strong>dat</strong></span> <span class='ocrx_word' id='word_1_217' title='bbox 859 1244 1047 1285; x_wconf 87' lang='lat' dir='ltr'><strong>exemplum</strong></span> <span class='ocrx_word' id='word_1_218' title='bbox 1064 1244 1104 1275; x_wconf 89' lang='lat' dir='ltr'><strong>de</strong></span> <span class='ocrx_word' id='word_1_219' title='bbox 1128 1242 1367 1284; x_wconf 90' lang='lat' dir='ltr'><strong>plurificatione</strong></span> 
     </span>
     <span class='ocr_line' id='line_1_35' title="bbox 291 1288 1367 1331; baseline -0.004 -9"><span class='ocrx_word' id='word_1_220' title='bbox 291 1291 456 1327; x_wconf 86' lang='lat' dir='ltr'><strong>albedinis,</strong></span> <span class='ocrx_word' id='word_1_221' title='bbox 481 1299 581 1331; x_wconf 91' lang='lat' dir='ltr'><strong>quam</strong></span> <span class='ocrx_word' id='word_1_222' title='bbox 597 1294 724 1321; x_wconf 90' lang='lat' dir='ltr'><strong>constat</strong></span> <span class='ocrx_word' id='word_1_223' title='bbox 738 1289 915 1331; x_wconf 90' lang='lat' dir='ltr'><strong>plurificari</strong></span> <span class='ocrx_word' id='word_1_224' title='bbox 930 1298 999 1320; x_wconf 90' lang='lat' dir='ltr'><strong>non</strong></span> <span class='ocrx_word' id='word_1_225' title='bbox 1024 1298 1062 1320; x_wconf 84' lang='lat' dir='ltr'><strong>ex</strong></span> <span class='ocrx_word' id='word_1_226' title='bbox 1085 1289 1220 1319; x_wconf 89' lang='lat' dir='ltr'><strong>materia</strong></span> <span class='ocrx_word' id='word_1_227' title='bbox 1234 1288 1367 1329; x_wconf 77' lang='lat' dir='ltr'><strong>proprie</strong></span> 
     </span>
     <span class='ocr_line' id='line_1_36' title="bbox 291 1332 1369 1377; baseline -0.004 -10"><span class='ocrx_word' id='word_1_228' title='bbox 291 1336 385 1373; x_wconf 89' lang='lat' dir='ltr'><strong>dicta,</strong></span> <span class='ocrx_word' id='word_1_229' title='bbox 403 1345 487 1377; x_wconf 89' lang='lat' dir='ltr'><strong>quae</strong></span> <span class='ocrx_word' id='word_1_230' title='bbox 504 1340 552 1366; x_wconf 87' lang='lat' dir='ltr'><strong>est</strong></span> <span class='ocrx_word' id='word_1_231' title='bbox 566 1344 648 1376; x_wconf 89' lang='lat' dir='ltr'><strong>pura</strong></span> <span class='ocrx_word' id='word_1_232' title='bbox 662 1335 821 1374; x_wconf 87' lang='lat' dir='ltr'><strong>potentia,</strong></span> <span class='ocrx_word' id='word_1_233' title='bbox 837 1334 894 1366; x_wconf 91' lang='lat' dir='ltr'><strong>sed</strong></span> <span class='ocrx_word' id='word_1_234' title='bbox 910 1344 949 1365; x_wconf 83' lang='lat' dir='ltr'><strong>ex</strong></span> <span class='ocrx_word' id='word_1_235' title='bbox 965 1334 1112 1365; x_wconf 88' lang='lat' dir='ltr'><strong>subiecto</strong></span> <span class='ocrx_word' id='word_1_236' title='bbox 1129 1338 1264 1374; x_wconf 88' lang='lat' dir='ltr'><strong>quanto.</strong></span> <span class='ocrx_word' id='word_1_237' title='bbox 1281 1332 1369 1371; x_wconf 89' lang='lat' dir='ltr'><strong>Quia</strong></span> 
     </span>
     <span class='ocr_line' id='line_1_37' title="bbox 290 1377 1367 1420; baseline -0.003 -8"><span class='ocrx_word' id='word_1_238' title='bbox 290 1391 359 1412; x_wconf 91' lang='lat' dir='ltr'><strong>non</strong></span> <span class='ocrx_word' id='word_1_239' title='bbox 373 1381 500 1412; x_wconf 82' lang='lat' dir='ltr'><strong>induxit</strong></span> <span class='ocrx_word' id='word_1_240' title='bbox 515 1380 651 1411; x_wconf 90' lang='lat' dir='ltr'><strong>Sanctus</strong></span> <span class='ocrx_word' id='word_1_241' title='bbox 668 1379 813 1410; x_wconf 87' lang='lat' dir='ltr'><strong>Thomas</strong></span> <span class='ocrx_word' id='word_1_242' title='bbox 829 1378 910 1412; x_wconf 92' lang='lat' dir='ltr'><strong>illud</strong></span> <span class='ocrx_word' id='word_1_243' title='bbox 926 1384 1082 1420; x_wconf 86' lang='lat' dir='ltr'><strong>tanquam</strong></span> <span class='ocrx_word' id='word_1_244' title='bbox 1099 1378 1296 1420; x_wconf 86' lang='lat' dir='ltr'><strong>exemplum,</strong></span> <span class='ocrx_word' id='word_1_245' title='bbox 1309 1377 1367 1409; x_wconf 90' lang='lat' dir='ltr'><strong>sed</strong></span> 
     </span>
     <span class='ocr_line' id='line_1_38' title="bbox 290 1422 1367 1466; baseline -0.003 -10"><span class='ocrx_word' id='word_1_246' title='bbox 290 1431 445 1466; x_wconf 90' lang='lat' dir='ltr'><strong>tanquam</strong></span> <span class='ocrx_word' id='word_1_247' title='bbox 460 1423 714 1456; x_wconf 88' lang='lat' dir='ltr'><strong>similitudinem.</strong></span> <span class='ocrx_word' id='word_1_248' title='bbox 731 1423 845 1455; x_wconf 88' lang='lat' dir='ltr'><strong>Voluit</strong></span> <span class='ocrx_word' id='word_1_249' title='bbox 861 1424 949 1455; x_wconf 90' lang='lat' dir='ltr'><strong>enim</strong></span> <span class='ocrx_word' id='word_1_250' title='bbox 965 1433 1023 1464; x_wconf 89' lang='lat' dir='ltr'><strong>per</strong></span> <span class='ocrx_word' id='word_1_251' title='bbox 1038 1423 1143 1455; x_wconf 92' lang='lat' dir='ltr'><strong>simile</strong></span> <span class='ocrx_word' id='word_1_252' title='bbox 1158 1423 1192 1454; x_wconf 90' lang='lat' dir='ltr'><strong>in</strong></span> <span class='ocrx_word' id='word_1_253' title='bbox 1208 1422 1277 1454; x_wconf 86' lang='lat' dir='ltr'><strong>aliis</strong></span> <span class='ocrx_word' id='word_1_254' title='bbox 1291 1432 1367 1464; x_wconf 88' lang='lat' dir='ltr'><strong>pro-</strong></span> 
     </span>
     <span class='ocr_line' id='line_1_39' title="bbox 290 1467 1370 1510; baseline -0.003 -9"><span class='ocrx_word' id='word_1_255' title='bbox 290 1471 365 1501; x_wconf 92' lang='lat' dir='ltr'><strong>bare</strong></span> <span class='ocrx_word' id='word_1_256' title='bbox 388 1471 560 1500; x_wconf 89' lang='lat' dir='ltr'><strong>intentum.</strong></span> <span class='ocrx_word' id='word_1_257' title='bbox 577 1469 662 1500; x_wconf 90' lang='lat' dir='ltr'><strong>Nam</strong></span> <span class='ocrx_word' id='word_1_258' title='bbox 678 1469 762 1500; x_wconf 88' lang='lat' dir='ltr'><strong>sicut</strong></span> <span class='ocrx_word' id='word_1_259' title='bbox 777 1468 941 1500; x_wconf 90' lang='lat' dir='ltr'><strong>albedines</strong></span> <span class='ocrx_word' id='word_1_260' title='bbox 955 1475 1023 1500; x_wconf 87' lang='lat' dir='ltr'><strong>non</strong></span> <span class='ocrx_word' id='word_1_261' title='bbox 1036 1467 1293 1510; x_wconf 88' lang='lat' dir='ltr'><strong>multiplicantur</strong></span> <span class='ocrx_word' id='word_1_262' title='bbox 1308 1467 1370 1498; x_wconf 90' lang='lat' dir='ltr'><strong>nisi</strong></span> 
     </span>
     <span class='ocr_line' id='line_1_40' title="bbox 290 1512 1370 1555; baseline -0.003 -9"><span class='ocrx_word' id='word_1_263' title='bbox 290 1525 328 1546; x_wconf 89' lang='lat' dir='ltr'><strong>ex</strong></span> <span class='ocrx_word' id='word_1_264' title='bbox 343 1514 613 1555; x_wconf 87' lang='lat' dir='ltr'><strong>multiplicatione</strong></span> <span class='ocrx_word' id='word_1_265' title='bbox 635 1514 831 1544; x_wconf 90' lang='lat' dir='ltr'><strong>substantiae</strong></span> <span class='ocrx_word' id='word_1_266' title='bbox 846 1513 1034 1554; x_wconf 90' lang='lat' dir='ltr'><strong>corporalis,</strong></span> <span class='ocrx_word' id='word_1_267' title='bbox 1051 1522 1135 1554; x_wconf 87' lang='lat' dir='ltr'><strong>quae</strong></span> <span class='ocrx_word' id='word_1_268' title='bbox 1151 1518 1198 1544; x_wconf 92' lang='lat' dir='ltr'><strong>est</strong></span> <span class='ocrx_word' id='word_1_269' title='bbox 1213 1512 1370 1553; x_wconf 86' lang='lat' dir='ltr'><strong>suscepti-</strong></span> 
     </span>
     <span class='ocr_line' id='line_1_41' title="bbox 289 1557 1369 1600; baseline -0.002 -10"><span class='ocrx_word' id='word_1_270' title='bbox 289 1569 367 1590; x_wconf 86' lang='lat' dir='ltr'><strong>vum</strong></span> <span class='ocrx_word' id='word_1_271' title='bbox 398 1559 569 1600; x_wconf 89' lang='lat' dir='ltr'><strong>proprium</strong></span> <span class='ocrx_word' id='word_1_272' title='bbox 600 1558 817 1589; x_wconf 87' lang='lat' dir='ltr'><strong>accidentium</strong></span> <span class='ocrx_word' id='word_1_273' title='bbox 846 1559 1072 1595; x_wconf 84' lang='lat' dir='ltr'><strong>materialium,</strong></span> <span class='ocrx_word' id='word_1_274' title='bbox 1100 1559 1144 1589; x_wconf 88' lang='lat' dir='ltr'><strong>ita</strong></span> <span class='ocrx_word' id='word_1_275' title='bbox 1173 1557 1369 1588; x_wconf 85' lang='lat' dir='ltr'><strong>substantiae</strong></span> 
     </span>
     <span class='ocr_line' id='line_1_42' title="bbox 290 1602 1369 1646; baseline -0.003 -10"><span class='ocrx_word' id='word_1_276' title='bbox 290 1614 374 1646; x_wconf 88' lang='lat' dir='ltr'><strong>quae</strong></span> <span class='ocrx_word' id='word_1_277' title='bbox 389 1604 590 1637; x_wconf 88' lang='lat' dir='ltr'><strong>conveniunt</strong></span> <span class='ocrx_word' id='word_1_278' title='bbox 603 1604 638 1634; x_wconf 94' lang='lat' dir='ltr'><strong>in</strong></span> <span class='ocrx_word' id='word_1_279' title='bbox 654 1604 763 1644; x_wconf 87' lang='lat' dir='ltr'><strong>specie</strong></span> <span class='ocrx_word' id='word_1_280' title='bbox 778 1608 811 1635; x_wconf 89' lang='lat' dir='ltr'><strong>et</strong></span> <span class='ocrx_word' id='word_1_281' title='bbox 826 1602 978 1634; x_wconf 86' lang='lat' dir='ltr'><strong>differunt</strong></span> <span class='ocrx_word' id='word_1_282' title='bbox 999 1612 1149 1640; x_wconf 87' lang='lat' dir='ltr'><strong>numero,</strong></span> <span class='ocrx_word' id='word_1_283' title='bbox 1165 1612 1235 1634; x_wconf 88' lang='lat' dir='ltr'><strong>non</strong></span> <span class='ocrx_word' id='word_1_284' title='bbox 1258 1602 1369 1633; x_wconf 87' lang='lat' dir='ltr'><strong>distin·</strong></span> 
     </span>
     <span class='ocr_line' id='line_1_43' title="bbox 289 1647 1369 1690; baseline -0.002 -10"><span class='ocrx_word' id='word_1_285' title='bbox 289 1649 433 1690; x_wconf 85' lang='lat' dir='ltr'><strong>guuntur</strong></span> <span class='ocrx_word' id='word_1_286' title='bbox 443 1649 505 1679; x_wconf 88' lang='lat' dir='ltr'><strong>nisi</strong></span> <span class='ocrx_word' id='word_1_287' title='bbox 517 1657 575 1689; x_wconf 89' lang='lat' dir='ltr'><strong>per</strong></span> <span class='ocrx_word' id='word_1_288' title='bbox 590 1648 757 1679; x_wconf 86' lang='lat' dir='ltr'><strong>materiam</strong></span> <span class='ocrx_word' id='word_1_289' title='bbox 773 1647 1016 1685; x_wconf 88' lang='lat' dir='ltr'><strong>individualem,</strong></span> <span class='ocrx_word' id='word_1_290' title='bbox 1033 1657 1117 1689; x_wconf 89' lang='lat' dir='ltr'><strong>quae</strong></span> <span class='ocrx_word' id='word_1_291' title='bbox 1136 1652 1183 1678; x_wconf 90' lang='lat' dir='ltr'><strong>est</strong></span> <span class='ocrx_word' id='word_1_292' title='bbox 1198 1647 1369 1688; x_wconf 87' lang='lat' dir='ltr'><strong>proprium</strong></span> 
     </span>
     <span class='ocr_line' id='line_1_44' title="bbox 289 1691 1268 1734; baseline -0.003 -9"><span class='ocrx_word' id='word_1_293' title='bbox 289 1693 509 1734; x_wconf 91' lang='lat' dir='ltr'><strong>susceptivum</strong></span> <span class='ocrx_word' id='word_1_294' title='bbox 532 1691 711 1723; x_wconf 89' lang='lat' dir='ltr'><strong>formarum</strong></span> <span class='ocrx_word' id='word_1_295' title='bbox 735 1698 767 1723; x_wconf 90' lang='lat' dir='ltr'><strong>et</strong></span> <span class='ocrx_word' id='word_1_296' title='bbox 789 1698 976 1724; x_wconf 87' lang='lat' dir='ltr'><strong>naturarum</strong></span> <span class='ocrx_word' id='word_1_297' title='bbox 999 1691 1268 1724; x_wconf 88' lang='lat' dir='ltr'><strong>substantialium.</strong></span> 
     </span>
    </p>

    <p class='ocr_par' dir='ltr' id='par_1_12' title="bbox 286 1736 1370 2126">
     <span class='ocr_line' id='line_1_45' title="bbox 348 1736 1368 1777; baseline -0.002 -9"><span class='ocrx_word' id='word_1_298' title='bbox 348 1736 589 1769; x_wconf 85' lang='lat' dir='ltr'><strong>Attendendum</strong></span> <span class='ocrx_word' id='word_1_299' title='bbox 613 1737 720 1774; x_wconf 85' lang='lat' dir='ltr'><strong>etiam,</strong></span> <span class='ocrx_word' id='word_1_300' title='bbox 745 1746 821 1768; x_wconf 90' lang='lat' dir='ltr'><strong>cum</strong></span> <span class='ocrx_word' id='word_1_301' title='bbox 836 1737 962 1769; x_wconf 68' lang='lat' dir='ltr'><strong>,dicitur</strong></span> <span class='ocrx_word' id='word_1_302' title='bbox 985 1736 1202 1768; x_wconf 86' lang='lat' dir='ltr'><strong>diversitatem</strong></span> <span class='ocrx_word' id='word_1_303' title='bbox 1224 1745 1308 1777; x_wconf 90' lang='lat' dir='ltr'><strong>quae</strong></span> <span class='ocrx_word' id='word_1_304' title='bbox 1330 1745 1368 1766; x_wconf 89' lang='lat' dir='ltr'><strong>ex</strong></span> 
     </span>
     <span class='ocr_line' id='line_1_46' title="bbox 291 1778 1370 1823; baseline -0.002 -10"><span class='ocrx_word' id='word_1_305' title='bbox 291 1782 396 1813; x_wconf 88' lang='lat' dir='ltr'><strong>forma</strong></span> <span class='ocrx_word' id='word_1_306' title='bbox 411 1778 582 1823; x_wconf 76' lang='lat' dir='ltr'><strong>procedit,</strong></span> <span class='ocrx_word' id='word_1_307' title='bbox 610 1781 765 1813; x_wconf 90' lang='lat' dir='ltr'><strong>inducere</strong></span> <span class='ocrx_word' id='word_1_308' title='bbox 795 1781 1012 1813; x_wconf 84' lang='lat' dir='ltr'><strong>diversitatem</strong></span> <span class='ocrx_word' id='word_1_309' title='bbox 1040 1782 1171 1822; x_wconf 86' lang='lat' dir='ltr'><strong>speciei,</strong></span> <span class='ocrx_word' id='word_1_310' title='bbox 1202 1780 1294 1822; x_wconf 90' lang='lat' dir='ltr'><strong>quod</strong></span> <span class='ocrx_word' id='word_1_311' title='bbox 1319 1780 1370 1811; x_wconf 89' lang='lat' dir='ltr'><strong>in-</strong></span> 
     </span>
     <span class='ocr_line' id='line_1_47' title="bbox 290 1824 1367 1868; baseline -0.002 -10"><span class='ocrx_word' id='word_1_312' title='bbox 290 1828 444 1868; x_wconf 84' lang='lat' dir='ltr'><strong>telligitur</strong></span> <span class='ocrx_word' id='word_1_313' title='bbox 470 1826 510 1857; x_wconf 93' lang='lat' dir='ltr'><strong>de</strong></span> <span class='ocrx_word' id='word_1_314' title='bbox 537 1826 717 1857; x_wconf 85' lang='lat' dir='ltr'><strong>differentia</strong></span> <span class='ocrx_word' id='word_1_315' title='bbox 747 1827 962 1867; x_wconf 88' lang='lat' dir='ltr'><strong>proveniente</strong></span> <span class='ocrx_word' id='word_1_316' title='bbox 989 1836 1028 1858; x_wconf 82' lang='lat' dir='ltr'><strong>ex</strong></span> <span class='ocrx_word' id='word_1_317' title='bbox 1053 1826 1159 1858; x_wconf 84' lang='lat' dir='ltr'><strong>forma</strong></span> <span class='ocrx_word' id='word_1_318' title='bbox 1187 1824 1367 1857; x_wconf 86' lang='lat' dir='ltr'><strong>secundum</strong></span> 
     </span>
     <span class='ocr_line' id='line_1_48' title="bbox 289 1870 1367 1913; baseline -0.002 -10"><span class='ocrx_word' id='word_1_319' title='bbox 289 1873 456 1913; x_wconf 84' lang='lat' dir='ltr'><strong>propriam</strong></span> <span class='ocrx_word' id='word_1_320' title='bbox 477 1872 638 1902; x_wconf 87' lang='lat' dir='ltr'><strong>rationem</strong></span> <span class='ocrx_word' id='word_1_321' title='bbox 662 1871 796 1902; x_wconf 84' lang='lat' dir='ltr'><strong>formae.</strong></span> <span class='ocrx_word' id='word_1_322' title='bbox 822 1871 879 1902; x_wconf 90' lang='lat' dir='ltr'><strong>Illa</strong></span> <span class='ocrx_word' id='word_1_323' title='bbox 903 1872 990 1903; x_wconf 92' lang='lat' dir='ltr'><strong>enim</strong></span> <span class='ocrx_word' id='word_1_324' title='bbox 1013 1870 1193 1902; x_wconf 88' lang='lat' dir='ltr'><strong>differentia</strong></span> <span class='ocrx_word' id='word_1_325' title='bbox 1220 1880 1305 1911; x_wconf 87' lang='lat' dir='ltr'><strong>quae</strong></span> <span class='ocrx_word' id='word_1_326' title='bbox 1329 1879 1367 1901; x_wconf 87' lang='lat' dir='ltr'><strong>ex</strong></span> 
     </span>
     <span class='ocr_line' id='line_1_49' title="bbox 290 1915 1368 1957; baseline -0.002 -10"><span class='ocrx_word' id='word_1_327' title='bbox 290 1916 420 1948; x_wconf 86' lang='lat' dir='ltr'><strong>diversis</strong></span> <span class='ocrx_word' id='word_1_328' title='bbox 437 1916 549 1947; x_wconf 83' lang='lat' dir='ltr'><strong>formis</strong></span> <span class='ocrx_word' id='word_1_329' title='bbox 564 1915 746 1947; x_wconf 84' lang='lat' dir='ltr'><strong>secundum</strong></span> <span class='ocrx_word' id='word_1_330' title='bbox 762 1916 927 1957; x_wconf 84' lang='lat' dir='ltr'><strong>propriam</strong></span> <span class='ocrx_word' id='word_1_331' title='bbox 943 1916 1104 1946; x_wconf 90' lang='lat' dir='ltr'><strong>rationem</strong></span> <span class='ocrx_word' id='word_1_332' title='bbox 1120 1915 1288 1951; x_wconf 87' lang='lat' dir='ltr'><strong>distinctis,</strong></span> <span class='ocrx_word' id='word_1_333' title='bbox 1300 1915 1368 1945; x_wconf 89' lang='lat' dir='ltr'><strong>sive</strong></span> 
     </span>
     <span class='ocr_line' id='line_1_50' title="bbox 290 1958 1366 2001; baseline -0.002 -10"><span class='ocrx_word' id='word_1_334' title='bbox 290 1971 328 1992; x_wconf 88' lang='lat' dir='ltr'><strong>ex</strong></span> <span class='ocrx_word' id='word_1_335' title='bbox 343 1960 456 1991; x_wconf 89' lang='lat' dir='ltr'><strong>formis</strong></span> <span class='ocrx_word' id='word_1_336' title='bbox 472 1959 670 1991; x_wconf 89' lang='lat' dir='ltr'><strong>diversarum</strong></span> <span class='ocrx_word' id='word_1_337' title='bbox 686 1961 861 1997; x_wconf 88' lang='lat' dir='ltr'><strong>rationum,</strong></span> <span class='ocrx_word' id='word_1_338' title='bbox 876 1959 1035 2001; x_wconf 88' lang='lat' dir='ltr'><strong>procedit,</strong></span> <span class='ocrx_word' id='word_1_339' title='bbox 1053 1965 1100 1990; x_wconf 90' lang='lat' dir='ltr'><strong>est</strong></span> <span class='ocrx_word' id='word_1_340' title='bbox 1116 1958 1281 2001; x_wconf 89' lang='lat' dir='ltr'><strong>specifica:</strong></span> <span class='ocrx_word' id='word_1_341' title='bbox 1298 1968 1366 1990; x_wconf 91' lang='lat' dir='ltr'><strong>non</strong></span> 
     </span>
     <span class='ocr_line' id='line_1_51' title="bbox 289 2003 1366 2046; baseline -0.002 -10"><span class='ocrx_word' id='word_1_342' title='bbox 289 2010 398 2036; x_wconf 90' lang='lat' dir='ltr'><strong>autem</strong></span> <span class='ocrx_word' id='word_1_343' title='bbox 416 2005 441 2035; x_wconf 91' lang='lat' dir='ltr'><strong>si</strong></span> <span class='ocrx_word' id='word_1_344' title='bbox 457 2004 614 2046; x_wconf 90' lang='lat' dir='ltr'><strong>procedat</strong></span> <span class='ocrx_word' id='word_1_345' title='bbox 629 2014 667 2035; x_wconf 88' lang='lat' dir='ltr'><strong>ex</strong></span> <span class='ocrx_word' id='word_1_346' title='bbox 684 2004 796 2036; x_wconf 85' lang='lat' dir='ltr'><strong>formis</strong></span> <span class='ocrx_word' id='word_1_347' title='bbox 815 2005 1022 2036; x_wconf 90' lang='lat' dir='ltr'><strong>materialiter</strong></span> <span class='ocrx_word' id='word_1_348' title='bbox 1045 2009 1172 2035; x_wconf 91' lang='lat' dir='ltr'><strong>tantum</strong></span> <span class='ocrx_word' id='word_1_349' title='bbox 1197 2003 1366 2040; x_wconf 77' lang='lat' dir='ltr'><strong>distinctis,</strong></span> 
     </span>
     <span class='ocr_line' id='line_1_52' title="bbox 288 2047 1366 2086; baseline -0.001 -6"><span class='ocrx_word' id='word_1_350' title='bbox 288 2051 322 2081; x_wconf 94' lang='lat' dir='ltr'><strong>in</strong></span> <span class='ocrx_word' id='word_1_351' title='bbox 333 2059 399 2080; x_wconf 91' lang='lat' dir='ltr'><strong>una</strong></span> <span class='ocrx_word' id='word_1_352' title='bbox 415 2049 585 2081; x_wconf 89' lang='lat' dir='ltr'><strong>communi</strong></span> <span class='ocrx_word' id='word_1_353' title='bbox 601 2049 726 2080; x_wconf 85' lang='lat' dir='ltr'><strong>ratione</strong></span> <span class='ocrx_word' id='word_1_354' title='bbox 745 2049 1027 2086; x_wconf 88' lang='lat' dir='ltr'><strong>convenientibus,</strong></span> <span class='ocrx_word' id='word_1_355' title='bbox 1039 2049 1123 2079; x_wconf 91' lang='lat' dir='ltr'><strong>sicut</strong></span> <span class='ocrx_word' id='word_1_356' title='bbox 1139 2047 1223 2079; x_wconf 83' lang='lat' dir='ltr'><strong>duae</strong></span> <span class='ocrx_word' id='word_1_357' title='bbox 1239 2049 1366 2079; x_wconf 87' lang='lat' dir='ltr'><strong>animae</strong></span> 
     </span>
     <span class='ocr_line' id='line_1_53' title="bbox 286 2094 794 2126; baseline 0 -1"><span class='ocrx_word' id='word_1_358' title='bbox 286 2095 503 2126; x_wconf 88' lang='lat' dir='ltr'><strong>intellectivae</strong></span> <span class='ocrx_word' id='word_1_359' title='bbox 522 2100 597 2125; x_wconf 89' lang='lat' dir='ltr'><strong>sunt</strong></span> <span class='ocrx_word' id='word_1_360' title='bbox 616 2094 794 2125; x_wconf 75' lang='lat' dir='ltr'><strong>distinctae.</strong></span> 
     </span>
    </p>

    <p class='ocr_par' dir='ltr' id='par_1_13' title="bbox 287 2137 1364 2672">
     <span class='ocr_line' id='line_1_54' title="bbox 342 2137 1363 2176; baseline -0.002 -6"><span class='ocrx_word' id='word_1_361' title='bbox 342 2139 394 2170; x_wconf 90' lang='lat'><strong>111.</strong></span> <span class='ocrx_word' id='word_1_362' title='bbox 419 2139 471 2171; x_wconf 88' lang='lat' dir='ltr'><strong>Ad</strong></span> <span class='ocrx_word' id='word_1_363' title='bbox 495 2140 579 2171; x_wconf 89' lang='lat' dir='ltr'><strong>hanc</strong></span> <span class='ocrx_word' id='word_1_364' title='bbox 596 2144 707 2170; x_wconf 85' lang='lat' dir='ltr'><strong>autem</strong></span> <span class='ocrx_word' id='word_1_365' title='bbox 722 2140 893 2176; x_wconf 86' lang='lat' dir='ltr'><strong>rationem,</strong></span> <span class='ocrx_word' id='word_1_366' title='bbox 909 2148 948 2170; x_wconf 86' lang='lat' dir='ltr'><strong>ex</strong></span> <span class='ocrx_word' id='word_1_367' title='bbox 965 2138 1076 2175; x_wconf 90' lang='lat' dir='ltr'><strong>Scoto,</strong></span> <span class='ocrx_word' id='word_1_368' title='bbox 1093 2137 1257 2175; x_wconf 88' lang='lat' dir='ltr'><strong>Secundo,</strong></span> <span class='ocrx_word' id='word_1_369' title='bbox 1270 2137 1303 2170; x_wconf 82' lang='lat' dir='ltr'><strong>d.</strong></span> <span class='ocrx_word' id='word_1_370' title='bbox 1318 2148 1363 2174; x_wconf 87' lang='lat' dir='ltr'><strong>m,</strong></span> 
     </span>
     <span class='ocr_line' id='line_1_55' title="bbox 287 2182 1363 2226; baseline -0.001 -11"><span class='ocrx_word' id='word_1_371' title='bbox 287 2194 319 2225; x_wconf 90' lang='lat' dir='ltr'><strong>q.</strong></span> <span class='ocrx_word' id='word_1_372' title='bbox 335 2193 379 2215; x_wconf 87' lang='lat' dir='ltr'><strong>vn</strong></span> <span class='ocrx_word' id='word_1_373' title='bbox 391 2185 418 2222; x_wconf 47' lang='grc' dir='ltr'><strong>ἦ</strong></span> <span class='ocrx_word' id='word_1_374' title='bbox 436 2184 503 2216; x_wconf 92' lang='lat' dir='ltr'><strong>duo</strong></span> <span class='ocrx_word' id='word_1_375' title='bbox 528 2184 592 2216; x_wconf 91' lang='lat' dir='ltr'><strong>dici</strong></span> <span class='ocrx_word' id='word_1_376' title='bbox 614 2189 759 2226; x_wconf 87' lang='lat' dir='ltr'><strong>possent.</strong></span> <span class='ocrx_word' id='word_1_377' title='bbox 784 2184 904 2221; x_wconf 88' lang='lat' dir='ltr'><strong>Primo,</strong></span> <span class='ocrx_word' id='word_1_378' title='bbox 922 2182 1014 2225; x_wconf 90' lang='lat' dir='ltr'><strong>quod</strong></span> <span class='ocrx_word' id='word_1_379' title='bbox 1028 2183 1218 2215; x_wconf 84' lang='lat' dir='ltr'><strong>Aristoteles</strong></span> <span class='ocrx_word' id='word_1_380' title='bbox 1240 2182 1363 2214; x_wconf 89' lang='lat' dir='ltr'><strong>idcirco</strong></span> 
     </span>
     <span class='ocr_line' id='line_1_56' title="bbox 287 2227 1364 2270; baseline 0 -10"><span class='ocrx_word' id='word_1_381' title='bbox 287 2229 406 2270; x_wconf 90' lang='lat' dir='ltr'><strong>posuit,</strong></span> <span class='ocrx_word' id='word_1_382' title='bbox 423 2233 455 2259; x_wconf 89' lang='lat' dir='ltr'><strong>et</strong></span> <span class='ocrx_word' id='word_1_383' title='bbox 470 2229 528 2260; x_wconf 93' lang='lat' dir='ltr'><strong>VII</strong></span> <span class='ocrx_word' id='word_1_384' title='bbox 545 2229 699 2270; x_wconf 71' lang='lat' dir='ltr'><strong>Metaph„</strong></span> <span class='ocrx_word' id='word_1_385' title='bbox 716 2234 792 2260; x_wconf 85' lang='lat' dir='ltr'><strong>text.</strong></span> <span class='ocrx_word' id='word_1_386' title='bbox 809 2236 848 2270; x_wconf 73' lang='lat'><strong>41</strong></span> <span class='ocrx_word' id='word_1_387' title='bbox 864 2229 891 2266; x_wconf 70' lang='grc'><strong>“,</strong></span> <span class='ocrx_word' id='word_1_388' title='bbox 909 2228 999 2269; x_wconf 91' lang='lat' dir='ltr'><strong>quod</strong></span> <span class='ocrx_word' id='word_1_389' title='bbox 1027 2238 1123 2259; x_wconf 90' lang='lat' dir='ltr'><strong>omne</strong></span> <span class='ocrx_word' id='word_1_390' title='bbox 1154 2238 1219 2258; x_wconf 89' lang='lat' dir='ltr'><strong>non</strong></span> <span class='ocrx_word' id='word_1_391' title='bbox 1243 2227 1364 2260; x_wconf 81' lang='lat' dir='ltr'><strong>habens</strong></span> 
     </span>
     <span class='ocr_line' id='line_1_57' title="bbox 288 2273 1362 2316; baseline -0.002 -11"><span class='ocrx_word' id='word_1_392' title='bbox 288 2274 459 2305; x_wconf 79' lang='lat' dir='ltr'><strong>materiam</strong></span> <span class='ocrx_word' id='word_1_393' title='bbox 483 2279 726 2315; x_wconf 79' lang='lat' dir='ltr'><strong>componentem</strong></span> <span class='ocrx_word' id='word_1_394' title='bbox 743 2279 790 2305; x_wconf 81' lang='lat' dir='ltr'><strong>est</strong></span> <span class='ocrx_word' id='word_1_395' title='bbox 806 2273 890 2305; x_wconf 82' lang='lat' dir='ltr'><strong>idem</strong></span> <span class='ocrx_word' id='word_1_396' title='bbox 905 2283 966 2305; x_wconf 85' lang='lat' dir='ltr'><strong>suo</strong></span> <span class='ocrx_word' id='word_1_397' title='bbox 982 2273 1071 2316; x_wconf 84' lang='lat' dir='ltr'><strong>quod</strong></span> <span class='ocrx_word' id='word_1_398' title='bbox 1085 2273 1164 2314; x_wconf 83' lang='lat' dir='ltr'><strong>quid</strong></span> <span class='ocrx_word' id='word_1_399' title='bbox 1179 2278 1227 2304; x_wconf 82' lang='lat' dir='ltr'><strong>est</strong></span> <span class='ocrx_word' id='word_1_400' title='bbox 1239 2273 1362 2315; x_wconf 81' lang='lat' dir='ltr'><strong>primo,</strong></span> 
     </span>
     <span class='ocr_line' id='line_1_58' title="bbox 288 2317 1364 2359; baseline -0.001 -9"><span class='ocrx_word' id='word_1_401' title='bbox 288 2324 320 2350; x_wconf 88' lang='lat' dir='ltr'><strong>et</strong></span> <span class='ocrx_word' id='word_1_402' title='bbox 338 2318 395 2349; x_wconf 85' lang='lat' dir='ltr'><strong>XII</strong></span> <span class='ocrx_word' id='word_1_403' title='bbox 417 2318 558 2359; x_wconf 79' lang='lat' dir='ltr'><strong>Metaph.</strong></span> <span class='ocrx_word' id='word_1_404' title='bbox 572 2319 599 2355; x_wconf 53' lang='grc' dir='ltr'>ξ</span> <span class='ocrx_word' id='word_1_405' title='bbox 624 2317 714 2359; x_wconf 90' lang='lat' dir='ltr'><strong>quod</strong></span> <span class='ocrx_word' id='word_1_406' title='bbox 738 2318 814 2358; x_wconf 78' lang='lat' dir='ltr'><strong>talis</strong></span> <span class='ocrx_word' id='word_1_407' title='bbox 837 2323 958 2350; x_wconf 84' lang='lat' dir='ltr'><strong>natura</strong></span> <span class='ocrx_word' id='word_1_408' title='bbox 982 2318 1022 2349; x_wconf 82' lang='lat' dir='ltr'><strong>de</strong></span> <span class='ocrx_word' id='word_1_409' title='bbox 1043 2328 1078 2349; x_wconf 86' lang='lat' dir='ltr'><strong>se</strong></span> <span class='ocrx_word' id='word_1_410' title='bbox 1101 2323 1149 2349; x_wconf 82' lang='lat' dir='ltr'><strong>est</strong></span> <span class='ocrx_word' id='word_1_411' title='bbox 1170 2318 1260 2355; x_wconf 83' lang='lat' dir='ltr'><strong>haec,</strong></span> <span class='ocrx_word' id='word_1_412' title='bbox 1286 2318 1364 2359; x_wconf 90' lang='lat' dir='ltr'><strong>quia</strong></span> 
     </span>
     <span class='ocr_line' id='line_1_59' title="bbox 288 2362 1363 2405; baseline 0 -11"><span class='ocrx_word' id='word_1_413' title='bbox 288 2373 387 2394; x_wconf 91' lang='lat' dir='ltr'><strong>omne</strong></span> <span class='ocrx_word' id='word_1_414' title='bbox 410 2363 474 2394; x_wconf 87' lang='lat' dir='ltr'><strong>tale</strong></span> <span class='ocrx_word' id='word_1_415' title='bbox 496 2364 608 2404; x_wconf 86' lang='lat' dir='ltr'><strong>posuit</strong></span> <span class='ocrx_word' id='word_1_416' title='bbox 625 2363 801 2394; x_wconf 85' lang='lat' dir='ltr'><strong>formaliter</strong></span> <span class='ocrx_word' id='word_1_417' title='bbox 815 2364 1044 2395; x_wconf 88' lang='lat' dir='ltr'><strong>necessarium.</strong></span> <span class='ocrx_word' id='word_1_418' title='bbox 1062 2362 1149 2394; x_wconf 88' lang='lat' dir='ltr'><strong>Cum</strong></span> <span class='ocrx_word' id='word_1_419' title='bbox 1169 2364 1257 2394; x_wconf 89' lang='lat' dir='ltr'><strong>enim</strong></span> <span class='ocrx_word' id='word_1_420' title='bbox 1272 2363 1363 2405; x_wconf 78' lang='lat' dir='ltr'><strong>quic-</strong></span> 
     </span>
     <span class='ocr_line' id='line_1_60' title="bbox 287 2406 1362 2450; baseline 0 -10"><span class='ocrx_word' id='word_1_421' title='bbox 287 2406 366 2450; x_wconf 70' lang='lat' dir='ltr'><strong>quid</strong></span> <span class='ocrx_word' id='word_1_422' title='bbox 376 2413 485 2449; x_wconf 77' lang='lat' dir='ltr'><strong>potest</strong></span> <span class='ocrx_word' id='word_1_423' title='bbox 506 2417 575 2440; x_wconf 81' lang='lat' dir='ltr'><strong>esse</strong></span> <span class='ocrx_word' id='word_1_424' title='bbox 589 2408 621 2438; x_wconf 90' lang='lat' dir='ltr'><strong>in</strong></span> <span class='ocrx_word' id='word_1_425' title='bbox 640 2413 760 2439; x_wconf 75' lang='lat' dir='ltr'><strong>natura</strong></span> <span class='ocrx_word' id='word_1_426' title='bbox 769 2409 967 2450; x_wconf 83' lang='lat' dir='ltr'><strong>formaliter</strong></span> <span class='ocrx_word' id='word_1_427' title='bbox 986 2408 1180 2444; x_wconf 79' lang='lat' dir='ltr'><strong>necessaria,</strong></span> <span class='ocrx_word' id='word_1_428' title='bbox 1197 2408 1240 2440; x_wconf 81' lang='lat' dir='ltr'><strong>sit</strong></span> <span class='ocrx_word' id='word_1_429' title='bbox 1263 2408 1295 2440; x_wconf 86' lang='lat' dir='ltr'><strong>in</strong></span> <span class='ocrx_word' id='word_1_430' title='bbox 1313 2417 1362 2445; x_wconf 88' lang='lat' dir='ltr'><strong>ea,</strong></span> 
     </span>
     <span class='ocr_line' id='line_1_61' title="bbox 288 2452 1362 2495; baseline 0 -11"><span class='ocrx_word' id='word_1_431' title='bbox 288 2452 374 2494; x_wconf 88' lang='lat' dir='ltr'><strong>apud</strong></span> <span class='ocrx_word' id='word_1_432' title='bbox 386 2454 508 2493; x_wconf 87' lang='lat' dir='ltr'><strong>ipsum;</strong></span> <span class='ocrx_word' id='word_1_433' title='bbox 519 2458 564 2489; x_wconf 75' lang='lat' dir='ltr'><strong>et,</strong></span> <span class='ocrx_word' id='word_1_434' title='bbox 577 2453 605 2484; x_wconf 79' lang='lat' dir='ltr'><strong>si</strong></span> <span class='ocrx_word' id='word_1_435' title='bbox 615 2458 750 2494; x_wconf 79' lang='lat' dir='ltr'><strong>possent</strong></span> <span class='ocrx_word' id='word_1_436' title='bbox 764 2463 833 2484; x_wconf 85' lang='lat' dir='ltr'><strong>esse</strong></span> <span class='ocrx_word' id='word_1_437' title='bbox 838 2454 941 2495; x_wconf 76' lang='lat' dir='ltr'><strong>plura</strong></span> <span class='ocrx_word' id='word_1_438' title='bbox 955 2453 1124 2485; x_wconf 83' lang='lat' dir='ltr'><strong>individua</strong></span> <span class='ocrx_word' id='word_1_439' title='bbox 1141 2453 1175 2483; x_wconf 89' lang='lat' dir='ltr'><strong>in</strong></span> <span class='ocrx_word' id='word_1_440' title='bbox 1192 2453 1272 2494; x_wconf 82' lang='lat' dir='ltr'><strong>ipsa,</strong></span> <span class='ocrx_word' id='word_1_441' title='bbox 1285 2463 1362 2495; x_wconf 81' lang='lat' dir='ltr'><strong>pos-</strong></span> 
     </span>
     <span class='ocr_line' id='line_1_62' title="bbox 287 2497 1363 2540; baseline 0 -11"><span class='ocrx_word' id='word_1_442' title='bbox 287 2502 359 2529; x_wconf 85' lang='lat' dir='ltr'><strong>sent</strong></span> <span class='ocrx_word' id='word_1_443' title='bbox 373 2507 441 2528; x_wconf 86' lang='lat' dir='ltr'><strong>esse</strong></span> <span class='ocrx_word' id='word_1_444' title='bbox 457 2497 603 2539; x_wconf 84' lang='lat' dir='ltr'><strong>infinita:</strong></span> <span class='ocrx_word' id='word_1_445' title='bbox 618 2503 807 2539; x_wconf 89' lang='lat' dir='ltr'><strong>sequeretur</strong></span> <span class='ocrx_word' id='word_1_446' title='bbox 823 2498 901 2530; x_wconf 89' lang='lat' dir='ltr'><strong>tales</strong></span> <span class='ocrx_word' id='word_1_447' title='bbox 917 2498 1109 2530; x_wconf 90' lang='lat' dir='ltr'><strong>substantias</strong></span> <span class='ocrx_word' id='word_1_448' title='bbox 1133 2497 1278 2540; x_wconf 83' lang='lat' dir='ltr'><strong>infinitas</strong></span> <span class='ocrx_word' id='word_1_449' title='bbox 1295 2508 1363 2529; x_wconf 86' lang='lat' dir='ltr'><strong>esse</strong></span> 
     </span>
     <span class='ocr_line' id='line_1_63' title="bbox 291 2541 1364 2584; baseline 0.002 -12"><span class='ocrx_word' id='word_1_450' title='bbox 291 2543 324 2572; x_wconf 82' lang='lat' dir='ltr'><strong>in</strong></span> <span class='ocrx_word' id='word_1_451' title='bbox 347 2547 432 2573; x_wconf 86' lang='lat' dir='ltr'><strong>actu.</strong></span> <span class='ocrx_word' id='word_1_452' title='bbox 457 2541 519 2573; x_wconf 88' lang='lat' dir='ltr'><strong>Sed</strong></span> <span class='ocrx_word' id='word_1_453' title='bbox 544 2541 793 2573; x_wconf 87' lang='lat' dir='ltr'><strong>fundamentum</strong></span> <span class='ocrx_word' id='word_1_454' title='bbox 818 2553 894 2574; x_wconf 90' lang='lat' dir='ltr'><strong>suae</strong></span> <span class='ocrx_word' id='word_1_455' title='bbox 918 2543 1091 2584; x_wconf 89' lang='lat' dir='ltr'><strong>positionis</strong></span> <span class='ocrx_word' id='word_1_456' title='bbox 1114 2547 1161 2573; x_wconf 88' lang='lat' dir='ltr'><strong>est</strong></span> <span class='ocrx_word' id='word_1_457' title='bbox 1184 2542 1312 2583; x_wconf 87' lang='lat' dir='ltr'><strong>falsum,</strong></span> <span class='ocrx_word' id='word_1_458' title='bbox 1332 2549 1364 2574; x_wconf 88' lang='lat' dir='ltr'><strong>et</strong></span> 
     </span>
     <span class='ocr_line' id='line_1_64' title="bbox 288 2586 1362 2629; baseline 0.001 -11"><span class='ocrx_word' id='word_1_459' title='bbox 288 2587 320 2618; x_wconf 93' lang='lat' dir='ltr'><strong>id</strong></span> <span class='ocrx_word' id='word_1_460' title='bbox 345 2587 434 2628; x_wconf 91' lang='lat' dir='ltr'><strong>quod</strong></span> <span class='ocrx_word' id='word_1_461' title='bbox 464 2587 610 2628; x_wconf 87' lang='lat' dir='ltr'><strong>sequitur</strong></span> <span class='ocrx_word' id='word_1_462' title='bbox 633 2597 671 2618; x_wconf 88' lang='lat' dir='ltr'><strong>ex</strong></span> <span class='ocrx_word' id='word_1_463' title='bbox 695 2588 778 2628; x_wconf 88' lang='lat' dir='ltr'><strong>ipso.</strong></span> <span class='ocrx_word' id='word_1_464' title='bbox 803 2587 844 2618; x_wconf 91' lang='lat' dir='ltr'><strong>Et</strong></span> <span class='ocrx_word' id='word_1_465' title='bbox 866 2589 912 2619; x_wconf 93' lang='lat' dir='ltr'><strong>sic</strong></span> <span class='ocrx_word' id='word_1_466' title='bbox 940 2593 1076 2629; x_wconf 84' lang='lat' dir='ltr'><strong>negatur</strong></span> <span class='ocrx_word' id='word_1_467' title='bbox 1103 2586 1191 2628; x_wconf 86' lang='lat' dir='ltr'><strong>apud</strong></span> <span class='ocrx_word' id='word_1_468' title='bbox 1215 2587 1362 2625; x_wconf 88' lang='lat' dir='ltr'><strong>Scotum,</strong></span> 
     </span>
     <span class='ocr_line' id='line_1_65' title="bbox 288 2632 748 2672; baseline 0 -10"><span class='ocrx_word' id='word_1_469' title='bbox 288 2633 321 2662; x_wconf 90' lang='lat' dir='ltr'><strong>in</strong></span> <span class='ocrx_word' id='word_1_470' title='bbox 344 2632 404 2662; x_wconf 91' lang='lat' dir='ltr'><strong>hac</strong></span> <span class='ocrx_word' id='word_1_471' title='bbox 427 2637 527 2672; x_wconf 89' lang='lat' dir='ltr'><strong>parte,</strong></span> <span class='ocrx_word' id='word_1_472' title='bbox 551 2632 748 2663; x_wconf 88' lang='lat' dir='ltr'><strong>Aristoteles.</strong></span> 
     </span>
    </p>

    <p class='ocr_par' dir='ltr' id='par_1_14' title="bbox 289 2676 1363 3030">
     <span class='ocr_line' id='line_1_66' title="bbox 344 2676 1363 2719; baseline 0.002 -12"><span class='ocrx_word' id='word_1_473' title='bbox 344 2676 416 2708; x_wconf 90' lang='lat' dir='ltr'><strong>Dici</strong></span> <span class='ocrx_word' id='word_1_474' title='bbox 431 2676 576 2707; x_wconf 90' lang='lat' dir='ltr'><strong>secundo</strong></span> <span class='ocrx_word' id='word_1_475' title='bbox 590 2682 710 2717; x_wconf 88' lang='lat' dir='ltr'><strong>posset,</strong></span> <span class='ocrx_word' id='word_1_476' title='bbox 724 2676 763 2707; x_wconf 87' lang='lat' dir='ltr'><strong>ad</strong></span> <span class='ocrx_word' id='word_1_477' title='bbox 780 2676 867 2707; x_wconf 89' lang='lat' dir='ltr'><strong>illam</strong></span> <span class='ocrx_word' id='word_1_478' title='bbox 879 2678 1152 2718; x_wconf 86' lang='lat' dir='ltr'><strong>propositionem,</strong></span> <span class='ocrx_word' id='word_1_479' title='bbox 1164 2677 1363 2719; x_wconf 71' lang='lat' dir='ltr'><strong>Differentia</strong></span> 
     </span>
     <span class='ocr_line' id='line_1_67' title="bbox 289 2722 1363 2763; baseline 0.001 -11"><span class='ocrx_word' id='word_1_480' title='bbox 289 2730 372 2762; x_wconf 87' lang='lat' dir='ltr'><strong>quae</strong></span> <span class='ocrx_word' id='word_1_481' title='bbox 388 2731 430 2752; x_wconf 89' lang='lat' dir='ltr'><strong>ex</strong></span> <span class='ocrx_word' id='word_1_482' title='bbox 438 2722 558 2763; x_wconf 83' lang='lat' dir='ltr'><strong>forma</strong></span> <span class='ocrx_word' id='word_1_483' title='bbox 572 2722 731 2762; x_wconf 79' lang='lat' dir='ltr'><strong>procedit,</strong></span> <span class='ocrx_word' id='word_1_484' title='bbox 750 2722 874 2752; x_wconf 75' lang='lat' dir='ltr'><strong>inducit</strong></span> <span class='ocrx_word' id='word_1_485' title='bbox 892 2722 1112 2753; x_wconf 79' lang='lat' dir='ltr'><strong>diversitatem</strong></span> <span class='ocrx_word' id='word_1_486' title='bbox 1126 2722 1254 2763; x_wconf 75' lang='lat' dir='ltr'><strong>speciei,</strong></span> <span class='ocrx_word' id='word_1_487' title='bbox 1272 2722 1363 2763; x_wconf 92' lang='lat' dir='ltr'><strong>quod</strong></span> 
     </span>
     <span class='ocr_line' id='line_1_68' title="bbox 290 2766 1362 2807; baseline 0.002 -11"><span class='ocrx_word' id='word_1_488' title='bbox 290 2766 402 2807; x_wconf 90' lang='lat' dir='ltr'><strong>utique</strong></span> <span class='ocrx_word' id='word_1_489' title='bbox 426 2771 473 2797; x_wconf 89' lang='lat' dir='ltr'><strong>est</strong></span> <span class='ocrx_word' id='word_1_490' title='bbox 496 2776 569 2797; x_wconf 90' lang='lat' dir='ltr'><strong>vera</strong></span> <span class='ocrx_word' id='word_1_491' title='bbox 593 2767 618 2796; x_wconf 86' lang='lat' dir='ltr'><strong>si</strong></span> <span class='ocrx_word' id='word_1_492' title='bbox 638 2767 833 2807; x_wconf 90' lang='lat' dir='ltr'><strong>intelligatur</strong></span> <span class='ocrx_word' id='word_1_493' title='bbox 857 2766 947 2807; x_wconf 92' lang='lat' dir='ltr'><strong>quod</strong></span> <span class='ocrx_word' id='word_1_494' title='bbox 971 2766 1149 2798; x_wconf 86' lang='lat' dir='ltr'><strong>differentia</strong></span> <span class='ocrx_word' id='word_1_495' title='bbox 1172 2768 1241 2798; x_wconf 88' lang='lat' dir='ltr'><strong>talis</strong></span> <span class='ocrx_word' id='word_1_496' title='bbox 1265 2768 1305 2798; x_wconf 91' lang='lat' dir='ltr'><strong>sit</strong></span> <span class='ocrx_word' id='word_1_497' title='bbox 1328 2768 1362 2798; x_wconf 92' lang='lat' dir='ltr'><strong>in</strong></span> 
     </span>
     <span class='ocr_line' id='line_1_69' title="bbox 290 2811 1362 2854; baseline 0.003 -13"><span class='ocrx_word' id='word_1_498' title='bbox 290 2811 393 2842; x_wconf 90' lang='lat' dir='ltr'><strong>forma</strong></span> <span class='ocrx_word' id='word_1_499' title='bbox 417 2816 570 2852; x_wconf 87' lang='lat' dir='ltr'><strong>tanquam</strong></span> <span class='ocrx_word' id='word_1_500' title='bbox 596 2811 628 2842; x_wconf 87' lang='lat' dir='ltr'><strong>in</strong></span> <span class='ocrx_word' id='word_1_501' title='bbox 649 2812 759 2852; x_wconf 83' lang='lat' dir='ltr'><strong>prima</strong></span> <span class='ocrx_word' id='word_1_502' title='bbox 779 2811 909 2843; x_wconf 85' lang='lat' dir='ltr'><strong>ratione</strong></span> <span class='ocrx_word' id='word_1_503' title='bbox 924 2811 1108 2854; x_wconf 76' lang='lat' dir='ltr'><strong>differendi.</strong></span> <span class='ocrx_word' id='word_1_504' title='bbox 1125 2811 1191 2844; x_wconf 90' lang='lat' dir='ltr'><strong>Sed</strong></span> <span class='ocrx_word' id='word_1_505' title='bbox 1207 2818 1288 2844; x_wconf 80' lang='lat' dir='ltr'><strong>tunc</strong></span> <span class='ocrx_word' id='word_1_506' title='bbox 1305 2811 1362 2844; x_wconf 77' lang='lat' dir='ltr'><strong>fal-</strong></span> 
     </span>
     <span class='ocr_line' id='line_1_70' title="bbox 290 2855 1362 2898; baseline 0.003 -13"><span class='ocrx_word' id='word_1_507' title='bbox 290 2865 361 2886; x_wconf 91' lang='lat' dir='ltr'><strong>sum</strong></span> <span class='ocrx_word' id='word_1_508' title='bbox 394 2861 439 2886; x_wconf 89' lang='lat' dir='ltr'><strong>est</strong></span> <span class='ocrx_word' id='word_1_509' title='bbox 472 2855 686 2887; x_wconf 79' lang='lat' dir='ltr'><strong>differentiam</strong></span> <span class='ocrx_word' id='word_1_510' title='bbox 718 2857 967 2888; x_wconf 90' lang='lat' dir='ltr'><strong>substantiarum</strong></span> <span class='ocrx_word' id='word_1_511' title='bbox 999 2863 1216 2898; x_wconf 88' lang='lat' dir='ltr'><strong>separatarum</strong></span> <span class='ocrx_word' id='word_1_512' title='bbox 1247 2867 1362 2898; x_wconf 91' lang='lat' dir='ltr'><strong>proce-</strong></span> 
     </span>
     <span class='ocr_line' id='line_1_71' title="bbox 290 2899 1361 2944; baseline 0.003 -14"><span class='ocrx_word' id='word_1_513' title='bbox 290 2899 364 2931; x_wconf 87' lang='lat' dir='ltr'><strong>dere</strong></span> <span class='ocrx_word' id='word_1_514' title='bbox 391 2910 429 2931; x_wconf 90' lang='lat' dir='ltr'><strong>ex</strong></span> <span class='ocrx_word' id='word_1_515' title='bbox 457 2899 571 2931; x_wconf 90' lang='lat' dir='ltr'><strong>forma.</strong></span> <span class='ocrx_word' id='word_1_516' title='bbox 595 2918 617 2923; x_wconf 89' lang='lat'><em>-</em></span> <span class='ocrx_word' id='word_1_517' title='bbox 639 2900 673 2932; x_wconf 91' lang='lat' dir='ltr'><strong>Si</strong></span> <span class='ocrx_word' id='word_1_518' title='bbox 699 2906 807 2932; x_wconf 88' lang='lat' dir='ltr'><strong>autem</strong></span> <span class='ocrx_word' id='word_1_519' title='bbox 834 2901 1031 2944; x_wconf 80' lang='lat' dir='ltr'><strong>intelligatur</strong></span> <span class='ocrx_word' id='word_1_520' title='bbox 1054 2902 1145 2943; x_wconf 90' lang='lat' dir='ltr'><strong>quod</strong></span> <span class='ocrx_word' id='word_1_521' title='bbox 1160 2901 1361 2943; x_wconf 58' lang='lat' dir='ltr'><strong>&#39;differentia</strong></span> 
     </span>
     <span class='ocr_line' id='line_1_72' title="bbox 289 2945 1361 2988; baseline 0.004 -13"><span class='ocrx_word' id='word_1_522' title='bbox 289 2954 509 2986; x_wconf 84' lang='lat' dir='ltr'><strong>quaecumque</strong></span> <span class='ocrx_word' id='word_1_523' title='bbox 521 2946 716 2987; x_wconf 70' lang='lat' dir='ltr'><strong>sennarum</strong></span> <span class='ocrx_word' id='word_1_524' title='bbox 746 2946 879 2977; x_wconf 85' lang='lat' dir='ltr'><strong>inducat</strong></span> <span class='ocrx_word' id='word_1_525' title='bbox 909 2945 1123 2978; x_wconf 84' lang='lat' dir='ltr'><strong>differentiam</strong></span> <span class='ocrx_word' id='word_1_526' title='bbox 1147 2947 1277 2988; x_wconf 85' lang='lat' dir='ltr'><strong>speciei,</strong></span> <span class='ocrx_word' id='word_1_527' title='bbox 1307 2947 1361 2979; x_wconf 87' lang='lat' dir='ltr'><strong>illa</strong></span> 
     </span>
     <span class='ocr_line' id='line_1_73' title="bbox 289 2990 862 3030; baseline 0.005 -11"><span class='ocrx_word' id='word_1_528' title='bbox 289 2990 470 3030; x_wconf 87' lang='lat' dir='ltr'><strong>propositio</strong></span> <span class='ocrx_word' id='word_1_529' title='bbox 495 2995 542 3020; x_wconf 88' lang='lat' dir='ltr'><strong>est</strong></span> <span class='ocrx_word' id='word_1_530' title='bbox 565 2990 653 3021; x_wconf 86' lang='lat' dir='ltr'><strong>falsa.</strong></span> <span class='ocrx_word' id='word_1_531' title='bbox 860 2991 862 2995; x_wconf 88' lang='lat'>&#39;</span> 
     </span>
    </p>

    <p class='ocr_par' dir='ltr' id='par_1_15' title="bbox 290 3033 1364 3700">
     <span class='ocr_line' id='line_1_74' title="bbox 347 3033 1361 3075; baseline 0.003 -11"><span class='ocrx_word' id='word_1_532' title='bbox 347 3043 375 3064; x_wconf 90' lang='lat'><strong>2.</strong></span> <span class='ocrx_word' id='word_1_533' title='bbox 399 3033 545 3065; x_wconf 80' lang='lat' dir='ltr'><strong>Primum</strong></span> <span class='ocrx_word' id='word_1_534' title='bbox 569 3044 682 3066; x_wconf 88' lang='lat' dir='ltr'><strong>eorum</strong></span> <span class='ocrx_word' id='word_1_535' title='bbox 709 3044 792 3075; x_wconf 87' lang='lat' dir='ltr'><strong>quae</strong></span> <span class='ocrx_word' id='word_1_536' title='bbox 817 3035 894 3066; x_wconf 90' lang='lat' dir='ltr'><strong>dicit</strong></span> <span class='ocrx_word' id='word_1_537' title='bbox 917 3035 1045 3072; x_wconf 86' lang='lat' dir='ltr'><strong>Scotus,</strong></span> <span class='ocrx_word' id='word_1_538' title='bbox 1062 3045 1129 3067; x_wconf 89' lang='lat' dir='ltr'><strong>non</strong></span> <span class='ocrx_word' id='word_1_539' title='bbox 1151 3041 1199 3066; x_wconf 90' lang='lat' dir='ltr'><strong>est</strong></span> <span class='ocrx_word' id='word_1_540' title='bbox 1214 3035 1254 3067; x_wconf 90' lang='lat' dir='ltr'><strong>ad</strong></span> <span class='ocrx_word' id='word_1_541' title='bbox 1269 3045 1361 3067; x_wconf 85' lang='lat' dir='ltr'><strong>men-</strong></span> 
     </span>
     <span class='ocr_line' id='line_1_75' title="bbox 290 3079 1363 3122; baseline 0.003 -13"><span class='ocrx_word' id='word_1_542' title='bbox 290 3083 356 3109; x_wconf 85' lang='lat' dir='ltr'><strong>tem</strong></span> <span class='ocrx_word' id='word_1_543' title='bbox 379 3079 570 3110; x_wconf 81' lang='lat' dir='ltr'><strong>Aristotelis.</strong></span> <span class='ocrx_word' id='word_1_544' title='bbox 595 3079 681 3118; x_wconf 86' lang='lat' dir='ltr'><strong>Quia</strong></span> <span class='ocrx_word' id='word_1_545' title='bbox 704 3089 772 3110; x_wconf 90' lang='lat' dir='ltr'><strong>non</strong></span> <span class='ocrx_word' id='word_1_546' title='bbox 798 3080 921 3111; x_wconf 85' lang='lat' dir='ltr'><strong>idcirco</strong></span> <span class='ocrx_word' id='word_1_547' title='bbox 944 3081 979 3111; x_wconf 89' lang='lat' dir='ltr'><strong>in</strong></span> <span class='ocrx_word' id='word_1_548' title='bbox 1001 3080 1060 3111; x_wconf 90' lang='lat' dir='ltr'><strong>VII</strong></span> <span class='ocrx_word' id='word_1_549' title='bbox 1086 3081 1228 3121; x_wconf 80' lang='lat' dir='ltr'><strong>Metaph.</strong></span> <span class='ocrx_word' id='word_1_550' title='bbox 1253 3082 1363 3122; x_wconf 85' lang='lat' dir='ltr'><strong>posuit</strong></span> 
     </span>
     <span class='ocr_line' id='line_1_76' title="bbox 290 3123 1362 3167; baseline 0.004 -14"><span class='ocrx_word' id='word_1_551' title='bbox 290 3123 323 3153; x_wconf 90' lang='lat' dir='ltr'><strong>in</strong></span> <span class='ocrx_word' id='word_1_552' title='bbox 338 3132 406 3154; x_wconf 90' lang='lat' dir='ltr'><strong>non</strong></span> <span class='ocrx_word' id='word_1_553' title='bbox 421 3124 614 3156; x_wconf 88' lang='lat' dir='ltr'><strong>habentibus</strong></span> <span class='ocrx_word' id='word_1_554' title='bbox 636 3125 804 3155; x_wconf 83' lang='lat' dir='ltr'><strong>materiam</strong></span> <span class='ocrx_word' id='word_1_555' title='bbox 828 3124 1095 3167; x_wconf 88' lang='lat' dir='ltr'><strong>unumquodque</strong></span> <span class='ocrx_word' id='word_1_556' title='bbox 1112 3125 1200 3156; x_wconf 86' lang='lat' dir='ltr'><strong>idem</strong></span> <span class='ocrx_word' id='word_1_557' title='bbox 1216 3135 1285 3157; x_wconf 84' lang='lat' dir='ltr'><strong>esse</strong></span> <span class='ocrx_word' id='word_1_558' title='bbox 1301 3135 1362 3158; x_wconf 90' lang='lat' dir='ltr'><strong>suo</strong></span> 
     </span>
     <span class='ocr_line' id='line_1_77' title="bbox 291 3167 1363 3211; baseline 0.004 -13"><span class='ocrx_word' id='word_1_559' title='bbox 291 3167 377 3208; x_wconf 77' lang='lat' dir='ltr'><strong>quod</strong></span> <span class='ocrx_word' id='word_1_560' title='bbox 399 3168 477 3209; x_wconf 81' lang='lat' dir='ltr'><strong>quid</strong></span> <span class='ocrx_word' id='word_1_561' title='bbox 495 3173 550 3205; x_wconf 83' lang='lat' dir='ltr'><strong>est,</strong></span> <span class='ocrx_word' id='word_1_562' title='bbox 571 3169 650 3210; x_wconf 89' lang='lat' dir='ltr'><strong>quia</strong></span> <span class='ocrx_word' id='word_1_563' title='bbox 673 3178 772 3200; x_wconf 88' lang='lat' dir='ltr'><strong>omne</strong></span> <span class='ocrx_word' id='word_1_564' title='bbox 796 3170 858 3201; x_wconf 87' lang='lat' dir='ltr'><strong>tale</strong></span> <span class='ocrx_word' id='word_1_565' title='bbox 881 3170 1029 3211; x_wconf 89' lang='lat' dir='ltr'><strong>posuerit</strong></span> <span class='ocrx_word' id='word_1_566' title='bbox 1052 3169 1229 3201; x_wconf 86' lang='lat' dir='ltr'><strong>formaliter</strong></span> <span class='ocrx_word' id='word_1_567' title='bbox 1251 3180 1363 3203; x_wconf 90' lang='lat' dir='ltr'><strong>neces-</strong></span> 
     </span>
     <span class='ocr_line' id='line_1_78' title="bbox 291 3212 1362 3255; baseline 0.005 -13"><span class='ocrx_word' id='word_1_568' title='bbox 291 3212 425 3243; x_wconf 85' lang='lat' dir='ltr'><strong>sarium:</strong></span> <span class='ocrx_word' id='word_1_569' title='bbox 451 3213 507 3244; x_wconf 90' lang='lat' dir='ltr'><strong>sed</strong></span> <span class='ocrx_word' id='word_1_570' title='bbox 530 3219 663 3255; x_wconf 87' lang='lat' dir='ltr'><strong>propter</strong></span> <span class='ocrx_word' id='word_1_571' title='bbox 686 3215 923 3255; x_wconf 87' lang='lat' dir='ltr'><strong>separationem</strong></span> <span class='ocrx_word' id='word_1_572' title='bbox 947 3225 965 3246; x_wconf 89' lang='lat' dir='ltr'><strong>a</strong></span> <span class='ocrx_word' id='word_1_573' title='bbox 988 3215 1131 3246; x_wconf 87' lang='lat' dir='ltr'><strong>materia.</strong></span> <span class='ocrx_word' id='word_1_574' title='bbox 1156 3215 1251 3246; x_wconf 89' lang='lat' dir='ltr'><strong>Unde</strong></span> <span class='ocrx_word' id='word_1_575' title='bbox 1275 3221 1306 3247; x_wconf 92' lang='lat' dir='ltr'><strong>et</strong></span> <span class='ocrx_word' id='word_1_576' title='bbox 1328 3217 1362 3247; x_wconf 89' lang='lat' dir='ltr'><strong>in</strong></span> 
     </span>
     <span class='ocr_line' id='line_1_79' title="bbox 291 3256 1363 3302; baseline 0.005 -15"><span class='ocrx_word' id='word_1_577' title='bbox 291 3256 349 3287; x_wconf 85' lang='lat' dir='ltr'><strong>XII</strong></span> <span class='ocrx_word' id='word_1_578' title='bbox 377 3258 525 3298; x_wconf 80' lang='lat' dir='ltr'><strong>Metaph.&#39;</strong></span> <span class='ocrx_word' id='word_1_579' title='bbox 551 3259 688 3299; x_wconf 85' lang='lat' dir='ltr'><strong>assignat</strong></span> <span class='ocrx_word' id='word_1_580' title='bbox 711 3268 770 3299; x_wconf 90' lang='lat' dir='ltr'><strong>pro</strong></span> <span class='ocrx_word' id='word_1_581' title='bbox 799 3260 924 3291; x_wconf 86' lang='lat' dir='ltr'><strong>ratione</strong></span> <span class='ocrx_word' id='word_1_582' title='bbox 951 3268 1051 3302; x_wconf 87' lang='lat' dir='ltr'><strong>quare</strong></span> <span class='ocrx_word' id='word_1_583' title='bbox 1074 3258 1216 3300; x_wconf 79' lang='lat' dir='ltr'><strong>primum</strong></span> <span class='ocrx_word' id='word_1_584' title='bbox 1244 3261 1363 3301; x_wconf 89' lang='lat' dir='ltr'><strong>princi-</strong></span> 
     </span>
     <span class='ocr_line' id='line_1_80' title="bbox 292 3301 1362 3344; baseline 0.005 -13"><span class='ocrx_word' id='word_1_585' title='bbox 292 3301 383 3340; x_wconf 89' lang='lat' dir='ltr'><strong>pium</strong></span> <span class='ocrx_word' id='word_1_586' title='bbox 413 3302 581 3333; x_wconf 86' lang='lat' dir='ltr'><strong>immobile</strong></span> <span class='ocrx_word' id='word_1_587' title='bbox 608 3312 676 3334; x_wconf 88' lang='lat' dir='ltr'><strong>non</strong></span> <span class='ocrx_word' id='word_1_588' title='bbox 702 3304 936 3344; x_wconf 84' lang='lat' dir='ltr'><strong>multiplicatur</strong></span> <span class='ocrx_word' id='word_1_589' title='bbox 966 3303 1147 3336; x_wconf 87' lang='lat' dir='ltr'><strong>secundum</strong></span> <span class='ocrx_word' id='word_1_590' title='bbox 1176 3313 1362 3343; x_wconf 88' lang='lat' dir='ltr'><strong>numerum,</strong></span> 
     </span>
     <span class='ocr_line' id='line_1_81' title="bbox 293 3346 1363 3390; baseline 0.004 -14"><span class='ocrx_word' id='word_1_591' title='bbox 293 3346 368 3385; x_wconf 82' lang='lat' dir='ltr'><strong>quia</strong></span> <span class='ocrx_word' id='word_1_592' title='bbox 390 3347 458 3377; x_wconf 87' lang='lat' dir='ltr'><strong>non</strong></span> <span class='ocrx_word' id='word_1_593' title='bbox 481 3347 578 3378; x_wconf 85' lang='lat' dir='ltr'><strong>habet</strong></span> <span class='ocrx_word' id='word_1_594' title='bbox 605 3348 786 3390; x_wconf 85' lang='lat' dir='ltr'><strong>materiam:</strong></span> <span class='ocrx_word' id='word_1_595' title='bbox 811 3353 848 3379; x_wconf 86' lang='lat' dir='ltr'><strong>ut</strong></span> <span class='ocrx_word' id='word_1_596' title='bbox 869 3349 914 3380; x_wconf 91' lang='lat' dir='ltr'><strong>ibi</strong></span> <span class='ocrx_word' id='word_1_597' title='bbox 937 3357 976 3380; x_wconf 88' lang='lat' dir='ltr'><strong>ex</strong></span> <span class='ocrx_word' id='word_1_598' title='bbox 1000 3349 1152 3380; x_wconf 85' lang='lat' dir='ltr'><strong>Averrols</strong></span> <span class='ocrx_word' id='word_1_599' title='bbox 1176 3349 1363 3390; x_wconf 87' lang='lat' dir='ltr'><strong>interpreta-</strong></span> 
     </span>
     <span class='ocr_line' id='line_1_82' title="bbox 293 3390 1363 3431; baseline 0.006 -12"><span class='ocrx_word' id='word_1_600' title='bbox 293 3390 382 3420; x_wconf 88' lang='lat' dir='ltr'><strong>tione</strong></span> <span class='ocrx_word' id='word_1_601' title='bbox 405 3397 545 3431; x_wconf 88' lang='lat' dir='ltr'><strong>apparet.</strong></span> <span class='ocrx_word' id='word_1_602' title='bbox 562 3392 666 3429; x_wconf 88' lang='lat' dir='ltr'><strong>Unde,</strong></span> <span class='ocrx_word' id='word_1_603' title='bbox 684 3393 710 3423; x_wconf 85' lang='lat' dir='ltr'><strong>si</strong></span> <span class='ocrx_word' id='word_1_604' title='bbox 730 3394 859 3424; x_wconf 88' lang='lat' dir='ltr'><strong>volebat</strong></span> <span class='ocrx_word' id='word_1_605' title='bbox 882 3393 1223 3425; x_wconf 71' lang='lat' dir='ltr'><strong>Scotus‘Aristotelem</strong></span> <span class='ocrx_word' id='word_1_606' title='bbox 1246 3395 1278 3425; x_wconf 88' lang='lat' dir='ltr'><strong>in</strong></span> <span class='ocrx_word' id='word_1_607' title='bbox 1303 3395 1363 3426; x_wconf 86' lang='lat' dir='ltr'><strong>hac</strong></span> 
     </span>
     <span class='ocr_line' id='line_1_83' title="bbox 295 3436 1363 3479; baseline 0.007 -15"><span class='ocrx_word' id='word_1_608' title='bbox 295 3440 381 3473; x_wconf 87' lang='lat' dir='ltr'><strong>parte</strong></span> <span class='ocrx_word' id='word_1_609' title='bbox 404 3444 530 3475; x_wconf 86' lang='lat' dir='ltr'><strong>negare,</strong></span> <span class='ocrx_word' id='word_1_610' title='bbox 547 3436 658 3468; x_wconf 87' lang='lat' dir='ltr'><strong>videns</strong></span> <span class='ocrx_word' id='word_1_611' title='bbox 680 3447 771 3468; x_wconf 88' lang='lat' dir='ltr'><strong>suam</strong></span> <span class='ocrx_word' id='word_1_612' title='bbox 793 3439 986 3479; x_wconf 90' lang='lat' dir='ltr'><strong>opinionem</strong></span> <span class='ocrx_word' id='word_1_613' title='bbox 1002 3448 1071 3470; x_wconf 89' lang='lat' dir='ltr'><strong>non</strong></span> <span class='ocrx_word' id='word_1_614' title='bbox 1087 3448 1184 3479; x_wconf 86' lang='lat' dir='ltr'><strong>posse</strong></span> <span class='ocrx_word' id='word_1_615' title='bbox 1200 3448 1276 3470; x_wconf 90' lang='lat' dir='ltr'><strong>curn</strong></span> <span class='ocrx_word' id='word_1_616' title='bbox 1293 3440 1363 3471; x_wconf 79' lang='lat' dir='ltr'><strong>Ari-</strong></span> 
     </span>
     <span class='ocr_line' id='line_1_84' title="bbox 295 3478 1363 3525; baseline 0.007 -17"><span class='ocrx_word' id='word_1_617' title='bbox 295 3478 415 3509; x_wconf 89' lang='lat' dir='ltr'><strong>stotelis</strong></span> <span class='ocrx_word' id='word_1_618' title='bbox 434 3485 542 3519; x_wconf 86' lang='lat' dir='ltr'><strong>mente</strong></span> <span class='ocrx_word' id='word_1_619' title='bbox 563 3482 674 3518; x_wconf 87' lang='lat' dir='ltr'><strong>teneri,</strong></span> <span class='ocrx_word' id='word_1_620' title='bbox 696 3491 764 3513; x_wconf 88' lang='lat' dir='ltr'><strong>non</strong></span> <span class='ocrx_word' id='word_1_621' title='bbox 788 3487 856 3513; x_wconf 84' lang='lat' dir='ltr'><strong>erat</strong></span> <span class='ocrx_word' id='word_1_622' title='bbox 878 3482 1039 3514; x_wconf 84' lang='lat' dir='ltr'><strong>afferenda</strong></span> <span class='ocrx_word' id='word_1_623' title='bbox 1062 3492 1123 3524; x_wconf 87' lang='lat' dir='ltr'><strong>pro</strong></span> <span class='ocrx_word' id='word_1_624' title='bbox 1147 3492 1243 3515; x_wconf 80' lang='lat' dir='ltr'><strong>causa</strong></span> <span class='ocrx_word' id='word_1_625' title='bbox 1266 3493 1363 3525; x_wconf 82' lang='lat' dir='ltr'><strong>nega-</strong></span> 
     </span>
     <span class='ocr_line' id='line_1_85' title="bbox 295 3522 1363 3570; baseline 0.007 -18"><span class='ocrx_word' id='word_1_626' title='bbox 295 3522 391 3553; x_wconf 82' lang='lat' dir='ltr'><strong>tionis</strong></span> <span class='ocrx_word' id='word_1_627' title='bbox 418 3523 536 3555; x_wconf 81' lang='lat' dir='ltr'><strong>falsitas</strong></span> <span class='ocrx_word' id='word_1_628' title='bbox 562 3526 711 3566; x_wconf 86' lang='lat' dir='ltr'><strong>principii</strong></span> <span class='ocrx_word' id='word_1_629' title='bbox 737 3527 828 3567; x_wconf 86' lang='lat' dir='ltr'><strong>quod</strong></span> <span class='ocrx_word' id='word_1_630' title='bbox 851 3528 920 3568; x_wconf 89' lang='lat' dir='ltr'><strong>ipse</strong></span> <span class='ocrx_word' id='word_1_631' title='bbox 944 3537 1004 3569; x_wconf 91' lang='lat' dir='ltr'><strong>pro</strong></span> <span class='ocrx_word' id='word_1_632' title='bbox 1027 3528 1190 3570; x_wconf 86' lang='lat' dir='ltr'><strong>principio</strong></span> <span class='ocrx_word' id='word_1_633' title='bbox 1213 3525 1254 3559; x_wconf 90' lang='lat' dir='ltr'><strong>ad</strong></span> <span class='ocrx_word' id='word_1_634' title='bbox 1276 3528 1363 3560; x_wconf 89' lang='lat' dir='ltr'><strong>illam</strong></span> 
     </span>
     <span class='ocr_line' id='line_1_86' title="bbox 297 3567 1363 3613; baseline 0.008 -17"><span class='ocrx_word' id='word_1_635' title='bbox 297 3567 539 3600; x_wconf 85' lang='lat' dir='ltr'><strong>conclusionem</strong></span> <span class='ocrx_word' id='word_1_636' title='bbox 555 3579 623 3601; x_wconf 85' lang='lat' dir='ltr'><strong>non</strong></span> <span class='ocrx_word' id='word_1_637' title='bbox 638 3571 758 3611; x_wconf 87' lang='lat' dir='ltr'><strong>posuit.</strong></span> <span class='ocrx_word' id='word_1_638' title='bbox 770 3589 794 3594; x_wconf 93' lang='lat'>—</span> <span class='ocrx_word' id='word_1_639' title='bbox 807 3571 984 3608; x_wconf 82' lang='lat' dir='ltr'><strong>Praeterea,</strong></span> <span class='ocrx_word' id='word_1_640' title='bbox 1002 3572 1142 3604; x_wconf 85' lang='lat' dir='ltr'><strong>admisso</strong></span> <span class='ocrx_word' id='word_1_641' title='bbox 1159 3573 1256 3604; x_wconf 80' lang='lat' dir='ltr'><strong>etiam</strong></span> <span class='ocrx_word' id='word_1_642' title='bbox 1273 3573 1363 3613; x_wconf 91' lang='lat' dir='ltr'><strong>quod</strong></span> 
     </span>
     <span class='ocr_line' id='line_1_87' title="bbox 297 3609 1363 3662; baseline 0.009 -23"><span class='ocrx_word' id='word_1_643' title='bbox 297 3609 481 3662; x_wconf 76' lang='lat' dir='ltr'><strong>Aristoteles</strong></span> <span class='ocrx_word' id='word_1_644' title='bbox 493 3613 572 3644; x_wconf 91' lang='lat' dir='ltr'><strong>illud</strong></span> <span class='ocrx_word' id='word_1_645' title='bbox 583 3622 649 3654; x_wconf 87' lang='lat' dir='ltr'><strong>pro</strong></span> <span class='ocrx_word' id='word_1_646' title='bbox 657 3615 816 3655; x_wconf 89' lang='lat' dir='ltr'><strong>principio</strong></span> <span class='ocrx_word' id='word_1_647' title='bbox 830 3616 1050 3649; x_wconf 81' lang='lat' dir='ltr'><strong>conclusionis</strong></span> <span class='ocrx_word' id='word_1_648' title='bbox 1062 3622 1248 3655; x_wconf 83' lang='lat' dir='ltr'><strong>assumeret,</strong></span> <span class='ocrx_word' id='word_1_649' title='bbox 1257 3617 1363 3649; x_wconf 85' lang='lat' dir='ltr'><strong>adhuc</strong></span> 
     </span>
     <span class='ocr_line' id='line_1_88' title="bbox 297 3660 1364 3700; baseline 0.01 -17"><span class='ocrx_word' id='word_1_650' title='bbox 297 3662 463 3694; x_wconf 82' lang='lat' dir='ltr'><strong>responsio</strong></span> <span class='ocrx_word' id='word_1_651' title='bbox 486 3666 553 3688; x_wconf 86' lang='lat' dir='ltr'><strong>non</strong></span> <span class='ocrx_word' id='word_1_652' title='bbox 577 3664 710 3690; x_wconf 88' lang='lat' dir='ltr'><strong>evacuat</strong></span> <span class='ocrx_word' id='word_1_653' title='bbox 734 3660 803 3690; x_wconf 90' lang='lat' dir='ltr'><strong>eius</strong></span> <span class='ocrx_word' id='word_1_654' title='bbox 826 3661 996 3692; x_wconf 83' lang='lat' dir='ltr'><strong>rationem.</strong></span> <span class='ocrx_word' id='word_1_655' title='bbox 1013 3661 1100 3700; x_wconf 84' lang='lat' dir='ltr'><strong>Quia</strong></span> <span class='ocrx_word' id='word_1_656' title='bbox 1123 3667 1364 3694; x_wconf 79' lang='lat' dir='ltr'><strong>ostensumest</strong></span> 
     </span>
    </p>
   </div>
   <div class='ocr_carea' id='block_1_11' title="bbox 1387 2144 1393 2649">
    <p class='ocr_par' dir='ltr' id='par_1_16' title="bbox 1387 2144 1393 2649">
     <span class='ocr_line' id='line_1_89' title="bbox 1387 2144 1393 2649; baseline 0 0"><span class='ocrx_word' id='word_1_657' title='bbox 1387 2144 1393 2649; x_wconf 95' lang='lat' dir='ltr'><strong> </strong></span> 
     </span>
    </p>
   </div>
   <div class='ocr_carea' id='block_1_12' title="bbox 786 269 2016 316">
    <p class='ocr_par' dir='ltr' id='par_1_17' title="bbox 786 269 2016 316">
     <span class='ocr_line' id='line_1_90' title="bbox 786 269 2016 316; baseline -0.006 -3"><span class='ocrx_word' id='word_1_658' title='bbox 786 275 974 313; x_wconf 90' lang='lat' dir='ltr'><strong>SUMMA</strong></span> <span class='ocrx_word' id='word_1_659' title='bbox 1004 273 1227 310; x_wconf 89' lang='lat' dir='ltr'>CONTRA</span> <span class='ocrx_word' id='word_1_660' title='bbox 1256 270 1532 316; x_wconf 89' lang='lat' dir='ltr'><strong>GENTILES,</strong></span> <span class='ocrx_word' id='word_1_661' title='bbox 1559 271 1656 307; x_wconf 87' lang='lat' dir='ltr'><strong>LIB.</strong></span> <span class='ocrx_word' id='word_1_662' title='bbox 1676 271 1718 315; x_wconf 91' lang='lat'><strong>11,</strong></span> <span class='ocrx_word' id='word_1_663' title='bbox 1749 269 1860 306; x_wconf 89' lang='lat' dir='ltr'><strong>CAP.</strong></span> <span class='ocrx_word' id='word_1_664' title='bbox 1887 270 2016 307; x_wconf 88' lang='lat' dir='ltr'>XCIII.</span> 
     </span>
    </p>
   </div>
   <div class='ocr_carea' id='block_1_13' title="bbox 1417 348 2506 2093">
    <p class='ocr_par' dir='ltr' id='par_1_18' title="bbox 1417 348 2506 2093">
     <span class='ocr_line' id='line_1_91' title="bbox 1427 348 2503 392; baseline 0.004 -13"><span class='ocrx_word' id='word_1_665' title='bbox 1427 350 1462 380; x_wconf 91' lang='lat' dir='ltr'><strong>in</strong></span> <span class='ocrx_word' id='word_1_666' title='bbox 1477 348 1745 390; x_wconf 89' lang='lat' dir='ltr'><strong>praecedentibus</strong></span> <span class='ocrx_word' id='word_1_667' title='bbox 1756 349 1773 365; x_wconf 71' lang='lat'><strong>⁴·</strong></span> <span class='ocrx_word' id='word_1_668' title='bbox 1791 358 1906 379; x_wconf 89' lang='lat' dir='ltr'><strong>verum</strong></span> <span class='ocrx_word' id='word_1_669' title='bbox 1929 357 2000 379; x_wconf 89' lang='lat' dir='ltr'><strong>esse</strong></span> <span class='ocrx_word' id='word_1_670' title='bbox 2015 348 2050 379; x_wconf 89' lang='lat' dir='ltr'><strong>id</strong></span> <span class='ocrx_word' id='word_1_671' title='bbox 2069 349 2160 389; x_wconf 89' lang='lat' dir='ltr'><strong>quod</strong></span> <span class='ocrx_word' id='word_1_672' title='bbox 2178 349 2296 381; x_wconf 87' lang='lat' dir='ltr'><strong>Scotus</strong></span> <span class='ocrx_word' id='word_1_673' title='bbox 2319 357 2426 392; x_wconf 85' lang='lat' dir='ltr'><strong>negat,</strong></span> <span class='ocrx_word' id='word_1_674' title='bbox 2443 353 2503 391; x_wconf 84' lang='lat' dir='ltr'><strong>sci-</strong></span> 
     </span>
     <span class='ocr_line' id='line_1_92' title="bbox 1426 393 2505 434; baseline 0.003 -10"><span class='ocrx_word' id='word_1_675' title='bbox 1426 394 1503 424; x_wconf 90' lang='lat' dir='ltr'><strong>licet</strong></span> <span class='ocrx_word' id='word_1_676' title='bbox 1525 393 1616 434; x_wconf 91' lang='lat' dir='ltr'><strong>quod</strong></span> <span class='ocrx_word' id='word_1_677' title='bbox 1639 394 1747 424; x_wconf 88' lang='lat' dir='ltr'><strong>omnis</strong></span> <span class='ocrx_word' id='word_1_678' title='bbox 1766 393 1944 423; x_wconf 86' lang='lat' dir='ltr'><strong>substantia</strong></span> <span class='ocrx_word' id='word_1_679' title='bbox 1959 402 1978 422; x_wconf 95' lang='lat' dir='ltr'><strong>a</strong></span> <span class='ocrx_word' id='word_1_680' title='bbox 1993 394 2292 434; x_wconf 79' lang='lat' dir='ltr'><strong>materiaseparata</strong></span> <span class='ocrx_word' id='word_1_681' title='bbox 2315 401 2364 426; x_wconf 82' lang='lat' dir='ltr'><strong>est</strong></span> <span class='ocrx_word' id='word_1_682' title='bbox 2385 396 2505 427; x_wconf 85' lang='lat' dir='ltr'><strong>forma-</strong></span> 
     </span>
     <span class='ocr_line' id='line_1_93' title="bbox 1426 437 2503 478; baseline 0.004 -10"><span class='ocrx_word' id='word_1_683' title='bbox 1426 438 1498 468; x_wconf 90' lang='lat' dir='ltr'><strong>liter</strong></span> <span class='ocrx_word' id='word_1_684' title='bbox 1520 438 1710 474; x_wconf 85' lang='lat' dir='ltr'><strong>necessaria,</strong></span> <span class='ocrx_word' id='word_1_685' title='bbox 1727 443 1759 468; x_wconf 93' lang='lat' dir='ltr'><strong>et</strong></span> <span class='ocrx_word' id='word_1_686' title='bbox 1774 437 1866 478; x_wconf 91' lang='lat' dir='ltr'><strong>quod</strong></span> <span class='ocrx_word' id='word_1_687' title='bbox 1881 438 1921 468; x_wconf 88' lang='lat' dir='ltr'><strong>ab</strong></span> <span class='ocrx_word' id='word_1_688' title='bbox 1937 437 2113 468; x_wconf 87' lang='lat' dir='ltr'><strong>intrinseco</strong></span> <span class='ocrx_word' id='word_1_689' title='bbox 2130 447 2201 470; x_wconf 90' lang='lat' dir='ltr'><strong>non</strong></span> <span class='ocrx_word' id='word_1_690' title='bbox 2224 444 2334 478; x_wconf 84' lang='lat' dir='ltr'><strong>potest</strong></span> <span class='ocrx_word' id='word_1_691' title='bbox 2347 440 2503 472; x_wconf 79' lang='lat' dir='ltr'><strong>deficere.</strong></span> 
     </span>
     <span class='ocr_line' id='line_1_94' title="bbox 1449 481 2504 525; baseline 0.004 -13"><span class='ocrx_word' id='word_1_692' title='bbox 1449 504 1452 508; x_wconf 78' lang='lat'><strong>,</strong></span> <span class='ocrx_word' id='word_1_693' title='bbox 1484 482 1515 512; x_wconf 88' lang='grc'><strong>3.</strong></span> <span class='ocrx_word' id='word_1_694' title='bbox 1532 481 1722 513; x_wconf 88' lang='lat' dir='ltr'><strong>Secundum</strong></span> <span class='ocrx_word' id='word_1_695' title='bbox 1738 482 1836 512; x_wconf 88' lang='lat' dir='ltr'><strong>etiam</strong></span> <span class='ocrx_word' id='word_1_696' title='bbox 1851 491 1921 513; x_wconf 91' lang='lat' dir='ltr'><strong>non</strong></span> <span class='ocrx_word' id='word_1_697' title='bbox 1935 481 2022 513; x_wconf 83' lang='lat' dir='ltr'><strong>tollit</strong></span> <span class='ocrx_word' id='word_1_698' title='bbox 2035 491 2150 513; x_wconf 90' lang='lat' dir='ltr'><strong>verum</strong></span> <span class='ocrx_word' id='word_1_699' title='bbox 2165 482 2370 514; x_wconf 83' lang='lat' dir='ltr'><strong>intellectum</strong></span> <span class='ocrx_word' id='word_1_700' title='bbox 2383 493 2504 525; x_wconf 86' lang='lat' dir='ltr'><strong>propo-</strong></span> 
     </span>
     <span class='ocr_line' id='line_1_95' title="bbox 1426 526 2504 568; baseline 0.005 -12"><span class='ocrx_word' id='word_1_701' title='bbox 1426 527 1552 558; x_wconf 87' lang='lat' dir='ltr'><strong>sitionis</strong></span> <span class='ocrx_word' id='word_1_702' title='bbox 1575 527 1686 558; x_wconf 88' lang='lat' dir='ltr'><strong>Sancti</strong></span> <span class='ocrx_word' id='word_1_703' title='bbox 1701 526 1863 557; x_wconf 88' lang='lat' dir='ltr'><strong>Thomae.</strong></span> <span class='ocrx_word' id='word_1_704' title='bbox 1885 526 2077 567; x_wconf 84' lang='lat' dir='ltr'><strong>Intelligitur</strong></span> <span class='ocrx_word' id='word_1_705' title='bbox 2100 528 2189 558; x_wconf 89' lang='lat' dir='ltr'><strong>enim</strong></span> <span class='ocrx_word' id='word_1_706' title='bbox 2210 527 2247 558; x_wconf 91' lang='lat' dir='ltr'><strong>in</strong></span> <span class='ocrx_word' id='word_1_707' title='bbox 2264 528 2372 568; x_wconf 89' lang='lat' dir='ltr'><strong>primo</strong></span> <span class='ocrx_word' id='word_1_708' title='bbox 2395 538 2504 566; x_wconf 76' lang='lat' dir='ltr'><strong>sensu,</strong></span> 
     </span>
     <span class='ocr_line' id='line_1_96' title="bbox 1426 571 2505 612; baseline 0.003 -10"><span class='ocrx_word' id='word_1_709' title='bbox 1426 572 1460 601; x_wconf 92' lang='lat' dir='ltr'><strong>in</strong></span> <span class='ocrx_word' id='word_1_710' title='bbox 1479 581 1548 612; x_wconf 94' lang='lat' dir='ltr'><strong>quo</strong></span> <span class='ocrx_word' id='word_1_711' title='bbox 1567 572 1638 612; x_wconf 89' lang='lat' dir='ltr'><strong>ipse</strong></span> <span class='ocrx_word' id='word_1_712' title='bbox 1654 571 1772 602; x_wconf 91' lang='lat' dir='ltr'><strong>Scotus</strong></span> <span class='ocrx_word' id='word_1_713' title='bbox 1795 580 1868 602; x_wconf 89' lang='lat' dir='ltr'><strong>eam</strong></span> <span class='ocrx_word' id='word_1_714' title='bbox 1892 571 2054 602; x_wconf 88' lang='lat' dir='ltr'><strong>concedit.</strong></span> <span class='ocrx_word' id='word_1_715' title='bbox 2077 589 2102 595; x_wconf 95' lang='lat'>—</span> <span class='ocrx_word' id='word_1_716' title='bbox 2124 571 2214 603; x_wconf 88' lang='lat' dir='ltr'><strong>Cum</strong></span> <span class='ocrx_word' id='word_1_717' title='bbox 2237 578 2347 604; x_wconf 87' lang='lat' dir='ltr'><strong>autem</strong></span> <span class='ocrx_word' id='word_1_718' title='bbox 2369 574 2505 605; x_wconf 82' lang='lat' dir='ltr'><strong>subiun—</strong></span> 
     </span>
     <span class='ocr_line' id='line_1_97' title="bbox 1425 615 2505 659; baseline 0.004 -13"><span class='ocrx_word' id='word_1_719' title='bbox 1425 616 1512 656; x_wconf 85' lang='lat' dir='ltr'><strong>gitur</strong></span> <span class='ocrx_word' id='word_1_720' title='bbox 1531 615 1649 646; x_wconf 86' lang='lat' dir='ltr'><strong>falsum</strong></span> <span class='ocrx_word' id='word_1_721' title='bbox 1668 625 1738 647; x_wconf 89' lang='lat' dir='ltr'><strong>esse</strong></span> <span class='ocrx_word' id='word_1_722' title='bbox 1757 615 1848 657; x_wconf 91' lang='lat' dir='ltr'><strong>quod</strong></span> <span class='ocrx_word' id='word_1_723' title='bbox 1868 615 2048 656; x_wconf 83' lang='lat' dir='ltr'><strong>differentia</strong></span> <span class='ocrx_word' id='word_1_724' title='bbox 2071 617 2323 648; x_wconf 87' lang='lat' dir='ltr'><strong>substantiarum</strong></span> <span class='ocrx_word' id='word_1_725' title='bbox 2344 624 2505 659; x_wconf 85' lang='lat' dir='ltr'><strong>separata-</strong></span> 
     </span>
     <span class='ocr_line' id='line_1_98' title="bbox 1425 659 2505 704; baseline 0.005 -14"><span class='ocrx_word' id='word_1_726' title='bbox 1425 670 1499 691; x_wconf 91' lang='lat' dir='ltr'><strong>rum</strong></span> <span class='ocrx_word' id='word_1_727' title='bbox 1524 670 1564 691; x_wconf 88' lang='lat' dir='ltr'><strong>ex</strong></span> <span class='ocrx_word' id='word_1_728' title='bbox 1590 659 1696 691; x_wconf 88' lang='lat' dir='ltr'><strong>forma</strong></span> <span class='ocrx_word' id='word_1_729' title='bbox 1722 660 1763 691; x_wconf 90' lang='lat' dir='ltr'><strong>ad</strong></span> <span class='ocrx_word' id='word_1_730' title='bbox 1789 661 1884 692; x_wconf 88' lang='lat' dir='ltr'><strong>illum</strong></span> <span class='ocrx_word' id='word_1_731' title='bbox 1909 669 2043 692; x_wconf 89' lang='lat' dir='ltr'><strong>sensum</strong></span> <span class='ocrx_word' id='word_1_732' title='bbox 2068 661 2242 702; x_wconf 87' lang='lat' dir='ltr'><strong>procedat:</strong></span> <span class='ocrx_word' id='word_1_733' title='bbox 2270 662 2387 694; x_wconf 89' lang='lat' dir='ltr'><strong>dicitur</strong></span> <span class='ocrx_word' id='word_1_734' title='bbox 2413 663 2505 704; x_wconf 84' lang='lat' dir='ltr'><strong>quod</strong></span> 
     </span>
     <span class='ocr_line' id='line_1_99' title="bbox 1425 704 2505 742; baseline 0.004 -7"><span class='ocrx_word' id='word_1_735' title='bbox 1425 704 1505 736; x_wconf 93' lang='lat' dir='ltr'><strong>illud</strong></span> <span class='ocrx_word' id='word_1_736' title='bbox 1531 705 1649 736; x_wconf 87' lang='lat' dir='ltr'><strong>falsum</strong></span> <span class='ocrx_word' id='word_1_737' title='bbox 1672 714 1742 736; x_wconf 91' lang='lat' dir='ltr'><strong>non</strong></span> <span class='ocrx_word' id='word_1_738' title='bbox 1765 710 1823 742; x_wconf 83' lang='lat' dir='ltr'><strong>est,</strong></span> <span class='ocrx_word' id='word_1_739' title='bbox 1846 706 1950 736; x_wconf 89' lang='lat' dir='ltr'><strong>immo</strong></span> <span class='ocrx_word' id='word_1_740' title='bbox 1974 711 2023 736; x_wconf 85' lang='lat' dir='ltr'><strong>est</strong></span> <span class='ocrx_word' id='word_1_741' title='bbox 2043 706 2260 738; x_wconf 81' lang='lat' dir='ltr'><strong>verissimum.</strong></span> <span class='ocrx_word' id='word_1_742' title='bbox 2287 707 2395 738; x_wconf 87' lang='lat' dir='ltr'><strong>Prima</strong></span> <span class='ocrx_word' id='word_1_743' title='bbox 2417 709 2505 739; x_wconf 88' lang='lat' dir='ltr'><strong>enim</strong></span> 
     </span>
     <span class='ocr_line' id='line_1_100' title="bbox 1425 749 2505 793; baseline 0.005 -13"><span class='ocrx_word' id='word_1_744' title='bbox 1425 750 1506 780; x_wconf 89' lang='lat' dir='ltr'><strong>ratio</strong></span> <span class='ocrx_word' id='word_1_745' title='bbox 1522 749 1738 781; x_wconf 85' lang='lat' dir='ltr'><strong>distinctionis</strong></span> <span class='ocrx_word' id='word_1_746' title='bbox 1750 750 1784 780; x_wconf 87' lang='lat' dir='ltr'><strong>in</strong></span> <span class='ocrx_word' id='word_1_747' title='bbox 1795 750 1878 791; x_wconf 87' lang='lat' dir='ltr'><strong>ipsis</strong></span> <span class='ocrx_word' id='word_1_748' title='bbox 1889 759 1959 781; x_wconf 91' lang='lat' dir='ltr'><strong>non</strong></span> <span class='ocrx_word' id='word_1_749' title='bbox 1971 752 2081 791; x_wconf 87' lang='lat' dir='ltr'><strong>potest</strong></span> <span class='ocrx_word' id='word_1_750' title='bbox 2094 760 2166 783; x_wconf 88' lang='lat' dir='ltr'><strong>esse</strong></span> <span class='ocrx_word' id='word_1_751' title='bbox 2179 753 2314 783; x_wconf 86' lang='lat' dir='ltr'><strong>materia</strong></span> <span class='ocrx_word' id='word_1_752' title='bbox 2330 758 2386 784; x_wconf 87' lang='lat' dir='ltr'><strong>aut</strong></span> <span class='ocrx_word' id='word_1_753' title='bbox 2401 762 2505 793; x_wconf 91' lang='lat' dir='ltr'><strong>quan-</strong></span> 
     </span>
     <span class='ocr_line' id='line_1_101' title="bbox 1424 795 2505 836; baseline 0.004 -11"><span class='ocrx_word' id='word_1_754' title='bbox 1424 795 1510 825; x_wconf 81' lang='lat' dir='ltr'><strong>titas:</strong></span> <span class='ocrx_word' id='word_1_755' title='bbox 1536 804 1613 825; x_wconf 90' lang='lat' dir='ltr'><strong>cum</strong></span> <span class='ocrx_word' id='word_1_756' title='bbox 1638 795 1704 825; x_wconf 88' lang='lat' dir='ltr'><strong>sint</strong></span> <span class='ocrx_word' id='word_1_757' title='bbox 1726 804 1744 825; x_wconf 91' lang='lat' dir='ltr'><strong>a</strong></span> <span class='ocrx_word' id='word_1_758' title='bbox 1767 795 1947 835; x_wconf 80' lang='lat' dir='ltr'><strong>quantitate</strong></span> <span class='ocrx_word' id='word_1_759' title='bbox 1973 795 2151 836; x_wconf 70' lang='lat' dir='ltr'><strong>abstractae</strong></span> <span class='ocrx_word' id='word_1_760' title='bbox 2170 802 2211 827; x_wconf 88' lang='lat' dir='ltr'><strong>et·</strong></span> <span class='ocrx_word' id='word_1_761' title='bbox 2225 807 2244 827; x_wconf 87' lang='lat' dir='ltr'><strong>a</strong></span> <span class='ocrx_word' id='word_1_762' title='bbox 2265 798 2411 829; x_wconf 84' lang='lat' dir='ltr'><strong>materia.</strong></span> <span class='ocrx_word' id='word_1_763' title='bbox 2434 798 2505 829; x_wconf 91' lang='lat' dir='ltr'><strong>Nec</strong></span> 
     </span>
     <span class='ocr_line' id='line_1_102' title="bbox 1424 839 2505 883; baseline 0.005 -14"><span class='ocrx_word' id='word_1_764' title='bbox 1424 839 1533 880; x_wconf 90' lang='lat' dir='ltr'><strong>aliqua</strong></span> <span class='ocrx_word' id='word_1_765' title='bbox 1555 840 1736 880; x_wconf 89' lang='lat' dir='ltr'><strong>proprietas</strong></span> <span class='ocrx_word' id='word_1_766' title='bbox 1759 839 1921 870; x_wconf 89' lang='lat' dir='ltr'><strong>absoluta:</strong></span> <span class='ocrx_word' id='word_1_767' title='bbox 1941 840 2018 880; x_wconf 91' lang='lat' dir='ltr'><strong>quia</strong></span> <span class='ocrx_word' id='word_1_768' title='bbox 2041 840 2120 871; x_wconf 90' lang='lat' dir='ltr'><strong>tales</strong></span> <span class='ocrx_word' id='word_1_769' title='bbox 2143 842 2358 882; x_wconf 88' lang='lat' dir='ltr'><strong>proprietates</strong></span> <span class='ocrx_word' id='word_1_770' title='bbox 2381 852 2505 883; x_wconf 89' lang='lat' dir='ltr'><strong>suppo-</strong></span> 
     </span>
     <span class='ocr_line' id='line_1_103' title="bbox 1423 883 2504 924; baseline 0.004 -9"><span class='ocrx_word' id='word_1_771' title='bbox 1423 890 1507 915; x_wconf 89' lang='lat' dir='ltr'><strong>nunt</strong></span> <span class='ocrx_word' id='word_1_772' title='bbox 1529 894 1627 915; x_wconf 91' lang='lat' dir='ltr'><strong>suum</strong></span> <span class='ocrx_word' id='word_1_773' title='bbox 1650 884 1835 915; x_wconf 90' lang='lat' dir='ltr'><strong>subiectum</strong></span> <span class='ocrx_word' id='word_1_774' title='bbox 1859 883 2098 915; x_wconf 90' lang='lat' dir='ltr'><strong>individuatum</strong></span> <span class='ocrx_word' id='word_1_775' title='bbox 2123 890 2156 915; x_wconf 91' lang='lat' dir='ltr'><strong>et</strong></span> <span class='ocrx_word' id='word_1_776' title='bbox 2178 885 2376 924; x_wconf 88' lang='lat' dir='ltr'><strong>distinctum,</strong></span> <span class='ocrx_word' id='word_1_777' title='bbox 2400 888 2504 918; x_wconf 91' lang='lat' dir='ltr'><strong>immo</strong></span> 
     </span>
     <span class='ocr_line' id='line_1_104' title="bbox 1425 928 2506 973; baseline 0.003 -13"><span class='ocrx_word' id='word_1_778' title='bbox 1425 935 1456 960; x_wconf 89' lang='lat' dir='ltr'><strong>et</strong></span> <span class='ocrx_word' id='word_1_779' title='bbox 1479 939 1537 970; x_wconf 91' lang='lat' dir='ltr'><strong>per</strong></span> <span class='ocrx_word' id='word_1_780' title='bbox 1560 930 1744 960; x_wconf 90' lang='lat' dir='ltr'><strong>subiectum</strong></span> <span class='ocrx_word' id='word_1_781' title='bbox 1768 928 2011 960; x_wconf 89' lang='lat' dir='ltr'><strong>individuantur</strong></span> <span class='ocrx_word' id='word_1_782' title='bbox 2030 934 2063 960; x_wconf 91' lang='lat' dir='ltr'><strong>et</strong></span> <span class='ocrx_word' id='word_1_783' title='bbox 2081 929 2335 970; x_wconf 84' lang='lat' dir='ltr'><strong>distinguuntur.</strong></span> <span class='ocrx_word' id='word_1_784' title='bbox 2354 932 2424 963; x_wconf 91' lang='lat' dir='ltr'><strong>Nec</strong></span> <span class='ocrx_word' id='word_1_785' title='bbox 2447 942 2506 973; x_wconf 91' lang='lat' dir='ltr'><strong>per</strong></span> 
     </span>
     <span class='ocr_line' id='line_1_105' title="bbox 1424 973 2504 1016; baseline 0.002 -11"><span class='ocrx_word' id='word_1_786' title='bbox 1424 974 1509 1005; x_wconf 91' lang='lat' dir='ltr'><strong>solas</strong></span> <span class='ocrx_word' id='word_1_787' title='bbox 1537 974 1761 1011; x_wconf 83' lang='lat' dir='ltr'><strong>haecceitates‚</strong></span> <span class='ocrx_word' id='word_1_788' title='bbox 1786 979 1823 1005; x_wconf 89' lang='lat' dir='ltr'><strong>ut</strong></span> <span class='ocrx_word' id='word_1_789' title='bbox 1849 974 1919 1014; x_wconf 88' lang='lat' dir='ltr'><strong>ipse</strong></span> <span class='ocrx_word' id='word_1_790' title='bbox 1943 973 2062 1005; x_wconf 90' lang='lat' dir='ltr'><strong>Scotus</strong></span> <span class='ocrx_word' id='word_1_791' title='bbox 2085 975 2196 1015; x_wconf 90' lang='lat' dir='ltr'><strong>ponit:</strong></span> <span class='ocrx_word' id='word_1_792' title='bbox 2221 976 2299 1016; x_wconf 88' lang='lat' dir='ltr'><strong>quia</strong></span> <span class='ocrx_word' id='word_1_793' title='bbox 2325 976 2408 1007; x_wconf 88' lang='lat' dir='ltr'><strong>inter</strong></span> <span class='ocrx_word' id='word_1_794' title='bbox 2434 977 2504 1008; x_wconf 90' lang='lat' dir='ltr'><strong>illas</strong></span> 
     </span>
     <span class='ocr_line' id='line_1_106' title="bbox 1423 1019 2505 1063; baseline 0.001 -12"><span class='ocrx_word' id='word_1_795' title='bbox 1423 1019 1636 1052; x_wconf 79' lang='lat' dir='ltr'><strong>haecceitates</strong></span> <span class='ocrx_word' id='word_1_796' title='bbox 1658 1019 1749 1052; x_wconf 86' lang='lat' dir='ltr'><strong>nulla</strong></span> <span class='ocrx_word' id='word_1_797' title='bbox 1771 1024 1819 1051; x_wconf 89' lang='lat' dir='ltr'><strong>est</strong></span> <span class='ocrx_word' id='word_1_798' title='bbox 1844 1019 2013 1061; x_wconf 79' lang='lat' dir='ltr'><strong>oppositio</strong></span> <span class='ocrx_word' id='word_1_799' title='bbox 2036 1024 2093 1061; x_wconf 76' lang='lat' dir='ltr'><strong>aut</strong></span> <span class='ocrx_word' id='word_1_800' title='bbox 2121 1020 2203 1063; x_wconf 75' lang='lat' dir='ltr'><strong>ratio</strong></span> <span class='ocrx_word' id='word_1_801' title='bbox 2230 1021 2505 1062; x_wconf 88' lang='lat' dir='ltr'><strong>incompossibili-</strong></span> 
     </span>
     <span class='ocr_line' id='line_1_107' title="bbox 1423 1060 2504 1105; baseline 0.002 -10"><span class='ocrx_word' id='word_1_802' title='bbox 1423 1065 1507 1101; x_wconf 74' lang='lat' dir='ltr'><strong>tatis,</strong></span> <span class='ocrx_word' id='word_1_803' title='bbox 1521 1063 1603 1095; x_wconf 87' lang='lat' dir='ltr'><strong>nihil</strong></span> <span class='ocrx_word' id='word_1_804' title='bbox 1624 1070 1737 1095; x_wconf 86' lang='lat' dir='ltr'><strong>autem</strong></span> <span class='ocrx_word' id='word_1_805' title='bbox 1752 1068 1801 1095; x_wconf 78' lang='lat' dir='ltr'><strong>est</strong></span> <span class='ocrx_word' id='word_1_806' title='bbox 1817 1064 1902 1095; x_wconf 73' lang='lat' dir='ltr'><strong>ratio</strong></span> <span class='ocrx_word' id='word_1_807' title='bbox 1926 1060 2155 1096; x_wconf 59' lang='lat' dir='ltr'><strong>distinctionis:</strong></span> <span class='ocrx_word' id='word_1_808' title='bbox 2166 1064 2352 1105; x_wconf 89' lang='lat' dir='ltr'><strong>aliquorum</strong></span> <span class='ocrx_word' id='word_1_809' title='bbox 2374 1066 2437 1097; x_wconf 90' lang='lat' dir='ltr'><strong>nisi</strong></span> <span class='ocrx_word' id='word_1_810' title='bbox 2455 1075 2504 1097; x_wconf 86' lang='lat' dir='ltr'><strong>ra-</strong></span> 
     </span>
     <span class='ocr_line' id='line_1_108' title="bbox 1422 1108 2504 1150; baseline 0.002 -10"><span class='ocrx_word' id='word_1_811' title='bbox 1422 1110 1514 1140; x_wconf 90' lang='lat' dir='ltr'><strong>tione</strong></span> <span class='ocrx_word' id='word_1_812' title='bbox 1537 1109 1674 1140; x_wconf 90' lang='lat' dir='ltr'><strong>alicuius</strong></span> <span class='ocrx_word' id='word_1_813' title='bbox 1699 1108 1934 1150; x_wconf 89' lang='lat' dir='ltr'><strong>oppositionis;</strong></span> <span class='ocrx_word' id='word_1_814' title='bbox 1958 1114 2030 1139; x_wconf 89' lang='lat' dir='ltr'><strong>turn</strong></span> <span class='ocrx_word' id='word_1_815' title='bbox 2058 1109 2136 1150; x_wconf 89' lang='lat' dir='ltr'><strong>quia</strong></span> <span class='ocrx_word' id='word_1_816' title='bbox 2161 1108 2330 1142; x_wconf 88' lang='lat' dir='ltr'><strong>individua</strong></span> <span class='ocrx_word' id='word_1_817' title='bbox 2357 1110 2504 1142; x_wconf 89' lang='lat' dir='ltr'><strong>eiusdem</strong></span> 
     </span>
     <span class='ocr_line' id='line_1_109' title="bbox 1421 1152 2503 1198; baseline 0.002 -13"><span class='ocrx_word' id='word_1_818' title='bbox 1421 1154 1543 1195; x_wconf 86' lang='lat' dir='ltr'><strong>speciei</strong></span> <span class='ocrx_word' id='word_1_819' title='bbox 1565 1154 1769 1186; x_wconf 85' lang='lat' dir='ltr'><strong>conveniunt</strong></span> <span class='ocrx_word' id='word_1_820' title='bbox 1790 1154 1825 1184; x_wconf 90' lang='lat' dir='ltr'><strong>in</strong></span> <span class='ocrx_word' id='word_1_821' title='bbox 1848 1153 1914 1185; x_wconf 86' lang='lat' dir='ltr'><strong>hoc</strong></span> <span class='ocrx_word' id='word_1_822' title='bbox 1935 1152 2029 1198; x_wconf 80' lang='lat' dir='ltr'><strong>quod</strong></span> <span class='ocrx_word' id='word_1_823' title='bbox 2052 1159 2101 1187; x_wconf 85' lang='lat' dir='ltr'><strong>est</strong></span> <span class='ocrx_word' id='word_1_824' title='bbox 2122 1154 2242 1189; x_wconf 84' lang='lat' dir='ltr'><strong>habere</strong></span> <span class='ocrx_word' id='word_1_825' title='bbox 2263 1155 2503 1196; x_wconf 70' lang='lat' dir='ltr'><strong>haecceitatem,</strong></span> 
     </span>
     <span class='ocr_line' id='line_1_110' title="bbox 1422 1196 2504 1242; baseline 0.002 -12"><span class='ocrx_word' id='word_1_826' title='bbox 1422 1198 1503 1230; x_wconf 90' lang='lat' dir='ltr'><strong>illud</strong></span> <span class='ocrx_word' id='word_1_827' title='bbox 1522 1204 1632 1230; x_wconf 89' lang='lat' dir='ltr'><strong>autem</strong></span> <span class='ocrx_word' id='word_1_828' title='bbox 1647 1199 1682 1230; x_wconf 90' lang='lat' dir='ltr'><strong>in</strong></span> <span class='ocrx_word' id='word_1_829' title='bbox 1697 1206 1766 1239; x_wconf 92' lang='lat' dir='ltr'><strong>quo</strong></span> <span class='ocrx_word' id='word_1_830' title='bbox 1785 1196 1988 1229; x_wconf 79' lang='lat' dir='ltr'><strong>conveniunt</strong></span> <span class='ocrx_word' id='word_1_831' title='bbox 2007 1197 2075 1229; x_wconf 90' lang='lat' dir='ltr'><strong>duo</strong></span> <span class='ocrx_word' id='word_1_832' title='bbox 2098 1196 2279 1240; x_wconf 81' lang='lat' dir='ltr'><strong>supposita,</strong></span> <span class='ocrx_word' id='word_1_833' title='bbox 2304 1205 2374 1231; x_wconf 88' lang='lat' dir='ltr'><strong>non</strong></span> <span class='ocrx_word' id='word_1_834' title='bbox 2395 1196 2504 1242; x_wconf 71' lang='lat' dir='ltr'><strong>potest</strong></span> 
     </span>
     <span class='ocr_line' id='line_1_111' title="bbox 1422 1242 2502 1287; baseline 0.003 -13"><span class='ocrx_word' id='word_1_835' title='bbox 1422 1253 1492 1275; x_wconf 91' lang='lat' dir='ltr'><strong>esse</strong></span> <span class='ocrx_word' id='word_1_836' title='bbox 1519 1244 1601 1275; x_wconf 91' lang='lat' dir='ltr'><strong>ratio</strong></span> <span class='ocrx_word' id='word_1_837' title='bbox 1629 1243 1845 1274; x_wconf 90' lang='lat' dir='ltr'><strong>distinctionis</strong></span> <span class='ocrx_word' id='word_1_838' title='bbox 1871 1243 1955 1274; x_wconf 86' lang='lat' dir='ltr'><strong>inter</strong></span> <span class='ocrx_word' id='word_1_839' title='bbox 1981 1242 2046 1274; x_wconf 88' lang='lat' dir='ltr'><strong>illa.</strong></span> <span class='ocrx_word' id='word_1_840' title='bbox 2074 1243 2283 1285; x_wconf 86' lang='lat' dir='ltr'><strong>Relinquitur</strong></span> <span class='ocrx_word' id='word_1_841' title='bbox 2309 1254 2387 1286; x_wconf 83' lang='lat' dir='ltr'><strong>ergo</strong></span> <span class='ocrx_word' id='word_1_842' title='bbox 2412 1245 2502 1287; x_wconf 93' lang='lat' dir='ltr'><strong>quod</strong></span> 
     </span>
     <span class='ocr_line' id='line_1_112' title="bbox 1421 1286 2474 1332; baseline -0.004 -12"><span class='ocrx_word' id='word_1_843' title='bbox 1421 1289 1503 1320; x_wconf 88' lang='lat' dir='ltr'><strong>ratio</strong></span> <span class='ocrx_word' id='word_1_844' title='bbox 1528 1288 1745 1320; x_wconf 85' lang='lat' dir='ltr'><strong>distinctionis</strong></span> <span class='ocrx_word' id='word_1_845' title='bbox 1768 1288 1803 1319; x_wconf 92' lang='lat' dir='ltr'><strong>in</strong></span> <span class='ocrx_word' id='word_1_846' title='bbox 1825 1287 1889 1319; x_wconf 89' lang='lat' dir='ltr'><strong>illis</strong></span> <span class='ocrx_word' id='word_1_847' title='bbox 1910 1288 1954 1319; x_wconf 84' lang='lat' dir='ltr'><strong>sit</strong></span> <span class='ocrx_word' id='word_1_848' title='bbox 1974 1286 2105 1320; x_wconf 77' lang='lat' dir='ltr'><strong>forma..</strong></span> <span class='ocrx_word' id='word_1_849' title='bbox 2306 1309 2329 1331; x_wconf 31' lang='grc' dir='ltr'><strong>,ὲ</strong></span> <span class='ocrx_word' id='word_1_850' title='bbox 2345 1298 2434 1332; x_wconf 24' lang='grc' dir='ltr'><strong>[τί-ἐς·</strong></span> <span class='ocrx_word' id='word_1_851' title='bbox 2455 1296 2474 1325; x_wconf 54' lang='lat'><strong>:5</strong></span> 
     </span>
     <span class='ocr_line' id='line_1_113' title="bbox 1478 1313 2503 1384; baseline 0.001 -20"><span class='ocrx_word' id='word_1_852' title='bbox 1478 1333 1532 1365; x_wconf 90' lang='lat' dir='ltr'><strong>IV.</strong></span> <span class='ocrx_word' id='word_1_853' title='bbox 1553 1333 1664 1364; x_wconf 84' lang='lat' dir='ltr'><strong>Tertio</strong></span> <span class='ocrx_word' id='word_1_854' title='bbox 1676 1334 1703 1364; x_wconf 73' lang='lat'><strong>*.</strong></span> <span class='ocrx_word' id='word_1_855' title='bbox 1726 1332 1931 1365; x_wconf 84' lang='lat' dir='ltr'><strong>Substantiae</strong></span> <span class='ocrx_word' id='word_1_856' title='bbox 1952 1338 2118 1374; x_wconf 79' lang='lat' dir='ltr'><strong>separatae</strong></span> <span class='ocrx_word' id='word_1_857' title='bbox 2139 1338 2266 1370; x_wconf 71' lang='lat' dir='ltr'><strong>natura,</strong></span> <span class='ocrx_word' id='word_1_858' title='bbox 2307 1334 2310 1339; x_wconf 90' lang='lat'>&#39;</span> <span class='ocrx_word' id='word_1_859' title='bbox 2370 1313 2432 1384; x_wconf 43' lang='lat' dir='ltr'><strong>{li}</strong></span> <span class='ocrx_word' id='word_1_860' title='bbox 2489 1351 2503 1358; x_wconf 86' lang='lat'><em>-</em></span> 
     </span>
     <span class='ocr_line' id='line_1_114' title="bbox 1423 1371 2432 1420; baseline 0.003 -11"><span class='ocrx_word' id='word_1_861' title='bbox 1423 1378 1651 1420; x_wconf 51' lang='lat' dir='ltr'><strong>corruptibilia</strong></span> <span class='ocrx_word' id='word_1_862' title='bbox 1666 1383 1778 1420; x_wconf 89' lang='lat' dir='ltr'><strong>potest</strong></span> <span class='ocrx_word' id='word_1_863' title='bbox 1792 1378 1978 1409; x_wconf 90' lang='lat' dir='ltr'><strong>conservari</strong></span> <span class='ocrx_word' id='word_1_864' title='bbox 1991 1378 2027 1410; x_wconf 85' lang='lat' dir='ltr'><strong>in</strong></span> <span class='ocrx_word' id='word_1_865' title='bbox 2041 1387 2111 1410; x_wconf 86' lang='lat' dir='ltr'><strong>uno</strong></span> <span class='ocrx_word' id='word_1_866' title='bbox 2132 1377 2325 1413; x_wconf 54' lang='lat' dir='ltr'><strong>individue..</strong></span> <span class='ocrx_word' id='word_1_867' title='bbox 2367 1414 2371 1419; x_wconf 68' lang='lat'>‚</span> <span class='ocrx_word' id='word_1_868' title='bbox 2385 1371 2432 1419; x_wconf 51' lang='lat' dir='ltr'><strong>*jx</strong></span> 
     </span>
     <span class='ocr_line' id='line_1_115' title="bbox 1423 1420 2473 1465; baseline 0.003 -11"><span class='ocrx_word' id='word_1_869' title='bbox 1423 1428 1554 1464; x_wconf 90' lang='lat' dir='ltr'><strong>oportet</strong></span> <span class='ocrx_word' id='word_1_870' title='bbox 1577 1433 1647 1454; x_wconf 91' lang='lat' dir='ltr'><strong>esse</strong></span> <span class='ocrx_word' id='word_1_871' title='bbox 1671 1423 1764 1464; x_wconf 89' lang='lat' dir='ltr'><strong>plura</strong></span> <span class='ocrx_word' id='word_1_872' title='bbox 1786 1420 1954 1465; x_wconf 80' lang='lat' dir='ltr'><strong>individua</strong></span> <span class='ocrx_word' id='word_1_873' title='bbox 1977 1422 2075 1454; x_wconf 85' lang='lat' dir='ltr'><strong>unius</strong></span> <span class='ocrx_word' id='word_1_874' title='bbox 2097 1423 2220 1464; x_wconf 87' lang='lat' dir='ltr'><strong>speciei</strong></span> <span class='ocrx_word' id='word_1_875' title='bbox 2242 1422 2276 1454; x_wconf 92' lang='lat' dir='ltr'><strong>in</strong></span> <span class='ocrx_word' id='word_1_876' title='bbox 2294 1420 2413 1460; x_wconf 47' lang='lat' dir='ltr'><strong>illinc»,—</strong></span> <span class='ocrx_word' id='word_1_877' title='bbox 2467 1424 2473 1433; x_wconf 81' lang='lat'><em>&#39;</em></span> 
     </span>
     <span class='ocr_line' id='line_1_116' title="bbox 1422 1460 2382 1509; baseline -0.002 -10"><span class='ocrx_word' id='word_1_878' title='bbox 1422 1469 1516 1500; x_wconf 88' lang='lat' dir='ltr'><strong>batur</strong></span> <span class='ocrx_word' id='word_1_879' title='bbox 1539 1467 1784 1509; x_wconf 86' lang='lat' dir='ltr'><strong>consequentia.</strong></span> <span class='ocrx_word' id='word_1_880' title='bbox 1801 1467 1889 1507; x_wconf 90' lang='lat' dir='ltr'><strong>Quia</strong></span> <span class='ocrx_word' id='word_1_881' title='bbox 1911 1467 1953 1498; x_wconf 91' lang='lat' dir='ltr'><strong>ad</strong></span> <span class='ocrx_word' id='word_1_882' title='bbox 1975 1467 2042 1498; x_wconf 90' lang='lat' dir='ltr'><strong>hoc</strong></span> <span class='ocrx_word' id='word_1_883' title='bbox 2063 1473 2141 1498; x_wconf 88' lang='lat' dir='ltr'><strong>sunt</strong></span> <span class='ocrx_word' id='word_1_884' title='bbox 2162 1464 2257 1508; x_wconf 88' lang='lat' dir='ltr'><strong>plura</strong></span> <span class='ocrx_word' id='word_1_885' title='bbox 2281 1468 2287 1474; x_wconf 89' lang='lat'>&#39;</span> <span class='ocrx_word' id='word_1_886' title='bbox 2308 1460 2318 1472; x_wconf 55' lang='lat'><strong>⁸*</strong></span> <span class='ocrx_word' id='word_1_887' title='bbox 2337 1468 2346 1475; x_wconf 79' lang='grc'><em>“</em></span> <span class='ocrx_word' id='word_1_888' title='bbox 2370 1466 2382 1475; x_wconf 75' lang='grc'><strong><em>’</em></strong></span> 
     </span>
     <span class='ocr_line' id='line_1_117' title="bbox 1423 1506 2503 1555; baseline 0.001 -11"><span class='ocrx_word' id='word_1_889' title='bbox 1423 1522 1489 1544; x_wconf 89' lang='lat' dir='ltr'><strong>una</strong></span> <span class='ocrx_word' id='word_1_890' title='bbox 1508 1513 1618 1555; x_wconf 86' lang='lat' dir='ltr'><strong>specie</strong></span> <span class='ocrx_word' id='word_1_891' title='bbox 1632 1513 1666 1544; x_wconf 91' lang='lat' dir='ltr'><strong>in</strong></span> <span class='ocrx_word' id='word_1_892' title='bbox 1682 1512 1780 1544; x_wconf 86' lang='lat' dir='ltr'><strong>rebus</strong></span> <span class='ocrx_word' id='word_1_893' title='bbox 1799 1512 2074 1553; x_wconf 74' lang='lat' dir='ltr'><strong>corruptibilibus,</strong></span> <span class='ocrx_word' id='word_1_894' title='bbox 2091 1517 2128 1543; x_wconf 88' lang='lat' dir='ltr'><strong>ut</strong></span> <span class='ocrx_word' id='word_1_895' title='bbox 2144 1516 2261 1544; x_wconf 79' lang='lat' dir='ltr'><strong>natura</strong></span> <span class='ocrx_word' id='word_1_896' title='bbox 2282 1521 2368 1554; x_wconf 81' lang='lat' dir='ltr'><strong>quae</strong></span> <span class='ocrx_word' id='word_1_897' title='bbox 2383 1506 2418 1545; x_wconf 74' lang='lat' dir='ltr'><strong>in</strong></span> <span class='ocrx_word' id='word_1_898' title='bbox 2431 1509 2503 1545; x_wconf 68' lang='lat' dir='ltr'><strong>imo</strong></span> 
     </span>
     <span class='ocr_line' id='line_1_118' title="bbox 1422 1557 2504 1599; baseline 0.002 -10"><span class='ocrx_word' id='word_1_899' title='bbox 1422 1557 1592 1589; x_wconf 87' lang='lat' dir='ltr'><strong>individuo</strong></span> <span class='ocrx_word' id='word_1_900' title='bbox 1617 1562 1778 1599; x_wconf 84' lang='lat' dir='ltr'><strong>perpetuo</strong></span> <span class='ocrx_word' id='word_1_901' title='bbox 1800 1557 1985 1589; x_wconf 86' lang='lat' dir='ltr'><strong>conservari</strong></span> <span class='ocrx_word' id='word_1_902' title='bbox 2006 1566 2076 1589; x_wconf 90' lang='lat' dir='ltr'><strong>non</strong></span> <span class='ocrx_word' id='word_1_903' title='bbox 2099 1562 2220 1598; x_wconf 85' lang='lat' dir='ltr'><strong>potest,</strong></span> <span class='ocrx_word' id='word_1_904' title='bbox 2235 1558 2504 1596; x_wconf 61' lang='lat' dir='ltr'><strong>conserventu-jn</strong></span> 
     </span>
     <span class='ocr_line' id='line_1_119' title="bbox 1422 1597 2493 1645; baseline 0.002 -11"><span class='ocrx_word' id='word_1_905' title='bbox 1422 1603 1581 1644; x_wconf 87' lang='lat' dir='ltr'><strong>pluribus.</strong></span> <span class='ocrx_word' id='word_1_906' title='bbox 1597 1602 1699 1641; x_wconf 91' lang='lat' dir='ltr'><strong>Quod</strong></span> <span class='ocrx_word' id='word_1_907' title='bbox 1720 1607 1810 1644; x_wconf 80' lang='lat' dir='ltr'><strong>patet</strong></span> <span class='ocrx_word' id='word_1_908' title='bbox 1824 1602 1889 1634; x_wconf 91' lang='lat' dir='ltr'><strong>hoc</strong></span> <span class='ocrx_word' id='word_1_909' title='bbox 1906 1602 2011 1643; x_wconf 81' lang='lat' dir='ltr'><strong>signo,</strong></span> <span class='ocrx_word' id='word_1_910' title='bbox 2028 1602 2122 1643; x_wconf 89' lang='lat' dir='ltr'><strong>quod</strong></span> <span class='ocrx_word' id='word_1_911' title='bbox 2134 1601 2170 1633; x_wconf 89' lang='lat' dir='ltr'><strong>in</strong></span> <span class='ocrx_word' id='word_1_912' title='bbox 2185 1603 2380 1644; x_wconf 71' lang='lat' dir='ltr'><strong>corporibus</strong></span> <span class='ocrx_word' id='word_1_913' title='bbox 2397 1603 2403 1609; x_wconf 86' lang='lat'>&#39;</span> <span class='ocrx_word' id='word_1_914' title='bbox 2442 1597 2448 1604; x_wconf 62' lang='lat'><strong>⁴</strong></span> <span class='ocrx_word' id='word_1_915' title='bbox 2485 1637 2493 1645; x_wconf 76' lang='lat'><strong>.</strong></span> 
     </span>
     <span class='ocr_line' id='line_1_120' title="bbox 1423 1646 2502 1697; baseline 0 -18"><span class='ocrx_word' id='word_1_916' title='bbox 1423 1647 1630 1689; x_wconf 84' lang='lat' dir='ltr'><strong>ruptibilibus</strong></span> <span class='ocrx_word' id='word_1_917' title='bbox 1652 1657 1722 1679; x_wconf 88' lang='lat' dir='ltr'><strong>non</strong></span> <span class='ocrx_word' id='word_1_918' title='bbox 1745 1652 1794 1678; x_wconf 82' lang='lat' dir='ltr'><strong>est</strong></span> <span class='ocrx_word' id='word_1_919' title='bbox 1815 1647 1878 1679; x_wconf 87' lang='lat' dir='ltr'><strong>nisi</strong></span> <span class='ocrx_word' id='word_1_920' title='bbox 1902 1647 2006 1679; x_wconf 84' lang='lat' dir='ltr'><strong>unum</strong></span> <span class='ocrx_word' id='word_1_921' title='bbox 2029 1646 2236 1681; x_wconf 82' lang='lat' dir='ltr'><strong>individuum</strong></span> <span class='ocrx_word' id='word_1_922' title='bbox 2250 1648 2287 1679; x_wconf 88' lang='lat' dir='ltr'><strong>in</strong></span> <span class='ocrx_word' id='word_1_923' title='bbox 2302 1657 2362 1680; x_wconf 86' lang='lat' dir='ltr'><strong>sua</strong></span> <span class='ocrx_word' id='word_1_924' title='bbox 2381 1657 2440 1697; x_wconf 65' lang='lat' dir='ltr'><strong>spe</strong></span> <span class='ocrx_word' id='word_1_925' title='bbox 2493 1670 2502 1679; x_wconf 92' lang='lat'><strong>.</strong></span> 
     </span>
     <span class='ocr_line' id='line_1_121' title="bbox 1478 1687 2501 1738; baseline 0.001 -15"><span class='ocrx_word' id='word_1_926' title='bbox 1478 1702 1508 1723; x_wconf 89' lang='lat'><strong>2.</strong></span> <span class='ocrx_word' id='word_1_927' title='bbox 1533 1691 1585 1723; x_wconf 91' lang='lat' dir='ltr'><strong>Ad</strong></span> <span class='ocrx_word' id='word_1_928' title='bbox 1607 1691 1692 1723; x_wconf 85' lang='lat' dir='ltr'><strong>hanc</strong></span> <span class='ocrx_word' id='word_1_929' title='bbox 1715 1691 1886 1729; x_wconf 88' lang='lat' dir='ltr'><strong>rationem,</strong></span> <span class='ocrx_word' id='word_1_930' title='bbox 1903 1700 1988 1733; x_wconf 90' lang='lat' dir='ltr'><strong>quae</strong></span> <span class='ocrx_word' id='word_1_931' title='bbox 2006 1697 2142 1735; x_wconf 72' lang='lat' dir='ltr'><strong>sumpta</strong></span> <span class='ocrx_word' id='word_1_932' title='bbox 2153 1696 2201 1722; x_wconf 91' lang='lat' dir='ltr'><strong>est</strong></span> <span class='ocrx_word' id='word_1_933' title='bbox 2217 1701 2255 1723; x_wconf 88' lang='lat' dir='ltr'><strong>ex</strong></span> <span class='ocrx_word' id='word_1_934' title='bbox 2271 1690 2299 1723; x_wconf 90' lang='lat'><strong>11</strong></span> <span class='ocrx_word' id='word_1_935' title='bbox 2315 1690 2356 1723; x_wconf 79' lang='lat' dir='ltr'><strong>de</strong></span> <span class='ocrx_word' id='word_1_936' title='bbox 2370 1688 2468 1738; x_wconf 70' lang='lat' dir='ltr'><strong>Anip‘r</strong></span> <span class='ocrx_word' id='word_1_937' title='bbox 2489 1687 2501 1730; x_wconf 83' lang='lat'><strong>&#39;‚</strong></span> 
     </span>
     <span class='ocr_line' id='line_1_122' title="bbox 1421 1731 2502 1778; baseline 0.001 -10"><span class='ocrx_word' id='word_1_938' title='bbox 1421 1742 1498 1768; x_wconf 87' lang='lat' dir='ltr'><strong>text.</strong></span> <span class='ocrx_word' id='word_1_939' title='bbox 1517 1737 1560 1776; x_wconf 87' lang='lat'><strong>34</strong></span> <span class='ocrx_word' id='word_1_940' title='bbox 1576 1742 1609 1768; x_wconf 92' lang='lat' dir='ltr'><strong>et</strong></span> <span class='ocrx_word' id='word_1_941' title='bbox 1626 1736 1679 1774; x_wconf 84' lang='lat'><strong>35,</strong></span> <span class='ocrx_word' id='word_1_942' title='bbox 1702 1735 1880 1778; x_wconf 89' lang='lat' dir='ltr'><strong>respondet</strong></span> <span class='ocrx_word' id='word_1_943' title='bbox 1901 1735 2031 1773; x_wconf 84' lang='lat' dir='ltr'><strong>scotus,</strong></span> <span class='ocrx_word' id='word_1_944' title='bbox 2046 1736 2104 1767; x_wconf 90' lang='lat' dir='ltr'><strong>ubi</strong></span> <span class='ocrx_word' id='word_1_945' title='bbox 2127 1745 2234 1777; x_wconf 85' lang='lat' dir='ltr'><strong>supra,</strong></span> <span class='ocrx_word' id='word_1_946' title='bbox 2250 1737 2292 1768; x_wconf 88' lang='lat' dir='ltr'><strong>ad</strong></span> <span class='ocrx_word' id='word_1_947' title='bbox 2306 1731 2502 1775; x_wconf 46' lang='lat' dir='ltr'><strong>mutatinum,</strong></span> 
     </span>
     <span class='ocr_line' id='line_1_123' title="bbox 1422 1772 2502 1823; baseline 0.001 -10"><span class='ocrx_word' id='word_1_948' title='bbox 1422 1781 1524 1822; x_wconf 85' lang='lat' dir='ltr'><strong>quod,</strong></span> <span class='ocrx_word' id='word_1_949' title='bbox 1541 1781 1617 1813; x_wconf 74' lang='lat' dir='ltr'><strong>ticet</strong></span> <span class='ocrx_word' id='word_1_950' title='bbox 1631 1781 1664 1812; x_wconf 76' lang='lat' dir='ltr'><strong>in</strong></span> <span class='ocrx_word' id='word_1_951' title='bbox 1682 1781 1949 1822; x_wconf 77' lang='lat' dir='ltr'><strong>corruptibilibus</strong></span> <span class='ocrx_word' id='word_1_952' title='bbox 1965 1781 2027 1812; x_wconf 68' lang='lat' dir='ltr'><strong>ista</strong></span> <span class='ocrx_word' id='word_1_953' title='bbox 2042 1781 2087 1812; x_wconf 65' lang='lat' dir='ltr'><strong>sit</strong></span> <span class='ocrx_word' id='word_1_954' title='bbox 2102 1789 2170 1812; x_wconf 77' lang='lat' dir='ltr'><strong>una</strong></span> <span class='ocrx_word' id='word_1_955' title='bbox 2179 1788 2289 1813; x_wconf 63' lang='lat' dir='ltr'><strong>musa</strong></span> <span class='ocrx_word' id='word_1_956' title='bbox 2303 1772 2502 1823; x_wconf 67' lang='lat' dir='ltr'><strong>mutapilea-</strong></span> 
     </span>
     <span class='ocr_line' id='line_1_124' title="bbox 1422 1826 2502 1874; baseline 0.003 -17"><span class='ocrx_word' id='word_1_957' title='bbox 1422 1827 1521 1857; x_wconf 80' lang='lat' dir='ltr'><strong>tionis</strong></span> <span class='ocrx_word' id='word_1_958' title='bbox 1537 1826 1782 1857; x_wconf 79' lang='lat' dir='ltr'><strong>individuorum</strong></span> <span class='ocrx_word' id='word_1_959' title='bbox 1799 1826 1832 1856; x_wconf 89' lang='lat' dir='ltr'><strong>in</strong></span> <span class='ocrx_word' id='word_1_960' title='bbox 1850 1835 1918 1856; x_wconf 85' lang='lat' dir='ltr'><strong>una</strong></span> <span class='ocrx_word' id='word_1_961' title='bbox 1935 1827 2051 1867; x_wconf 81' lang='lat' dir='ltr'><strong>specie,</strong></span> <span class='ocrx_word' id='word_1_962' title='bbox 2069 1835 2135 1856; x_wconf 88' lang='lat' dir='ltr'><strong>non</strong></span> <span class='ocrx_word' id='word_1_963' title='bbox 2153 1831 2261 1859; x_wconf 62' lang='grc' dir='ltr'><strong>Μυκη</strong></span> <span class='ocrx_word' id='word_1_964' title='bbox 2281 1832 2332 1859; x_wconf 76' lang='lat' dir='ltr'><strong>est</strong></span> <span class='ocrx_word' id='word_1_965' title='bbox 2344 1827 2502 1874; x_wconf 49' lang='lat' dir='ltr'><strong>prank?</strong></span> 
     </span>
     <span class='ocr_line' id='line_1_125' title="bbox 1420 1870 2500 1913; baseline 0.001 -11"><span class='ocrx_word' id='word_1_966' title='bbox 1420 1880 1532 1907; x_wconf 82' lang='lat' dir='ltr'><strong>causa,</strong></span> <span class='ocrx_word' id='word_1_967' title='bbox 1556 1871 1614 1902; x_wconf 82' lang='lat' dir='ltr'><strong>sed</strong></span> <span class='ocrx_word' id='word_1_968' title='bbox 1634 1871 1733 1902; x_wconf 80' lang='lat' dir='ltr'><strong>haec:</strong></span> <span class='ocrx_word' id='word_1_969' title='bbox 1747 1871 1836 1912; x_wconf 78' lang='lat' dir='ltr'><strong>quia,</strong></span> <span class='ocrx_word' id='word_1_970' title='bbox 1861 1870 2011 1902; x_wconf 75' lang='lat' dir='ltr'><strong>videlicet</strong></span> <span class='ocrx_word' id='word_1_971' title='bbox 2021 1871 2049 1907; x_wconf 52' lang='grc' dir='ltr'>ξ</span> <span class='ocrx_word' id='word_1_972' title='bbox 2065 1870 2172 1911; x_wconf 71' lang='lat' dir='ltr'><strong>omnis</strong></span> <span class='ocrx_word' id='word_1_973' title='bbox 2190 1876 2424 1913; x_wconf 55' lang='lat' dir='ltr'><strong>naturaque]</strong></span> <span class='ocrx_word' id='word_1_974' title='bbox 2433 1881 2500 1903; x_wconf 81' lang='lat' dir='ltr'><strong>non</strong></span> 
     </span>
     <span class='ocr_line' id='line_1_126' title="bbox 1419 1914 2492 1968; baseline 0.001 -22"><span class='ocrx_word' id='word_1_975' title='bbox 1419 1921 1468 1946; x_wconf 86' lang='lat' dir='ltr'><strong>est</strong></span> <span class='ocrx_word' id='word_1_976' title='bbox 1482 1916 1523 1946; x_wconf 88' lang='lat' dir='ltr'><strong>de</strong></span> <span class='ocrx_word' id='word_1_977' title='bbox 1539 1925 1575 1950; x_wconf 82' lang='lat' dir='ltr'><strong>se</strong></span> <span class='ocrx_word' id='word_1_978' title='bbox 1590 1920 1684 1947; x_wconf 84' lang='lat' dir='ltr'><strong>actus</strong></span> <span class='ocrx_word' id='word_1_979' title='bbox 1692 1924 1812 1956; x_wconf 63' lang='lat' dir='ltr'><strong>parm,</strong></span> <span class='ocrx_word' id='word_1_980' title='bbox 1823 1914 2126 1956; x_wconf 56' lang='lat' dir='ltr'><strong>potestur-undum</strong></span> <span class='ocrx_word' id='word_1_981' title='bbox 2143 1915 2236 1950; x_wconf 76' lang='lat' dir='ltr'><strong>illam</strong></span> <span class='ocrx_word' id='word_1_982' title='bbox 2251 1916 2436 1965; x_wconf 62' lang='lat' dir='ltr'><strong>realitatepr</strong></span> <span class='ocrx_word' id='word_1_983' title='bbox 2484 1943 2492 1968; x_wconf 84' lang='lat'>1</span> 
     </span>
     <span class='ocr_line' id='line_1_127' title="bbox 1418 1926 2501 2001; baseline 0.003 -11"><span class='ocrx_word' id='word_1_984' title='bbox 1418 1958 1560 1991; x_wconf 83' lang='lat' dir='ltr'><strong>cundum</strong></span> <span class='ocrx_word' id='word_1_985' title='bbox 1571 1969 1669 2001; x_wconf 78' lang='lat' dir='ltr'><strong>quam</strong></span> <span class='ocrx_word' id='word_1_986' title='bbox 1682 1963 1730 1990; x_wconf 79' lang='lat' dir='ltr'><strong>est</strong></span> <span class='ocrx_word' id='word_1_987' title='bbox 1741 1964 1874 1996; x_wconf 84' lang='lat' dir='ltr'><strong>natura,</strong></span> <span class='ocrx_word' id='word_1_988' title='bbox 1886 1968 1955 1991; x_wconf 83' lang='lat' dir='ltr'><strong>esse</strong></span> <span class='ocrx_word' id='word_1_989' title='bbox 1955 1958 2204 2000; x_wconf 77' lang='lat' dir='ltr'><strong>potentialisad</strong></span> <span class='ocrx_word' id='word_1_990' title='bbox 2211 1957 2395 1992; x_wconf 72' lang='lat' dir='ltr'><strong>renutatem&#39;</strong></span> <span class='ocrx_word' id='word_1_991' title='bbox 2407 1926 2501 1993; x_wconf 52' lang='lat' dir='ltr'><strong>1²11}ss</strong></span> 
     </span>
     <span class='ocr_line' id='line_1_128' title="bbox 1417 1998 2502 2047; baseline 0.003 -12"><span class='ocrx_word' id='word_1_992' title='bbox 1417 2013 1482 2046; x_wconf 85' lang='lat' dir='ltr'><strong>qua</strong></span> <span class='ocrx_word' id='word_1_993' title='bbox 1495 2009 1543 2036; x_wconf 82' lang='lat' dir='ltr'><strong>est</strong></span> <span class='ocrx_word' id='word_1_994' title='bbox 1553 2004 1634 2035; x_wconf 84' lang='lat' dir='ltr'><strong>haec</strong></span> <span class='ocrx_word' id='word_1_995' title='bbox 1646 2007 1777 2035; x_wconf 86' lang='lat' dir='ltr'><strong>natura.</strong></span> <span class='ocrx_word' id='word_1_996' title='bbox 1791 2003 1836 2034; x_wconf 86' lang='lat' dir='ltr'><strong>Et</strong></span> <span class='ocrx_word' id='word_1_997' title='bbox 1846 2003 1933 2035; x_wconf 81' lang='lat' dir='ltr'><strong>sicut</strong></span> <span class='ocrx_word' id='word_1_998' title='bbox 1941 2003 1982 2035; x_wconf 78' lang='lat' dir='ltr'><strong>de</strong></span> <span class='ocrx_word' id='word_1_999' title='bbox 1992 2013 2029 2035; x_wconf 87' lang='lat' dir='ltr'><strong>se</strong></span> <span class='ocrx_word' id='word_1_1000' title='bbox 2038 2011 2107 2035; x_wconf 83' lang='lat' dir='ltr'><strong>non</strong></span> <span class='ocrx_word' id='word_1_1001' title='bbox 2120 2000 2412 2047; x_wconf 73' lang='lat' dir='ltr'><strong>includitaliquam&#39;</strong></span> <span class='ocrx_word' id='word_1_1002' title='bbox 2419 1998 2502 2038; x_wconf 55' lang='lat' dir='ltr'><strong>UH?-</strong></span> 
     </span>
     <span class='ocr_line' id='line_1_129' title="bbox 1418 2048 2502 2093; baseline 0.003 -13"><span class='ocrx_word' id='word_1_1003' title='bbox 1418 2054 1516 2080; x_wconf 82' lang='lat' dir='ltr'><strong>tatem</strong></span> <span class='ocrx_word' id='word_1_1004' title='bbox 1532 2049 1627 2090; x_wconf 79' lang='lat' dir='ltr'><strong>quasi</strong></span> <span class='ocrx_word' id='word_1_1005' title='bbox 1637 2048 1854 2090; x_wconf 74' lang='lat' dir='ltr'><strong>singularem,</strong></span> <span class='ocrx_word' id='word_1_1006' title='bbox 1869 2048 1915 2079; x_wconf 78' lang='lat' dir='ltr'><strong>ita</strong></span> <span class='ocrx_word' id='word_1_1007' title='bbox 1929 2056 1996 2080; x_wconf 86' lang='lat' dir='ltr'><strong>non</strong></span> <span class='ocrx_word' id='word_1_1008' title='bbox 2008 2048 2199 2091; x_wconf 63' lang='lat' dir='ltr'><strong>repugnant</strong></span> <span class='ocrx_word' id='word_1_1009' title='bbox 2211 2049 2502 2093; x_wconf 51' lang='lat' dir='ltr'><strong>cinquant-tque</strong></span> 
     </span>
    </p>
   </div>
   <div class='ocr_carea' id='block_1_14' title="bbox 2415 1324 2508 1501">
    <p class='ocr_par' dir='ltr' id='par_1_19' title="bbox 2415 1324 2508 1501">
     <span class='ocr_line' id='line_1_130' title="bbox 2415 1324 2508 1501; baseline 0 -79"><span class='ocrx_word' id='word_1_1010' title='bbox 2415 1324 2508 1501; x_wconf 95' lang='lat' dir='ltr'><strong>   </strong></span> 
     </span>
    </p>
   </div>
   <div class='ocr_carea' id='block_1_15' title="bbox 2533 350 2663 379">
    <p class='ocr_par' dir='ltr' id='par_1_20' title="bbox 2533 350 2663 379">
     <span class='ocr_line' id='line_1_131' title="bbox 2533 350 2663 379; baseline 0 -6"><span class='ocrx_word' id='word_1_1011' title='bbox 2533 353 2542 361; x_wconf 88' lang='grc'>·</span> <span class='ocrx_word' id='word_1_1012' title='bbox 2558 350 2616 379; x_wconf 80' lang='lat' dir='ltr'><strong>Cap.</strong></span> <span class='ocrx_word' id='word_1_1013' title='bbox 2626 356 2663 373; x_wconf 78' lang='grc' dir='ltr'><strong>ιν.</strong></span> 
     </span>
    </p>
   </div>
   <div class='ocr_carea' id='block_1_16' title="bbox 2530 1336 2692 1360">
    <p class='ocr_par' dir='ltr' id='par_1_21' title="bbox 2530 1336 2692 1360">
     <span class='ocr_line' id='line_1_132' title="bbox 2530 1336 2692 1360; baseline 0 0"><span class='ocrx_word' id='word_1_1014' title='bbox 2530 1338 2540 1348; x_wconf 93' lang='grc'>·</span> <span class='ocrx_word' id='word_1_1015' title='bbox 2550 1336 2692 1360; x_wconf 59' lang='lat' dir='ltr'><strong>ciamu-</strong></span> 
     </span>
    </p>
   </div>
   <div class='ocr_carea' id='block_1_17' title="bbox 2529 1737 2647 1767">
    <p class='ocr_par' dir='ltr' id='par_1_22' title="bbox 2529 1737 2647 1767">
     <span class='ocr_line' id='line_1_133' title="bbox 2529 1737 2647 1767; baseline 0.017 -8"><span class='ocrx_word' id='word_1_1016' title='bbox 2529 1739 2539 1749; x_wconf 90' lang='lat'><strong>·</strong></span> <span class='ocrx_word' id='word_1_1017' title='bbox 2550 1737 2602 1760; x_wconf 77' lang='grc' dir='ltr'>Ροι.</span> <span class='ocrx_word' id='word_1_1018' title='bbox 2612 1743 2647 1767; x_wconf 74' lang='grc' dir='ltr'><strong>3ι.</strong></span> 
     </span>
    </p>
   </div>
   <div class='ocr_carea' id='block_1_18' title="bbox 2529 1878 2675 1908">
    <p class='ocr_par' dir='ltr' id='par_1_23' title="bbox 2529 1878 2675 1908">
     <span class='ocr_line' id='line_1_134' title="bbox 2529 1878 2675 1908; baseline 0.014 -8"><span class='ocrx_word' id='word_1_1019' title='bbox 2529 1880 2538 1890; x_wconf 91' lang='grc'>·</span> <span class='ocrx_word' id='word_1_1020' title='bbox 2553 1878 2604 1901; x_wconf 76' lang='lat' dir='ltr'><strong>Fel.</strong></span> <span class='ocrx_word' id='word_1_1021' title='bbox 2618 1884 2675 1908; x_wconf 58' lang='lat' dir='ltr'><strong>sev.</strong></span> 
     </span>
    </p>
   </div>
   <div class='ocr_carea' id='block_1_19' title="bbox 1418 2093 2648 2148">
    <p class='ocr_par' dir='ltr' id='par_1_24' title="bbox 1418 2093 2648 2148">
     <span class='ocr_line' id='line_1_135' title="bbox 1418 2093 2648 2148; baseline 0.002 -24"><span class='ocrx_word' id='word_1_1022' title='bbox 1418 2094 1501 2125; x_wconf 82' lang='lat' dir='ltr'><strong>tales</strong></span> <span class='ocrx_word' id='word_1_1023' title='bbox 1513 2093 1675 2124; x_wconf 73' lang='lat' dir='ltr'><strong>entitates.</strong></span> <span class='ocrx_word' id='word_1_1024' title='bbox 1688 2093 1736 2124; x_wconf 84' lang='lat' dir='ltr'><strong>Et</strong></span> <span class='ocrx_word' id='word_1_1025' title='bbox 1750 2094 1796 2124; x_wconf 82' lang='lat' dir='ltr'><strong>ita</strong></span> <span class='ocrx_word' id='word_1_1026' title='bbox 1806 2098 1918 2134; x_wconf 76' lang='lat' dir='ltr'><strong>potest</strong></span> <span class='ocrx_word' id='word_1_1027' title='bbox 1932 2094 1966 2125; x_wconf 81' lang='lat' dir='ltr'><strong>in</strong></span> <span class='ocrx_word' id='word_1_1028' title='bbox 1981 2098 2201 2136; x_wconf 73' lang='lat' dir='ltr'><strong>quotcumque</strong></span> <span class='ocrx_word' id='word_1_1029' title='bbox 2211 2094 2336 2127; x_wconf 62' lang='lat' dir='ltr'><strong>vatibus</strong></span> <span class='ocrx_word' id='word_1_1030' title='bbox 2346 2096 2499 2148; x_wconf 57' lang='lat' dir='ltr'><strong>inaniet.</strong></span> <span class='ocrx_word' id='word_1_1031' title='bbox 2646 2113 2648 2120; x_wconf 48' lang='grc' dir='ltr'><strong><em>ι</em></strong></span> 
     </span>
    </p>
   </div>
   <div class='ocr_carea' id='block_1_20' title="bbox 1414 2138 2500 3035">
    <p class='ocr_par' dir='ltr' id='par_1_25' title="bbox 1414 2138 2500 3035">
     <span class='ocr_line' id='line_1_136' title="bbox 1474 2138 2393 2180; baseline 0.003 -10"><span class='ocrx_word' id='word_1_1032' title='bbox 1474 2138 1539 2171; x_wconf 84' lang='lat' dir='ltr'><strong>Sed</strong></span> <span class='ocrx_word' id='word_1_1033' title='bbox 1562 2139 1622 2170; x_wconf 79' lang='lat' dir='ltr'><strong>ista</strong></span> <span class='ocrx_word' id='word_1_1034' title='bbox 1643 2139 1815 2180; x_wconf 83' lang='lat' dir='ltr'><strong>responsio</strong></span> <span class='ocrx_word' id='word_1_1035' title='bbox 1839 2138 1933 2171; x_wconf 79' lang='lat' dir='ltr'><strong>Scoti</strong></span> <span class='ocrx_word' id='word_1_1036' title='bbox 1953 2147 2023 2172; x_wconf 79' lang='lat' dir='ltr'><strong>non</strong></span> <span class='ocrx_word' id='word_1_1037' title='bbox 2046 2138 2135 2172; x_wconf 80' lang='lat' dir='ltr'><strong>vadit</strong></span> <span class='ocrx_word' id='word_1_1038' title='bbox 2156 2139 2199 2179; x_wconf 75' lang='lat' dir='ltr'><strong>ad</strong></span> <span class='ocrx_word' id='word_1_1039' title='bbox 2218 2146 2379 2180; x_wconf 53' lang='lat' dir='ltr'><strong>mentem</strong></span> <span class='ocrx_word' id='word_1_1040' title='bbox 2390 2173 2393 2177; x_wconf 82' lang='grc'>,</span> 
     </span>
     <span class='ocr_line' id='line_1_137' title="bbox 1418 2183 2430 2228; baseline 0.003 -14"><span class='ocrx_word' id='word_1_1041' title='bbox 1418 2183 1579 2215; x_wconf 84' lang='lat' dir='ltr'><strong>Thomae.</strong></span> <span class='ocrx_word' id='word_1_1042' title='bbox 1599 2183 1676 2215; x_wconf 88' lang='lat' dir='ltr'><strong>Non</strong></span> <span class='ocrx_word' id='word_1_1043' title='bbox 1700 2183 1789 2215; x_wconf 88' lang='lat' dir='ltr'><strong>enim</strong></span> <span class='ocrx_word' id='word_1_1044' title='bbox 1807 2193 1866 2225; x_wconf 86' lang='lat' dir='ltr'><strong>per</strong></span> <span class='ocrx_word' id='word_1_1045' title='bbox 1885 2184 1970 2216; x_wconf 82' lang='lat' dir='ltr'><strong>hanc</strong></span> <span class='ocrx_word' id='word_1_1046' title='bbox 1991 2184 2154 2225; x_wconf 74' lang='lat' dir='ltr'><strong>rationem</strong></span> <span class='ocrx_word' id='word_1_1047' title='bbox 2177 2185 2385 2225; x_wconf 85' lang='lat' dir='ltr'><strong>concluditur</strong></span> <span class='ocrx_word' id='word_1_1048' title='bbox 2406 2195 2430 2228; x_wconf 75' lang='lat' dir='ltr'><strong>q</strong></span> 
     </span>
     <span class='ocr_line' id='line_1_138' title="bbox 1417 2223 2500 2273; baseline 0.004 -14"><span class='ocrx_word' id='word_1_1049' title='bbox 1417 2238 1486 2259; x_wconf 87' lang='lat' dir='ltr'><strong>non</strong></span> <span class='ocrx_word' id='word_1_1050' title='bbox 1509 2229 1551 2260; x_wconf 92' lang='lat' dir='ltr'><strong>sit</strong></span> <span class='ocrx_word' id='word_1_1051' title='bbox 1572 2227 1728 2269; x_wconf 87' lang='lat' dir='ltr'><strong>possibile</strong></span> <span class='ocrx_word' id='word_1_1052' title='bbox 1744 2237 1814 2259; x_wconf 90' lang='lat' dir='ltr'><strong>esse</strong></span> <span class='ocrx_word' id='word_1_1053' title='bbox 1829 2227 1924 2273; x_wconf 88' lang='lat' dir='ltr'><strong>plura</strong></span> <span class='ocrx_word' id='word_1_1054' title='bbox 1936 2223 2109 2260; x_wconf 74' lang='lat' dir='ltr'><strong>&#39;individua</strong></span> <span class='ocrx_word' id='word_1_1055' title='bbox 2123 2227 2158 2260; x_wconf 90' lang='lat' dir='ltr'><strong>in</strong></span> <span class='ocrx_word' id='word_1_1056' title='bbox 2174 2228 2230 2261; x_wconf 85' lang='lat' dir='ltr'><strong>tali</strong></span> <span class='ocrx_word' id='word_1_1057' title='bbox 2245 2229 2365 2272; x_wconf 80' lang='lat' dir='ltr'><strong>specie,</strong></span> <span class='ocrx_word' id='word_1_1058' title='bbox 2381 2225 2500 2263; x_wconf 69' lang='lat' dir='ltr'><strong>uten-</strong></span> 
     </span>
     <span class='ocr_line' id='line_1_139' title="bbox 1417 2268 2500 2316; baseline 0.004 -12"><span class='ocrx_word' id='word_1_1059' title='bbox 1417 2273 1534 2304; x_wconf 84' lang='lat' dir='ltr'><strong>stimat·</strong></span> <span class='ocrx_word' id='word_1_1060' title='bbox 1549 2271 1680 2304; x_wconf 90' lang='lat' dir='ltr'><strong>Scotus:</strong></span> <span class='ocrx_word' id='word_1_1061' title='bbox 1705 2271 1767 2308; x_wconf 65' lang='lat' dir='ltr'><strong>sed⁴</strong></span> <span class='ocrx_word' id='word_1_1062' title='bbox 1786 2273 1881 2314; x_wconf 86' lang='lat' dir='ltr'><strong>quod</strong></span> <span class='ocrx_word' id='word_1_1063' title='bbox 1901 2281 1967 2304; x_wconf 85' lang='lat' dir='ltr'><strong>non</strong></span> <span class='ocrx_word' id='word_1_1064' title='bbox 1990 2268 2212 2314; x_wconf 47' lang='lat' dir='ltr'><strong>opor-testem</strong></span> <span class='ocrx_word' id='word_1_1065' title='bbox 2230 2274 2341 2316; x_wconf 79' lang='lat' dir='ltr'><strong>plura,</strong></span> <span class='ocrx_word' id='word_1_1066' title='bbox 2358 2270 2395 2307; x_wconf 75' lang='lat' dir='ltr'><strong>ut&#39;</strong></span> <span class='ocrx_word' id='word_1_1067' title='bbox 2412 2273 2413 2277; x_wconf 74' lang='grc'>’</span> <span class='ocrx_word' id='word_1_1068' title='bbox 2434 2268 2500 2308; x_wconf 55' lang='lat' dir='ltr'><strong>at&amp;</strong></span> 
     </span>
     <span class='ocr_line' id='line_1_140' title="bbox 1417 2311 2499 2361; baseline 0.004 -12"><span class='ocrx_word' id='word_1_1069' title='bbox 1417 2318 1451 2360; x_wconf 88' lang='lat' dir='ltr'><strong>in</strong></span> <span class='ocrx_word' id='word_1_1070' title='bbox 1475 2317 1589 2349; x_wconf 88' lang='lat' dir='ltr'><strong>littera.</strong></span> <span class='ocrx_word' id='word_1_1071' title='bbox 1613 2317 1766 2349; x_wconf 84' lang='lat' dir='ltr'><strong>Procedit</strong></span> <span class='ocrx_word' id='word_1_1072' title='bbox 1788 2318 1876 2349; x_wconf 86' lang='lat' dir='ltr'><strong>enim</strong></span> <span class='ocrx_word' id='word_1_1073' title='bbox 1898 2318 1981 2350; x_wconf 87' lang='lat' dir='ltr'><strong>haec</strong></span> <span class='ocrx_word' id='word_1_1074' title='bbox 2004 2319 2088 2349; x_wconf 84' lang='lat' dir='ltr'><strong>ratio</strong></span> <span class='ocrx_word' id='word_1_1075' title='bbox 2106 2328 2148 2350; x_wconf 82' lang='lat' dir='ltr'><strong>ex</strong></span> <span class='ocrx_word' id='word_1_1076' title='bbox 2162 2311 2206 2350; x_wconf 79' lang='lat' dir='ltr'><strong>iis&#39;</strong></span> <span class='ocrx_word' id='word_1_1077' title='bbox 2222 2327 2310 2360; x_wconf 84' lang='lat' dir='ltr'><strong>quae</strong></span> <span class='ocrx_word' id='word_1_1078' title='bbox 2324 2328 2367 2361; x_wconf 78' lang='lat' dir='ltr'><strong>ap</strong></span> <span class='ocrx_word' id='word_1_1079' title='bbox 2392 2324 2395 2328; x_wconf 89' lang='lat'>&#39;</span> <span class='ocrx_word' id='word_1_1080' title='bbox 2436 2330 2499 2353; x_wconf 86' lang='lat' dir='ltr'><strong>nos</strong></span> 
     </span>
     <span class='ocr_line' id='line_1_141' title="bbox 1415 2362 2393 2405; baseline 0.004 -12"><span class='ocrx_word' id='word_1_1081' title='bbox 1415 2369 1584 2405; x_wconf 73' lang='lat' dir='ltr'><strong>apparent.</strong></span> <span class='ocrx_word' id='word_1_1082' title='bbox 1608 2363 1694 2394; x_wconf 89' lang='lat' dir='ltr'><strong>Nam</strong></span> <span class='ocrx_word' id='word_1_1083' title='bbox 1717 2371 1794 2394; x_wconf 89' lang='lat' dir='ltr'><strong>cum</strong></span> <span class='ocrx_word' id='word_1_1084' title='bbox 1811 2362 1980 2395; x_wconf 82' lang='lat' dir='ltr'><strong>videamus</strong></span> <span class='ocrx_word' id='word_1_1085' title='bbox 1992 2372 2010 2394; x_wconf 77' lang='lat' dir='ltr'><strong>s</strong></span> <span class='ocrx_word' id='word_1_1086' title='bbox 2055 2363 2121 2395; x_wconf 75' lang='lat' dir='ltr'><strong>cies</strong></span> <span class='ocrx_word' id='word_1_1087' title='bbox 2135 2363 2305 2397; x_wconf 71' lang='lat' dir='ltr'><strong>dumtaxat</strong></span> <span class='ocrx_word' id='word_1_1088' title='bbox 2318 2363 2360 2397; x_wconf 75' lang='lat' dir='ltr'><strong>eo</strong></span> <span class='ocrx_word' id='word_1_1089' title='bbox 2389 2363 2393 2367; x_wconf 61' lang='lat'><em>⁷</em></span> 
     </span>
     <span class='ocr_line' id='line_1_142' title="bbox 1417 2407 2430 2452; baseline 0.004 -14"><span class='ocrx_word' id='word_1_1090' title='bbox 1417 2407 1679 2449; x_wconf 83' lang='lat' dir='ltr'><strong>corruptibilium</strong></span> <span class='ocrx_word' id='word_1_1091' title='bbox 1702 2408 1822 2440; x_wconf 78' lang='lat' dir='ltr'><strong>habere</strong></span> <span class='ocrx_word' id='word_1_1092' title='bbox 1845 2408 1939 2449; x_wconf 81' lang='lat' dir='ltr'><strong>plura</strong></span> <span class='ocrx_word' id='word_1_1093' title='bbox 1959 2408 1995 2440; x_wconf 83' lang='lat' dir='ltr'><strong>in</strong></span> <span class='ocrx_word' id='word_1_1094' title='bbox 2021 2407 2141 2446; x_wconf 48' lang='lat' dir='ltr'><strong>vidua,-</strong></span> <span class='ocrx_word' id='word_1_1095' title='bbox 2157 2415 2410 2452; x_wconf 49' lang='lat' dir='ltr'><strong>nonmuternsp</strong></span> <span class='ocrx_word' id='word_1_1096' title='bbox 2427 2446 2430 2450; x_wconf 15' lang='lat' dir='ltr'>A</span> 
     </span>
     <span class='ocr_line' id='line_1_143' title="bbox 1416 2452 2496 2504; baseline 0.004 -20"><span class='ocrx_word' id='word_1_1097' title='bbox 1416 2453 1726 2494; x_wconf 84' lang='lat' dir='ltr'><strong>incorruptibilium.</strong></span> <span class='ocrx_word' id='word_1_1098' title='bbox 1749 2453 1879 2494; x_wconf 81' lang='lat' dir='ltr'><strong>signum</strong></span> <span class='ocrx_word' id='word_1_1099' title='bbox 1904 2458 1952 2484; x_wconf 91' lang='lat' dir='ltr'><strong>est</strong></span> <span class='ocrx_word' id='word_1_1100' title='bbox 1973 2452 2284 2497; x_wconf 78' lang='lat' dir='ltr'><strong>multiplicationem</strong></span> <span class='ocrx_word' id='word_1_1101' title='bbox 2298 2455 2335 2487; x_wconf 87' lang='lat' dir='ltr'><strong>in</strong></span> <span class='ocrx_word' id='word_1_1102' title='bbox 2346 2454 2452 2504; x_wconf 62' lang='grc' dir='ltr'><strong>ἱμὶεᾷ</strong></span> <span class='ocrx_word' id='word_1_1103' title='bbox 2489 2456 2496 2463; x_wconf 87' lang='grc'><em>“</em></span> 
     </span>
     <span class='ocr_line' id='line_1_144' title="bbox 1416 2491 2449 2543; baseline 0.004 -15"><span class='ocrx_word' id='word_1_1104' title='bbox 1416 2503 1551 2540; x_wconf 89' lang='lat' dir='ltr'><strong>propter</strong></span> <span class='ocrx_word' id='word_1_1105' title='bbox 1575 2507 1689 2529; x_wconf 89' lang='lat' dir='ltr'><strong>eorum</strong></span> <span class='ocrx_word' id='word_1_1106' title='bbox 1711 2497 1878 2529; x_wconf 87' lang='lat' dir='ltr'><strong>dumtaxat</strong></span> <span class='ocrx_word' id='word_1_1107' title='bbox 1897 2498 2201 2541; x_wconf 81' lang='lat' dir='ltr'><strong>corruptibilitatem</strong></span> <span class='ocrx_word' id='word_1_1108' title='bbox 2216 2491 2449 2543; x_wconf 67' lang='lat' dir='ltr'><strong>secundum&#39;In</strong></span> 
     </span>
     <span class='ocr_line' id='line_1_145' title="bbox 1418 2537 2500 2584; baseline 0.004 -11"><span class='ocrx_word' id='word_1_1109' title='bbox 1418 2542 1525 2574; x_wconf 81' lang='lat' dir='ltr'><strong>vidua.</strong></span> <span class='ocrx_word' id='word_1_1110' title='bbox 1549 2542 1591 2574; x_wconf 89' lang='lat' dir='ltr'><strong>Et</strong></span> <span class='ocrx_word' id='word_1_1111' title='bbox 1614 2542 1700 2579; x_wconf 75' lang='lat' dir='ltr'><strong>ideo,</strong></span> <span class='ocrx_word' id='word_1_1112' title='bbox 1729 2551 1806 2574; x_wconf 84' lang='lat' dir='ltr'><strong>cum</strong></span> <span class='ocrx_word' id='word_1_1113' title='bbox 1831 2540 2040 2578; x_wconf 73' lang='lat' dir='ltr'><strong>individuum</strong></span> <span class='ocrx_word' id='word_1_1114' title='bbox 2067 2544 2188 2584; x_wconf 76' lang='lat' dir='ltr'><strong>speciei</strong></span> <span class='ocrx_word' id='word_1_1115' title='bbox 2215 2543 2330 2576; x_wconf 70' lang='lat' dir='ltr'><strong>anmat</strong></span> <span class='ocrx_word' id='word_1_1116' title='bbox 2368 2544 2376 2582; x_wconf 71' lang='grc'><strong>·,</strong></span> <span class='ocrx_word' id='word_1_1117' title='bbox 2410 2538 2418 2553; x_wconf 70' lang='lat'>⁸</span> <span class='ocrx_word' id='word_1_1118' title='bbox 2453 2537 2500 2582; x_wconf 64' lang='lat' dir='ltr'><strong>‘iit</strong></span> 
     </span>
     <span class='ocr_line' id='line_1_146' title="bbox 1418 2587 2499 2629; baseline 0.005 -11"><span class='ocrx_word' id='word_1_1119' title='bbox 1418 2587 1674 2629; x_wconf 86' lang='lat' dir='ltr'><strong>incorruptibile,</strong></span> <span class='ocrx_word' id='word_1_1120' title='bbox 1689 2594 1760 2619; x_wconf 88' lang='lat' dir='ltr'><strong>non</strong></span> <span class='ocrx_word' id='word_1_1121' title='bbox 1776 2588 1926 2629; x_wconf 77' lang='lat' dir='ltr'><strong>estopus</strong></span> <span class='ocrx_word' id='word_1_1122' title='bbox 1939 2588 1975 2619; x_wconf 88' lang='lat' dir='ltr'><strong>in</strong></span> <span class='ocrx_word' id='word_1_1123' title='bbox 1991 2588 2054 2620; x_wconf 81' lang='lat' dir='ltr'><strong>illis</strong></span> <span class='ocrx_word' id='word_1_1124' title='bbox 2069 2588 2126 2620; x_wconf 88' lang='lat' dir='ltr'><strong>tali</strong></span> <span class='ocrx_word' id='word_1_1125' title='bbox 2143 2588 2401 2622; x_wconf 61' lang='lat' dir='ltr'><strong>individuam*</strong></span> <span class='ocrx_word' id='word_1_1126' title='bbox 2449 2590 2499 2623; x_wconf 68' lang='lat' dir='ltr'><strong>u!-</strong></span> 
     </span>
     <span class='ocr_line' id='line_1_147' title="bbox 1416 2633 2498 2676; baseline 0.004 -13"><span class='ocrx_word' id='word_1_1127' title='bbox 1416 2633 1628 2673; x_wconf 90' lang='lat' dir='ltr'><strong>tiplicatione.</strong></span> <span class='ocrx_word' id='word_1_1128' title='bbox 1645 2650 1669 2656; x_wconf 94' lang='lat'>-</span> <span class='ocrx_word' id='word_1_1129' title='bbox 1683 2633 1779 2664; x_wconf 89' lang='lat' dir='ltr'><strong>Ratio</strong></span> <span class='ocrx_word' id='word_1_1130' title='bbox 1803 2638 1914 2664; x_wconf 88' lang='lat' dir='ltr'><strong>autem</strong></span> <span class='ocrx_word' id='word_1_1131' title='bbox 1929 2642 2028 2674; x_wconf 85' lang='lat' dir='ltr'><strong>quam</strong></span> <span class='ocrx_word' id='word_1_1132' title='bbox 2045 2633 2178 2665; x_wconf 87' lang='lat' dir='ltr'><strong>adducit</strong></span> <span class='ocrx_word' id='word_1_1133' title='bbox 2193 2633 2321 2671; x_wconf 85' lang='lat' dir='ltr'><strong>Scotus,</strong></span> <span class='ocrx_word' id='word_1_1134' title='bbox 2338 2644 2407 2666; x_wconf 90' lang='lat' dir='ltr'><strong>non</strong></span> <span class='ocrx_word' id='word_1_1135' title='bbox 2423 2641 2498 2676; x_wconf 88' lang='lat' dir='ltr'><strong>pot·</strong></span> 
     </span>
     <span class='ocr_line' id='line_1_148' title="bbox 1417 2677 2498 2719; baseline 0.004 -11"><span class='ocrx_word' id='word_1_1136' title='bbox 1417 2682 1466 2709; x_wconf 87' lang='lat' dir='ltr'><strong>est</strong></span> <span class='ocrx_word' id='word_1_1137' title='bbox 1491 2687 1561 2709; x_wconf 85' lang='lat' dir='ltr'><strong>esse</strong></span> <span class='ocrx_word' id='word_1_1138' title='bbox 1595 2687 1693 2710; x_wconf 85' lang='lat' dir='ltr'><strong>causa</strong></span> <span class='ocrx_word' id='word_1_1139' title='bbox 1718 2677 1998 2719; x_wconf 79' lang='lat' dir='ltr'><strong>multiplicationis</strong></span> <span class='ocrx_word' id='word_1_1140' title='bbox 2027 2678 2060 2709; x_wconf 90' lang='lat' dir='ltr'><strong>in</strong></span> <span class='ocrx_word' id='word_1_1141' title='bbox 2088 2684 2164 2713; x_wconf 77' lang='lat' dir='ltr'><strong>actu</strong></span> <span class='ocrx_word' id='word_1_1142' title='bbox 2178 2679 2434 2715; x_wconf 75' lang='lat' dir='ltr'><strong>individuorum</strong></span> <span class='ocrx_word' id='word_1_1143' title='bbox 2464 2681 2498 2712; x_wconf 88' lang='lat' dir='ltr'><strong>in</strong></span> 
     </span>
     <span class='ocr_line' id='line_1_149' title="bbox 1414 2722 2498 2764; baseline 0.005 -12"><span class='ocrx_word' id='word_1_1144' title='bbox 1414 2722 1513 2755; x_wconf 81' lang='lat' dir='ltr'><strong>rebus</strong></span> <span class='ocrx_word' id='word_1_1145' title='bbox 1535 2722 1812 2764; x_wconf 87' lang='lat' dir='ltr'><strong>corruptibilibus.</strong></span> <span class='ocrx_word' id='word_1_1146' title='bbox 1831 2722 1929 2762; x_wconf 75' lang='lat' dir='ltr'><strong>Quia,</strong></span> <span class='ocrx_word' id='word_1_1147' title='bbox 1946 2732 2024 2754; x_wconf 80' lang='lat' dir='ltr'><strong>cum</strong></span> <span class='ocrx_word' id='word_1_1148' title='bbox 2044 2723 2102 2754; x_wconf 73' lang='lat' dir='ltr'><strong>illa</strong></span> <span class='ocrx_word' id='word_1_1149' title='bbox 2122 2732 2222 2755; x_wconf 81' lang='lat' dir='ltr'><strong>eausa</strong></span> <span class='ocrx_word' id='word_1_1150' title='bbox 2245 2725 2296 2762; x_wconf 77' lang='lat' dir='ltr'><strong>sit,</strong></span> <span class='ocrx_word' id='word_1_1151' title='bbox 2314 2724 2498 2757; x_wconf 72' lang='lat' dir='ltr'><strong>seeundum</strong></span> 
     </span>
     <span class='ocr_line' id='line_1_150' title="bbox 1416 2766 2498 2811; baseline 0.004 -13"><span class='ocrx_word' id='word_1_1152' title='bbox 1416 2767 1536 2808; x_wconf 89' lang='lat' dir='ltr'><strong>ipsum,</strong></span> <span class='ocrx_word' id='word_1_1153' title='bbox 1553 2767 1707 2798; x_wconf 89' lang='lat' dir='ltr'><strong>omnibus</strong></span> <span class='ocrx_word' id='word_1_1154' title='bbox 1729 2766 1973 2808; x_wconf 85' lang='lat' dir='ltr'><strong>quidditatibus,</strong></span> <span class='ocrx_word' id='word_1_1155' title='bbox 1990 2773 2056 2799; x_wconf 88' lang='lat' dir='ltr'><strong>tam</strong></span> <span class='ocrx_word' id='word_1_1156' title='bbox 2076 2768 2295 2801; x_wconf 86' lang='lat' dir='ltr'><strong>materialibus</strong></span> <span class='ocrx_word' id='word_1_1157' title='bbox 2313 2779 2414 2811; x_wconf 87' lang='lat' dir='ltr'><strong>quam</strong></span> <span class='ocrx_word' id='word_1_1158' title='bbox 2436 2770 2498 2802; x_wconf 81' lang='lat' dir='ltr'><strong>im-</strong></span> 
     </span>
     <span class='ocr_line' id='line_1_151' title="bbox 1416 2812 2498 2856; baseline 0.002 -12"><span class='ocrx_word' id='word_1_1159' title='bbox 1416 2812 1646 2849; x_wconf 78' lang='lat' dir='ltr'><strong>materialibus.</strong></span> <span class='ocrx_word' id='word_1_1160' title='bbox 1657 2813 1858 2850; x_wconf 83' lang='lat' dir='ltr'><strong>communis;</strong></span> <span class='ocrx_word' id='word_1_1161' title='bbox 1872 2822 1938 2854; x_wconf 85' lang='lat' dir='ltr'><strong>qua</strong></span> <span class='ocrx_word' id='word_1_1162' title='bbox 1949 2813 2075 2844; x_wconf 87' lang='lat' dir='ltr'><strong>ratione</strong></span> <span class='ocrx_word' id='word_1_1163' title='bbox 2086 2813 2252 2845; x_wconf 85' lang='lat' dir='ltr'><strong>individua</strong></span> <span class='ocrx_word' id='word_1_1164' title='bbox 2265 2814 2298 2846; x_wconf 89' lang='lat' dir='ltr'><strong>in</strong></span> <span class='ocrx_word' id='word_1_1165' title='bbox 2311 2824 2376 2846; x_wconf 90' lang='lat' dir='ltr'><strong>una</strong></span> <span class='ocrx_word' id='word_1_1166' title='bbox 2389 2815 2498 2856; x_wconf 82' lang='lat' dir='ltr'><strong>specie</strong></span> 
     </span>
     <span class='ocr_line' id='line_1_152' title="bbox 1416 2857 2498 2899; baseline 0.004 -11"><span class='ocrx_word' id='word_1_1167' title='bbox 1416 2867 1526 2888; x_wconf 90' lang='lat' dir='ltr'><strong>rerum</strong></span> <span class='ocrx_word' id='word_1_1168' title='bbox 1549 2857 1812 2898; x_wconf 87' lang='lat' dir='ltr'><strong>corruptibilium</strong></span> <span class='ocrx_word' id='word_1_1169' title='bbox 1834 2857 2104 2899; x_wconf 88' lang='lat' dir='ltr'><strong>multiplicantur,</strong></span> <span class='ocrx_word' id='word_1_1170' title='bbox 2127 2857 2242 2890; x_wconf 83' lang='lat' dir='ltr'><strong>eadem</strong></span> <span class='ocrx_word' id='word_1_1171' title='bbox 2265 2860 2391 2891; x_wconf 89' lang='lat' dir='ltr'><strong>ratione</strong></span> <span class='ocrx_word' id='word_1_1172' title='bbox 2413 2859 2498 2892; x_wconf 90' lang='lat' dir='ltr'><strong>indi-</strong></span> 
     </span>
     <span class='ocr_line' id='line_1_153' title="bbox 1416 2901 2460 2945; baseline 0.003 -12"><span class='ocrx_word' id='word_1_1173' title='bbox 1416 2901 1515 2933; x_wconf 86' lang='lat' dir='ltr'><strong>vidua</strong></span> <span class='ocrx_word' id='word_1_1174' title='bbox 1530 2902 1564 2933; x_wconf 89' lang='lat' dir='ltr'><strong>in</strong></span> <span class='ocrx_word' id='word_1_1175' title='bbox 1578 2903 1677 2934; x_wconf 74' lang='lat' dir='ltr'><strong>rebus</strong></span> <span class='ocrx_word' id='word_1_1176' title='bbox 1692 2902 1995 2943; x_wconf 81' lang='lat' dir='ltr'><strong>incorruptibilibus</strong></span> <span class='ocrx_word' id='word_1_1177' title='bbox 2018 2903 2123 2934; x_wconf 86' lang='lat' dir='ltr'><strong>multa</strong></span> <span class='ocrx_word' id='word_1_1178' title='bbox 2144 2909 2266 2935; x_wconf 77' lang='lat' dir='ltr'><strong>essent:</strong></span> <span class='ocrx_word' id='word_1_1179' title='bbox 2285 2905 2394 2945; x_wconf 76' lang='lat' dir='ltr'><strong>posita</strong></span> <span class='ocrx_word' id='word_1_1180' title='bbox 2453 2905 2460 2912; x_wconf 77' lang='lat'><em>⁶</em></span> 
     </span>
     <span class='ocr_line' id='line_1_154' title="bbox 1416 2946 2384 2989; baseline 0.003 -11"><span class='ocrx_word' id='word_1_1181' title='bbox 1416 2955 1523 2984; x_wconf 76' lang='lat' dir='ltr'><strong>causa,</strong></span> <span class='ocrx_word' id='word_1_1182' title='bbox 1540 2955 1675 2978; x_wconf 78' lang='lat' dir='ltr'><strong>necesse</strong></span> <span class='ocrx_word' id='word_1_1183' title='bbox 1690 2952 1739 2978; x_wconf 78' lang='lat' dir='ltr'><strong>est</strong></span> <span class='ocrx_word' id='word_1_1184' title='bbox 1754 2946 1908 2979; x_wconf 81' lang='lat' dir='ltr'><strong>effectum</strong></span> <span class='ocrx_word' id='word_1_1185' title='bbox 1922 2949 2014 2989; x_wconf 88' lang='lat' dir='ltr'><strong>poni.</strong></span> <span class='ocrx_word' id='word_1_1186' title='bbox 2025 2947 2128 2986; x_wconf 90' lang='lat' dir='ltr'><strong>Quod</strong></span> <span class='ocrx_word' id='word_1_1187' title='bbox 2143 2957 2220 2980; x_wconf 88' lang='lat' dir='ltr'><strong>cum</strong></span> <span class='ocrx_word' id='word_1_1188' title='bbox 2230 2953 2347 2980; x_wconf 79' lang='lat' dir='ltr'><strong>verum</strong></span> <span class='ocrx_word' id='word_1_1189' title='bbox 2356 2958 2384 2981; x_wconf 76' lang='lat' dir='ltr'><strong>n</strong></span> 
     </span>
     <span class='ocr_line' id='line_1_155' title="bbox 1416 2991 2499 3035; baseline 0.004 -13"><span class='ocrx_word' id='word_1_1190' title='bbox 1416 2998 1453 3022; x_wconf 88' lang='lat' dir='ltr'><strong>ut</strong></span> <span class='ocrx_word' id='word_1_1191' title='bbox 1470 2997 1559 3033; x_wconf 85' lang='lat' dir='ltr'><strong>patet</strong></span> <span class='ocrx_word' id='word_1_1192' title='bbox 1575 2991 1616 3023; x_wconf 91' lang='lat' dir='ltr'><strong>de</strong></span> <span class='ocrx_word' id='word_1_1193' title='bbox 1632 2992 1704 3023; x_wconf 88' lang='lat' dir='ltr'><strong>sole</strong></span> <span class='ocrx_word' id='word_1_1194' title='bbox 1723 2997 1757 3023; x_wconf 90' lang='lat' dir='ltr'><strong>et</strong></span> <span class='ocrx_word' id='word_1_1195' title='bbox 1775 2992 1864 3032; x_wconf 83' lang='lat' dir='ltr'><strong>luna,</strong></span> <span class='ocrx_word' id='word_1_1196' title='bbox 1892 2998 1982 3033; x_wconf 75' lang='lat' dir='ltr'><strong>patet</strong></span> <span class='ocrx_word' id='word_1_1197' title='bbox 2004 2992 2096 3033; x_wconf 91' lang='lat' dir='ltr'><strong>quod</strong></span> <span class='ocrx_word' id='word_1_1198' title='bbox 2116 2992 2173 3024; x_wconf 85' lang='lat' dir='ltr'><strong>illa</strong></span> <span class='ocrx_word' id='word_1_1199' title='bbox 2191 3002 2262 3024; x_wconf 84' lang='lat' dir='ltr'><strong>non</strong></span> <span class='ocrx_word' id='word_1_1200' title='bbox 2283 2999 2332 3025; x_wconf 74' lang='lat' dir='ltr'><strong>est</strong></span> <span class='ocrx_word' id='word_1_1201' title='bbox 2353 2994 2499 3035; x_wconf 61' lang='grc' dir='ltr'><strong>μηδ-ι</strong></span> 
     </span>
    </p>
   </div>
   <div class='ocr_carea' id='block_1_21' title="bbox 2532 2128 2650 2149">
    <p class='ocr_par' dir='ltr' id='par_1_26' title="bbox 2532 2128 2650 2149">
     <span class='ocr_line' id='line_1_156' title="bbox 2532 2128 2650 2149; baseline 0.017 -2"><span class='ocrx_word' id='word_1_1202' title='bbox 2532 2128 2566 2147; x_wconf 63' lang='lat' dir='ltr'><strong>M*</strong></span> <span class='ocrx_word' id='word_1_1203' title='bbox 2591 2139 2605 2148; x_wconf 55' lang='lat' dir='ltr'><strong>m</strong></span> <span class='ocrx_word' id='word_1_1204' title='bbox 2644 2146 2650 2149; x_wconf 72' lang='grc'>,</span> 
     </span>
    </p>
   </div>
   <div class='ocr_carea' id='block_1_22' title="bbox 1416 3036 2558 3080">
    <p class='ocr_par' dir='ltr' id='par_1_27' title="bbox 1416 3036 2617 3080">
     <span class='ocr_line' id='line_1_157' title="bbox 1416 3036 2558 3080; baseline 0.002 -13"><span class='ocrx_word' id='word_1_1205' title='bbox 1416 3045 1514 3068; x_wconf 80' lang='lat' dir='ltr'><strong>causa</strong></span> <span class='ocrx_word' id='word_1_1206' title='bbox 1535 3036 1817 3079; x_wconf 79' lang='lat' dir='ltr'><strong>multiplicationis</strong></span> <span class='ocrx_word' id='word_1_1207' title='bbox 1838 3037 1874 3068; x_wconf 88' lang='lat' dir='ltr'><strong>in</strong></span> <span class='ocrx_word' id='word_1_1208' title='bbox 1897 3038 1994 3069; x_wconf 81' lang='lat' dir='ltr'><strong>rebus</strong></span> <span class='ocrx_word' id='word_1_1209' title='bbox 2017 3038 2295 3078; x_wconf 77' lang='lat' dir='ltr'><strong>corruptibilibus,</strong></span> <span class='ocrx_word' id='word_1_1210' title='bbox 2317 3038 2498 3080; x_wconf 65' lang='lat' dir='ltr'><strong>eed&#39;mqis</strong></span> <span class='ocrx_word' id='word_1_1211' title='bbox 2528 3072 2531 3075; x_wconf 67' lang='grc'><strong>,</strong></span> <span class='ocrx_word' id='word_1_1212' title='bbox 2552 3050 2594 3077; x_wconf 67' lang='lat'><em>5</em></span> 
     </span>
    </p>
   </div>
   <div class='ocr_carea' id='block_1_23' title="bbox 1415 3081 2497 3704">
    <p class='ocr_par' dir='ltr' id='par_1_28' title="bbox 1415 3081 2497 3704">
     <span class='ocr_line' id='line_1_158' title="bbox 1418 3081 2484 3123; baseline 0.001 -11"><span class='ocrx_word' id='word_1_1213' title='bbox 1418 3090 1456 3112; x_wconf 85' lang='lat' dir='ltr'><strong>ea</strong></span> <span class='ocrx_word' id='word_1_1214' title='bbox 1476 3090 1588 3123; x_wconf 79' lang='lat' dir='ltr'><strong>quam,</strong></span> <span class='ocrx_word' id='word_1_1215' title='bbox 1605 3081 1647 3113; x_wconf 83' lang='lat' dir='ltr'><strong>de</strong></span> <span class='ocrx_word' id='word_1_1216' title='bbox 1663 3087 1776 3114; x_wconf 83' lang='lat' dir='ltr'><strong>mente</strong></span> <span class='ocrx_word' id='word_1_1217' title='bbox 1788 3081 1982 3119; x_wconf 65' lang='lat' dir='ltr'><strong>Aristotelis,</strong></span> <span class='ocrx_word' id='word_1_1218' title='bbox 2001 3083 2104 3123; x_wconf 84' lang='lat' dir='ltr'><strong>tangit</strong></span> <span class='ocrx_word' id='word_1_1219' title='bbox 2124 3082 2263 3114; x_wconf 80' lang='lat' dir='ltr'><strong>Sanctus</strong></span> <span class='ocrx_word' id='word_1_1220' title='bbox 2278 3083 2437 3115; x_wconf 76' lang='lat' dir='ltr'><strong>Thomas.</strong></span> <span class='ocrx_word' id='word_1_1221' title='bbox 2469 3084 2484 3113; x_wconf 70' lang='grc' dir='ltr'><strong>ι’</strong></span> 
     </span>
     <span class='ocr_line' id='line_1_159' title="bbox 1473 3125 2497 3163; baseline 0.003 -6"><span class='ocrx_word' id='word_1_1222' title='bbox 1473 3126 1512 3157; x_wconf 89' lang='lat' dir='ltr'><strong>V.</strong></span> <span class='ocrx_word' id='word_1_1223' title='bbox 1539 3126 1680 3163; x_wconf 82' lang='lat' dir='ltr'><strong>Quarto.</strong></span> <span class='ocrx_word' id='word_1_1224' title='bbox 1704 3125 1866 3158; x_wconf 73' lang='lat' dir='ltr'><strong>perfectio</strong></span> <span class='ocrx_word' id='word_1_1225' title='bbox 1890 3127 2034 3158; x_wconf 82' lang='lat' dir='ltr'><strong>universi</strong></span> <span class='ocrx_word' id='word_1_1226' title='bbox 2050 3127 2192 3159; x_wconf 76' lang='lat' dir='ltr'><strong>maxime</strong></span> <span class='ocrx_word' id='word_1_1227' title='bbox 2207 3128 2358 3160; x_wconf 75' lang='lat' dir='ltr'><strong>consistit</strong></span> <span class='ocrx_word' id='word_1_1228' title='bbox 2369 3128 2497 3160; x_wconf 60' lang='lat' dir='ltr'><strong>inas-b</strong></span> 
     </span>
     <span class='ocr_line' id='line_1_160' title="bbox 1417 3171 2496 3214; baseline 0.002 -12"><span class='ocrx_word' id='word_1_1229' title='bbox 1417 3171 1541 3202; x_wconf 84' lang='lat' dir='ltr'><strong>stantiis</strong></span> <span class='ocrx_word' id='word_1_1230' title='bbox 1563 3171 1727 3213; x_wconf 88' lang='lat' dir='ltr'><strong>separatis.</strong></span> <span class='ocrx_word' id='word_1_1231' title='bbox 1754 3171 1841 3211; x_wconf 78' lang='lat' dir='ltr'><strong>Ergo</strong></span> <span class='ocrx_word' id='word_1_1232' title='bbox 1872 3172 1974 3213; x_wconf 82' lang='lat' dir='ltr'><strong>magis</strong></span> <span class='ocrx_word' id='word_1_1233' title='bbox 1998 3173 2157 3213; x_wconf 86' lang='lat' dir='ltr'><strong>competit</strong></span> <span class='ocrx_word' id='word_1_1234' title='bbox 2184 3172 2275 3213; x_wconf 90' lang='lat' dir='ltr'><strong>quod</strong></span> <span class='ocrx_word' id='word_1_1235' title='bbox 2300 3173 2366 3204; x_wconf 74' lang='lat' dir='ltr'><strong>sint</strong></span> <span class='ocrx_word' id='word_1_1236' title='bbox 2382 3172 2496 3214; x_wconf 63' lang='lat' dir='ltr'><strong>plumes</strong></span> 
     </span>
     <span class='ocr_line' id='line_1_161' title="bbox 1416 3215 2496 3257; baseline 0.002 -10"><span class='ocrx_word' id='word_1_1237' title='bbox 1416 3215 1600 3248; x_wconf 88' lang='lat' dir='ltr'><strong>secundum</strong></span> <span class='ocrx_word' id='word_1_1238' title='bbox 1623 3217 1768 3257; x_wconf 83' lang='lat' dir='ltr'><strong>speciem</strong></span> <span class='ocrx_word' id='word_1_1239' title='bbox 1791 3225 1892 3257; x_wconf 87' lang='lat' dir='ltr'><strong>quam</strong></span> <span class='ocrx_word' id='word_1_1240' title='bbox 1915 3216 2098 3248; x_wconf 80' lang='lat' dir='ltr'><strong>secundum</strong></span> <span class='ocrx_word' id='word_1_1241' title='bbox 2125 3224 2302 3249; x_wconf 84' lang='lat' dir='ltr'><strong>numerum</strong></span> <span class='ocrx_word' id='word_1_1242' title='bbox 2323 3216 2496 3249; x_wconf 62' lang='lat' dir='ltr'><strong>munem</strong></span> 
     </span>
     <span class='ocr_line' id='line_1_162' title="bbox 1417 3260 2496 3303; baseline 0.001 -11"><span class='ocrx_word' id='word_1_1243' title='bbox 1417 3261 1537 3302; x_wconf 90' lang='lat' dir='ltr'><strong>specie.</strong></span> <span class='ocrx_word' id='word_1_1244' title='bbox 1561 3278 1583 3284; x_wconf 90' lang='lat'>-</span> <span class='ocrx_word' id='word_1_1245' title='bbox 1606 3260 1766 3292; x_wconf 84' lang='lat' dir='ltr'><strong>Probatur</strong></span> <span class='ocrx_word' id='word_1_1246' title='bbox 1788 3261 2033 3302; x_wconf 78' lang='lat' dir='ltr'><strong>consequentia.</strong></span> <span class='ocrx_word' id='word_1_1247' title='bbox 2055 3261 2146 3300; x_wconf 75' lang='lat' dir='ltr'><strong>Quia</strong></span> <span class='ocrx_word' id='word_1_1248' title='bbox 2164 3260 2403 3302; x_wconf 55' lang='lat' dir='ltr'><strong>multiplicatio*</strong></span> <span class='ocrx_word' id='word_1_1249' title='bbox 2422 3270 2496 3303; x_wconf 82' lang='lat' dir='ltr'><strong>spe-</strong></span> 
     </span>
     <span class='ocr_line' id='line_1_163' title="bbox 1418 3305 2496 3347; baseline 0.002 -11"><span class='ocrx_word' id='word_1_1250' title='bbox 1418 3306 1542 3336; x_wconf 84' lang='lat' dir='ltr'><strong>cierum</strong></span> <span class='ocrx_word' id='word_1_1251' title='bbox 1558 3305 1632 3346; x_wconf 89' lang='lat' dir='ltr'><strong>plus</strong></span> <span class='ocrx_word' id='word_1_1252' title='bbox 1648 3305 1825 3337; x_wconf 80' lang='lat' dir='ltr'><strong>nobilitatis</strong></span> <span class='ocrx_word' id='word_1_1253' title='bbox 1840 3312 1874 3337; x_wconf 80' lang='lat' dir='ltr'><strong>et</strong></span> <span class='ocrx_word' id='word_1_1254' title='bbox 1886 3306 2098 3347; x_wconf 76' lang='lat' dir='ltr'><strong>perfectionis</strong></span> <span class='ocrx_word' id='word_1_1255' title='bbox 2112 3305 2202 3338; x_wconf 77' lang='lat' dir='ltr'><strong>addit</strong></span> <span class='ocrx_word' id='word_1_1256' title='bbox 2215 3306 2377 3338; x_wconf 60' lang='lat' dir='ltr'><strong>universo</strong></span> <span class='ocrx_word' id='word_1_1257' title='bbox 2395 3314 2496 3346; x_wconf 87' lang='lat' dir='ltr'><strong>quam</strong></span> 
     </span>
     <span class='ocr_line' id='line_1_164' title="bbox 1418 3349 2496 3392; baseline 0.001 -11"><span class='ocrx_word' id='word_1_1258' title='bbox 1418 3350 1645 3392; x_wconf 89' lang='lat' dir='ltr'><strong>multiplicatio</strong></span> <span class='ocrx_word' id='word_1_1259' title='bbox 1674 3349 1919 3382; x_wconf 87' lang='lat' dir='ltr'><strong>individuorum</strong></span> <span class='ocrx_word' id='word_1_1260' title='bbox 1946 3351 1980 3382; x_wconf 87' lang='lat' dir='ltr'><strong>in</strong></span> <span class='ocrx_word' id='word_1_1261' title='bbox 1995 3360 2071 3382; x_wconf 63' lang='lat' dir='ltr'><strong>⁴una</strong></span> <span class='ocrx_word' id='word_1_1262' title='bbox 2094 3351 2220 3392; x_wconf 60' lang='lat' dir='ltr'><strong>speaks</strong></span> <span class='ocrx_word' id='word_1_1263' title='bbox 2230 3358 2311 3383; x_wconf 81' lang='lat' dir='ltr'><strong>eum</strong></span> <span class='ocrx_word' id='word_1_1264' title='bbox 2334 3350 2425 3390; x_wconf 85' lang='lat' dir='ltr'><strong>qnod</strong></span> <span class='ocrx_word' id='word_1_1265' title='bbox 2439 3357 2496 3382; x_wconf 74' lang='lat' dir='ltr'><strong>=est</strong></span> 
     </span>
     <span class='ocr_line' id='line_1_165' title="bbox 1417 3393 2496 3437; baseline 0.003 -12"><span class='ocrx_word' id='word_1_1266' title='bbox 1417 3395 1538 3435; x_wconf 86' lang='lat' dir='ltr'><strong>speciei</strong></span> <span class='ocrx_word' id='word_1_1267' title='bbox 1557 3395 1591 3427; x_wconf 89' lang='lat' dir='ltr'><strong>in</strong></span> <span class='ocrx_word' id='word_1_1268' title='bbox 1611 3404 1828 3437; x_wconf 85' lang='lat' dir='ltr'><strong>unoquoque,</strong></span> <span class='ocrx_word' id='word_1_1269' title='bbox 1849 3395 1978 3436; x_wconf 76' lang='lat' dir='ltr'><strong>dignius</strong></span> <span class='ocrx_word' id='word_1_1270' title='bbox 1999 3397 2046 3427; x_wconf 72' lang='lat' dir='ltr'><strong>aie</strong></span> <span class='ocrx_word' id='word_1_1271' title='bbox 2064 3393 2221 3435; x_wconf 69' lang='lat' dir='ltr'><strong>eo&gt;qued</strong></span> <span class='ocrx_word' id='word_1_1272' title='bbox 2244 3399 2292 3426; x_wconf 84' lang='lat' dir='ltr'><strong>est</strong></span> <span class='ocrx_word' id='word_1_1273' title='bbox 2314 3394 2496 3428; x_wconf 78' lang='lat' dir='ltr'><strong>individua-</strong></span> 
     </span>
     <span class='ocr_line' id='line_1_166' title="bbox 1416 3440 2442 3481; baseline 0.003 -10"><span class='ocrx_word' id='word_1_1274' title='bbox 1416 3440 1514 3472; x_wconf 80' lang='lat' dir='ltr'><strong>tionis</strong></span> <span class='ocrx_word' id='word_1_1275' title='bbox 1537 3440 1642 3481; x_wconf 80' lang='lat' dir='ltr'><strong>princi</strong></span> <span class='ocrx_word' id='word_1_1276' title='bbox 1668 3441 1747 3471; x_wconf 87' lang='lat' dir='ltr'><strong>&#39;um.</strong></span> <span class='ocrx_word' id='word_1_1277' title='bbox 1792 3450 1819 3456; x_wconf 88' lang='lat'><strong>··</strong></span> <span class='ocrx_word' id='word_1_1278' title='bbox 2031 3459 2033 3474; x_wconf 69' lang='lat'>‹</span> <span class='ocrx_word' id='word_1_1279' title='bbox 2064 3449 2081 3462; x_wconf 48' lang='lat'><strong>&#39;³</strong></span> <span class='ocrx_word' id='word_1_1280' title='bbox 2439 3441 2442 3447; x_wconf 81' lang='grc'>’</span> 
     </span>
     <span class='ocr_line' id='line_1_167' title="bbox 1472 3482 2495 3527; baseline 0.001 -12"><span class='ocrx_word' id='word_1_1281' title='bbox 1472 3484 1636 3516; x_wconf 81' lang='lat' dir='ltr'><strong>Adverten</strong></span> <span class='ocrx_word' id='word_1_1282' title='bbox 1660 3493 1717 3517; x_wconf 85' lang='lat' dir='ltr'><strong>um</strong></span> <span class='ocrx_word' id='word_1_1283' title='bbox 1737 3483 1828 3527; x_wconf 83' lang='lat' dir='ltr'><strong>quod</strong></span> <span class='ocrx_word' id='word_1_1284' title='bbox 1849 3484 2010 3521; x_wconf 76' lang='lat' dir='ltr'><strong>istaratio</strong></span> <span class='ocrx_word' id='word_1_1285' title='bbox 2023 3492 2097 3515; x_wconf 69' lang='lat' dir='ltr'><strong>non</strong></span> <span class='ocrx_word' id='word_1_1286' title='bbox 2113 3482 2324 3514; x_wconf 84' lang='lat' dir='ltr'><strong>concluderet</strong></span> <span class='ocrx_word' id='word_1_1287' title='bbox 2343 3483 2385 3515; x_wconf 86' lang='lat' dir='ltr'><strong>de</strong></span> <span class='ocrx_word' id='word_1_1288' title='bbox 2399 3485 2495 3522; x_wconf 83' lang='lat' dir='ltr'><strong>rebus</strong></span> 
     </span>
     <span class='ocr_line' id='line_1_168' title="bbox 1417 3527 2495 3568; baseline 0.002 -9"><span class='ocrx_word' id='word_1_1289' title='bbox 1417 3529 1644 3566; x_wconf 76' lang='lat' dir='ltr'><strong>materialibus,</strong></span> <span class='ocrx_word' id='word_1_1290' title='bbox 1661 3529 1736 3561; x_wconf 83' lang='lat' dir='ltr'><strong>licet</strong></span> <span class='ocrx_word' id='word_1_1291' title='bbox 1752 3529 1792 3561; x_wconf 87' lang='lat' dir='ltr'><strong>de</strong></span> <span class='ocrx_word' id='word_1_1292' title='bbox 1807 3529 1904 3561; x_wconf 73' lang='lat' dir='ltr'><strong>rebus</strong></span> <span class='ocrx_word' id='word_1_1293' title='bbox 1919 3527 2184 3560; x_wconf 63' lang='lat' dir='ltr'><strong>mmoedaubus</strong></span> <span class='ocrx_word' id='word_1_1294' title='bbox 2203 3528 2395 3560; x_wconf 62' lang='lat' dir='ltr'><strong>concludat.</strong></span> <span class='ocrx_word' id='word_1_1295' title='bbox 2406 3528 2495 3568; x_wconf 84' lang='lat' dir='ltr'><strong>Quia</strong></span> 
     </span>
     <span class='ocr_line' id='line_1_169' title="bbox 1417 3573 2494 3615; baseline 0.002 -12"><span class='ocrx_word' id='word_1_1296' title='bbox 1417 3583 1466 3604; x_wconf 89' lang='lat' dir='ltr'><strong>res</strong></span> <span class='ocrx_word' id='word_1_1297' title='bbox 1489 3573 1669 3606; x_wconf 81' lang='lat' dir='ltr'><strong>materiales</strong></span> <span class='ocrx_word' id='word_1_1298' title='bbox 1691 3573 1921 3615; x_wconf 71' lang='lat' dir='ltr'><strong>corruptibiles</strong></span> <span class='ocrx_word' id='word_1_1299' title='bbox 1939 3580 2009 3604; x_wconf 84' lang='lat' dir='ltr'><strong>non</strong></span> <span class='ocrx_word' id='word_1_1300' title='bbox 2032 3578 2171 3613; x_wconf 83' lang='lat' dir='ltr'><strong>possunt</strong></span> <span class='ocrx_word' id='word_1_1301' title='bbox 2185 3573 2219 3604; x_wconf 85' lang='lat' dir='ltr'><strong>in</strong></span> <span class='ocrx_word' id='word_1_1302' title='bbox 2235 3582 2304 3605; x_wconf 90' lang='lat' dir='ltr'><strong>uno</strong></span> <span class='ocrx_word' id='word_1_1303' title='bbox 2325 3573 2494 3611; x_wconf 67' lang='lat' dir='ltr'><strong>individuo</strong></span> 
     </span>
     <span class='ocr_line' id='line_1_170' title="bbox 1415 3616 2495 3659; baseline 0 -9"><span class='ocrx_word' id='word_1_1304' title='bbox 1415 3619 1611 3659; x_wconf 77' lang='lat' dir='ltr'><strong>perpetuari,</strong></span> <span class='ocrx_word' id='word_1_1305' title='bbox 1635 3618 1720 3650; x_wconf 79' lang='lat' dir='ltr'><strong>sicut</strong></span> <span class='ocrx_word' id='word_1_1306' title='bbox 1741 3627 1801 3654; x_wconf 59' lang='lat' dir='ltr'><strong>res,</strong></span> <span class='ocrx_word' id='word_1_1307' title='bbox 1815 3616 2052 3649; x_wconf 80' lang='lat' dir='ltr'><strong>immateriales.</strong></span> <span class='ocrx_word' id='word_1_1308' title='bbox 2078 3617 2120 3648; x_wconf 89' lang='lat' dir='ltr'><strong>Et</strong></span> <span class='ocrx_word' id='word_1_1309' title='bbox 2141 3617 2227 3654; x_wconf 82' lang='lat' dir='ltr'><strong>ideo,</strong></span> <span class='ocrx_word' id='word_1_1310' title='bbox 2251 3618 2406 3659; x_wconf 69' lang='lat' dir='ltr'><strong>quamvis</strong></span> <span class='ocrx_word' id='word_1_1311' title='bbox 2421 3619 2495 3649; x_wconf 85' lang='lat' dir='ltr'><strong>uni-</strong></span> 
     </span>
     <span class='ocr_line' id='line_1_171' title="bbox 1416 3662 2495 3704; baseline 0.002 -12"><span class='ocrx_word' id='word_1_1312' title='bbox 1416 3671 1554 3699; x_wconf 71' lang='lat' dir='ltr'><strong>versum,</strong></span> <span class='ocrx_word' id='word_1_1313' title='bbox 1568 3663 1743 3704; x_wconf 75' lang='lat' dir='ltr'><strong>perfectius</strong></span> <span class='ocrx_word' id='word_1_1314' title='bbox 1760 3667 1851 3694; x_wconf 54' lang='lat' dir='ltr'><strong>«esset</strong></span> <span class='ocrx_word' id='word_1_1315' title='bbox 1872 3662 1933 3703; x_wconf 80' lang='lat' dir='ltr'><strong>pro</strong></span> <span class='ocrx_word' id='word_1_1316' title='bbox 1957 3667 2036 3693; x_wconf 85' lang='lat' dir='ltr'><strong>tunc</strong></span> <span class='ocrx_word' id='word_1_1317' title='bbox 2059 3662 2085 3693; x_wconf 79' lang='lat' dir='ltr'><strong>ei</strong></span> <span class='ocrx_word' id='word_1_1318' title='bbox 2109 3671 2224 3694; x_wconf 87' lang='lat' dir='ltr'><strong>omnes</strong></span> <span class='ocrx_word' id='word_1_1319' title='bbox 2243 3672 2294 3694; x_wconf 76' lang='lat' dir='ltr'><strong>res</strong></span> <span class='ocrx_word' id='word_1_1320' title='bbox 2316 3662 2495 3701; x_wconf 74' lang='lat' dir='ltr'><strong>materiales</strong></span> 
     </span>
    </p>
   </div>
  </div>
 </body>
</html>
