2768 4134
0 1832 2 1842 —
0 1818 3 1827 ν-
0 1736 7 1809 η’-τψ
0 1425 9 1732 νν-τψ--π-επη-π-υακν-ύ
0 1363 4 1375 v

45 1249 57 1260 ·
70 1248 104 1270 lv
117 1247 192 1275 Sem„
206 1247 229 1269 d.
246 1254 262 1274 ι,

41 1274 143 1304 413ed.
153 1280 209 1303 ¹497
218 1274 262 1303 f.3.

52 2894 62 2904 ’
75 2894 127 2915 Art.
141 2898 160 2920 5.

770 279 958 316 SUMMA
987 279 1209 317 CONTRA
1237 279 1511 325 GENTILES,
1540 281 1633 317 LIB.
1660 281 1700 326 11,
1732 280 1842 317 CAP.
1868 281 1968 317 XXI.

285 359 319 389 in
335 358 511 389 effectibus.
530 356 570 388 Et
585 359 630 388 sic
647 357 762 388 dicitur
778 358 968 398 praecedere
985 359 1045 389 alia
1061 360 1111 389 via
1131 360 1356 399 generationi5‚

286 404 362 443 quia
386 403 492 433 omnis
516 403 596 434 alius
620 401 762 438 effectus,
780 408 811 433 et
827 412 925 433 omne
942 413 1010 433 esse
1026 414 1044 434 a
1060 403 1241 443 particulari
1262 413 1358 434 causa

285 447 493 488 productum,
510 448 743 488 praesupponit
758 447 891 487 aliquod
915 458 983 478 esse
1006 447 1203 488 productum
1220 458 1237 478 a
1256 449 1358 488 prima

285 502 390 523 causa.
411 491 512 530 Quod
528 493 615 523 enim
630 493 904 532 praesupponitur
919 493 951 522 in
969 492 1081 523 ordine
1105 492 1357 533 producibilium

285 537 364 573 aliis,
388 543 544 577 tanquam
566 536 599 567 id
623 537 691 567 sine
714 546 781 577 quo
805 537 865 567 alia
885 547 952 567 esse
968 547 1036 567 non
1052 543 1189 577 possunt
1204 543 1236 568 et
1250 537 1358 577 ipsum

284 587 393 622 potest
416 591 485 612 esse
508 582 576 620 sine
601 581 748 621 quolibet
770 581 900 612 illorum
924 582 1050 612 divisim
1077 588 1219 622 sumpto,
1244 581 1359 612 dicitur

285 627 374 666 prius
390 627 441 656 via
455 626 681 666 generationis,
706 625 780 656 licet
803 627 899 656 etiam
923 627 1019 657 simul
1042 632 1190 666 tempore
1206 626 1358 656 cumillis

285 670 499 711 producatur:
525 671 607 701 sicut
630 671 718 710 prius
741 672 947 710 generatione
971 677 1018 701 est
1041 671 1160 701 animal
1179 680 1278 711 quam
1293 671 1357 701 hoc

286 715 415 752 animal,
439 715 514 746 licet
537 715 632 746 simul
663 721 810 755 tempore
837 716 955 746 animal
979 722 1011 746 et
1034 716 1098 746 hoc
1121 715 1239 746 animal
1261 724 1358 755 gene-

285 765 383 790 retur.
398 777 421 782 —
437 759 589 790 Secundo
605 766 713 790 autem
737 760 849 796 modo,
866 770 934 790 esse
951 765 998 790 est
1016 760 1176 800 posterius
1194 759 1273 796 aliis,
1289 764 1358 790 tan-

286 813 386 844 quam
406 804 572 834 actualitas
595 805 745 835 omnium
768 810 799 835 et
821 805 972 835 ultimum
989 804 1277 844 complementum,
1293 813 1357 844 quo

285 849 394 880 habito
413 849 548 889 quiescit
570 849 699 890 agentis
721 849 806 879 actio
831 854 862 879 et
878 849 991 889 passio
1009 849 1175 889 patientis,
1192 853 1228 879 ut
1244 847 1359 878 dicitur

285 894 380 924 tertio
397 893 490 930 libro,
507 903 576 933 cap.
594 900 692 924 waz'
706 899 795 924 actus
819 894 906 924 enim
930 893 1162 933 praesupponit
1180 893 1358 932 potentiam

287 937 401 968 ordine
425 939 651 978 generationis.

343 983 471 1022 Accipit
483 992 560 1022 ergo
573 983 636 1012 hoc
652 983 727 1012 loco
741 981 876 1012 Sanctus
889 982 1034 1012 Thomas
1047 990 1114 1011 esse
1127 981 1233 1021 primo
1245 979 1357 1016 modo,

288 1036 356 1057 non
380 1033 488 1057 autem
512 1026 656 1058 secundo
680 1026 792 1057 modo.

344 1072 382 1102 X.
396 1071 460 1102 Sed
471 1077 584 1102 contra
599 1070 848 1102 fundamentum
863 1071 959 1100 huius
975 1070 1116 1105 rationis,
1130 1070 1250 1100 scilicet
1269 1069 1359 1109 quod

289 1125 391 1157 agens
404 1116 649 1147 instrumentale
664 1115 836 1156 exequitur
850 1115 1011 1145 actionem
1022 1114 1216 1155 principalis
1232 1114 1360 1155 agentis

283 1171 347 1201 per
369 1161 513 1201 aliquam
537 1161 696 1191 actionem
715 1159 887 1200 propriam
910 1164 941 1189 et
963 1159 1210 1191 connaturalem
1234 1159 1303 1194 sibi,
1328 1163 1359 1188 et

289 1204 379 1246 quod
403 1205 496 1236 habet
512 1205 687 1245 proprium
710 1204 858 1245 effectum
881 1203 1184 1244 correspondentem
1203 1203 1360 1243 propriae

289 1250 420 1286 actioni,
438 1249 574 1280 dubium
591 1249 733 1281 occurrit
747 1258 786 1279 ex
799 1248 909 1284 Scoto,
923 1248 979 1278 ubi
993 1257 1090 1288 supra
1099 1249 1126 1278 ἦ
1143 1247 1246 1287 Negat
1262 1248 1359 1283 enim,

288 1295 406 1336 primo,
425 1294 695 1335 propositionem.
719 1293 761 1323 Et
784 1293 899 1332 probat
922 1293 1025 1332 ipsam
1049 1301 1117 1322 esse
1133 1291 1255 1322 falsam.
1272 1291 1360 1322 Tum

271 1340 366 1380 —quia
389 1339 496 1369 omnis
519 1339 603 1368 actio
626 1338 830 1368 instrumenti
845 1337 998 1368 convenit
1013 1337 1073 1367 sibi
1089 1337 1122 1366 in
1139 1336 1257 1367 virtute
1266 1337 1361 1376 prin-

288 1383 403 1423 cipalis
427 1383 565 1424 agentis.
589 1383 674 1412 Nam
699 1382 732 1412 in
756 1391 956 1422 quacumque
976 1381 1104 1412 actione
1119 1390 1216 1421 quam
1231 1381 1362 1412 haberet

289 1427 323 1459 id
345 1427 433 1468 quod
454 1427 554 1466 ponis
587 1427 834 1457 instrumentum
865 1435 931 1456 non
964 1426 996 1456 in
1024 1426 1143 1456 uirtute
1167 1425 1362 1466 principalis

289 1471 426 1513 agentis,
451 1471 484 1501 in
517 1471 574 1502 illa
605 1480 670 1501 non
701 1476 781 1501 esset
813 1471 1074 1505 instrumentum,
1098 1469 1154 1500 sed
1181 1470 1362 1510 principale

287 1525 401 1557 agens.
427 1515 513 1554 Ergo
543 1516 804 1550 instrumentum,
830 1520 865 1545 ut
895 1515 950 1550 sic,
976 1524 1040 1544 non
1069 1514 1164 1544 habet
1189 1514 1361 1554 propriam

289 1560 460 1593 actionem.

345 1604 434 1635 Tum
457 1604 534 1644 quia
557 1609 635 1634 tunc
660 1603 907 1633 instrumentum
933 1612 1027 1633 omne
1050 1602 1235 1642 dispositive
1249 1606 1363 1642 ageret

289 1649 334 1681 ad
359 1649 508 1690 effectum
533 1647 729 1688 principalis
755 1647 893 1688 agentis.
919 1647 993 1677 Hoc
1021 1652 1130 1677 autem
1157 1652 1205 1676 est
1228 1645 1361 1676 falsum:

288 1693 376 1735 quia,
393 1693 491 1724 etiam
506 1691 687 1723 secundum
707 1691 863 1722 Sanctum
882 1691 1056 1727 Thomam,
1070 1691 1222 1732 possibile
1245 1695 1292 1720 est
1314 1690 1363 1720 in-

288 1742 503 1771 strumentum
532 1736 695 1778 attingere
722 1736 870 1777 effectum
894 1735 1088 1776 principalis
1111 1735 1259 1776 agentis:
1281 1734 1364 1765 sicut

290 1782 493 1816 monetarius
516 1781 642 1812 inducit
654 1781 806 1822 sormam
835 1780 867 1810 in
895 1784 1057 1811 monetam
1084 1785 1116 1810 et
1139 1779 1306 1820 sigillator
1330 1779 1363 1809 in

288 1836 408 1866 ceram.
432 1827 520 1866 Ergo
543 1835 612 1857 non
636 1830 765 1865 oportet
788 1834 887 1855 omne
909 1825 1161 1865 instrumentum
1180 1823 1365 1864 dispositive

289 1871 432 1913 operari.
456 1869 552 1902 Unde
575 1869 781 1901 concluditur
799 1868 891 1909 quod
913 1865 1096 1909 prop'ositio
1114 1868 1168 1899 illa
1189 1878 1254 1899 non
1271 1867 1366 1898 habet

289 1916 456 1948 veritatem
486 1915 549 1946 nisi
578 1914 708 1955 quando
737 1914 985 1944 instrumentum
1017 1923 1082 1943 non
1107 1918 1216 1953 potest
1245 1912 1364 1943 virtute

283 1959 481 2002 principalis
495 1959 624 2001 agentis
638 1958 802 2000 attingere
817 1958 860 1988 ad
883 1958 1031 1999 effectum
1050 1957 1276 1998 principalem.
1301 1956 1364 1987 Sed

289 2011 367 2037 tunc
391 2008 556 2045 oporteret
577 1996 722 2044 probare
751 2002 838 2043 quod
861 2007 1015 2032 creatura
1043 2011 1107 2032 non
1130 2006 1240 2042 potest
1265 2001 1363 2031 attin-

288 2059 369 2092 gere
392 2049 540 2090 effectum
563 2047 715 2078 creantis.

345 2094 433 2124 Dicit
462 2092 619 2128 secundo,
642 2091 683 2123 ad
714 2091 900 2132 exemplum
932 2090 972 2121 de
1002 2091 1106 2121 securi
1136 2095 1168 2120 et
1196 2089 1362 2125 similibus,

289 2137 382 2180 quod
396 2147 462 2178 per
484 2137 543 2168 illa
568 2146 633 2167 non
651 2136 817 2176 probatur
832 2135 1061 2166 universaliter
1075 2135 1122 2165 sic
1137 2143 1204 2165 esse
1220 2134 1259 2165 de
1276 2133 1364 2164 omni

291 2183 514 2214 instrumento.
539 2181 631 2212 Licet
653 2181 741 2212 enim
764 2181 808 2210 ita
830 2180 870 2210 sit
892 2180 926 2210 in
950 2180 1064 2215 securi,
1087 2179 1164 2220 quia
1181 2184 1227 2209 est
1243 2179 1363 2209 instru-

290 2232 432 2259 mentum
448 2226 481 2256 in
500 2225 657 2256 incisione
672 2225 851 2266 lignorum,
868 2233 951 2264 quae
962 2224 1130 2264 praecedit
1145 2223 1363 2254 inductionem

280 2272 429 2314 formae,
453 2280 522 2302 non
545 2273 654 2301 tamen
677 2270 722 2300 sic
746 2275 793 2300 est
815 2270 849 2299 in
873 2269 1026 2300 omnibus
1041 2268 1110 2299 aliis
1133 2268 1362 2299 instrumentis.

344 2314 456 2347 Potest
485 2313 518 2346 e't
546 2315 656 2355 augeri
682 2313 828 2345 dubium.
853 2313 939 2351 Quia
962 2311 1094 2353 quando
1118 2322 1215 2353 agens
1246 2312 1364 2352 princi-

290 2361 363 2402 pale
386 2365 497 2391 movet
526 2360 778 2390 instrumentum
802 2357 842 2388 ad
864 2357 898 2388 id
929 2363 1055 2388 tantum
1083 2358 1117 2388 in
1144 2356 1235 2397 quod
1258 2361 1365 2397 potest

290 2406 542 2436 instrumentum
565 2405 682 2434 virtute
711 2412 788 2434 suae
818 2408 961 2438 naturae,
985 2407 1063 2432 tunc
1090 2411 1159 2432 non
1188 2407 1236 2431 est
1257 2401 1366 2441 aliqua

291 2450 376 2481 actio
399 2449 530 2490 propria
557 2448 761 2479 instrumenti
789 2447 910 2477 habens
940 2446 1092 2478 effectum
1115 2445 1302 2476 distinctum
1325 2446 1364 2475 ab

291 2495 414 2536 agentis
436 2493 623 2534 principalis
647 2491 780 2523 effectu:
806 2492 888 2522 sicut
912 2501 988 2522 cum
1016 2491 1132 2531 aliquis
1160 2491 1259 2521 utitur
1282 2499 1366 2520 serra

290 2544 417 2569 tantum
449 2537 489 2568 ad
521 2537 740 2578 incidendum.
774 2536 860 2576 Ergo
893 2545 961 2566 non
994 2545 1092 2565 omne
1116 2536 1366 2565 instrumentum

291 2583 388 2614 habet
410 2583 576 2623 propriam
599 2582 762 2613 actionem
786 2586 817 2611 et
840 2579 992 2611 effectum
1015 2581 1195 2620 proprium.

346 2628 402 2659 XI.
427 2626 479 2658 Ad
501 2626 697 2658 evidentiam
719 2626 817 2656 huius
841 2624 940 2661 dubii,
966 2623 1238 2655 considerandum
1254 2628 1310 2659 est,
1328 2632 1366 2652 ex

290 2671 439 2703 'doctrina
467 2671 576 2702 Sancti
599 2671 749 2701 Thomae
779 2669 914 2707 Quarto,
940 2669 970 2700 d.
995 2680 1015 2705 1,
1040 2678 1071 2709 q.
1095 2679 1116 2705 1,
1140 2679 1168 2698 a.
1191 2669 1251 2706 4⁴⁶,
1276 2666 1367 2707 quod

292 2726 392 2748 omne
414 2717 676 2751 instrumentum,
693 2714 823 2755 proprie
839 2713 1016 2754 loquendo,
1033 2714 1227 2753 inquantum
1250 2712 1367 2741 instru-

292 2766 451 2797 mentum,
475 2761 542 2790 sive
565 2760 698 2799 attingat
721 2758 761 2788 ad
785 2757 936 2788 effectum
955 2767 1069 2788 causae
1093 2756 1278 2797 principalis
1301 2756 1366 2785 sive

293 2815 361 2836 non
385 2805 531 2844 attingat,
555 2812 680 2843 semper
706 2802 868 2843 pertingit
897 2802 941 2832 ad
964 2801 1089 2842 aliquid
1112 2801 1200 2831 ultra
1225 2800 1258 2830 id
1280 2799 1367 2840 quod

293 2849 354 2880 sibi
377 2848 527 2888 competit
549 2847 725 2887 secundum
743 2847 916 2886 propriam
941 2851 1093 2876 naturam
1099 2853 1111 2882 ‚·
1135 2851 1175 2881 et,
1201 2851 1236 2875 ut
1251 2844 1367 2874 dicitur

293 2894 410 2929 Prima,
427 2902 458 2933 q.
474 2902 535 2923 nv
547 2893 574 2928 ⁴⁶,
599 2901 726 2931 semper
749 2891 813 2930 agit
835 2890 1011 2920 secundum
1036 2890 1117 2920 illud
1140 2889 1227 2929 quod
1242 2894 1289 2919 est
1307 2888 1367 2918 sibi

289 2938 481 2979 proprium;
504 2936 650 2977 alioquin
666 2936 803 2977 frustra
819 2935 1027 2965 adhiberetur
1050 2934 1092 2964 ad
1115 2933 1288 2975 agendum,
1309 2942 1367 2963 nec

295 2987 460 3024 oporteret
482 2991 550 3012 esse
572 2980 786 3011 determinata
802 2979 1016 3009 instrumenta
1040 2978 1243 3009 diversarum
1266 2977 1365 3008 actio-

296 3037 383 3058 num.
408 3026 449 3057 Et
464 3026 510 3056 sic
525 3031 655 3065 oportet
678 3029 715 3055 ut
736 3025 962 3059 instrumento,
979 3024 1173 3063 inquantum
1189 3027 1236 3052 est
1250 3022 1366 3052 instru-

295 3077 454 3107 mentum,
478 3075 643 3110 competat
666 3068 784 3109 duplex
808 3069 909 3098 actio:
934 3077 998 3098 una
1023 3067 1220 3098 conveniens
1243 3066 1303 3096 sibi
1318 3075 1367 3096 se-

296 3115 441 3147 cundum
457 3115 622 3155 propriam
637 3114 799 3149 virtutem,
815 3118 948 3152 propter
964 3121 1063 3152 quam
1079 3111 1250 3141 assumitur
1266 3110 1367 3150 magis

297 3170 396 3202 quam
415 3159 502 3190 aliud
525 3160 793 3193 instrumentum;
817 3157 878 3187 alia
895 3157 1092 3187 conveniens
1108 3156 1168 3186 sibi
1183 3160 1281 3195 prout
1295 3164 1367 3185 mo-

296 3210 389 3237 vetur
404 3215 423 3235 a
437 3203 607 3244 principali
623 3208 747 3243 agente.
772 3202 813 3231 Et
836 3202 912 3241 quia
935 3200 1057 3241 duplici
1080 3200 1200 3230 actioni
1222 3198 1367 3240 eiusdem

295 3259 412 3281 causae
436 3248 556 3289 duplex
579 3247 711 3278 effectus
734 3244 975 3285 correspondet,
991 3254 1122 3275 necesse
1138 3249 1186 3274 est
1201 3249 1237 3274 ut
1251 3244 1368 3274 instru-

297 3300 446 3325 mentum
476 3298 508 3324 et
537 3292 707 3332 proprium
736 3289 886 3321 effectum
915 3289 1083 3329 producat,
1108 3294 1139 3319 et
1162 3297 1238 3318 eum
1269 3297 1367 3327 quem

297 3339 414 3370 virtute
430 3337 615 3378 principalis
631 3336 753 3376 agentis
769 3335 910 3374 attingit:
930 3335 973 3364 ita
988 3339 1095 3364 tamen
1112 3332 1203 3372 quod
1218 3333 1368 3372 proprius

298 3382 433 3414 effectus
461 3382 502 3413 ad
531 3382 630 3412 alium
659 3390 693 3411 se
723 3380 837 3410 habeat
867 3379 977 3418 aliquo
1008 3377 1110 3408 modo
1140 3382 1176 3406 ut
1199 3376 1367 3416 dispositio

299 3426 506 3468 praecedens.

355 3472 473 3503 Utrum
495 3476 605 3501 autem
627 3471 705 3500 istae
728 3469 872 3499 actiones
901 3468 963 3497 sint
992 3466 1117 3496 realiter
1140 3464 1323 3495 distinctae:
1347 3483 1369 3486 —

299 3522 381 3557 puto
400 3514 575 3548 dicendum
591 3513 682 3555 quod
697 3514 752 3550 sic,
768 3511 948 3543 secundum
964 3510 1143 3541 doctrinam
1159 3509 1267 3539 Sancti
1278 3508 1368 3539 Tho-

299 3570 383 3591 mae.
401 3560 486 3591 Nam
501 3559 574 3590 illae
590 3560 733 3590 actiones
748 3557 872 3588 realiter
887 3556 1126 3595 distinguuntur
1141 3562 1279 3593 quarum
1294 3559 1369 3583 sunt

300 3604 448 3636 distincta
471 3604 629 3645 principia
658 3609 690 3633 et
720 3601 860 3633 distincti
887 3600 1030 3631 termini:
1055 3599 1198 3629 actiones
1221 3597 1308 3628 enim
1321 3606 1369 3628 ¹ex

300 3649 444 3680 terminis
460 3655 492 3680 et
506 3648 672 3689 principiis
686 3646 875 3677 formalibus
887 3644 1134 3684 distinguuntur.
1150 3642 1245 3672 Actio
1261 3646 1369 3671 autem

2401 281 2476 328 317

1409 361 1539 400 propria
1562 361 1775 396 instrumenti,
1800 366 1830 390 et
1854 361 1937 390 actio
1962 370 2044 400 quae
2069 361 2221 391 convenit
2242 361 2302 391 sibi
2318 366 2354 391 ut
2369 366 2416 391 est
2431 362 2478 391 in-

1409 410 1625 434 strumentum
1657 404 1840 444 principalis
1868 406 1999 444 agentis,
2024 410 2071 435 est
2098 404 2295 436 huiusmodi.
2325 405 2418 441 Nam,
2443 411 2478 436 ut

1409 448 1585 479 adductum
1613 454 1660 479 est
1683 458 1721 478 ex
1745 448 1788 478 IV
1812 448 1899 478 Sent.
1924 454 1955 479 et
1977 449 2082 479 Prima
2105 449 2206 485 Parte,
2229 450 2478 480 instrumentum

1410 493 1539 532 proprie
1556 499 1733 532 sumptum,
1751 498 1787 523 ut
1802 493 1857 528 sic,
1873 502 1998 533 semper
2015 494 2176 534 pertingit
2191 494 2235 524 ad
2249 494 2373 534 aliquid
2389 495 2477 525 ultra

1411 537 1444 567 id
1458 537 1545 577 quod
1559 537 1620 567 sibi
1635 537 1785 577 competit
1798 537 1973 567 secundum
1990 538 2138 568 virtutem
2148 538 2307 578 propriae
2323 544 2478 569 naturae:

1411 587 1442 611 et
1465 581 1510 611 sic
1534 586 1663 621 oportet
1690 581 1735 611 ibi
1766 590 1834 611 esse
1865 580 2015 612 effectum
2039 582 2120 612 ultra
2142 583 2292 613 virtutem
2315 584 2477 623 propriam

1410 626 1624 662 instrumenti,
1641 631 1673 656 et
1688 625 1839 656 effectum
1862 626 2031 665 proprium
2054 627 2255 657 instrumenti
2271 627 2311 657 ad
2326 627 2476 662 effectum

1410 670 1595 710 principalis
1625 670 1747 710 agentis
1778 669 2014 710 disponentem.
2046 670 2196 701 Similiter
2223 671 2282 701 alia
2310 678 2356 702 est
2378 673 2476 703 virtus

1410 715 1541 754 propria
1570 714 1784 750 instrumenti,
1809 720 1840 744 et
1869 714 1929 744 alia
1952 715 2051 745 virtus
2080 725 2136 755 per
2164 725 2261 755 quam
2285 717 2348 756 agit
2370 723 2406 747 ut
2429 717 2477 746 in-

1410 764 1642 789 strumentum:
1672 768 1748 789 cum
1778 759 1880 799 prima
1909 759 1949 788 sit
1979 758 2083 789 forma
2110 769 2313 799 permanens;
2337 760 2478 791 secunda

1410 808 1519 834 autem
1542 803 1582 833 sit
1605 803 1703 834 virtus
1734 803 1855 833 habens
1878 812 1946 834 esse
1968 803 2171 839 diminutum,
2191 813 2253 844 per
2275 805 2405 835 modum
2429 806 2477 835 in-

1411 847 1572 883 tentionis,
1590 853 1625 878 ut
1641 847 1757 878 dicitur
1772 847 1815 877 IV
1823 847 1921 883 Sent„
1938 848 1993 877 ubi
2009 857 2104 888 supra
2112 848 2139 878 ἦ
2156 847 2238 878 Dico
2254 853 2361 879 tamen
2377 849 2476 888 quod,
2504 848 2513 857 '

1411 892 1486 922 licet
1500 892 1577 922 istae
1594 892 1736 922 actiones
1751 892 1876 922 realiter
1891 891 2135 932 distinguantur,
2148 901 2216 922 non
2228 898 2357 932 oportet
2371 898 2477 924 tamen

1412 942 1448 966 ut
1471 937 1576 966 omnis
1600 935 1732 967 effectus
1755 937 1959 966 instrumenti
1975 937 2125 976 proprius
2141 935 2310 976 praecedat
2332 942 2477 977 tempore

1412 980 1564 1011 effectum
1587 980 1807 1021 principalem,
1832 980 1888 1011 sed
1910 980 2027 1011 sufficit
2050 986 2086 1011 ut
2108 980 2277 1020 praecedat
2296 980 2407 1012 ordine
2423 991 2478 1011 na-

1412 1031 1511 1061 turae,
1536 1026 1618 1055 sicut
1641 1024 1809 1065 dispositio
1832 1025 1994 1065 praecedit
2024 1024 2178 1055 formam:
2203 1025 2298 1055 simul
2322 1027 2409 1056 enim
2433 1031 2479 1056 est

1412 1069 1581 1109 dispositio
1606 1070 1718 1100 ultima
1741 1069 1780 1100 ad
1804 1069 1952 1105 formam,
1977 1075 2009 1100 et
2030 1069 2228 1100 introductio
2257 1069 2389 1100 formae.

1467 1114 1534 1144 XII.
1559 1114 1611 1145 Ad
1634 1114 1776 1154 primum
1799 1123 1876 1154 ergo
1896 1114 2013 1144 Scoti*
2037 1113 2152 1144 dicitur
2168 1113 2268 1154 quod,
2285 1123 2360 1145 cum
2377 1114 2416 1145 de
2431 1123 2479 1144 ra-

1411 1159 1500 1189 tione
1522 1159 1725 1189 instrumenti
1749 1159 1878 1198 proprie
1902 1158 1978 1188 dicti
2000 1159 2063 1188 sint
2086 1157 2163 1194 duo,
2179 1158 2300 1189 scilicet
2322 1159 2446 1189 moveri
2462 1169 2479 1188 a

1412 1203 1580 1242 principali
1603 1208 1717 1242 agente
1741 1202 1780 1233 ad
1803 1203 1967 1242 propriam
1990 1203 2151 1233 actionem
2174 1208 2306 1242 propter
2329 1202 2479 1233 effectum

1413 1247 1596 1287 principalis
1619 1248 1741 1287 agentis
1764 1246 1995 1283 inducendum,
2020 1253 2051 1277 et
2074 1247 2199 1287 operari
2222 1246 2342 1286 aliquid
2366 1256 2403 1277 ex
2419 1248 2479 1277 vir-

1412 1297 1480 1322 tute
1504 1291 1687 1331 principalis
1703 1292 1824 1331 agentis
1840 1292 1899 1321 sibi
1915 1292 2163 1327 communicata,
2182 1297 2317 1331 possunt
2339 1292 2397 1321 ista
2413 1290 2478 1321 duo

1413 1336 1550 1376 separari
1566 1335 1745 1366 secundum
1762 1336 1970 1366 intellectum.
1992 1335 2032 1365 Et
2047 1336 2092 1366 sic
2110 1341 2216 1375 potest
2231 1336 2480 1366 instrumentum

1414 1380 1579 1420 tripliciter
1602 1380 1720 1420 accipi:
1746 1389 1813 1410 uno
1833 1379 1944 1415 modo,
1962 1380 2091 1420 proprie
2107 1385 2138 1410 et
2154 1380 2326 1420 complete,
2342 1381 2479 1420 inquan-

1413 1430 1483 1455 tum
1502 1430 1675 1465 utrumque
1691 1424 1822 1454 illorum
1837 1425 1949 1460 habet;
1969 1424 2032 1454 alio
2049 1423 2160 1460 modo,
2177 1425 2370 1463 inquantum
2386 1425 2481 1454 habet

1414 1469 1552 1509 primam
1575 1468 1739 1499 dumtaxat
1763 1468 2000 1504 conditionem;
2024 1469 2128 1504 tertio,
2151 1469 2344 1508 inquantum
2368 1478 2482 1499 secun-

1415 1513 1490 1544 dam
1520 1518 1645 1543 tantum
1676 1511 1898 1543 conditionem
1922 1513 2027 1543 habet.
2058 1512 2091 1542 Si
2122 1513 2369 1543 instrumentum
2400 1513 2482 1543 acci-

1415 1558 1520 1597 piatur
1543 1558 1637 1587 tertio
1660 1556 1772 1593 modo,
1790 1556 1979 1587 conceditur
1994 1556 2084 1596 quod
2098 1556 2241 1593 infertur,
2258 1557 2378 1587 scilicet
2394 1556 2483 1597 quod

1416 1602 1523 1632 omnis
1552 1602 1636 1631 actio
1666 1602 1880 1636 instrumenti,
1904 1606 1940 1631 ut
1969 1602 2219 1631 instrumentum
2248 1607 2308 1637 est,
2333 1601 2484 1631 convenit

1415 1646 1475 1676 sibi
1498 1646 1530 1675 in
1556 1646 1671 1675 virtute
1695 1646 1817 1685 primae
1840 1651 1871 1675 et
1894 1645 2078 1684 principalis
2102 1654 2226 1677 causae.
2251 1645 2314 1675 Sed
2337 1645 2400 1675 hoc
2416 1655 2483 1675 non

1417 1695 1464 1720 est
1488 1694 1599 1720 contra
1622 1690 1837 1719 intentionem
1868 1689 1975 1719 Sancti
1998 1689 2155 1719 Thomae.
2181 1689 2272 1719 Mens
2300 1690 2387 1719 enim
2416 1690 2484 1719 eius

1417 1740 1464 1765 est
1480 1733 1570 1774 quod
1593 1734 1844 1764 instrumentum
1860 1734 1989 1773 proprie
2008 1739 2184 1773 sumptum,
2200 1733 2379 1764 secundum
2396 1732 2485 1773 quod

1415 1779 1488 1818 ipso
1519 1779 1618 1809 utitur
1648 1778 1825 1818 principale
1855 1787 1962 1818 agens,
1987 1777 2150 1818 duplicem
2182 1778 2277 1808 habet
2307 1778 2483 1808 actionem:

1417 1832 1526 1859 unam,
1551 1832 1635 1863 quae
1658 1823 1718 1853 sibi
1746 1823 1898 1853 convenit
1927 1822 2107 1853 secundum
2137 1823 2301 1862 propriam
2323 1823 2484 1858 virtutem,

1417 1876 1516 1908 quam
1539 1877 1636 1907 agens
1659 1867 1835 1907 principale
1859 1866 1985 1897 ordinat
2011 1866 2051 1897 ad
2078 1867 2241 1907 propriam
2265 1867 2426 1897 actionem
2450 1871 2485 1896 ut

1415 1921 1474 1952 per
1495 1912 1599 1952 ipsam
1622 1910 1678 1941 fiat
1701 1911 1869 1951 dispositio
1898 1911 1937 1941 ad
1968 1911 2119 1942 effectum
2143 1920 2241 1951 quem
2270 1911 2485 1951 principaliter

1416 1955 1568 1992 intendit3
1595 1956 1700 1991 aliam,
1725 1965 1808 1995 quae
1839 1957 1991 1986 convenit
2021 1956 2081 1986 sibi
2109 1961 2145 1986 ut
2168 1956 2232 1995 agit
2255 1964 2312 1995 per
2334 1956 2483 1985 virtutem

1416 2001 1476 2031 sibi
1498 1999 1746 2040 superadditam.
1763 2000 1853 2030 Haec
1877 2005 1985 2030 autem
2008 2010 2076 2030 non
2101 2005 2297 2040 repugnant:
2322 1998 2412 2039 quod
2435 2000 2484 2029 in-

1416 2050 1632 2075 strumentum
1655 2045 1835 2075 necessario
1859 2044 1973 2075 habeat
1996 2044 2159 2084 duplicem
2189 2044 2361 2079 actionem,
2385 2053 2483 2074 unam

1416 2090 1590 2130 propriam,
1607 2089 1702 2119 aliam
1718 2099 1736 2119 a
1751 2089 1918 2129 principali
1935 2094 2065 2129 agente3
2089 2094 2121 2119 et
2140 2088 2230 2128 quod
2245 2097 2342 2118 unam
2359 2093 2483 2118 tantum

1417 2135 1532 2164 habeat
1554 2135 1747 2174 inquantum
1771 2134 1835 2173 agit
1858 2142 1915 2173 per
1937 2134 2087 2163 virtutem
2110 2132 2292 2173 principalis
2316 2133 2447 2172 agentis.
2462 2150 2485 2153 -

1417 2179 1451 2209 Si
1474 2188 1550 2208 vero
1574 2177 1718 2208 secundo
1742 2183 1797 2208 aut
1818 2178 1925 2217 primo
1949 2177 2050 2208 modo
2074 2178 2256 2217 accipiatur,
2280 2182 2414 2216 negatur
2437 2186 2484 2206 as-

1417 2228 1595 2263 sumptum.
1618 2221 1752 2262 Aliquid
1776 2222 1862 2252 enim
1886 2222 1982 2252 habet
2005 2222 2100 2252 etiam
2123 2220 2303 2252 secundum
2321 2221 2484 2260 propriam

1418 2268 1580 2298 actionem
1603 2267 1760 2297 rationem
1783 2267 1996 2302 instrumenti,
2014 2265 2145 2306 quando
2167 2266 2205 2295 ab
2221 2266 2284 2295 alio
2309 2265 2486 2305 applicatur

1418 2312 1459 2343 ad
1474 2313 1578 2352 ipsam
1593 2312 1756 2341 actionem
1772 2316 1903 2351 propter
1919 2310 2064 2340 altiorem
2081 2309 2232 2340 effectum
2254 2308 2484 2340 inducendum.

1419 2357 1543 2387 Dicitur
1566 2361 1674 2386 autem
1696 2361 1775 2386 tunc
1804 2360 1930 2385 tantum
1959 2355 2134 2395 principale
2162 2364 2268 2394 agens,
2293 2352 2424 2393 quando
2449 2363 2486 2383 ex

1418 2411 1452 2432 se
1476 2400 1517 2431 ad
1539 2401 1708 2440 proprium
1731 2398 1882 2430 effectum
1905 2406 2065 2438 operatur.

1474 2444 1527 2476 Ad
1541 2444 1722 2476 secundum
1731 2445 1758 2480 ἦ
1775 2449 1909 2483 negatur
1923 2443 2041 2474 falsitas
2053 2442 2291 2482 consequentis.
2311 2442 2384 2473 Sive
2400 2442 2486 2472 enim

1419 2491 1669 2520 instrumentum
1693 2489 1825 2528 attingat
1840 2488 2050 2528 principalem
2066 2487 2216 2518 effectum
2232 2487 2298 2516 sive
2313 2496 2391 2522 non,
2404 2495 2486 2516 sem-

1420 2544 1477 2574 per
1499 2533 1621 2574 aliquid
1643 2533 1707 2572 agit
1730 2532 1821 2572 quod
1844 2537 1891 2562 est
1914 2531 2082 2571 dispositio
2112 2531 2152 2561 ad
2179 2531 2388 2571 principalem
2412 2530 2487 2560 effe-

1420 2584 1519 2609 ctum.
1544 2577 1742 2607 Monetarius
1758 2577 1845 2606 enim
1861 2582 1892 2606 et
1908 2576 2060 2616 sigillator
2074 2574 2233 2605 inducunt
2254 2576 2427 2614 imaginem
2448 2584 2486 2604 ex

1419 2623 1527 2662 aliqua
1549 2621 1761 2661 dispositione
1785 2630 1882 2660 quam
1905 2625 2037 2650 moneta
2060 2625 2092 2649 et
2114 2619 2253 2658 sigillum
2276 2619 2405 2658 propria
2425 2619 2486 2648 vir-

1419 2672 1488 2697 tute
1510 2665 1684 2696 inducunt:
1709 2670 1787 2704 puta
1811 2674 1849 2694 ex
1872 2663 2029 2694 divisione
2053 2663 2213 2698 materiae,
2235 2668 2266 2692 et
2288 2662 2483 2693 huiusmodi.

1476 2710 1562 2741 Cum
1587 2709 1748 2740 ulterius*
1770 2709 1876 2748 inquit
1892 2707 1982 2748 quod
2005 2717 2043 2738 ex
2064 2707 2125 2737 illis
2141 2707 2295 2746 exemplis
2316 2716 2383 2736 non
2406 2716 2485 2736 con-

1420 2754 1559 2785 cluditur
1581 2755 1624 2784 ita
1646 2753 1866 2784 universaliter
1889 2762 1973 2783 esse:
1998 2752 2114 2782 dicitur
2137 2750 2227 2791 quod
2250 2752 2361 2791 utique
2378 2760 2485 2780 exem-

1419 2799 1511 2839 plum
1527 2808 1594 2828 non
1611 2797 1808 2828 demonstrat
1831 2796 2065 2832 universaliter;
2089 2795 2146 2826 sed
2163 2802 2270 2825 tamen
2290 2794 2486 2825 inducuntur

1420 2843 1567 2883 exempla
1583 2842 1623 2873 ad
1637 2841 1931 2872 manifestationem
1947 2842 2015 2871 eius
2031 2839 2121 2880 quod
2137 2839 2354 2870 universaliter
2373 2848 2484 2869 verum

1420 2897 1488 2918 esse
1512 2887 1592 2918 ratio
1608 2886 1815 2917 demonstrat.
1839 2885 1928 2916 Sicut
1952 2886 2038 2916 enim
2061 2894 2118 2925 per
2140 2885 2277 2915 securim
2298 2883 2486 2924 producitur

1419 2933 1527 2972 aliqua
1550 2931 1718 2971 dispositio
1742 2929 1782 2961 ad
1809 2930 1947 2960 formam
1977 2930 2109 2965 scamni,
2133 2930 2176 2959 ita
2198 2938 2256 2968 per
2279 2937 2376 2958 omne
2399 2927 2485 2957 aliud

1420 2977 1670 3007 instrumentum
1685 2975 1847 3006 inducitur
1862 2974 1969 3014 aliqua
1985 2973 2152 3014 dispositio
2174 2972 2213 3003 ad
2234 2972 2384 3003 effectum
2400 2973 2485 3011 prin-

1420 3020 1530 3061 cipalis
1553 3021 1693 3060 agentis:
1718 3020 1863 3059 alioquin
1891 3028 1959 3049 non
1989 3023 2165 3058 oporteret,
2190 3022 2226 3047 ut
2249 3016 2421 3051 dicebatur,
2446 3015 2486 3046 ad

1421 3065 1648 3096 determinatos
1672 3063 1803 3095 effectus
1826 3063 2033 3094 determinata
2055 3063 2264 3092 instrumenta
2279 3060 2440 3091 inducere.

1475 3109 1528 3140 Ad
1543 3109 1721 3140 ultimum*
1733 3108 1848 3139 dicitur
1863 3108 1980 3147 primo,
1993 3105 2083 3147 quod
2099 3105 2218 3146 duplex
2234 3111 2280 3135 est
2294 3106 2486 3135 instrumen-

1420 3160 1507 3184 tum:
1533 3153 1698 3194 quoddam
1722 3151 1812 3193 quod
1834 3152 1925 3182 nullo
1948 3150 2049 3181 modo
2073 3151 2106 3180 in
2133 3150 2296 3189 propriam
2326 3149 2486 3179 actionem

1421 3203 1528 3238 potest
1550 3198 1611 3228 nisi
1635 3198 1674 3227 ab
1697 3197 1760 3227 alio
1784 3205 1841 3236 per
1863 3201 1990 3226 motum
2014 3194 2055 3225 ad
2076 3195 2163 3224 illam
2194 3193 2380 3233 applicetur,
2405 3193 2487 3223 sicut

1421 3252 1515 3278 serra,
1540 3251 1624 3282 quae
1647 3251 1715 3272 non
1743 3246 1849 3281 potest
1880 3250 1937 3280 per
1967 3249 2000 3270 se
2030 3238 2184 3273 scindere,
2208 3237 2264 3268 sed
2290 3243 2415 3268 tantum
2438 3246 2487 3267 se·

1422 3285 1566 3317 cundum
1590 3285 1680 3326 quod
1703 3286 1741 3315 ab
1770 3285 1832 3316 alio
1863 3290 2028 3319 movetur3
2060 3281 2224 3323 quoddam
2249 3281 2338 3321 quod
2369 3291 2425 3321 per
2453 3290 2486 3311 se

1421 3336 1528 3371 potest
1551 3331 1584 3360 in
1607 3330 1771 3370 propriam
1795 3329 2017 3369 operationem
2041 3333 2072 3357 et
2094 3336 2163 3357 non
2186 3325 2306 3366 indiget
2330 3326 2392 3356 alio
2416 3335 2487 3365 par-

1420 3375 1545 3406 ticulari
1567 3380 1694 3404 motore
1719 3373 1758 3404 ad
1782 3372 1952 3413 agendum,
1977 3373 2059 3402 sicut
2083 3372 2174 3411 ignis,
2196 3379 2262 3410 quo
2287 3371 2358 3409 quis
2381 3374 2489 3409 potest

1423 3425 1459 3450 ut
1481 3420 1695 3449 instrumento
1712 3419 1759 3448 uti
1774 3417 1814 3448 ad
1836 3417 1976 3456 aliquem
2000 3415 2222 3456 particularem
2246 3413 2406 3444 effectum.
2422 3413 2489 3451 Pri-

1423 3473 1515 3494 mum
1545 3473 1647 3503 genus
1677 3463 1965 3492 instrumentorum
1994 3460 2123 3500 proprie
2154 3464 2185 3489 et
2211 3457 2390 3489 secundum
2414 3467 2489 3498 pro-

1423 3509 1526 3548 priam
1549 3513 1696 3538 naturam
1719 3512 1766 3537 est
1788 3507 2052 3536 instrumentum:
2077 3504 2153 3543 quia
2168 3502 2208 3533 ad
2223 3503 2286 3533 hoc
2302 3508 2350 3533 est
2363 3503 2489 3532 institu-

1423 3558 1494 3582 tum
1509 3557 1545 3582 ut
1561 3551 1715 3582 deserviat
1737 3551 1796 3580 arti
1819 3556 1972 3589 tanquam
1988 3547 2155 3588 principali
2171 3548 2286 3587 agenti.
2303 3545 2489 3577 Secundum

1424 3602 1532 3627 autem
1547 3605 1649 3635 genus
1663 3605 1731 3625 non
1748 3599 1794 3624 est
1817 3592 1996 3624 secundum
2019 3593 2182 3632 propriam
2205 3597 2353 3621 naturam
2374 3591 2490 3621 insu-u-

1423 3646 1584 3675 mentum‚
1615 3638 1672 3669 sed
1701 3645 1778 3669 tunc
1810 3643 1935 3668 tantum
1966 3636 2069 3667 induit
2101 3637 2258 3666 rationem
2287 3635 2490 3666 instrumenti

2505 1113 2514 1122 ²
2529 1112 2599 1134 Num.
2614 1118 2636 1133 x.

2513 2441 2522 2450 ·
2546 2440 2613 2471 ibid„
2641 2440 2698 2461 Tum

2514 2473 2578 2494 quta.

2512 2710 2521 2719 ·
2536 2708 2603 2735 1bid.,
2619 2709 2682 2730 Dicit
2689 2713 2725 2730 se-

2512 2735 2594 2757 cundo.

2513 3108 2522 3115 ·
2537 3105 2605 3132 ibid„
2614 3105 2702 3128 Potest.
