2768 4134
31 2110 44 2122 ’
56 2109 128 2133 Num.
138 2116 160 2132 v.

38 3278 42 3314 ζ
67 3282 139 3306 Num.
149 3290 172 3311 v,
182 3290 214 3306 vi.

33 3549 57 3590 Α·
71 3548 129 3577 Cap.
138 3555 185 3571 ux.

862 289 1051 328 SUMMA
1080 292 1301 332 CONTRA
1330 295 1606 345 GENTILES,
1637 298 1903 339 CARLXXI.

281 374 467 416 sequatur
489 368 596 417 quod
621 368 834 407 intellectus
853 370 919 420 qui
944 379 1000 408 est
1023 380 1172 410 tantum
1195 374 1234 410 in
1254 382 1353 420 actu,

282 421 388 457 nullo
417 421 540 458 modo
569 431 776 470 cognoscat
803 423 1072 472 privationem.
1113 427 1189 464 Sed
1219 439 1354 465 sensus

281 480 338 510 est
375 474 482 524 quod
518 487 600 511 non
635 484 842 524 cognoscat
879 477 1136 526 privationem
1173 493 1244 530 per
1278 481 1355 518 hoc

281 527 391 576 quod
409 535 466 564 est
484 527 524 565 in
543 528 715 577 potentia
735 529 784 566 'ad
804 529 948 579 aliquid
969 531 1084 579 aliud,
1105 533 1173 570 sed
1191 546 1262 583 per
1277 534 1355 571 hoc

280 581 389 628 quod
417 581 614 629 cognoscit
641 581 814 632 seipsum
834 592 871 620 et
890 593 944 621 est
963 597 1118 635 semper
1137 586 1176 624 in
1199 595 1299 624 actu.

334 634 486 671 Rursus
522 634 728 672 sciendum
765 638 885 686 quod,
915 638 945 674 si
983 639 1090 676 Deus
1124 640 1200 677 hoc
1232 640 1354 677 modo

280 686 454 736 seipsum
481 697 731 736 cognosceret
759 691 878 739 quod,
908 693 1180 740 cognoscendo
1199 704 1253 736 se,
1273 704 1355 729 non

280 747 530 788 cognosceret
543 740 616 778 alia
631 742 745 789 entia,
762 755 862 792 quae
877 753 966 781 sunt
979 745 1222 794 particularia
1236 745 1353 791 bona,

280 794 389 831 nullo
409 794 533 831 modo
559 804 808 845 cognosceret
829 797 1088 846 privationem
1106 806 1174 837 aut
1191 799 1353 836 malum.

280 844 385 894 Qu'ia
403 846 511 884 bono
537 849 647 897 quod
675 857 731 887 est
759 850 841 900 ipse
861 863 942 888 non
961 859 1017 888 est
1035 850 1165 900 aliqua
1189 851 1355 900 privatio
1371 869 1397 883 ιο

279 900 474 950 opposita:
504 914 597 939 cum
625 902 789 952 privatio
818 911 855 940 et
882 915 1000 941 suum
1028 904 1254 952 oppositum
1282 904 1356 941 sint

279 961 369 991 nata
383 966 467 991 esse
482 954 582 992 circa
596 955 713 1002 idem,
730 964 767 994 et
786 956 839 994 sic
855 955 890 993 ei
904 956 1014 1006 quod
1033 963 1088 993 est
1107 964 1213 994 actus
1234 969 1356 1006 purus

279 1008 385 1045 nulla
412 1007 578 1057 privatio
607 1009 829 1060 opponitur.
859 1009 910 1046 Et
927 1020 998 1058 per
1020 1021 1265 1059 consequens
1284 1023 1357 1048 nec

279 1058 441 1113 malurn.
481 1062 606 1108 Unde,
634 1062 762 1113 posito
791 1062 900 1112 quod
929 1062 1037 1100 Deus
1065 1075 1105 1100 se
1134 1065 1263 1101 solum
1291 1076 1355 1102 co—

2403 320 2478 358 207

1410 388 1490 436 nes,
1521 389 1676 414 necesse
1704 387 1760 416 est
1788 388 1830 416 ut
1857 391 2062 430 cognoscat
2088 385 2322 434 privationes
2355 399 2478 439 oppo-

1410 436 1524 488 snas&
1539 437 1576 466 et
1603 432 1705 468 mala
1733 434 1910 482 opposita
1938 436 2229 484 particularibus
2258 441 2380 479 bonis.

1465 483 1677 541 Sciendum
1705 484 1820 522 etiarn
1849 489 1968 535 quod,
1990 489 2086 527 sicut
2110 491 2216 529 Deus
2236 493 2382 544 absque
2401 495 2476 533 dis-

1409 546 1527 571 cursu
1558 537 1770 574 intellectus
1802 543 2073 587 cognoscendo
2101 556 2141 580 se
2169 546 2363 593 cognoscit
2391 549 2474 596 alia,

1410 595 1452 625 ut
1481 599 1598 636 supra
1615 587 1636 610 *
1663 597 1863 628 ostensum
1892 601 1962 639 est;
1993 594 2043 631 ita
2071 596 2186 634 etiam
2213 611 2293 636 non
2325 609 2476 650 oportet

1410 641 1518 689 quod
1547 640 1630 678 eius
1657 642 1823 690 cognitio
1852 644 1898 680 sit
1925 645 2135 685 discursiva
2153 650 2184 686 si
2202 663 2272 700 per
2289 653 2392 691 bona
2411 667 2475 692 co-

1409 693 1557 752 gnoscit
1583 695 1696 731 mala.
1727 696 1831 733 Nam
1859 697 2010 735 bonum
2030 708 2085 737 est
2104 703 2213 750 quasi
2233 705 2328 742 ratio
2341 707 2475 755 cogni-

1410 746 1525 805 tionis
1553 747 1655 784 mali.
1687 749 1798 786 Unde
1827 761 2114 799 cognoscuntur
2147 757 2248 794 mala
2276 770 2345 807 per
2371 759 2476 798 bona

1411 807 1509 859 sicut
1527 812 1587 837 res
1605 812 1676 850 per
1695 814 1784 839 suas
1803 803 2064 847 definitiones:
2090 819 2170 844 non
2197 809 2294 847 sicut
2321 814 2476 849 conclu-

1411 864 1540 889 siones
1567 865 1638 903 per
1664 854 1863 905 principia.

1465 907 1548 943 Nec
1577 906 1691 944 etiam
1720 909 1770 946 ad
1806 909 2135 959 imperfectionem
2168 915 2394 963 cognitionis
2422 918 2477 954 di-

1411 958 1524 996 vinae
1553 960 1652 997 cedit
1680 961 1710 998 si
1745 964 1846 1000 mala
1882 975 1952 1013 per
1987 964 2245 1014 privationem
2281 969 2477 1007 bonorum

1411 1021 1627 1061 cognoscat.
1666 1014 1769 1062 Quia
1797 1017 1945 1054 malum
1974 1029 2053 1055 non
2083 1019 2172 1056 dicit
2204 1032 2286 1058 esse
2318 1022 2390 1060 nisi
2413 1023 2477 1060 'in—

1411 1073 1602 1115 quantum
1621 1075 1677 1104 est
1694 1068 1858 1117 privatio
1877 1070 1983 1108 boni.
2004 1071 2117 1110 Unde
2137 1074 2354 1112 secundum
2372 1076 2479 1114 hunc

278 1123 449 1163 gnoscat,
477 1115 752 1166 cognoscendo
781 1115 897 1153 bono
925 1116 1035 1165 quod
1069 1124 1125 1154 est
1159 1116 1241 1166 ipse
1274 1130 1356 1156 non
1371 1137 1394 1157 ις
1411 1119 1539 1158 solum
1559 1121 1725 1158 modum
1745 1130 1799 1159 est
1818 1124 2090 1172 cognoscibile:
2115 1138 2207 1164 nam
2226 1130 2478 1178 unumquod-

279 1176 486 1217 cognoscet
505 1170 667 1206 malum.
697 1169 776 1206 Sed
795 1169 898 1218 quia,
919 1171 1192 1218 cognoscendo
1216 1183 1269 1219 se,
1291 1183 1356 1209 co-

279 1221 429 1270 gnoscit
446 1221 549 1259 entia
572 1221 612 1259 in
631 1221 776 1271 quibus
804 1229 916 1260 natae
945 1231 1034 1260 sunt
1062 1235 1145 1260 esse
1173 1224 1354 1273 privatio-

325 1332 396 1367 521„
413 1334 483 1396 “²23
500 1331 559 1361 ‘zeni
578 1328 658 1378 ‘3⁶3³‘-
749 1335 766 1378 ⁸.
785 1336 855 1362 entia
873 1344 917 1378 qm
937 1337 1074 1364 Eowvz.

384 1378 428 1396 ess
483 1378 498 1396 a
515 1370 567 1404 pY,
585 1376 664 1397 etiam
684 1372 714 1403 E,
733 1377 811 1398 enam
830 1377 900 1398 entia
918 1373 967 1399 Pa.

285 1415 291 1426 τ
333 1406 348 1432 5
367 1407 525 1437 etism-NR
547 1412 600 1433 om.

1167 1339 1198 1364 15
1219 1339 1290 1364 bono
1308 1347 1339 1370 α;
1357 1340 1467 1366 bonum.

1411 1185 1500 1222 que,
1530 1182 1721 1223 quantum
1756 1176 1872 1213 habet
1900 1177 1947 1214 de
1977 1190 2071 1226 esse,
2100 1186 2250 1217 tantum
2287 1181 2402 1219 habet
2428 1183 2477 1220 de

1412 1226 1746 1275 cognoscibilitate.

1558 1341 1591 1367 16
1610 1342 1759 1377 cognoscet]
1779 1351 1949 1377 cognosceret
1968 1346 2119 1374 CDNZch.
2141 1339 2144 1343 ⁴
2205 1355 2236 1381 ¹7
2256 1349 2332 1384 entia]
2352 1350 2428 1376 etiam
2448 1359 2478 1376 ea

700 1407 718 1433 8
736 1407 798 1433 mali
822 1408 985 1443 WpG(Y)Z;
1011 1417 1071 1435 curn
1096 1410 1194 1435 malum
1219 1411 1282 1436 nihil
1309 1411 1344 1436 sit
1368 1412 1438 1437 aliud
1459 1420 1539 1446 quam
1562 1413 1671 1446 privatio
1692 1413 1753 1439 boni
1776 1415 1897 1445 addunt;
1915 1416 1938 1441 Y
1959 1417 2005 1442 illa
2027 1418 2105 1443 habet
2125 1423 2190 1451 post
2212 1424 2375 1452 expunctum
2405 1421 2479 1447 Unde

277 1443 389 1476 m,
403 1449 472 1476 ergo
489 1450 528 1468 ex
546 1443 670 1477 margine
693 1444 859 1476 exemplaris
884 1445 925 1470 νει
942 1452 981 1470 ex
998 1445 1054 1470 aiio
1075 1445 1154 1471 libna.
1175 1446 1197 1471 N
1221 1447 1254 1472 ob
1265 1447 1366 1480 solium
1387 1447 1508 1473 excisum
1531 1449 1656 1474 lacunam
1678 1450 1758 1475 habet
1779 1458 1797 1475 a
1820 1451 1881 1476 mali
1905 1459 1986 1485 usque
2007 1454 2045 1478 ad
2067 1454 2175 1479 titqum
2197 1462 2255 1488 cap.
2281 1452 2322 1489 78
2344 1457 2479 1483 inclusive.

276 1478 378 1514 quenl
395 1483 423 1504 et
439 1477 490 1510 ΒΖ,
505 1483 535 1508 ut
549 1486 574 1508 α,
586 1480 628 1504 ve!
645 1479 676 1505 D.

277 1521 332 1547 noa
348 1512 507 1544 om‘cwv.

277 1544 366 1603 uirides
374 1550 449 1576 sicut
461 1549 531 1576 hunc
550 1558 575 1580 α,
595 1550 664 1576 sicut
681 1548 760 1576 habet
778 1551 833 1583 Ex,
852 1553 998 1577 secundum
1017 1552 1068 1578 hoc
1086 1551 1279 1588 (solummodo)
1296 1553 1329 1579 Y.

770 1486 798 1506 ιι
822 1480 977 1513 cognitionis
992 1485 1057 1513 port
1075 1482 1176 1507 divinae
1194 1482 1281 1507 «ore.

611 1515 616 1520 ¹
634 1514 641 1521 ⁸
699 1514 706 1520 ·
724 1515 729 1521 ’
1101 1517 1107 1523 ι
1278 1518 1284 1523 ·
1374 1483 1406 1508 13
1426 1489 1567 1516 cognoscat
1589 1485 1664 1516 ΒΖΜ
1683 1493 1842 1518 cognoscere
1859 1487 1890 1518 Ε,
1909 1489 2042 1520 cognoscit
2061 1490 2126 1520 ⁸1>ae
2145 1496 2284 1523 cognoscat
2302 1492 2363 1524 quia
2380 1493 2479 1522 malum

593 1514 661 1548 dicit]
681 1515 774 1541 dicitur
792 1516 841 1547 Pc;
860 1517 900 1549 pA
919 1516 1038 1550 Iegebat:
1057 1517 1124 1547 Quia
1143 1518 1242 1543 malum
1262 1523 1330 1543 sieut
1343 1527 1395 1544 non
1408 1518 1486 1544 habet
1499 1527 1600 1545 esse...

1619 1521 1652 1546 ita
1667 1521 1812 1547 secundum
1825 1525 1885 1552 στας
1899 1523 1934 1558 ita
1944 1531 2008 1549 casu
2023 1532 2075 1549 non
2088 1525 2200 1551 deletur.
2287 1533 2321 1558 14
2334 1528 2479 1553 secundum

1043 1677 1383 1710 Commentario,
1411 1678 1722 1712 Fen-ariensis

286 1766 314 1785 m
457 1797 638 1833 conclusio,
661 1796 864 1837 respondens
895 1797 1051 1837 septimae
1082 1798 1271 1834 obiectioni,
1294 1804 1356 1829 est:

241 1860 246 1866 ·
277 1808 606 1884 fflcognoscit
627 1842 717 1874 mala
732 1843 759 1872 ἦ
785 1841 880 1873 Circa
904 1851 1004 1882 quam
1027 1843 1087 1873 tria
1116 1842 1192 1873 facit
1220 1843 1358 1874 Sanctus

275 1888 436 1920 Thomas:
461 1888 581 1928 primo,
604 1887 710 1927 ipsam
733 1887 864 1928 proban
889 1886 1048 1923 secundo,
1070 1897 1143 1918 eam
1174 1887 1314 1918 declarat
1325 1889 1357 1924 ἡ

275 1934 382 1970 tertio,
406 1937 554 1963 removet
577 1930 739 1972 quaedam
761 1931 860 1962 dubia
875 1932 903 1962 ἦ

331 1978 357 2009 1.
385 1977 556 2015 Quantum
586 1975 627 2007 ad
656 1976 814 2016 primum,
842 1976 1000 2018 arguitur
1024 1976 1147 2017 primo.
1181 1975 1269 2007 Deus
1300 1986 1356 2007 co-

275 2023 403 2064 gnoscit
427 2022 538 2052 omnia
555 2021 758 2061 particularia
775 2021 872 2057 bona,
888 2021 1008 2061 quibus
1024 2021 1110 2051 mala
1130 2026 1354 2061 opponuntur.

276 2068 364 2108 Ergo
388 2072 449 2098 etc.
469 2084 492 2088 —
514 2066 606 2096 Patet
629 2066 874 2106 consequentia.
898 2065 995 2104 Quia,
1014 2066 1148 2106 cognito
1170 2066 1271 2101 bone,
1286 2074 1355 2096 ma-

276 2113 346 2144 lum
368 2111 562 2153 oppositum
585 2111 804 2151 cognoscitur,
828 2116 866 2141 ut
887 2109 1021 2142 inferius
1036 2111 1054 2127 “
1077 2109 1300 2141 declarabitur.

303 2186 307 2187 ⁷
329 2156 494 2188 Secundo.
525 2155 562 2186 ln
589 2155 662 2186 Deo
696 2161 743 2186 est
773 2156 854 2186 ratio
884 2165 950 2196 qua
980 2155 1105 2186 malum
1136 2155 1353 2195 cognoscitur.

276 2202 364 2243 Ergo
388 2206 449 2232 etc.
471 2218 495 2224 -
516 2200 675 2231 Probatur
704 2199 908 2231 antecedens.
934 2200 1029 2230 Ratio
1058 2209 1123 2240 qua
1147 2200 1355 2240 cognoscitur

276 2247 403 2279 malum
415 2255 486 2277 non
507 2250 668 2286 repugnat
682 2245 783 2276 bono.
803 2245 909 2276 Immo
925 2245 1028 2285 magis
1043 2244 1084 2275 ad
1098 2245 1259 2275 rationem
1275 2244 1355 2275 boni

276 2291 431 2333 pertinet:
447 2290 644 2330 inquantum
656 2289 778 2320 scilicet
793 2290 861 2330 ipsa
877 2290 958 2320 ratio
971 2289 1096 2320 bonum
1109 2289 1276 2330 quoddam
1291 2294 1353 2324 est;

228 2351 229 2355 ¹
277 2345 355 2368 culn
378 2335 617 2367 contrariorum
638 2335 780 2365 rationes
803 2335 836 2364 in
860 2343 967 2365 amma
990 2343 1059 2365 non
1081 2334 1147 2365 sint
1166 2334 1354 2370 contrariae,

276 2380 423 2422 alioquin
447 2389 517 2411 non
539 2379 637 2410 simul
657 2385 763 2411 essent
786 2380 820 2410 in
843 2380 951 2410 anima
967 2388 1034 2419 ,nec
1057 2379 1155 2409 simul
1177 2388 1356 2419 cognosce-

276 2431 398 2458 πωπω.
422 2423 487 2456 Sed
500 2425 536 2455 in
554 2424 639 2460 Deo,
655 2430 788 2465 propter
803 2433 895 2455 suam
911 2423 1094 2454 absolutam
1109 2423 1355 2464 perfectionem,

277 2470 488 2503 inveniuntur
511 2478 627 2500 omnes
649 2469 790 2500 rationes
814 2469 976 2500 bonitatis.
1000 2469 1088 2509 Ergo
1115 2474 1176 2499 etc.

331 2514 474 2547 Adverte
490 2513 575 2544 circa
589 2513 678 2544 illam
694 2514 957 2555 propositionem
972 2513 1129 2554 implicite
1144 2513 1274 2550 dictam,
1290 2513 1356 2543 Ra-

279 2561 384 2591 tiones
405 2558 654 2590 contrariorum
673 2559 772 2590 simul
793 2563 1041 2600 cognoscuntur
1061 2558 1102 2588 ab
1122 2558 1244 2593 anima,
1266 2556 1358 2598 quod

278 2606 343 2636 hoc
357 2603 605 2643 intelligendum
622 2609 679 2640 est,
696 2613 764 2634 non
781 2609 818 2634 ut
833 2603 1000 2634 distinctae
1017 2604 1154 2634 omnino
1170 2608 1256 2638 sunt,
1268 2611 1356 2637 cum,

279 2653 316 2681 ut
338 2648 487 2689 superius
501 2649 519 2665 ³
543 2653 712 2679 ostensum
735 2653 793 2684 est,
817 2648 1000 2680 intellectus
1023 2653 1134 2678 noster
1161 2657 1230 2678 non
1254 2647 1357 2687 possit

279 2695 373 2735 phua
394 2692 493 2724 simul
515 2692 695 2733 intelligere
718 2699 754 2724 ut
774 2692 869 2733 plura
894 2698 983 2723 sunt:
1008 2692 1066 2723 sed
1093 2698 1129 2723 ut
1156 2691 1357 2722 conveniunt

279 2740 315 2771 in
337 2748 404 2770 una
425 2738 608 2768 intentione
635 2738 878 2768 contrarietatis.
909 2737 1093 2768 Intellectus
1123 2737 1211 2767 enim
1239 2735 1357 2766 intelli-

279 2792 361 2825 gens
382 2783 492 2813 album
513 2787 545 2813 et
566 2782 697 2822 nigrum
712 2791 782 2812 esse
807 2782 976 2818 contraria,
993 2781 1100 2817 simul,
1124 2786 1161 2811 ut
1184 2781 1239 2816 sic,
1261 2779 1357 2810 intel-

280 2829 350 2869 ligit
373 2827 484 2858 album
509 2832 540 2857 et
563 2826 703 2867 nigrum.

337 2872 433 2904 Circa
447 2871 536 2902 illam
551 2871 822 2911 propositionem,
843 2870 883 2900 In
899 2871 971 2901 Deo
988 2876 1035 2901 est
1050 2869 1136 2900 ratio
1153 2878 1218 2910 qua
1234 2868 1355 2898 malum

281 2917 503 2960 cognoscitur,
521 2915 693 2947 dubitatur.
710 2915 797 2953 Quia
813 2914 949 2945 Sanctus
965 2915 1112 2945 Thomas
1130 2918 1229 2949 tenet,
1246 2913 1356 2948 Verit„

282 2973 313 3004 q.
331 2972 376 2998 m,
393 2972 421 2992 a.
437 2962 497 3002 4*,
522 2960 613 3001 quod
634 2960 711 2991 mali
735 2969 800 2990 non
819 2964 929 3000 potest
956 2959 1083 2999 concipi
1106 2958 1217 2998 aliqua
1236 2958 1357 2999 sor-ma

227 3014 230 3016 '
283 3017 342 3039 nec
364 3007 397 3037 in
422 3006 586 3037 intellectu
610 3015 669 3035 nec
692 3005 726 3034 in
750 3004 997 3046 imaginatione.
1026 3003 1111 3043 Ergo
1135 3003 1169 3033 in
1193 3002 1265 3032 Deo
1288 3011 1357 3032 non

283 3057 330 3083 est
351 3051 434 3082 ratio
458 3060 523 3091 qua
545 3050 669 3081 malurn
692 3049 910 3089 cognoscitur.

338 3096 465 3127 Dicitur
488 3094 580 3136 quod
601 3095 712 3125 necin
732 3093 900 3124 intellectu
914 3098 1028 3123 nostro
1050 3101 1112 3122 nec
1134 3092 1169 3121 in
1191 3091 1358 3121 intellectu

284 3141 395 3173 divino
412 3146 460 3171 est
474 3141 556 3171 ratio
571 3139 648 3170 mali
665 3140 802 3169 omnino
819 3138 968 3169 distincta
991 3146 1009 3167 a
1031 3137 1157 3167 ratione
1181 3136 1270 3166 boni.
1294 3135 1358 3166 Sed

283 3187 367 3217 bene
389 3191 498 3225 potest
520 3194 591 3215 esse
612 3185 694 3215 ratio
718 3193 802 3224 quae
825 3183 904 3213 boni
932 3182 1092 3212 rationem
1122 3181 1232 3221 aliquo
1255 3180 1357 3210 modo

283 3230 438 3262 includat.
458 3230 536 3261 Ideo
547 3229 638 3260 nulla
659 3234 708 3259 est
726 3227 949 3259 contradictio.
969 3225 1149 3264 Quomodo
1169 3231 1277 3256 autem
1294 3225 1358 3255 hoc

284 3277 335 3313 sit,
358 3275 492 3306 inferius
508 3276 525 3291 ⁸*
549 3273 746 3305 ostendetur.

341 3320 379 3351 11.
407 3320 528 3351 Tertio.
553 3319 734 3350 Intellectui
757 3317 867 3348 divino
890 3326 959 3347 non
983 3320 1090 3355 potest
1113 3314 1224 3345 deesse
1251 3314 1358 3354 aliqua

285 3365 553 3397 intellectualium
572 3363 820 3405 perfectionum.
841 3361 904 3392 Sed
919 3362 1045 3391 bonum
1060 3359 1243 3390 intellectus
1262 3359 1358 3389 etiam

285 3411 320 3441 in
331 3410 520 3451 cognitione
533 3409 610 3440 mali
621 3408 778 3439 consistit.
795 3407 882 3447 Ergo
895 3411 955 3436 etc.
964 3423 986 3427 -
997 3405 1156 3435 Probatur
1166 3404 1284 3434 minor.
1302 3403 1359 3433 Ve—

287 3465 360 3486 rum
376 3460 425 3485 est
438 3455 558 3485 bonum
582 3454 775 3483 intellectus.
800 3450 863 3482 Sed
882 3459 950 3481 non
973 3449 1081 3480 solum
1095 3457 1210 3479 verum
1230 3453 1278 3478 est
1299 3448 1360 3478 bo-

285 3509 368 3530 num
391 3509 461 3530 esse
484 3500 621 3534 bonum,
638 3498 694 3528 sed
710 3498 806 3528 etiam
821 3496 943 3527 malum
960 3503 1029 3525 esse
1044 3493 1178 3524 malum.
1194 3493 1281 3533 Ergo
1297 3498 1358 3522 etc.

342 3544 483 3576 Adverte
499 3542 600 3584 quod,
622 3548 660 3574 ut
681 3542 828 3582 superius
840 3542 857 3558 ἱ
873 3540 995 3571 dictum
1011 3543 1068 3575 est,
1083 3537 1266 3568 intellectus
1281 3542 1360 3567 tunc

288 3594 336 3619 est
353 3598 449 3620 verus
468 3587 601 3629 quando
623 3586 716 3628 quod
736 3586 880 3626 concipit
899 3585 940 3616 de
962 3593 996 3614 re
1018 3583 1065 3614 illi
1088 3582 1254 3613 convenit:
1280 3586 1360 3611 nme

289 3634 377 3664 enim
406 3634 452 3664 rei
482 3638 536 3674 est,
557 3632 764 3673 adaequatus.
789 3630 876 3661 Cum
905 3634 1012 3660 autem
1036 3627 1076 3658 de
1106 3627 1193 3657 malo
1217 3626 1362 3665 concipit

289 3677 380 3718 quod
396 3679 436 3708 sit
450 3678 584 3713 malum,
601 3683 679 3708 tunc
696 3676 849 3707 convenit
863 3675 949 3705 malo
965 3673 998 3704 id
1015 3671 1104 3713 quod
1123 3670 1305 3701 intellectus
1320 3669 1360 3700 de

1381 1797 1385 1851 Ι
1410 1800 1482 1840 ipso
1505 1801 1668 1841 concepit.
1693 1800 1770 1831 ldeo
1794 1802 1840 1832 sic
1863 1802 2071 1843 intelligendo
2095 1810 2143 1834 est
2165 1814 2268 1836 verus.
2292 1807 2332 1837 Et
2348 1808 2410 1838 hoc
2434 1814 2481 1839 est

1410 1844 1501 1885 quod
1522 1845 1629 1885 inquit
1653 1845 1789 1876 Sanctus
1805 1846 1960 1886 Thomas,
1978 1849 2132 1888 quoniam
2157 1859 2268 1880 verum
2292 1856 2341 1882 est
2359 1853 2479 1883 malum

1409 1899 1478 1920 esse
1501 1890 1642 1920 malum:
1660 1891 1736 1930 quia
1759 1890 1908 1922 videlicet
1930 1893 2112 1925 intellectus
2128 1893 2240 1925 dicens
2254 1896 2377 1927 malum
2401 1907 2480 1928 con-

1409 1934 1519 1964 venire
1541 1934 1640 1970 malo,
1665 1944 1778 1965 verum
1802 1934 1889 1966 dicit.

1464 1977 1517 2008 111.
1541 1978 1678 2015 Quarto.
1702 1979 1793 2010 Deus
1816 1981 1985 2020 cognoscit
2015 1982 2234 2022 negationem.
2265 1984 2351 2024 Ergo
2375 1986 2478 2025 priva-

1407 2023 1542 2053 tionem.
1566 2023 1653 2064 Ergo
1683 2024 1818 2054 malum.
1838 2042 1861 2048 —-
1886 2025 2043 2056 Probatur
2073 2027 2275 2058 antecedens.
2301 2028 2480 2069 Cognoscit

1407 2077 1516 2098 rerum
1544 2067 1795 2099 distinctionem.
1823 2069 1909 2109 Ergo
1936 2071 2157 2110 negationem:
2189 2073 2264 2112 quia
2291 2074 2325 2103 in
2354 2075 2478 2105 ratione

1408 2111 1621 2143 distinctionis
1645 2118 1693 2143 est
1717 2114 1856 2154 negatio.
1881 2114 1975 2145 Unde
1999 2121 2031 2146 et
2053 2116 2274 2157 prima,›quae
2296 2119 2408 2158 seipsis
2431 2118 2479 2149 dih

1407 2157 1625 2197 stinguuntur,
1649 2163 1765 2188 mutuo
1788 2159 1996 2202 negationem
2023 2160 2208 2191 includunt:
2232 2163 2356 2193 ratione
2385 2164 2478 2194 cuius

1408 2201 1559 2232 dicuntur
1573 2202 1778 2233 immediatae
1792 2204 1959 2243 negativae
1975 2206 2215 2245 propositiones
2229 2207 2263 2236 in
2280 2207 2335 2237 eis.
2350 2225 2374 2228 —
2389 2207 2479 2238 Patet

1407 2247 1504 2276 etiam
1533 2247 1638 2286 prima
1660 2249 1902 2287 consequentia.
1923 2248 2009 2287 Quia
2022 2249 2159 2289 privatio
2175 2256 2223 2281 est
2237 2251 2365 2291 negatio
2382 2261 2479 2292 quae-

1407 2290 1493 2321 dam.
1519 2309 1541 2314 -
1565 2290 1715 2322 Secunda
1744 2293 1840 2322 etiam
1871 2298 1968 2333 patet.
2000 2293 2086 2331 Quia
2115 2295 2238 2325 malum
2268 2301 2315 2326 est
2343 2296 2479 2336 privatio

1409 2335 1580 2376 quaedam.

1464 2380 1615 2416 Adverte,
1633 2389 1710 2411 cum
1734 2380 1850 2412 dicitur
1863 2382 1975 2422 prima
1995 2392 2079 2423 quae
2100 2382 2350 2424 distinguuntur
2366 2391 2478 2415 mutuo

1409 2425 1618 2467 negationem
1642 2425 1818 2461 includere,
1836 2426 1927 2466 quod
1945 2436 2014 2458 non
2030 2433 2078 2458 est
2100 2428 2164 2458 hoc
2187 2427 2363 2460 formaliter
2385 2430 2479 2460 intel-

1408 2469 1586 2511 ligendum,
1616 2479 1685 2500 non
1715 2470 1802 2501 enim
1832 2470 1872 2501 de
1901 2471 2025 2502 ratione
2055 2473 2250 2503 substant-iae
2277 2479 2324 2503 est
2349 2475 2478 2514 negatio

1410 2515 1612 2555 quantitatis:
1637 2513 1693 2544 sed
1708 2515 1913 2545 materialiter
1927 2521 2063 2552 tantum,
2085 2522 2117 2547 et
2138 2516 2418 2548 fundamentaliter
2441 2528 2479 2549 ex

1408 2560 1540 2599 propria
1562 2559 1696 2589 ratione.
1713 2558 1814 2597 Quod
1837 2559 1870 2589 in
1893 2560 2003 2590 multis
2027 2560 2095 2591 aliis
2117 2570 2184 2591 non
2213 2563 2381 2592 convenit:
2405 2562 2479 2593 licet

1409 2604 1497 2634 enim
1519 2604 1621 2634 homo
1645 2612 1714 2633 non
1736 2604 1776 2634 sit
1802 2603 1894 2643 lapis,
1923 2603 2172 2635 fundamentum
2199 2610 2307 2636 tamen
2336 2607 2478 2646 primum

1409 2649 1506 2678 huius
1527 2647 1708 2687 negationis
1723 2653 1772 2678 est
1785 2647 1899 2685 homo,
1914 2657 1983 2678 non
1998 2649 2192 2689 inquantum
2215 2649 2327 2686 homo,
2351 2650 2407 2681 sed
2428 2652 2478 2681 in-

1409 2697 1568 2732 quantum
1591 2692 1758 2723 sensibilis.
1786 2692 1921 2732 Propter
1942 2693 2008 2723 hoc
2029 2702 2097 2724 non
2117 2699 2165 2723 est
2190 2694 2374 2724 immediata
2402 2703 2477 2735 pro-

1408 2737 1539 2777 positi0,
1551 2735 1663 2767 Homo
1680 2746 1746 2767 non
1759 2741 1808 2767 est
1818 2737 1911 2777 lapis.
1924 2736 1988 2768 Sed
1998 2738 2127 2778 negatio
2139 2738 2334 2768 substantiae
2345 2748 2363 2768 a
2375 2747 2476 2778 quan-

1408 2782 1498 2812 titate
1520 2780 1674 2812 fundatur
1695 2782 1729 2812 in
1751 2781 1882 2822 propria
1896 2782 2019 2812 ratione
2035 2782 2229 2812 substantiae
2245 2788 2281 2813 ut
2302 2783 2476 2814 substantia

1409 2831 1466 2856 est.
1483 2825 1561 2856 Ideo
1577 2825 1758 2856 secundum
1774 2835 1807 2856 se
1824 2825 2105 2857 fundamentaliter
2119 2828 2325 2866 negationem
2341 2837 2359 2857 a
2375 2834 2476 2867 quan-

1408 2871 1498 2901 titate
1521 2870 1668 2901 includit.
2460 2901 2467 2909 ,

1464 2914 1518 2945 IV.
1545 2913 1678 2950 Quinto.
1703 2915 1792 2945 Deus
1808 2916 1976 2955 cognoscit
1999 2916 2169 2946 contraria:
2190 2924 2265 2946 cum
2288 2924 2402 2946 omnes
2427 2925 2476 2946 re-

1409 2968 1483 2990 rum
1505 2960 1628 2999 species
1651 2965 1836 3000 cognoscat,
1853 2969 1991 3000 quarum
2013 2960 2172 3000 quaedam
2195 2965 2270 2991 sunt
2285 2960 2475 2997 contrariae3

1411 3010 1442 3036 et
1465 3003 1661 3035 differentiae
1685 3005 1781 3035 etiam
1803 3013 1959 3045 generum
1975 3005 2150 3035 contrariae
2164 3011 2248 3035 sunt.
2269 3005 2438 3044 Erg01etc.
2454 3021 2477 3026 —

1409 3049 1500 3079 Patet
1515 3049 1757 3089 consequentia.
1779 3048 1865 3087 Quia
1879 3049 1913 3079 in
1930 3050 2094 3080 contrariis
2116 3048 2290 3079 includitur
2312 3049 2475 3089 oppositio

1410 3093 1598 3134 privationis
1620 3099 1652 3124 et
1674 3093 1811 3130 habitus,
1835 3098 1872 3124 ut
1895 3093 2010 3124 dicitur
2024 3093 2054 3124 X
2070 3093 2222 3133 Metaph.,
2238 3098 2327 3123 textu
2345 3093 2395 3123 15.

1466 3137 1577 3169 Sexta
1609 3137 1790 3178 Cognoscit
1810 3139 1986 3168 materiam.
2014 3138 2100 3178 Ergo
2125 3147 2162 3168 ea
2184 3137 2224 3167 ad
2247 3146 2330 3177 quae
2352 3146 2388 3167 se
2409 3146 2477 3166 ma-

1392 3197 1399 3203 ·
1410 3183 1490 3212 teria
1504 3181 1655 3213 extendit.
1679 3182 1766 3223 Ergo
1789 3182 2011 3222 privationem.
2035 3182 2122 3222 Ergo
2137 3182 2268 3212 malum.
2283 3199 2307 3204 -
2321 3181 2477 3211 Probatur

1410 3227 1515 3267 prima
1537 3227 1781 3267 consequentia.
1811 3226 1907 3264 Quia,
1935 3227 2077 3257 cum-sit
2103 3226 2257 3266 potentia,
2281 3234 2348 3255 non
2371 3230 2478 3265 potest

1410 3271 1552 3312 perfecte
1577 3271 1732 3312 cognosci
1754 3271 1815 3301 nisi
1838 3276 2052 3311 cognoscatur
2073 3270 2114 3300 ad
2136 3279 2220 3310 quae
2242 3270 2311 3300 eius
2333 3269 2477 3309 potentia

1412 3325 1446 3346 se
1470 3315 1620 3346 extendit.
1643 3334 1668 3339 -
1687 3315 1836 3346 Secunda
1858 3324 1935 3346 vero
1958 3320 2054 3355 patet.
2080 3314 2165 3352 Quia
2189 3324 2222 3344 se
2245 3312 2387 3344 extendit
2409 3314 2477 3344 eius

1411 3361 1557 3400 potentia
1580 3359 1619 3391 ad
1642 3359 1781 3390 formam
1797 3365 1829 3390 et
1850 3359 2079 3400 privationem:
2104 3367 2180 3388 cum
2203 3357 2235 3388 id
2259 3357 2349 3398 quod
2371 3362 2478 3397 potest

1412 3414 1491 3441 esse,
1516 3414 1573 3444 per
1596 3405 1747 3434 materiae
1776 3403 1897 3434 scilicet
1925 3403 2234 3438 transmutationem,
2257 3401 2360 3442 possit
2382 3401 2477 3432 etiam

1411 3458 1480 3479 non
1504 3458 1583 3479 esse.

1468 3493 1621 3534 Septimo.
1642 3492 1820 3533 Cognoscit
1835 3491 1981 3522 ordinem
2000 3491 2149 3521 universi.
2174 3491 2260 3530 Ergo
2282 3495 2479 3521 nocumenta

1413 3547 1496 3578 quae
1512 3543 1645 3578 possent
1660 3547 1699 3568 ex
1715 3536 1907 3577 quibusdam
1923 3535 1990 3565 aliis
2006 3535 2184 3575 provenire.
2205 3534 2291 3574 Ergo
2307 3534 2440 3565 malum.
2450 3551 2479 3558 »-

1412 3583 1570 3613 Probatur
1587 3580 1789 3612 antecedens.
1809 3580 1904 3618 Quia,
1917 3580 1943 3609 si
1962 3580 2129 3619 cognoscit
2147 3578 2234 3609 aliud
2252 3588 2271 3609 a
2285 3588 2330 3615 se,
2340 3579 2479 3610 maxime

1413 3627 1581 3667 cognoscit
1604 3625 1694 3666 quod
1717 3631 1765 3655 est
1787 3625 1959 3664 optimum,
1976 3623 2079 3663 qualis
2099 3628 2147 3654 est
2169 3622 2250 3653 ordo
2273 3623 2423 3658 universi,
2440 3622 2480 3653 ad

1413 3680 1512 3711 quem
1534 3671 1616 3700 sicut
1639 3670 1679 3700 ad
1702 3669 1800 3699 finem
1816 3668 2015 3709 particularia
2031 3668 2118 3698 bona
2139 3666 2336 3698 ordinantur.
2352 3685 2376 3690 —
2390 3667 2479 3697 Con-

2503 606 2511 613 ·
2528 604 2585 632 Cap.
2599 610 2655 626 ινιι.
