2768 4134
70 976 80 985 ”
88 974 124 997 Cf.
133 977 189 996 text.
201 977 223 996 et
232 980 279 996 var.

59 2628 68 2637 ·
75 2627 110 2650 Cf.
121 2632 199 2654 supra,
207 2626 245 2648 lib.
255 2626 272 2653 1,

59 2659 108 2682 cap.
119 2659 166 2675 ιη.

65 3470 74 3480 '¹
82 3469 213 3492 Comment.
225 3476 275 3499 cap.

63 3502 136 3518 nvn.

318 320 391 356 532

314 399 339 428 si
363 400 506 427 sumatur
534 393 623 435 quod
646 394 729 424 hanc
753 393 903 423 virtutem
927 391 1074 421 habuerit
1098 390 1137 420 ab
1161 395 1304 425 aeterno,
1325 389 1383 419 erit

308 441 423 481 petitio
441 438 609 480 principii.

368 484 405 514 11.
419 483 470 514 Ad
483 482 656 513 secundam
670 482 828 512 rationem
846 479 1069 520 respondetur,
1087 484 1120 510 et
1134 478 1252 509 dicitur
1264 478 1382 518 primo,

313 527 402 568 quod
429 537 467 558 ex
498 527 683 557 aeternitate
712 526 852 556 veritatis
883 524 1063 556 intellectae
1097 529 1256 564 quantum
1287 522 1327 552 ad
1350 521 1382 552 id

312 571 402 613 quod
424 571 621 611 intelligitur,
645 579 712 600 non
730 570 873 610 arguitur
889 570 1057 599 aeternitas
1081 567 1302 608 intelligentis;
1327 566 1382 597 sed

310 617 393 647 bene
418 626 456 646 ex
479 615 666 646 aeternitate
691 614 759 644 eius
784 619 943 655 quantum
968 614 1007 643 ad
1030 612 1064 644 id
1088 622 1156 653 quo
1183 612 1380 652 intelligitur.

311 660 374 692 Sed
396 666 474 691 tunc
498 659 615 690 dicitur
639 658 730 699 quod
753 659 842 689 nulla
865 658 990 694 veritas,
1010 663 1168 698 quantum
1194 656 1234 687 ad
1257 655 1290 686 id
1313 665 1381 696 quo

310 706 416 736 anima
438 704 596 744 intelligit,
625 709 673 734 est
695 704 760 734 hoc
789 703 891 735 modo
923 708 1060 739 aeterna,
1085 702 1161 732 licet
1191 702 1231 731 sit
1254 706 1382 731 aeterna

309 750 416 790 primo
438 748 557 779 modo:
575 749 652 789 quia
667 749 791 789 species
815 749 933 789 quibus
953 747 1059 777 anima
1083 751 1192 777 nostra
1214 745 1381 776 veritatem

309 794 465 834 intelligit,
478 798 515 824 ut
526 802 622 834 supra
635 798 802 824 ostensum
819 799 876 829 est,
893 792 1078 827 adveniunt,
1091 790 1212 821 scilicet
1224 789 1264 820 de
1280 799 1380 820 novo.

310 838 386 869 Ideo
411 843 546 878 negatur
569 838 813 878 consequentia.

364 883 490 914 Dicitur
513 882 668 918 secundo,
694 881 784 922 quod
812 891 850 912 ex
873 882 937 912 hoc
965 878 1055 920 quod
1085 876 1275 909 huiusmodi
1298 877 1379 908 veri-

307 932 388 958 tates
411 927 592 958 intellectae
616 932 691 957 sunt
714 932 871 961 aeternae,
902 925 984 955 bene
1015 923 1161 963 sequitur
1188 922 1279 963 quod
1306 921 1380 952 fun-

308 971 425 1003 dentur
447 972 481 1003 in
497 972 608 1012 aliquo
625 977 765 1002 aeterno.
787 970 812 1000 F
815 969 978 1000 undantur
993 968 1081 999 enirn
1105 968 1138 998 in
1162 968 1260 1007 ipsa*
1276 967 1379 1007 prima

307 1018 450 1054 veritate,
466 1018 549 1048 sicut
565 1017 597 1046 in
615 1025 710 1046 causa
722 1014 892 1045 universali
909 1013 1095 1044 contentiva
1111 1012 1211 1042 totius
1223 1012 1377 1042 veritatis:

308 1061 348 1092 ad
371 1071 469 1102 quam
496 1061 677 1091 intellectus
700 1064 810 1090 noster
833 1068 902 1089 non
925 1067 958 1088 se
982 1057 1080 1088 habet
1109 1056 1297 1092 subiective,
1322 1055 1379 1086 sed

307 1106 389 1136 sicut
412 1105 451 1136 ad
474 1105 643 1145 proprium
667 1103 776 1139 finem,
805 1103 881 1143 quia
914 1111 1026 1133 verum
1057 1106 1104 1132 est
1135 1102 1260 1132 bonum
1284 1100 1378 1131 intel-

306 1150 408 1180 lectus
432 1154 463 1179 et
485 1148 558 1179 finis
581 1149 692 1189 ipsius.

361 1194 485 1224 Dicitur
507 1193 602 1224 tertio
627 1192 727 1234 quod,
752 1193 827 1222 licet
851 1201 889 1222 ex
913 1191 1098 1222 aeternitate
1121 1190 1262 1221 veritatis
1284 1189 1378 1220 intel-

303 1238 405 1269 lectae
428 1247 496 1268 non
519 1238 621 1278 possit
636 1237 766 1278 probari
788 1236 958 1267 aeternitas
976 1235 1113 1272 animae,
1137 1240 1246 1276 potest
1268 1239 1378 1266 tamen

303 1283 431 1323 probari
447 1283 516 1313 eius
532 1282 765 1313 immortalitas.
778 1281 865 1319 Quia
879 1281 964 1311 sicut
975 1280 1015 1311 de
1031 1280 1125 1311 initio
1141 1280 1187 1311 rei
1202 1289 1378 1320 possumus

304 1327 518 1368 argumentari
542 1337 600 1367 per
622 1336 752 1358 causam
775 1331 935 1367 agentem,
952 1325 995 1356 ita
1012 1334 1050 1356 ex
1066 1324 1132 1356 fine
1148 1329 1376 1365 argumentum

303 1381 430 1402 sumere
453 1381 628 1412 possumus
648 1370 688 1402 de
711 1372 758 1402 rei
781 1370 967 1401 duratione:
992 1369 1084 1410 quod
1107 1370 1195 1401 enim
1219 1374 1267 1400 est
1291 1368 1377 1401 ordi-

302 1422 415 1447 natum
439 1415 479 1447 ad
502 1415 602 1447 finem
627 1417 873 1457 sempiternum,
898 1419 1028 1456 oportet
1044 1424 1113 1445 esse
1137 1424 1237 1455 capax
1261 1423 1376 1455 perpe-

302 1466 377 1492 tuae
401 1461 588 1492 durationis.
619 1461 667 1491 Ex
697 1461 883 1492 aeternitate
912 1469 991 1490 vero
1021 1460 1144 1500 agentis
1170 1469 1239 1490 non
1269 1464 1377 1500 potest

303 1507 371 1537 eius
401 1505 570 1536 aeternitas
600 1506 745 1546 probari:
777 1510 815 1536 ut
845 1514 883 1536 ex
915 1505 1136 1545 superioribus
1164 1505 1198 1535 in
1227 1505 1291 1535 hoc
1319 1503 1376 1535 Se-

302 1549 412 1582 cundo
435 1555 533 1591 patet.

359 1605 388 1625 2.
413 1594 507 1625 Circa
523 1595 606 1625 hanc
626 1595 896 1635 propositionem,
919 1594 1075 1625 Veritates
1095 1593 1277 1625 intellectae
1289 1593 1375 1635 fun-

302 1639 425 1670 dantur
440 1640 472 1670 in
498 1639 567 1680 ipsa
577 1639 689 1680 prima
706 1639 851 1674 veritate,
868 1638 1038 1669 sciendum
1054 1638 1145 1679 quod
1165 1637 1252 1669 istud
1269 1642 1376 1678 potest

301 1685 418 1715 habere
442 1684 604 1724 triplicem
627 1693 769 1714 sensum.
794 1683 920 1714 Primus
945 1688 1002 1720 est,
1026 1682 1117 1724 quod
1141 1681 1319 1713 fundentur
1342 1683 1375 1713 in

302 1730 372 1769 ipsa
395 1728 576 1759 secundum
600 1728 734 1769 aliquod
758 1737 827 1759 esse
850 1733 998 1759 naturae:
1023 1728 1107 1759 sicut
1130 1727 1268 1758 dicimus
1293 1727 1376 1758 acci-

304 1773 382 1804 dens
398 1772 525 1804 fundari
541 1773 574 1803 in
590 1773 776 1804 substantia.
792 1790 815 1795 —
831 1772 872 1804 Et
887 1773 933 1804 sic
948 1779 1016 1803 non
1033 1772 1190 1813 accipitur
1210 1772 1272 1802 hic.
1289 1771 1376 1810 Quia

303 1818 417 1849 veritas
434 1817 676 1854 enuntiationis,
692 1818 719 1848 si
735 1817 912 1848 formaliter
933 1822 1088 1854 sumatur,
1105 1826 1174 1848 non
1193 1817 1290 1847 habet
1306 1826 1375 1847 esse

303 1862 398 1898 reale,
422 1861 479 1892 sed
502 1867 628 1893 tantum
652 1871 721 1892 esse
745 1862 924 1902 cognitum,
949 1861 1040 1902 quod
1067 1867 1115 1892 est
1139 1871 1207 1892 esse
1230 1862 1374 1892 rationis.

359 1906 527 1937 Secundus
551 1911 608 1942 est,
626 1906 717 1946 quod
741 1905 894 1937 fundetur
909 1907 942 1936 in
966 1906 1035 1946 ipsa
1051 1907 1134 1936 sicut
1156 1906 1325 1946 cognitum
1341 1906 1375 1936 in

303 1955 532 1991 cognoscente,
550 1951 642 1990 quasi
666 1951 745 1981 istae
761 1951 908 1981 veritates
924 1950 988 1980 sint
1003 1955 1151 1981 aeternae
1168 1951 1245 1990 quia
1269 1959 1286 1980 a
1302 1949 1375 1981 Deo

302 1995 503 2026 aeternaliter
526 2000 780 2035 cognoscuntur.
796 2013 819 2017 -
835 1994 877 2025 Et
899 1994 951 2025 hic
975 1995 1072 2025 etiam
1100 2004 1212 2025 sensus
1236 2004 1303 2025 non
1328 2000 1375 2025 est

300 2040 353 2070 hic
377 2040 530 2076 intentus,
555 2039 630 2070 licet
645 2040 813 2070 veritatem
837 2039 1012 2070 contineat.
1036 2039 1160 2070 Verum
1176 2038 1310 2079 quidem
1328 2044 1375 2069 est

301 2083 392 2126 quod
409 2093 461 2114 eas
481 2084 570 2115 Deus
594 2084 795 2115 aeternaliter
811 2084 990 2125 cognoscit.
1007 2083 1083 2114 Non
1108 2089 1217 2115 tamen
1241 2089 1375 2124 propter

300 2130 364 2160 hoc
388 2127 541 2159 dicuntur
563 2129 695 2169 proprie
717 2127 846 2160 fundari
869 2129 902 2159 in
918 2129 1051 2159 'veritate
1067 2127 1176 2159 divina
1199 2134 1236 2159 ut
1258 2129 1375 2160 veritas

301 2179 364 2205 est:
383 2174 460 2214 quia
475 2172 656 2204 secundum
673 2173 760 2204 hunc
776 2182 918 2210 sensum,
936 2172 1063 2204 fundari
1083 2173 1250 2204 veritatem
1267 2173 1300 2204 in
1317 2173 1374 2204 ali-

300 2228 368 2259 quo
392 2223 440 2248 est
463 2227 531 2249 esse
555 2219 588 2249 in
612 2219 684 2260 ipso
708 2227 766 2260 per
789 2217 926 2249 modum
950 2218 1069 2249 obiecti
1094 2218 1225 2259 cogniti.
1250 2218 1374 2249 Veritas

300 2268 408 2295 autem
432 2263 545 2304 prima,
576 2268 613 2293 ut
642 2263 697 2300 sic,
723 2272 792 2294 non
821 2263 918 2294 habet
945 2263 1105 2294 rationem
1135 2263 1373 2304 cognoscentis,

300 2308 356 2339 sed
379 2308 480 2348 magis
497 2308 655 2339 rationem
672 2308 811 2348 cogniti:
837 2317 913 2339 cum
936 2316 1051 2339 verum
1074 2308 1115 2338 sit
1138 2307 1304 2339 obiectum
1323 2309 1373 2339 in-

303 2353 461 2384 tellectus.

357 2397 486 2428 Tertius
510 2406 622 2427 sensus
646 2402 703 2433 est,
728 2396 819 2438 quod
842 2396 996 2428 fundetur
1018 2397 1052 2428 in
1075 2397 1145 2438 ipsa
1164 2397 1248 2428 sicut
1265 2397 1300 2428 in
1316 2396 1373 2428 illo

300 2450 358 2482 per
380 2446 564 2482 respectum
592 2446 623 2472 et
653 2442 902 2483 proportionem
933 2441 972 2472 ad
996 2441 1087 2482 quod
1111 2441 1228 2473 dicitur
1250 2450 1373 2483 propo-

300 2487 374 2517 sitio
391 2496 474 2523 vera,
491 2485 582 2526 quod
599 2491 646 2516 est
662 2486 788 2517 fundari
805 2487 889 2518 sicut
903 2487 936 2517 in
957 2496 1014 2517 sua
1029 2496 1196 2518 mensura:
1213 2496 1254 2518 eo
1270 2485 1373 2518 modo

302 2540 369 2572 quo
386 2530 524 2562 dicimus
540 2531 706 2562 veritatem
722 2531 904 2562 intellectus
919 2532 1022 2562 nostri
1038 2530 1167 2563 fundari
1182 2532 1216 2563 in
1231 2541 1301 2562 esse
1317 2532 1374 2568 rei,

301 2577 378 2616 quia
400 2575 549 2606 videlicet
572 2580 651 2606 tunc
666 2575 848 2607 intellectus
873 2581 920 2607 est
943 2586 1048 2613 veruS,
1068 2575 1202 2618 quando
1225 2575 1374 2617 intelligit

299 2621 343 2651 ita
366 2630 435 2651 esse
459 2621 542 2651 sicut
558 2626 606 2650 est
628 2620 662 2651 in
685 2630 719 2651 re
735 2621 762 2652 ⁴⁵.
778 2638 802 2643 —
818 2621 859 2652 Et
874 2621 927 2652 hic
950 2630 1064 2652 sensus
1080 2627 1128 2652 est
1143 2621 1196 2653 hic
1219 2621 1373 2652 intentus.

301 2665 416 2696 Omnis
428 2665 515 2696 enim
527 2665 642 2695 veritas
658 2666 893 2706 propositionis
909 2672 1114 2698 mensuratur
1126 2675 1144 2696 a
1160 2666 1292 2697 veritate
1309 2666 1374 2697 exi-

299 2715 402 2741 stente
417 2710 451 2740 in
462 2709 628 2740 intellectu
641 2709 766 2741 divino:
785 2710 860 2751 quia
877 2710 910 2741 in
926 2716 1053 2742 tantum
1066 2711 1174 2752 aliqua
1190 2711 1373 2752 propositio

299 2760 354 2785 aut
370 2754 476 2796 aliqua
492 2763 542 2785 res
558 2759 606 2785 est
621 2763 705 2791 vera,
723 2755 756 2785 in
773 2760 933 2796 quantum
950 2754 1175 2787 conformatur
1191 2755 1272 2787 ideis
1288 2764 1374 2796 quae

299 2805 374 2830 sunt
396 2800 430 2830 in
453 2804 562 2830 mente
590 2798 707 2838 divina,
731 2800 765 2830 in
793 2799 912 2841 quibus
941 2799 1050 2831 divina
1075 2801 1191 2831 veritas
1215 2800 1371 2832 consistit.

300 2843 414 2875 Omnis
431 2845 518 2875 enim
535 2844 649 2874 veritas
674 2850 721 2875 est
740 2844 851 2886 aliquo
867 2844 969 2876 modo
994 2845 1187 2876 necessaria:
1213 2851 1269 2877 aut
1285 2845 1373 2876 enim

300 2894 347 2919 est
370 2889 516 2919 absolute
540 2889 729 2926 necessaria,
745 2894 781 2920 ut
804 2889 967 2920 hominem
991 2899 1059 2921 esse
1081 2889 1224 2927 animast
1247 2895 1303 2920 aut
1326 2894 1374 2920 est

297 2934 475 2964 necessaria
499 2942 559 2973 pro
584 2933 695 2974 aliquo
721 2933 936 2965 determinato
955 2940 1114 2975 tempore,
1139 2935 1222 2966 sicut
1245 2934 1373 2965 Sortem

298 2978 408 3008 sedere
432 2983 478 3008 est
502 2978 720 3009 necessarium
744 2988 803 3019 pro
828 2978 884 3009 illo
916 2984 1065 3020 tempore
1096 2989 1156 3020 pro
1181 2989 1248 3020 quo
1272 2978 1372 3010 sedet.

298 3022 339 3053 Et
363 3023 407 3053 sic
431 3023 538 3053 omnis
561 3023 676 3053 veritas
693 3028 740 3053 est
760 3029 898 3059 aeterna,
916 3023 992 3064 quia
1010 3023 1107 3054 habet
1123 3023 1374 3055 fundamentum

298 3067 331 3097 in
355 3072 482 3098 aeterna
505 3067 637 3098 veritate
653 3066 770 3098 divina.
795 3067 886 3099 Sicut
909 3068 997 3099 enim
1021 3067 1093 3099 idea
1117 3068 1224 3099 divina
1248 3077 1374 3110 reprae-

299 3117 400 3142 sentat
427 3111 627 3142 aeternaliter
655 3112 825 3143 hominem
857 3122 933 3143 cum
963 3112 1160 3144 animalitate
1191 3122 1252 3154 pro
1282 3114 1374 3144 omni

299 3156 453 3196 temporis
481 3155 667 3193 differentia,
696 3157 738 3188 ita
769 3157 970 3188 aeternaliter
999 3163 1217 3198 repraesentat
1246 3157 1375 3190 Sortem

300 3209 374 3231 cum
398 3210 455 3231 sua
477 3202 619 3232 sessione
636 3201 669 3232 in
685 3201 739 3232 tali
755 3206 914 3243 tempore.
931 3201 1008 3233 Ideo
1024 3202 1084 3233 ista
1108 3208 1156 3233 est
1176 3202 1376 3234 aeternaliter

300 3254 382 3281 vera,
410 3244 520 3275 Homo
538 3251 584 3276 est
604 3245 746 3283 animal‚·
769 3252 800 3277 et
816 3246 961 3278 similiter
984 3246 1052 3283 ista,
1077 3245 1189 3278 Sortes
1212 3247 1308 3284 sedet,
1326 3257 1375 3279 re—

300 3287 432 3319 ferendo
457 3289 496 3320 ad
519 3294 648 3330 tempus
671 3291 704 3321 in
729 3300 796 3332 quo
820 3290 919 3322 sedet.
943 3291 1055 3323 Posito
1083 3291 1170 3322 enim
1194 3291 1284 3333 quod
1306 3292 1376 3324 heri

300 3338 425 3364 tantum
448 3333 556 3365 Sortes
580 3333 705 3371 sederit,
730 3334 828 3366 hodie
851 3345 965 3367 verum
989 3341 1037 3367 est
1060 3335 1188 3367 Sortem
1212 3336 1333 3374 sedere,
1350 3338 1376 3367 si

301 3377 333 3418 ly
356 3378 468 3409 sedere
483 3378 597 3409 referat
613 3384 752 3420 tempus,
769 3389 837 3411 non
859 3389 1011 3420 praesens
1035 3380 1073 3411 iis
1093 3381 1150 3421 qui
1173 3380 1270 3412 hodie
1290 3387 1375 3418 sunt,

302 3421 358 3452 sed
381 3428 510 3463 tempus
533 3432 723 3454 mensurans
739 3425 918 3456 sessionem
934 3425 1046 3462 Sertis,
1068 3424 1159 3466 quod
1183 3431 1312 3466 ternpus
1329 3432 1377 3457 est

302 3465 363 3496 illis
387 3467 604 3507 praeteritum.
630 3467 693 3499 Sed
718 3468 757 3499 de
782 3469 819 3500 iis
843 3470 917 3500 satis
949 3469 1073 3501 dictum
1098 3474 1146 3501 est
1168 3470 1202 3500 in
1226 3470 1335 3501 Primo
1348 3471 1375 3507 ⁹,

304 3510 360 3540 ubi
383 3510 483 3542 locuti
507 3521 618 3542 sumus
647 3512 686 3543 de
715 3514 902 3554 cognitione
933 3513 1041 3545 divina
1071 3518 1221 3555 respectu
1249 3515 1377 3545 contin-

304 3555 458 3593 gentium.
481 3574 502 3578 -
518 3556 616 3587 Hunc
631 3566 762 3588 sensum
786 3559 916 3589 tertium
941 3559 1048 3590 innuit
1070 3558 1208 3590 Sanctus
1231 3558 1377 3590 Thomas

306 3606 381 3628 cum
404 3598 480 3630 dicit
504 3600 594 3640 quod
610 3600 784 3632 fundantur
801 3603 832 3633 in
850 3603 954 3643 prima
970 3603 1102 3635 veritate
1118 3603 1203 3634 sicut
1226 3603 1259 3634 in
1277 3613 1377 3634 causa

306 3642 482 3673 universali
513 3645 695 3676 contentiva
729 3646 833 3676 omnis
863 3647 1020 3679 veritatis.
1051 3647 1110 3679 Est
1141 3643 1229 3679 enirn
1262 3648 1377 3679 veritas

305 3685 407 3725 prima
431 3695 524 3717 causa
548 3690 736 3729 exemplaris
753 3691 900 3722 omnium
927 3693 1096 3723 veritatum
1121 3691 1375 3733 complexurum,

765 313 953 351 SUMMA
982 312 1204 350 CONTRA
1234 309 1509 355 GENTILES,
1538 309 1633 345 LIB.
1655 309 1696 354 11,
1726 308 1839 345 CAP.
1859 308 2068 345 LXXXIV.

1439 393 1470 418 et
1487 388 1629 428 ipsarum
1646 395 1807 417 mensura.
1824 387 2004 418 Veritatum
2029 392 2138 418 autem
2155 396 2239 428 quae
2263 394 2339 420 sunt
2360 390 2395 421 in
2410 390 2516 428 rebus,

1438 437 1486 462 est
1502 432 1599 462 etiam
1618 440 1714 462 causa
1737 430 1947 471 productiva:
1972 431 2050 472 quia
2065 432 2180 462 veritas
2199 433 2246 463 rei
2268 442 2337 464 non
2361 439 2409 465 est
2429 435 2517 466 aliud

1438 485 1538 517 quam
1561 485 1630 506 esse
1654 476 1812 516 ipsarum3
1842 485 1942 507 omne
1966 481 2077 507 autem
2108 486 2177 507 esse
2204 486 2313 508 rerum
2337 484 2516 511 creatarum

1438 526 1485 551 est
1509 530 1526 551 a
1550 520 1623 551 Deo
1647 519 1857 560 productum.

1495 565 1524 596 3.
1551 564 1646 595 Circa
1669 563 1702 594 id
1726 563 1817 604 quod
1841 563 1972 604 dicitur,
1989 565 2148 606 quoniam
2171 565 2216 596 ad
2239 565 2324 596 illud
2345 572 2515 598 aeternum

1437 610 1470 639 in
1494 618 1558 650 quo
1573 608 1748 651 fundatur
1763 609 1884 639 veritas
1899 609 2073 646 intellecta,
2091 620 2157 640 non
2173 615 2389 651 comparatur
2403 612 2515 643 anima

1435 654 1522 684 sicut
1543 653 1722 684 subiectum
1752 653 1797 684 ad
1815 654 1974 694 formam,
2006 654 2242 686 advertendum
2272 655 2364 696 quod
2387 666 2427 687 ex
2450 657 2515 689 hoc

1435 698 1506 729 vult
1521 698 1659 729 Sanctus
1671 698 1818 729 Thomas
1833 699 1995 739 assignare
2010 698 2224 731 differentiam
2240 709 2341 741 quare
2353 710 2392 732 ex
2407 698 2515 733 incor-

1434 742 1648 783 ruptibilitate
1663 742 1875 783 intelligibilis
1891 744 2036 784 arguitur
2051 744 2276 776 immortalitas
2292 745 2430 785 animae,
2446 756 2515 778 non

1435 793 1546 818 autern
1570 787 1640 818 eius
1663 788 1834 818 aeternitas
1858 797 1898 818 ex-
1920 788 2108 819 aeternitate
2131 789 2341 830 intelligibilis
2359 792 2513 831 arguitur.

1435 831 1640 873 Intelligibile
1665 832 1753 863 enim
1780 832 1946 864 materiale
1972 833 2006 863 in
2033 833 2102 863 istis
2128 833 2336 866 inferioribus
2363 835 2513 876 existens,

1434 886 1502 908 non
1520 882 1567 908 est
1583 876 1830 917 incorruptibile
1845 877 1908 908 nisi
1924 876 2107 908 secundum
2121 876 2263 909 formam
2278 879 2514 920 intelligibilem

1435 931 1534 962 quam
1550 922 1648 952 habet
1666 922 1701 952 in
1716 921 1894 961 intellectu,
1911 921 1952 953 ad
1968 931 2068 963 quam
2083 922 2192 953 anima
2208 929 2416 964 comparatur
2431 925 2515 957 sicut

1433 967 1619 997 subiectum
1642 965 1683 997 ad
1706 975 1800 997 suam
1823 965 2071 1008 perfectionem.
2088 967 2130 998 Et
2151 967 2239 1007 ideo,
2263 968 2341 1009 quia
2362 968 2514 1009 perfecti-

1433 1011 1498 1042 bile
1525 1016 1659 1052 oportet
1688 1020 1765 1042 suae
1795 1010 1990 1052 perfectioni
2021 1012 2275 1052 proportionem,
2307 1018 2449 1054 oportet,
2477 1019 2515 1046 ut

1433 1056 1583 1097 superius
1598 1056 1615 1073 ⁴‘
1639 1055 1843 1096 arguebatur,
1859 1056 1885 1087 si
1908 1056 1979 1097 ipsa
2002 1055 2107 1087 forma
2130 1062 2178 1087 est
2200 1057 2465 1098 incorruptibilis,
2482 1063 2515 1090 et
2541 1060 2551 1070 '

1433 1101 1575 1131 animam
1587 1100 1870 1142 incorruptibilem
1882 1110 1963 1132 esse.
1981 1100 2186 1142 Intelligibile
2202 1107 2313 1133 autem
2328 1111 2397 1133 non
2417 1102 2515 1135 habet

1432 1154 1503 1176 esse
1526 1150 1697 1176 aeternum
1720 1144 1904 1176 secundum
1933 1155 2027 1177 suam
2057 1146 2202 1187 speciem
2232 1155 2333 1188 quam
2355 1147 2455 1178 habet
2478 1148 2513 1179 in

1432 1190 1614 1221 intellectu:
1639 1190 1743 1221 immo
1758 1189 1841 1221 illud
1864 1196 2034 1222 aeternum
2058 1199 2158 1232 super
2172 1191 2264 1232 quod
2286 1191 2442 1224 fundatur
2457 1201 2513 1224 ve-

1430 1236 1506 1266 ritas
1529 1240 1660 1266 aeterna
1683 1234 1946 1276 intelligibilium,
1967 1245 2038 1266 non
2053 1241 2102 1267 est
2121 1235 2156 1267 in
2171 1236 2340 1268 intellectu
2355 1242 2513 1278 tanquam

1431 1280 1502 1311 eius
1530 1279 1646 1310 forma.
1678 1279 1756 1311 Ideo
1784 1289 1824 1311 ex
1851 1280 2040 1311 aeternitate
2067 1280 2278 1322 intelligibilis
2305 1291 2376 1313 non
2403 1287 2514 1322 potest

1431 1324 1523 1366 argui
1546 1323 1730 1355 intellectus
1753 1325 1934 1356 aeternitas.

1487 1369 1539 1400 111.
1564 1368 1617 1400 Ad
1640 1369 1767 1400 tertiam
1794 1369 1967 1409 rationem,
1991 1379 2077 1411 quae
2101 1375 2150 1400 est
2171 1378 2232 1411 pro
2255 1369 2512 1411 opinione‘Ori-

1430 1415 1533 1455 genis,
1550 1413 1767 1455 respondetur
1781 1413 1934 1455 negando
1950 1415 2231 1455 consequentiam.
2251 1414 2339 1454 Quia
2354 1414 2514 1456 perfectio

1431 1459 1572 1490 universi
1596 1458 1772 1490 attenditur
1795 1464 1956 1500 quantum
1972 1458 2013 1490 ad
2035 1459 2172 1500 species,
2187 1469 2258 1490 non
2281 1465 2392 1492 autem
2407 1469 2512 1502 quatu

1430 1509 1503 1534 tum
1526 1503 1566 1534 ad
1590 1503 1772 1535 individua:
1797 1513 1875 1535 cum
1905 1505 2062 1535 continue
2092 1504 2234 1545 plurima
2264 1504 2433 1537 individua
2454 1505 2512 1539 ad-

1431 1548 1549 1580 dantur
1572 1549 1736 1580 universo.
1755 1549 1894 1580 Animae
1918 1554 2028 1580 autem
2051 1549 2215 1581 humanae
2238 1549 2348 1581 solum
2370 1559 2510 1582 numero

1431 1599 1507 1624 sunt
1530 1592 1710 1624 distinctae.

1487 1638 1535 1668 Ex
1552 1647 1620 1679 quo
1645 1643 1734 1679 patet
1757 1638 1854 1669 etiam
1871 1637 1912 1669 ad
1927 1642 2075 1679 quartam
2091 1638 2261 1670 rationem.
2278 1638 2406 1670 Dicitur
2421 1639 2511 1671 enim

1431 1682 1533 1723 quod,
1549 1683 1634 1714 sicut
1649 1683 1889 1714 consummatio
1906 1688 2124 1714 creaturarum
2141 1688 2301 1724 quantum
2321 1683 2362 1714 ad
2385 1684 2510 1725 species

1431 1727 1663 1767 consideratur,
1679 1728 1723 1758 ita
1739 1728 1832 1768 quies
1848 1727 1910 1758 Dei
1922 1727 2133 1768 intelligenda
2148 1733 2198 1759 est
2210 1727 2393 1760 secundum
2405 1738 2510 1760 cessa-

1429 1772 1555 1803 tionem
1571 1782 1589 1803 a
1601 1773 1696 1803 novis
1706 1773 1878 1814 speciebus
1893 1771 2091 1803 condendis:
2111 1781 2180 1803 non
2197 1778 2307 1804 autem
2322 1783 2341 1804 a
2351 1773 2447 1805 novis
2458 1774 2510 1805 in-

1430 1816 1581 1856 dividuis,
1601 1826 1745 1858 quorum
1761 1817 1878 1848 similia
1894 1816 2076 1848 secundum
2093 1817 2238 1858 speciem
2253 1824 2508 1861 praecesserunt.

1489 1871 1517 1892 2.
1543 1861 1595 1892 Ad
1619 1861 1814 1893 evidentiam
1838 1862 1936 1893 huius
1952 1862 2185 1902 responsionis,
2202 1861 2448 1902 advertendum,
2468 1873 2508 1895 ex

1430 1905 1578 1937 doctrina
1601 1906 1711 1937 Sancti
1734 1906 1885 1936 Thomae
1910 1906 1936 1936 11
1953 1905 2054 1942 Sent.,
2078 1906 2109 1936 d.
2127 1916 2203 1946 xvn,
2222 1916 2254 1948 q.
2271 1916 2304 1946 11,
2321 1916 2349 1938 a.
2369 1916 2398 1947 2,
2415 1907 2456 1939 ad
2475 1908 2507 1948 6,

1429 1949 1520 1990 quod
1543 1949 1703 1991 perfectio
1719 1951 1862 1981 universi
1886 1955 1935 1981 est
1958 1950 2094 1991 duplex:
2119 1950 2243 1982 scilicet
2267 1951 2460 1989 essentialis:
2476 1958 2509 1984 et

1428 1994 1646 2026 accidentalis.
1671 1994 1759 2026 Cum
1784 2004 1862 2035 ergo
1877 1995 1931 2026 hic
1947 1994 2066 2027 dicitur
2081 1994 2172 2036 quod
2188 1994 2347 2036 perfectio
2366 1997 2509 2029 universi

1428 2038 1604 2071 attenditur
1619 2044 1780 2080 quantum
1796 2039 1837 2070 ad
1852 2039 1988 2080 species,
2003 2049 2073 2071 non
2089 2045 2200 2072 autem
2217 2046 2378 2081 quantum
2402 2041 2444 2074 ad
2456 2042 2508 2076 in-

1428 2084 1570 2124 dividua,
1593 2084 1784 2125 intelligitur
1801 2089 1962 2125 quantum
1977 2083 2018 2115 ad
2034 2079 2272 2125 perfectionem
2289 2086 2506 2119 essentialem:

1427 2139 1497 2161 non
1520 2135 1631 2160 autem
1655 2134 1815 2170 quantum
1839 2128 1880 2160 ad
1902 2128 2140 2170 perfectionem
2163 2129 2413 2168 accidentalemz
2429 2138 2508 2164 nam

1427 2173 1593 2206 individua
1609 2174 1774 2215 pertinent
1788 2173 1829 2205 ad
1844 2173 2082 2215 perfectionem
2101 2174 2335 2207 accidentalem
2353 2176 2506 2208 universi.
2534 2172 2537 2175 ’

1427 2218 1529 2258 Quod
1544 2223 1655 2250 autem
1679 2224 1766 2250 caret
1781 2218 1983 2260 perfectione
1999 2217 2201 2259 accidentali,
2225 2229 2294 2251 non
2314 2219 2433 2252 dicitur
2445 2222 2508 2253 im-

1426 2263 1610 2306 perfectum
1625 2263 1688 2295 nisi
1711 2262 1894 2295 secundum
1910 2263 2004 2305 quid:
2021 2264 2107 2295 sicut
2121 2264 2224 2296 homo
2241 2273 2353 2296 carens
2377 2260 2507 2307 episeo-

1427 2313 1506 2350 patu
1529 2318 1599 2339 non
1623 2307 1742 2339 dicitur
1764 2307 1976 2349 imperfectus
1998 2308 2112 2340 homo.

1483 2352 1661 2384 Sciendum
1685 2352 1842 2392 secundo,
1864 2352 1956 2394 quod
1978 2353 2059 2384 haec
2082 2354 2264 2394 responsio,
2281 2360 2442 2395 quantum
2465 2354 2507 2386 ad

1426 2397 1491 2429 hoc
1515 2397 1607 2440 quod
1629 2398 1758 2429 animae
1782 2407 1868 2439 quae
1891 2396 1932 2429 de
1959 2407 2050 2429 novo
2074 2402 2234 2438 creantur,
2260 2404 2507 2440 praecesserunt

1426 2443 1609 2475 secundum
1626 2443 1780 2484 speciem,
1797 2442 1946 2484 procedit
1962 2442 2145 2474 secundum
2161 2443 2355 2484 opinionem
2373 2443 2506 2476 illorum

1426 2488 1484 2529 qui
1508 2487 1659 2519 dixerunt
1675 2487 1786 2518 omnia
1810 2487 1971 2529 producta
1987 2486 2086 2518 fuisse
2105 2487 2289 2519 secundum
2312 2489 2456 2530 speciem
2471 2489 2506 2520 in

1427 2533 1583 2574 operibus
1606 2541 1662 2563 sex
1685 2532 1830 2564 dierum:
1855 2533 1902 2563 sic
1932 2532 2031 2571 enim,
2055 2541 2133 2563 cum
2155 2533 2189 2563 in
2212 2532 2276 2564 illis
2305 2542 2362 2565 sex
2391 2533 2506 2565 diebu

1425 2577 1523 2609 fuerit
1537 2577 1719 2619 productus
1735 2578 1849 2617 horno,
1865 2582 2113 2618 praecesserunt
2128 2577 2298 2609 animabus
2317 2587 2403 2619 quae
2425 2586 2506 2611 con·

1425 2623 1516 2654 tinue
1545 2627 1704 2662 creantur,
1728 2622 1912 2663 primorum
1942 2627 2115 2662 parentum
2146 2622 2284 2654 animae.
2315 2622 2506 2655 Secundum

1426 2672 1537 2698 autem
1561 2672 1706 2698 mentem
1721 2666 1908 2708 Augustini,
1925 2667 1983 2708 qui
1998 2666 2111 2707 posuit
2126 2666 2160 2697 in
2175 2667 2281 2708 prima
2303 2672 2414 2699 rerum
2424 2677 2506 2709 pro-

1426 2711 1588 2752 ductione,
1598 2721 1667 2743 non
1684 2710 1783 2742 fuisse
1795 2710 1971 2753 productas
1986 2710 2113 2752 plantas
2129 2716 2161 2742 et
2177 2712 2328 2743 animalia
2342 2713 2377 2743 in
2389 2712 2505 2753 καθ’,

1427 2755 1604 2788 dicendum
1628 2761 1677 2787 est
1695 2755 1787 2797 quod
1811 2756 1938 2787 animae
1953 2761 2200 2797 praecesserunt
2213 2756 2247 2787 in
2263 2756 2318 2788 illa
2341 2757 2506 2789 creatione

1426 2811 1495 2832 non
1520 2800 1655 2842 quidem
1679 2801 1712 2832 in
1737 2801 1834 2832 simili
1858 2799 2040 2832 secundum
2055 2801 2210 2842 speciem,
2233 2799 2301 2841 sed,
2327 2806 2366 2833 ut
2388 2801 2506 2834 dieitur

1427 2846 1544 2885 Prima,
1561 2855 1593 2887 q.
1606 2855 1656 2886 xe,
1673 2855 1701 2876 a.
1714 2854 1747 2885 4,
1759 2851 1792 2877 et
1807 2845 1835 2877 11
1852 2845 1950 2882 Sent„
1967 2845 2024 2876 ubi
2049 2854 2146 2886 supra
2157 2846 2186 2885 θ,
2211 2845 2245 2877 in
2267 2845 2370 2878 simili
2390 2853 2505 2879 seeun-

1427 2891 1504 2922 dum
1527 2900 1644 2933 genus,
1664 2895 1770 2932 prout
1784 2890 1896 2921 anima
1912 2890 2067 2921 convenit
2081 2899 2155 2921 cum
2177 2891 2308 2932 angelis
2331 2891 2365 2922 in
2382 2896 2505 2923 natura

1427 2935 1652 2972 intellectuali,
1678 2935 1736 2976 qui
1759 2934 1892 2967 fuerunt
1915 2935 1948 2966 in
1973 2935 2077 2976 prima
2099 2935 2304 2966 institutione
2327 2935 2436 2967 creati.
2459 2945 2462 2948 ’

1486 2980 1516 3011 3.
1541 2979 1606 3011 Sed
1629 2979 1770 3011 occurrit
1797 2979 1945 3010 dubium.
1970 2979 2054 3010 Nam
2077 2988 2116 3010 ea
2139 2984 2224 3020 quae
2247 2984 2325 3011 sunt
2347 2985 2506 3022 perpetua

1427 3023 1610 3056 secundum
1634 3025 1778 3065 speciem
1794 3029 1826 3055 et
1841 3023 2023 3055 seeundum
2039 3023 2256 3063 individuum,
2280 3025 2443 3066 pertinent
2465 3023 2506 3057 ad

1428 3069 1632 3100 essentialem
1647 3068 1884 3111 perfectionem
1896 3069 2054 3100 universi:
2072 3073 2110 3100 ut
2120 3068 2239 3100 dicitur
2249 3068 2289 3100 de
2310 3068 2418 3106 Ver-it„
2430 3078 2464 3111 q.
2474 3079 2505 3114 y,

1428 3124 1456 3145 a.
1475 3114 1505 3145 3.
1530 3113 1595 3146 Sed
1617 3115 1724 3145 anima
1741 3119 1788 3145 est
1811 3118 1969 3154 perpetua
1984 3113 2166 3145 secundum
2182 3114 2325 3154 speciem
2341 3118 2374 3146 et
2389 3115 2505 3146 sem

1428 3158 1508 3190 dum
1532 3158 1748 3190 individuum.
1765 3158 1853 3199 Ergo
1869 3158 1967 3190 etiam
1983 3158 2165 3190 secundum
2180 3157 2387 3190 individuum
2401 3157 2505 3190 ende

1429 3203 1589 3235 essentiali
1605 3203 1806 3245 perfectione
1819 3203 1970 3234 universi.
1988 3202 2093 3234 Cuius
2105 3203 2298 3244 oppositum
2312 3203 2366 3234 hic
2377 3201 2504 3235 dicitur.

1485 3247 1725 3289 Respondetur,
1735 3257 1774 3279 ex
1791 3246 1938 3279 doctrina
1954 3246 2063 3279 Sancti
2079 3247 2230 3279 Thomae
2245 3247 2404 3284 Potentia,
2418 3256 2504 3288 spur,

1429 3302 1457 3323 a.
1479 3300 1529 3331 ιο,
1547 3292 1587 3323 ad
1602 3302 1634 3333 4,
1659 3291 1750 3333 quod
1781 3291 1902 3334 duplex
1932 3297 1981 3323 est
2010 3291 2169 3333 perfectio
2197 3291 2354 3324 universi:
2383 3291 2506 3323 scilicet

1429 3338 1551 3378 prima;
1570 3342 1602 3368 et
1617 3337 1742 3368 ultima.
1758 3337 1878 3368 Anima
1894 3341 2055 3379 quantum
2070 3335 2111 3368 ad
2126 3335 2293 3368 individua
2309 3340 2357 3367 est
2375 3335 2416 3367 de
2432 3344 2505 3377 per-

1430 3381 1573 3414 fectione
1597 3382 1712 3413 ultima
1735 3382 1892 3413 universi:
1917 3382 2004 3422 quia,
2020 3386 2058 3412 ut
2079 3381 2125 3412 ibi
2143 3380 2270 3419 dicitur,
2295 3385 2364 3411 tota
2388 3389 2505 3422 corpo-

1431 3436 1504 3457 rum
1533 3426 1764 3458 transmutatio
1789 3426 1966 3458 ordinatur
1987 3424 2228 3467 quodammodo
2251 3424 2295 3455 ad
2317 3425 2504 3457 animarum

1430 3471 1743 3512 multiplicationem,
1768 3470 1812 3502 ad
1834 3479 1931 3512 quam
1949 3469 2129 3512 requiritur
2150 3478 2326 3510 corporum
2350 3469 2506 3512 multipli-

1431 3516 1527 3546 catio.
1553 3516 1629 3546 Non
1653 3521 1762 3547 autem
1779 3520 1826 3546 est
1850 3514 1891 3546 de
1914 3514 2018 3556 prima
2033 3512 2244 3554 perfectione.
2269 3513 2332 3545 Hic
2355 3523 2434 3555 ergo
2456 3514 2506 3546 lo-

1431 3561 1542 3600 quitur
1569 3559 1707 3591 Sanctus
1733 3560 1880 3591 Thomas
1910 3557 1950 3590 de
1979 3558 2083 3599 prima
2112 3557 2313 3599 perfectione
2343 3559 2505 3590 essentiali

1430 3605 1582 3636 universi.
1601 3605 1637 3635 ln
1651 3604 1726 3644 QQ.
1743 3609 1854 3636 autem
1869 3602 1910 3635 de
1930 3602 2071 3634 Veritate
2085 3602 2232 3644 loquitur
2247 3603 2287 3635 de
2303 3602 2504 3645 perfectione

1432 3649 1593 3680 essentiali
1616 3648 1811 3687 indistincte,
1835 3648 1902 3679 sive
1918 3648 2031 3688 prima,
2047 3648 2193 3688 inquam,
2210 3649 2250 3679 sit
2268 3648 2336 3680 sive
2351 3646 2503 3679 secunda.

1432 3693 1526 3724 Unde
1551 3693 1639 3724 nulla
1664 3699 1711 3724 est
1735 3691 1958 3724 contradictio.

2533 2713 2544 2724 ⁶
2552 2712 2747 2741 cmv-,unat

2533 2849 2626 2874 'Adfl-
