2768 4134
778 300 965 337 SUMMA
996 302 1217 340 CONTRA
1246 304 1519 350 GENTILES,
1549 306 1642 342 LIB.
1664 307 1704 351 ΙΙ,
1736 307 1846 344 CAP.
1867 308 1907 352 ΙΙ,
1928 308 1984 344 111.
2399 320 2473 357 277

281 378 463 420 spiritualis
479 378 573 413 vitae,
592 383 628 409 ut
644 377 760 409 dicitur
782 379 888 414 Ver-it„
906 389 937 420 q.
951 391 1012 417 xw,
1031 391 1060 418 2,
1078 382 1118 412 ad
1142 391 1168 413 1.
1190 383 1283 414 Unde
1299 384 1352 414 hic

282 433 350 455 non
375 423 532 463 accipitur
543 422 633 464 fides
651 422 840 453 Christiana
856 431 953 464 prout
977 431 1024 456 est
1039 426 1230 467 theologalis
1254 429 1352 458 virtus

283 467 430 519 distincta
453 472 566 519 contra
588 476 681 518 spem
697 473 735 517 et,
751 469 930 519 caritatem:
947 470 1004 500 sed
1020 476 1055 500 ut
1071 472 1181 502 omnia
1204 471 1244 502 ad
1261 472 1354 503 Chri-
1410 474 1545 514 operari.
1569 473 1621 504 Sic
1638 474 1744 510 etiam,
1762 484 1838 505 cum
1853 475 1942 506 Deus
1958 475 1998 506 ad
2014 477 2123 507 omnia
2144 482 2248 508 creata
2271 484 2475 518 comparetur

282 518 418 544 stianam
441 517 540 563 yitam
561 516 757 563 pertinentia
780 512 925 543 includit.
1410 523 1446 547 ut
1469 517 1579 548 artifex
1603 517 1643 548 ad
1659 517 1832 555 artificiata,
1849 519 1947 550 virtus
1970 529 2028 550 sua
2043 521 2137 551 rebus
2156 522 2268 552 creatis
2283 522 2475 553 eminentior

339 557 392 590 111.
409 556 505 588 Circa
520 565 659 597 primam
674 561 799 596 partem
815 557 949 587 minoris
966 557 1138 589 dubitatur.
1152 559 1238 597 Quia
1254 560 1354 590 admi—
1411 567 1467 598 est,
1492 568 1523 593 et
1553 571 1591 592 ex
1615 563 1767 593 creaturis
1797 564 1865 593 eius
1888 565 2052 600 virtutem,
2077 570 2231 605 tanquam
2254 572 2395 597 nostram
2419 576 2474 597 co-

40 608 122 636 fenp.
136 614 162 634 ιι,
179 608 201 630 8.
284 603 375 639 ratio,
399 607 436 632 ut
458 606 547 642 patet
571 610 610 631 ex
633 600 845 641 philosopho,
867 601 878 630 l
896 602 1038 642 Metaph.
1055 604 1081 638 ὕ,
1099 609 1145 633 est
1168 605 1353 644 ignorantis.
1410 606 1589 645 gnitionem
1613 612 1829 647 superantem,
1853 606 2057 639 admiramur.

284 647 371 698 Ergo
395 645 487 697 quod
510 645 599 697 ducit
623 646 655 675 in
680 645 902 696 coguitionem
931 652 962 676 et
992 647 1284 679 considerationem
1308 649 1355 679 di·
1469 660 1498 681 2.
1524 650 1618 681 Circa
1641 650 1673 681 id
1697 651 1788 691 quod
1811 652 1915 692 inquit
1931 645 2066 683 Sanctus
2090 653 2244 690 Thomas,
2261 655 2416 695 quoniam
2433 655 2475 686 ex

283 701 377 722 vinae
400 696 586 731 sapientiae,
611 699 680 720 non
704 689 793 721 ducit
816 699 849 720 in
874 699 943 720 eius
966 690 1222 723 admirationem.
1248 694 1356 733 Repu·
1411 694 1629 725 admiratione
1651 695 1781 733 divinae
1799 696 1928 727 virtutis
1945 697 2096 737 procedit
2111 697 2208 728 timor
2230 703 2261 728 et
2284 700 2473 735 reverentia,

283 741 360 786 gnat
384 745 461 776 ergo
485 734 591 786 dicere
616 734 707 775 quod
730 733 947 786 consideratio
965 741 1183 766 creaturarum
1203 736 1277 768 facit
1295 747 1356 768 nos
1413 738 1644 770 advertendum
1663 739 1764 780 quod,
1781 749 1857 771 cum
1873 739 1991 781 duplex
2015 742 2054 771 sit
2077 742 2183 778 timor,
2204 743 2324 773 scilicet
2344 744 2473 780 servilis,

285 780 427 811 divmam
450 785 641 820 sapientiam
665 785 697 810 et
720 779 869 810 admirari
893 785 924 810 et
948 779 1160 810 considerare.
1413 789 1444 813 et
1467 789 1572 814 castus
1595 784 1660 814 sive
1690 783 1803 821 filialis,
1827 790 1963 825 uterque
1994 786 2122 825 respicit
2145 785 2264 826 duplex
2295 787 2473 818 obiectum:

340 824 568 865 Respondemr
592 823 682 864 quod
706 824 882 855 admiratio
907 828 955 855 est
976 824 1096 864 species
1126 825 1251 856 timorIs
1281 836 1357 856 con·
1413 827 1534 858 scilicet
1556 829 1678 859 malum
1695 827 1786 869 quod
1802 830 1874 869 quis
1890 829 2022 869 refugit3
2047 835 2078 860 et
2101 830 2193 861 illum
2209 840 2227 860 a
2250 840 2327 871 quo,
2344 832 2395 862 vel
2419 842 2476 872 per

284 879 420 911 sequens
442 869 730 910 apprehensionem
754 869 895 899 alicuius
925 868 975 898 rei
1002 869 1184 899 excedentis
1213 875 1357 900 nostram
1414 873 1690 911 comparationem
1720 873 1760 903 ad
1791 882 1900 913 quem,
1925 873 2047 904 malum
2077 880 2184 914 potest
2213 876 2392 915 provenire.
2421 876 2476 906 Se-

276 914 494 956 facultatem:
515 919 551 944 ut
567 919 656 954 patet
675 914 701 944 1²
710 913 774 950 11³⁸,
795 923 826 953 q.
837 923 898 949 xm,
919 923 947 944 a.
963 922 999 952 4;
1022 919 1054 943 et
1069 913 1182 949 1121120,
1200 923 1231 954 q.
1249 924 1357 950 cmxx,
1415 916 1522 946 cundo
1538 916 1639 947 modo
1656 917 1744 948 Deus
1767 918 1872 948 timeri
1895 924 2012 958 potest,
2028 928 2096 948 non
2113 924 2220 949 autem
2237 920 2342 959 primo
2358 920 2475 951 modo:

286 969 313 990 a.
329 959 360 995 3,
372 958 413 990 ad
430 959 465 995 3;
490 964 522 989 et
542 958 650 994 Ver-it„
668 968 700 998 q.
712 968 795 995 xxvi,
811 967 843 996 4,
860 957 900 988 ad
916 967 948 998 7.
965 957 1070 994 Unde,
1088 967 1163 988 cum
1180 959 1359 998 apprehen·
1415 966 1450 990 ut
1473 960 1607 991 habetur
1631 962 1671 991 11²
1696 962 1758 997 11²⁶,
1784 971 1815 1002 q.
1839 972 1901 999 xrx,
1930 971 1956 993 1.
1981 963 2125 1003 Uterque
2148 968 2256 994 autem
2280 965 2378 994 timor
2402 974 2476 1004 pro-

286 1003 372 1035 ditur
395 1003 530 1044 aliquod
553 1003 774 1044 cognoscibile
807 1008 843 1033 ut
873 1007 1017 1033 nostram
1045 1012 1199 1042 superans
1223 1005 1359 1034 omnino
1415 1006 1501 1035 venit
1514 1014 1551 1035 ex
1564 1005 1820 1037 consideratione
1836 1007 2018 1037 excellentis
2034 1007 2172 1038 virtutis:
2186 1007 2264 1038 dum
2277 1008 2398 1039 scilicet
2414 1010 2477 1039 exi-

287 1049 520 1090 cognitionem,
545 1053 694 1078 causatur
717 1047 897 1078 admiratio.
922 1047 1101 1087 Dupliciter
1125 1057 1201 1086 ergo
1229 1047 1360 1078 effectus
1415 1050 1561 1079 stimatur
1576 1050 1700 1090 aliquis,
1714 1057 1845 1091 propter
1860 1050 2047 1091 dignitatem
2060 1057 2092 1082 et
2107 1052 2328 1083 excellentiam
2344 1054 2477 1089 virtutis,

287 1098 394 1134 potest
406 1092 525 1124 ducere
537 1093 571 1123 in
584 1092 807 1133 cognitionem
818 1100 949 1122 causae:
967 1091 1089 1122 scilicet
1104 1098 1158 1122 aut
1171 1091 1359 1132 perfectam;
1416 1103 1511 1133 posse
1535 1101 1770 1125 nocumentum
1794 1095 1924 1131 inferre;
1949 1102 2014 1131 aut,
2038 1101 2170 1136 propter
2193 1097 2262 1127 eius
2292 1096 2477 1137 dignitatem

287 1143 343 1169 aut
365 1136 600 1179 imperfectam.
625 1136 658 1168 Si
682 1135 772 1167 ducit
802 1137 836 1166 in
867 1135 1044 1176 perfectam
1069 1137 1300 1177 cognitionem,
1325 1142 1361 1167 ut
1417 1143 1448 1168 et
1472 1138 1702 1175 excellentiam,
1726 1139 1827 1169 nollet
1850 1140 1922 1180 quis
1945 1150 2022 1170 eum
2045 1139 2207 1171 offendere
2231 1146 2286 1171 aut
2309 1142 2348 1171 ab
2372 1151 2412 1172 eo
2429 1152 2478 1172 se-

287 1182 404 1214 accidit
426 1183 460 1213 in
485 1180 652 1212 effectibus
675 1181 836 1217 univocis,
859 1190 929 1211 non
959 1186 1070 1211 causat
1102 1180 1359 1212 admirationem.
1416 1183 1527 1222 parari.
1552 1183 1593 1213 Et
1615 1184 1659 1213 sic
1684 1193 1721 1214 ex
1745 1183 2000 1215 consideratione
2017 1184 2141 1215 divinae
2158 1186 2281 1216 virtutis
2297 1186 2478 1217 excellentis

287 1227 322 1258 Si
344 1232 454 1258 autem
477 1227 512 1256 in
534 1225 759 1267 imperfectam
777 1225 1001 1265 cognitionem
1017 1225 1116 1261 ducit,
1134 1231 1170 1256 ut
1193 1226 1227 1256 in
1250 1227 1361 1266 aequi·
1417 1232 1564 1257 causatur
1586 1228 1683 1258 timor
1699 1228 1759 1258 Dei
1783 1229 1912 1264 servilis,
1928 1229 2121 1269 inquantum
2138 1230 2225 1260 Deus
2244 1236 2479 1261 nocumentum

287 1272 388 1308 vocis,
412 1276 521 1312 potest
543 1270 791 1302 admirationem
815 1279 946 1301 causare
976 1280 1015 1300 ex
1045 1270 1266 1311 magnitudine
1290 1280 1361 1311 per·
1416 1270 1544 1307 inferre,
1561 1272 1603 1302 ob
1627 1282 1718 1302 suam
1734 1273 1894 1309 virtutem,
1910 1279 2031 1313 potest;
2048 1279 2079 1304 et
2101 1274 2198 1304 timor
2213 1273 2326 1311 filialis,
2342 1275 2479 1315 inquan-

287 1314 571 1361 fectionistcausae
586 1319 731 1345 nostram
747 1315 970 1355 cognitionem
994 1316 1183 1355 superantis.
1201 1315 1287 1346 Cum
1304 1316 1362 1356 igi·
1417 1322 1487 1346 tum
1511 1316 1634 1356 aliquis,
1652 1316 1849 1347 considerata
1863 1317 2083 1357 magnitudine
2099 1323 2130 1348 et
2153 1318 2338 1349 excellentia
2354 1318 2478 1350 divinae

264 1379 273 1381 -
286 1359 528 1392 tufcffiaturae
559 1358 679 1390 ducant
708 1360 742 1390 in
774 1360 997 1400 cognitionem
1027 1360 1202 1400 sapientiae
1236 1360 1362 1391 divinae
1418 1361 1550 1396 virtutis,
1564 1361 1748 1391 accenditur
1763 1362 1795 1391 in
1811 1361 1872 1392 Dei
1892 1371 2036 1393 amorem
2053 1368 2084 1392 et
2099 1363 2167 1393 eius
2183 1362 2337 1393 offensam
2354 1362 2478 1404 refugit.

287 1404 512 1446 imperfectam
536 1403 642 1445 (quod
665 1404 720 1435 dat
747 1404 924 1445 intelligere
954 1404 1091 1435 Sanctus
1115 1404 1260 1435 Thomas
1287 1414 1363 1435 cum
1474 1404 1753 1436 Considerandum
1786 1405 1940 1442 secundo,
1975 1406 2065 1447 quod
2096 1408 2284 1443 reverentia,
2317 1417 2400 1447 quae
2433 1413 2480 1438 est

287 1450 394 1492 inquit
409 1459 471 1481 nos
487 1459 526 1480 ex
549 1448 711 1481 factorum
735 1449 995 1480 consideratione
1013 1454 1184 1490 utcumque
1199 1459 1295 1490 posse
1316 1449 1363 1480 di-
1419 1455 1508 1480 actus
1531 1450 1654 1480 timoris
1678 1450 1788 1490 aliquo
1811 1449 1923 1486 modo,
1949 1456 1979 1481 et
2002 1451 2111 1491 aliquo
2133 1451 2233 1481 modo
2250 1457 2338 1482 actus
2361 1452 2479 1488 latriae,

287 1496 398 1527 vinam
420 1494 611 1535 sapientiam
635 1493 863 1534 considerare),
887 1504 954 1525 non
971 1494 1161 1525 inconvenit
1184 1504 1222 1525 ex
1238 1495 1314 1535 ipsis
1330 1495 1362 1525 in
1419 1503 1546 1535 semper
1569 1495 1698 1535 respicit
1713 1503 1884 1535 personam
1900 1495 2110 1526 excellentem
2125 1496 2249 1526 ratione
2266 1496 2479 1527 excellentiae.

1408 384 1611 416 artificiatum
1635 385 1766 416 habere:
1791 385 2061 426 deprehendimus
2085 388 2172 418 enim
2188 397 2226 418 ex
2241 397 2340 429 opere
2357 398 2425 420 esse
2441 390 2475 420 in

1409 428 1528 460 artifice
1553 430 1704 460 virtutem
1727 430 1961 467 inconsuetam,
1986 437 2017 462 et
2039 437 2207 472 potentem
2234 433 2330 464 etiam
2353 434 2475 464 maiora

288 1539 384 1572 nobis
407 1544 439 1570 et
461 1539 710 1571 admirationem
733 1545 766 1570 et
789 1539 1012 1580 cognitionem
1036 1540 1169 1570 causari.
1420 1538 1495 1570 Ideo
1520 1548 1558 1569 ex
1582 1539 1837 1569 consideratione
1862 1539 2066 1570 excellentiae
2083 1539 2209 1570 divinae
2225 1541 2348 1570 virtutis
2372 1550 2480 1571 causa—

345 1593 376 1616 2.
401 1583 465 1616 Sed
487 1589 585 1615 restat
607 1583 714 1614 adhuc
738 1583 886 1615 dubium.
911 1583 944 1615 Si
968 1583 1136 1615 admiratio
1165 1589 1211 1614 est
1241 1584 1364 1624 species
1419 1589 1471 1614 tur
1494 1582 1535 1613 ad
1557 1583 1665 1623 ipsum
1688 1583 1796 1614 Deum
1820 1584 2007 1614 reverentia.

289 1629 424 1666 timoris,
441 1638 518 1660 cum
533 1629 632 1660 timor
655 1629 696 1659 sit
717 1634 867 1669 respectu
890 1628 967 1659 mali
987 1628 1096 1665 futuri,
1114 1627 1282 1659 admiratio
1307 1628 1366 1659 erit
1476 1627 1562 1658 Cum
1587 1637 1664 1667 ergo
1688 1627 1804 1658 dicitur
1827 1627 1917 1667 quod
1941 1637 1979 1658 ex
2003 1627 2211 1658 admiratione
2230 1628 2398 1658 altissimae
2422 1629 2482 1658 Dei

0 1664 7 1710 ἱ
289 1674 387 1705 etiam
409 1679 560 1714 respectu
583 1673 660 1704 mali
684 1672 794 1710 futuri,
816 1673 910 1704 cuius
933 1673 1056 1704 exitum
1081 1673 1199 1714 aliquis
1219 1672 1365 1703 conside·
1422 1673 1545 1702 virtutis
1568 1678 1716 1702 causatur
1738 1673 1835 1702 timor
1858 1677 1890 1702 et
1913 1673 2097 1708 reverentia,
2114 1682 2286 1712 possumus
2310 1673 2482 1712 intelligere

0 1711 6 1779 ΙΙ
46 1725 56 1736 ’
69 1722 151 1750 ΗΝ.
165 1727 246 1750 ²²24·
290 1728 368 1750 rare
383 1727 449 1749 non
468 1723 578 1759 potest
593 1719 620 1749 *.
645 1718 810 1759 Sapientia
825 1723 934 1749 autem
951 1717 1058 1749 divina
1081 1727 1150 1748 non
1166 1723 1213 1748 est
1231 1717 1365 1753 malum,
1421 1717 1573 1747 timorem
1596 1717 1742 1747 servilem
1766 1722 1797 1746 et
1821 1715 1960 1753 filialem,
1985 1717 2041 1756 qui
2065 1722 2112 1747 est
2142 1716 2228 1747 idem
2252 1716 2361 1756 aliquo
2384 1716 2484 1747 modo

0 1783 3 1806 ¹:
47 1795 50 1798 Α
149 1766 151 1768 ’
288 1764 393 1794 immo
416 1772 583 1794 summum
608 1763 744 1794 bonum.
769 1763 857 1803 Ergo
882 1763 965 1793 circa
989 1763 1092 1803 ipsam
1111 1772 1179 1793 non
1203 1761 1288 1793 cadit
1311 1761 1366 1792 ad·
1422 1761 1513 1802 quod
1535 1761 1721 1792 reverentia.
1738 1761 1914 1791 Possumus
1930 1762 2025 1791 etiam
2042 1761 2217 1801 intelligere
2233 1761 2382 1791 timorem
2406 1760 2484 1791 filia-

0 1817 5 1849 ῑ
289 1808 428 1839 miratio.
1421 1806 1486 1837 lem
1506 1805 1616 1846 quoad
1640 1811 1747 1836 actum
1765 1806 1821 1845 qui
1845 1811 1892 1836 est
1914 1806 2027 1836 timere
2051 1806 2285 1846 separationem
2309 1814 2327 1835 a
2349 1805 2437 1840 Deo:
2455 1810 2486 1835 et

0 1855 2 1860 '
345 1851 575 1893 Respondetur
598 1852 699 1893 quod,
724 1852 799 1883 licet
821 1852 978 1892 sapientia
1002 1851 1111 1882 divina
1134 1852 1173 1881 sit
1199 1860 1366 1882 summum
1422 1850 1531 1892 quoad
1555 1850 1654 1881 alium
1674 1851 1742 1880 eius
1770 1856 1888 1886 actum,
1912 1851 1969 1890 qui
1997 1855 2044 1880 est
2073 1851 2249 1880 reverentia
2273 1855 2303 1880 et
2327 1850 2483 1880 subiectio

289 1898 427 1934 bonum,
450 1902 560 1928 tamen
584 1897 653 1928 eius
677 1896 896 1928 consideratio
918 1901 1025 1937 potest
1047 1895 1246 1936 apprehendi
1262 1900 1298 1926 ut
1312 1905 1366 1926 su·
1422 1895 1462 1926 ad
1486 1895 1604 1925 Deum.
1628 1894 1712 1925 Nam
1735 1895 1786 1925 isti
1810 1894 1876 1925 duo
1900 1900 1989 1925 actus
2016 1894 2231 1925 attribuuntur
2257 1894 2364 1924 timori
2388 1893 2484 1929 filiali,

46 1951 56 1962 ·
80 1949 130 1978 Qu.
150 1954 215 1975 un,
238 1955 262 1976 ⁴,
284 1951 454 1984 pervacua
477 1947 510 1972 et
533 1946 568 1972 ut
591 1942 718 1976 nociva,
743 1947 779 1972 ut
803 1940 919 1971 dicitur
941 1940 1048 1975 Verit.,
1066 1941 1122 1971 ubi
1138 1941 1268 1980 supra‘,
1289 1939 1364 1970 dum
1423 1940 1449 1970 1·
1472 1939 1536 1975 11²²,
1554 1948 1585 1979 q.
1602 1949 1695 1975 rxvn,
1712 1948 1744 1978 4,
1761 1938 1801 1969 ad
1819 1949 1847 1969 2.

46 1976 112 2004 ⁸⁶⁷·
291 1986 521 2018 consideratur
550 1990 586 2016 ut
614 1986 747 2016 omnino
771 1994 930 2026 superans
958 1990 1103 2015 nostram
1134 1984 1364 2026 cognitionem.
1477 1983 1515 2013 V.
1540 1983 1709 2021 Quantum
1739 1983 1778 2013 ad
1808 1983 1932 2013 tertiam
1963 1988 2096 2022 partem,
2128 1992 2203 2013 cum
2234 1982 2349 2012 dicitur
2372 1991 2484 2012 omnes

290 2030 387 2063 Unde
410 2030 580 2062 admirans
604 2030 731 2072 refugit
753 2030 786 2060 in
805 2029 974 2070 praesenti
996 2029 1078 2060 dare
1101 2029 1255 2060 iudicium
1273 2028 1312 2059 de
1328 2038 1366 2059 eo
1421 2028 1581 2058 bonitates
1605 2033 1821 2058 creaturarum
1840 2036 1908 2057 esse
1931 2027 1963 2057 in
1981 2027 2051 2057 Deo
2069 2027 2296 2057 universaliter
2314 2026 2483 2061 adunatas,

47 2082 149 2110 *1-11··‚
170 2087 218 2109 ω,
239 2089 263 2108 4,
291 2075 380 2118 quod
401 2075 552 2110 miratur,
579 2075 694 2106 timens
718 2075 751 2105 in
776 2074 845 2115 ipso
870 2073 991 2105 iudicio
1015 2073 1153 2115 deficere
1167 2074 1194 2103 ἦ
1422 2072 1572 2113 intellige,
1598 2081 1665 2102 non
1688 2081 1746 2112 per
1768 2071 1905 2102 modum
1928 2071 2189 2107 coacervationis,
2206 2070 2262 2101 sed
2277 2079 2334 2111 per
2349 2069 2484 2101 modum

47 2109 77 2132 ¹⁶
91 2115 111 2138 ⁵·
347 2120 401 2151 IV.
427 2119 522 2151 Circa
544 2119 722 2150 secundam
747 2124 871 2160 partem
896 2117 1041 2149 eiusdem
1065 2119 1209 2154 minoris,
1227 2127 1302 2154 cum
1319 2116 1366 2148 di-
1422 2117 1676 2157 simplicissimae
1700 2117 1840 2152 unitatis,
1871 2122 1902 2146 et
1930 2115 2199 2146 universalitatem
2228 2115 2358 2146 actualis
2381 2114 2484 2155 perfe-

292 2165 385 2201 citur‚
404 2164 681 2206 Virtus-facientis
696 2169 744 2195 est
758 2163 854 2194 rebus
859 2163 966 2205 factis
982 2163 1185 2197 eminentior,
1199 2162 1366 2193 adverten-
1423 2162 1549 2198 ctionis,
1574 2166 1610 2192 ut
1633 2160 1828 2191 declaratum
1853 2166 1899 2191 est
1923 2161 1955 2190 in
1978 2160 2086 2190 Primo
2102 2161 2130 2190 *.
2513 2164 2521 2171 ·
2537 2161 2574 2183 Cf·
2592 2161 2724 2183 comment.

292 2209 373 2240 dum
395 2209 488 2250 quod
510 2208 699 2250 intelligitur
715 2207 755 2239 de
771 2209 808 2238 iis
833 2217 917 2248 quae
933 2217 991 2248 per
1006 2213 1107 2238 artem
1131 2206 1366 2247 producuntur.
1479 2205 1574 2236 Circa
1597 2205 1745 2236 ultimam
1768 2210 1901 2246 partem,
1919 2213 1994 2235 cum
2017 2203 2133 2235 dicitur
2145 2203 2248 2245 fidem
2268 2204 2485 2234 Christianam
2513 2194 2563 2215 ⁰⁸⁹·
2578 2193 2647 2213 ¹¹¹¹¹’
2662 2192 2684 2208 η’
2698 2192 2725 2207 “’

293 2253 431 2285 Constat
448 2254 536 2284 euim
564 2252 693 2284 artificis
718 2254 870 2284 virtutem
898 2253 993 2283 rebus
1010 2251 1182 2282 artificiatis
1205 2257 1367 2292 praestan·
1414 2250 1535 2292 facere
1564 2249 1724 2280 hominem
1755 2249 1957 2291 cognitorem
1989 2253 2226 2283 creaturarum,
2258 2247 2487 2279 attendendum

1 2325 5 2331 .
292 2299 409 2330 tiorem
433 2307 512 2329 esse.
541 2298 583 2328 Et
606 2303 729 2338 quanto
754 2296 918 2328 artificiata
941 2296 1060 2327 fuerint
1082 2295 1253 2330 nobiliora,
1277 2300 1367 2326 tanto
1425 2294 1515 2334 quod
1538 2294 1734 2334 intelligitur,
1758 2303 1826 2324 non
1850 2298 2007 2333 quantum
2024 2292 2063 2323 ad
2087 2302 2200 2323 eorum
2216 2298 2343 2323 naturas
2367 2298 2398 2322 et
2413 2301 2488 2332 pro-

0 2356 4 2386 f
292 2343 395 2384 magis
421 2343 573 2374 virtutem
598 2348 631 2373 et
660 2343 829 2383 ingenium
857 2341 985 2372 artificis
1016 2340 1222 2376 admiramur,
1253 2345 1368 2380 utpote
1425 2340 1584 2379 prietateS,
1610 2338 1666 2369 sed
1688 2343 1725 2368 ut
1748 2337 1787 2368 ad
1811 2338 1918 2368 Deum
1949 2336 2196 2377 dependentiam
2227 2337 2358 2367 habent:
2390 2341 2425 2366 ut
2455 2336 2488 2366 in

293 2387 505 2419 excedentem
524 2397 596 2418 eam
613 2387 835 2427 cognitionem
852 2395 951 2427 quam
968 2394 1143 2426 possumus
1159 2384 1199 2415 de
1223 2386 1292 2425 ipsa
1312 2393 1370 2424 per
1426 2389 1541 2423 quarto
1566 2383 1670 2423 capite
1693 2381 1770 2413 dicit
1793 2382 1928 2412 Sanctus
1951 2381 2104 2412 Th0mas.

0 2489 3 2517 ε
207 2490 210 2493 ·
1130 2489 1666 2522 ψ.-

903 2640 1431 2698 CAPITULUM
1482 2638 1894 2695 TERTIUM

457 2764 646 2818 QUOD
693 2762 1145 2805 COGNOSCERE
1188 2759 1522 2801 NATURAM
1565 2756 2078 2799 CREATURARUM
2116 2755 2334 2795 VALET

0 2843 7 2883 ῑ
558 2827 645 2868 AD
681 2825 1154 2868 DESTRUENDUM
1188 2821 1471 2862 ERRORES
1507 2820 1611 2872 QUI
1646 2820 1808 2861 SUNT
1843 2818 2023 2859 CIRCA
2058 2817 2233 2858 DEUM

513 2962 557 2988 sT
586 2948 702 2987 etiam
731 2947 946 2986 necessaria
969 2954 1233 2984 creaturarum
1252 2943 1376 2980 consi·
1430 2954 1572 2991 corpus
1609 2940 1888 2990 quodcumque
1926 2940 2054 2976 Deum
2092 2937 2403 2977 aestimaverunt:
2441 2935 2488 2971 de

532 3002 680 3041 deratio
709 3015 790 3039 non
819 3003 947 3039 solum
976 3000 1025 3037 ad
1053 2998 1219 3036 veritatis
1239 2997 1375 3034 instru-
1431 2995 1573 3045 quibus
1592 2994 1730 3031 dicitur
1748 2995 1834 3042 Sap.
1855 2996 1948 3029 xm2:
1985 2993 2060 3034 Qui
2084 2997 2147 3028 aut
2175 2993 2312 3040 ignem.
2333 2995 2395 3026 aut
2417 2989 2488 3037 spi-

532 3056 714 3102 ctionem,
730 3056 798 3093 sed
813 3055 927 3093 etiam
944 3054 993 3091 ad
1008 3065 1156 3090 errores
1171 3050 1375 3089 excluden-
1432 3051 1555 3094 ritum,
1575 3054 1639 3084 aut
1671 3049 1820 3084 citatum
1853 3058 1991 3090 aerem,
2020 3050 2083 3082 aut
2113 3056 2255 3093 gyrum
2287 3042 2487 3085 stellarum,

533 3111 616 3149 dOS.
647 3111 809 3148 Errores
842 3119 1013 3157 namque
1042 3106 1109 3156 qui
1145 3105 1244 3142 circa
1271 3115 1374 3140 crea·
1431 3108 1494 3139 aut
1513 3103 1667 3138 nimiam
1688 3112 1836 3149 aquam,
1867 3105 1929 3136 aut
1955 3098 2070 3135 solem
2099 3103 2131 3133 et
2159 3097 2298 3141 lunam,
2319 3095 2405 3132 deos
2418 3107 2488 3143 pu-

301 3171 432 3202 turam
460 3172 560 3210 sunt,
590 3163 787 3201 interdum
815 3175 837 3200 a
866 3161 957 3199 fidei
985 3160 1141 3197 veritate
1163 3158 1373 3200 abduc-unt,
1396 3170 1404 3189 ⁵
1429 3160 1611 3193 taverunt.
2013 3203 2020 3209 ι
2269 3200 2275 3207 ·
2358 3200 2364 3206 ι

303 3217 523 3256 secundum
542 3217 651 3268 quod
670 3229 785 3255 verae
815 3215 887 3253 Dei
916 3212 1123 3263 cognitioni
1148 3218 1372 3260 repugnant.
1485 3207 1744 3251 Secundo‚,ex
1774 3206 1848 3242 hoc
1876 3204 1983 3253 quod
2012 3203 2049 3239 1d
2073 3202 2179 3251 quod
2206 3202 2279 3260 Dei
2297 3201 2415 3237 sollus
2434 3207 2490 3236 est

303 3272 393 3309 Hoc
419 3280 552 3309 autem
580 3270 841 3321 multipliciter
869 3267 1061 3315 contingit.
1431 3260 1612 3298 creaturis
1631 3258 1823 3308 aliquibus
1842 3256 2073 3294 adscribunt.
2095 3255 2215 3302 Quod
2233 3262 2346 3312 etiarn
2367 3265 2412 3290 ex
2433 3265 2489 3289 er-

358 3325 491 3363 Primo
510 3325 683 3375 quidem,
704 3337 751 3362 ex
781 3325 856 3360 hoc
885 3321 991 3371 quod
1021 3327 1284 3356 creaturarum
1308 3329 1374 3352 na·
1430 3327 1517 3352 rore
1545 3313 1644 3351 circa
1672 3319 1864 3349 creaturas
1896 3308 2088 3357 contingit.
2127 3307 2246 3354 Quod
2281 3318 2385 3343 enirn
2418 3318 2488 3365 ‘na-

304 3386 433 3416 turam
448 3379 668 3428 ignorantes
687 3378 726 3415 in
747 3378 822 3414 hoc
845 3381 1118 3425 pervertuntur
1137 3370 1374 3421 quandoque
1430 3376 1515 3405 tura
1544 3366 1597 3403 rei
1625 3365 1784 3403 alicuius
1813 3376 1891 3400 non
1920 3362 2069 3412 patitur,
2099 3361 2133 3398 ei
2162 3373 2241 3397 non
2276 3359 2491 3419 attribuitur

305 3432 413 3482 quod
429 3432 468 3470 id
482 3433 592 3483 quod
611 3445 692 3470 non
707 3438 833 3481 potest
851 3429 924 3466 nisi
943 3428 991 3465 ab
1007 3426 1081 3464 alio
1098 3437 1191 3469 esse,
1207 3423 1375 3474 prImam
1391 3440 1416 3454 10
1429 3420 1502 3458 nisi
1526 3419 1617 3470 quia
1646 3419 1727 3456 eius
1755 3425 1891 3455 natura
1919 3416 2127 3464 ignoratur:
2158 3413 2254 3450 sicut
2282 3425 2312 3449 Sl
2341 3413 2491 3449 homini

303 3498 465 3524 eausam
484 3494 522 3524 et
537 3487 668 3524 Deum
688 3484 936 3527 constituunt,
953 3480 1047 3518 nihil
1066 3480 1164 3516 ultra
1183 3484 1375 3514 creaturas
1430 3474 1698 3512 attribueretur
1718 3471 1860 3508 habere
1881 3477 1955 3506 tres
1975 3467 2105 3518 pedes.
2129 3466 2249 3514 Quod
2274 3473 2491 3525 autemvso-

302 3552 407 3590 quae
426 3540 610 3578 videntur
632 3538 892 3577 aestimantes:
923 3535 1020 3572 sicut
1046 3533 1201 3569 fuerunt
1228 3530 1278 3566 illi
1307 3528 1374 3578 qui
1429 3527 1501 3565 lius
1530 3526 1602 3563 Dei
1631 3533 1685 3562 est
1714 3532 1848 3561 natura
1876 3529 2070 3559 creaturae
2099 3532 2178 3557 non
2207 3526 2365 3568 patitur:
2395 3525 2493 3555 sicut

359 3654 376 3680 6
396 3654 552 3689 secundum]
572 3655 619 3680 sed
638 3662 668 3685 α;
688 3654 711 3678 Υ
731 3653 811 3686 legit:
829 3651 958 3676 interdum
978 3657 1030 3673 non
1048 3647 1134 3672 solum
1142 3664 1175 3687 ·.·'
1194 3645 1240 3669 sed
1259 3644 1336 3668 etiam
1355 3650 1440 3667 verae.

361 3698 372 3716 ι
395 3690 591 3724 quodcumque]
611 3690 744 3723 quoddam
763 3689 792 3713 Z.
883 3694 898 3719 7
919 3682 1075 3715 adscribunt]
1096 3681 1237 3707 attribuunt
1255 3679 1283 3703 Z.
