2756 4322
52 303 62 310 ¹
78 300 131 322 x’id.
145 300 175 322 ud
189 300 235 323 loc.

46 919 57 929 ·
70 917 132 940 casu
147 923 194 940 non
213 924 262 940 cor-

44 944 87 972 ng.
102 943 127 967 in
140 944 192 968 hoe.

0 1037 23 1069 ‘s

0 1075 27 1146 ἶ
35 1111 37 1113 ’
46 1111 59 1146 -ῑ

0 1144 57 1193 ξι*
63 1173 93 1199 ιο
105 1178 164 1199 nou
172 1175 203 1198 ια
213 1175 257 1198 noc.

0 1278 24 1312 Εἴ

0 2151 86 2195 :5:4⁸³
98 2153 176 2177 UPP·
186 2153 237 2178 „l-

27 3752 58 3772 4²
70 3752 83 3767 v
99 3751 112 3767 a
125 3752 186 3775 ι3-ρ.
195 3752 245 3775 39²·

1294 170 1559 210 APPENDIX

295 245 531 287 perfectissimo
563 246 676 282 m0d0,
702 253 737 277 ut
773 247 894 278 scilicet
923 248 962 278 sit
994 249 1062 288 ipse
1095 255 1184 280 actus
1214 254 1321 280 ultimus
1341 256 1373 280 ad

295 309 375 336 quem
402 297 679 338 (perfectissimus.
709 299 771 329 Hic
788 299 804 315 ³*
829 304 938 329 autem
962 305 1009 329 est
1033 310 1101 331 esse
1126 301 1165 331 ad
1189 301 1292 342 quod)
1317 313 1371 343 ge-

294 350 420 381 neratio
438 354 470 380 et
486 349 594 379 omnis
609 354 719 378 motus
736 350 926 380 terminatur
945 354 1013 378 unde
1031 356 1117 380 omnis
1136 355 1219 386 s9rma
1237 357 1278 381 vei
1299 363 1371 382 nctus

294 410 335 431 est
353 405 379 430 in
397 404 513 438 potentia
527 408 668 437 antequam
688 404 854 437 perveniatur
872 406 904 430 ad
923 413 984 431 esse
1008 401 1128 442 (omnis
1152 405 1239 434 enim
1268 404 1371 435 forma

294 458 327 484 et
355 458 446 483 actus
477 458 524 483 est
554 452 588 482 in
622 453 768 492 potentia
798 458 973 493 antequam
1002 463 1070 484 esse
1101 455 1269 495 acquirat).
1302 457 1369 487 Soli

293 504 391 544 igitur
415 503 487 533 Deo
505 503 663 542 competit
683 515 742 531 esse
763 502 867 543 (quod
891 503 943 544 sit)
967 505 1074 544 ipsum
1100 515 1178 542 esse,
1203 507 1285 537 sicut
1308 508 1368 537 soli

293 554 354 584 sibi
384 554 543 593 competit
573 552 678 594 (quod
702 553 754 595 sit)
781 555 924 594 primum
953 565 1049 594 agens
1078 567 1145 584 esse.
1169 558 1186 595 §
1208 558 1367 597 Amplius.

293 609 319 634 Si
334 609 422 642 aliqua
440 607 578 641 dispositio
597 608 629 632 ab
649 608 738 640 aliquo
756 613 848 641 agente
867 610 1024 642 producatur
1043 611 1068 634 in
1088 611 1217 644 aliquibus
1237 612 1324 642 rebus,
1344 613 1369 637 id

292 660 364 694 quod
383 665 424 685 est
442 659 599 693 principium
618 659 676 684 talis
699 659 878 692 dispositionis
904 660 930 684 in
954 660 1032 685 rebus
1056 661 1237 693 recipientibus
1263 666 1369 694 oportet

291 718 348 737 esse
366 711 488 736 convenit
506 711 591 743 agenti
611 711 757 736 secundum
784 712 917 744 propriam
941 720 1015 737 suam
1043 718 1168 742 naturam.
1193 714 1259 738 sicut
1277 716 1367 740 raritas

290 768 414 788 causati-tr
432 763 458 787 in
477 762 631 795 corporibus
651 762 682 787 ab
703 764 770 795 igne,
789 768 830 788 est
849 768 936 788 autem
958 764 1111 797 principium
1134 765 1244 790 raritatis
1265 766 1290 790 in
1310 774 1367 791 cor-

290 813 399 847 poribus
422 812 589 838 rarefiefactis
614 813 692 844 calor,
712 813 762 838 hoc
781 813 851 838 enim
876 821 986 847 corpora
1009 814 1140 845 rat-etium,
1165 822 1190 840 et
1214 816 1272 840 ideo
1297 817 1367 841 calor

289 865 412 891 convenit
426 865 478 898 igni
494 865 641 890 secundum
661 872 735 890 suam
756 871 884 890 naturam.
903 866 970 891 Esse
989 872 1076 891 autem
1096 872 1154 892 actu
1173 873 1214 892 est
1233 867 1367 900 dispositio

288 917 395 942 inventa
412 917 439 942 in
457 917 537 942 rebus
556 917 680 942 omnibus
698 925 713 942 a
726 917 811 950 p‘rimo
826 923 927 950 agente,
940 918 981 943 hic
997 919 1012 935 ¹¹²
1029 919 1098 943 enim
1112 924 1152 943 est
1172 919 1309 952 <proprius
1329 920 1366 944 ef-

287 969 371 995 fectus
390 969 508 1002 agentis>
533 968 679 1001 (proprium
698 969 795 1002 agenti)
815 970 887 1002 quod
907 970 982 995 faciat
999 977 1059 995 esse
1083 976 1151 996 actu.
1170 971 1258 1004 Ipsum
1278 977 1365 996 autem

288 1028 350 1046 esse
372 1026 413 1046 est
431 1027 479 1053 per
499 1021 571 1053 quod
594 1020 682 1045 omnia
707 1019 772 1045 fiunt
791 1026 857 1051 actu,
890 1029 950 1045 nam
969 1027 994 1046 et
1019 1021 1091 1053 ipsae
1110 1021 1210 1047 formae
1228 1023 1269 1047 vel
1293 1027 1365 1047 actus

287 1077 350 1098 sunt
369 1072 395 1097 in
414 1072 529 1106 potentia
542 1078 568 1098 et
587 1080 639 1097 non
658 1072 683 1097 in
704 1077 760 1097 actu
781 1077 920 1106 antequam
941 1074 1106 1106 perveniatur
1119 1075 1151 1099 ad
1164 1082 1235 1100 esse.
1254 1071 1363 1111 Ipsum

271 1125 363 1158 *igitur
383 1130 453 1150 esse
477 1120 635 1160 competit
655 1121 761 1160 primo
786 1122 892 1160 agenti
916 1121 1095 1152 secundum
1121 1123 1283 1162 propriam
1308 1133 1364 1153 na-

286 1178 393 1203 turam
412 1176 480 1201 sicut
498 1176 570 1201 calor
588 1176 640 1209 igni
660 1172 691 1213 (⁴‘
709 1182 777 1203 esse
803 1174 890 1203 enim
914 1173 975 1204 Dei
1004 1179 1050 1203 est
1079 1174 1149 1204 eius
1177 1174 1362 1210 substantia,

286 1231 323 1257 ut
339 1236 436 1267 supra
453 1232 621 1257 ostensum
635 1225 705 1266 est.)
721 1226 821 1264 Quod
833 1233 941 1257 autem
956 1228 1113 1267 competit
1127 1251 1133 1258 .
1149 1251 1156 1257 .
1171 1250 1179 1257 .
1193 1228 1231 1258 sit
1255 1229 1363 1268 ipsum

285 1287 365 1310 esse.
389 1282 406 1315 ξ
421 1283 522 1309 Adhuc.
548 1283 636 1308 Omne
655 1290 736 1316 agens
755 1284 807 1317 agit
826 1283 874 1308 sibi
896 1284 991 1314 simile,
1015 1285 1064 1309 nisi
1085 1292 1132 1317 per
1150 1284 1270 1309 accidens
1289 1285 1364 1309 aliter

265 1331 527 1367 flamm—Oportet
544 1334 623 1368 igitur
641 1335 713 1367 quod
731 1335 818 1360 omnis
837 1334 944 1360 effectus
965 1335 1094 1360 similetur
1112 1336 1196 1368 agenti
1216 1335 1361 1360 secundum

283 1386 356 1420 quod
375 1391 416 1411 est
434 1387 490 1411 eius
509 1386 627 1416 effectus,
641 1386 708 1411 sicut
720 1385 873 1419 calefactum
892 1387 1019 1411 similatur
1032 1386 1188 1412 calefacienti
1207 1387 1361 1419 inquantum

284 1441 326 1463 est
343 1437 466 1463 calidum.
485 1437 582 1462 Omnia
601 1442 690 1462 autem
703 1438 771 1462 entia
783 1442 888 1462 causata
907 1443 967 1462 sunt
981 1437 1088 1462 effecms
1108 1437 1183 1470 primi
1203 1437 1303 1470 agentis
1323 1437 1361 1461 in-

284 1492 414 1522 quantum
439 1491 504 1513 sune
523 1491 569 1513 ent
591 1493 748 1522 acceperunt
772 1496 832 1513 esse
858 1488 890 1513 ab
915 1488 983 1521 ipso,
1008 1488 1149 1513 universali
1174 1489 1243 1512 enim
1268 1495 1360 1513 causae

282 1540 389 1573 proprie
407 1539 551 1572 respondet
569 1539 724 1564 universalis
737 1539 854 1564 effectus.
866 1539 964 1564 Omnia
983 1539 1060 1571 igitur
1073 1539 1141 1564 entia
1159 1543 1262 1563 causata
1282 1539 1361 1570 <sunt

283 1590 368 1623 entia>
396 1588 506 1624 (habent
529 1590 600 1622 esse)
625 1597 673 1623 per
697 1590 914 1615 assimilationem
939 1590 972 1614 ad
996 1590 1110 1622 primum
1133 1597 1223 1622 agens.
1242 1589 1359 1614 Primum

281 1646 370 1666 autem
388 1647 470 1673 agens
485 1647 538 1665 non
552 1644 592 1666 eat
607 1647 688 1672 agens
701 1640 851 1670 univocum,
871 1647 931 1664 cum
951 1640 984 1665 sit
1002 1647 1085 1665 unum
1105 1645 1214 1670 tantum,
1233 1646 1261 1665 ut
1281 1647 1360 1672 supra

279 1696 418 1717 ostensum
437 1697 486 1716 est.
505 1690 670 1723 impossibile
683 1695 724 1715 est
736 1690 813 1723 igitur
826 1690 898 1724 quod
917 1698 973 1716 esse
991 1691 1078 1723 ipsum
1097 1699 1158 1716 esse
1171 1692 1203 1716 sit
1217 1691 1360 1716 substantia

280 1743 389 1768 alicuius
417 1742 485 1767 entis
505 1742 520 1757 *
542 1743 652 1767 causati:
681 1741 789 1767 effectus
818 1742 891 1767 enim
918 1741 1078 1767 assimilatus
1101 1742 1188 1775 agenti
1213 1743 1358 1767 secundum

279 1801 357 1820 tunm
378 1793 552 1819 substantiam
565 1799 591 1818 et
605 1798 723 1818 naturam
737 1798 778 1818 est
796 1793 906 1818 effectus
920 1794 1055 1824 univocus,
1070 1801 1131 1818 cum
1150 1793 1359 1826 unumquodque

279 1853 311 1872 ex
323 1853 372 1871 sua
384 1845 530 1871 substantia
543 1845 568 1870 in
582 1845 669 1878 specie
681 1845 722 1870 vel
737 1852 835 1877 genere
848 1845 1000 1870 collocetur.
1013 1841 1032 1878 §
1048 1841 1134 1872 Hinc
1148 1846 1194 1871 est
1211 1839 1301 1880 quod
1313 1864 1320 1870 .
1332 1864 1338 1870 .
1351 1864 1356 1870 .

278 1903 376 1925 suum
400 1903 480 1924 esse.

279 2004 359 2046 Cap.
385 2004 466 2034 Llll.
492 2004 589 2042 Quor)
614 2014 644 2033 tx
670 2013 863 2033 scasrmrns
895 2011 1196 2033 INTRLLBCTUALiRUS
1230 2010 1357 2031 cREATiS

604 2064 658 2084 asr
683 2064 779 2084 Ac‘rus
804 2064 842 2084 ar
866 2063 1030 2084 roraurm.

322 2151 423 2190 Quod
443 2155 479 2184 in,
494 2155 668 2184 substantiae,
685 2149 719 2180 in
743 2149 927 2180 substantiis
951 2146 1221 2178 intellectualibus
1245 2145 1357 2175 creatis

277 2209 325 2235 est
340 2209 431 2235 actus
455 2209 486 2234 et
502 2204 659 2244 potentia.
676 2222 698 2226 -
715 2203 762 2234 Ex
779 2203 843 2233 hoc
859 2206 969 2232 autem
987 2223 993 2230 .
1009 2223 1016 2230 .
1029 2223 1036 2229 .
1051 2205 1086 2230 ut
1107 2203 1273 2229 ostensum
1298 2202 1355 2227 est.

278 2259 345 2286 Esse
369 2255 480 2295 Ipsum
504 2261 614 2286 autern
631 2265 700 2286 esse
717 2260 764 2285 est
781 2253 1062 2292 complementum
1078 2249 1273 2280 substantiae
1290 2249 1356 2278 exi-

275 2307 389 2339 stentis
403 2316 432 2335 ut
443 2312 522 2337 etiam
542 2319 572 2336 ex
592 2318 672 2344 supra
691 2310 766 2335 dictis
785 2313 856 2342 patet
875 2301 1152 2344 (unumquodque
1169 2301 1256 2331 enim
1281 2306 1355 2331 actu

277 2365 325 2391 est
348 2369 406 2400 per
429 2359 494 2390 hoc
519 2358 609 2399 quod
633 2367 702 2388 esse
726 2354 846 2396 habet.)
880 2354 1087 2395 Relinquitur
1104 2376 1111 2382 .
1127 2376 1133 2383 .
1149 2375 1156 2382 .
1178 2352 1354 2392 potentiae.

276 2416 293 2451 5
306 2415 408 2441 Adhuc.
427 2416 517 2448 Agens
543 2415 697 2447 inquantum
717 2419 798 2445 agens
826 2411 936 2436 refertur
965 2410 998 2434 ad
1025 2408 1122 2434 factum
1141 2409 1296 2440 inquantum
1316 2412 1356 2431 est

275 2467 382 2494 facmm.
404 2468 493 2502 Agens
512 2471 599 2492 autem
619 2465 775 2498 inquantum
795 2468 836 2488 est
854 2470 934 2495 agens
957 2466 998 2486 est
1016 2466 1083 2486 actu.
1106 2460 1188 2485 Actus
1210 2464 1297 2484 autem
1316 2459 1354 2483 in-

276 2523 406 2553 quantum
425 2516 574 2543 huiusmodi
596 2515 707 2541 refertur
719 2515 751 2540 ad
765 2513 916 2547 potentiam.
936 2512 1025 2537 Omne
1038 2511 1115 2544 igitur
1127 2510 1225 2535 factum
1244 2509 1355 2542 inquan-

276 2577 334 2597 tum
351 2568 504 2596 huiusmodi
523 2573 565 2593 est
582 2571 611 2592 ut
629 2566 744 2600 potentia
766 2572 814 2598 per
832 2564 1056 2597 comparationem
1075 2563 1107 2587 ad
1126 2569 1216 2596 agens.
1236 2561 1286 2586 Per
1304 2560 1354 2585 hoc

275 2627 364 2648 autem
383 2619 412 2646 fit
431 2619 503 2653 quod
522 2618 554 2644 ab
574 2622 666 2651 agente
679 2617 705 2642 in
720 2621 807 2642 actum
826 2615 985 2648 producitur.
1000 2614 1028 2639 ln
1047 2613 1119 2638 omni
1137 2613 1215 2645 igitur
1233 2611 1302 2636 facto
1315 2615 1355 2636 est

275 2673 434 2707 compositio
451 2671 583 2705 potentiae
599 2675 626 2695 et
644 2674 728 2696 actus.
747 2668 894 2694 Ostensum
913 2671 1000 2692 autem
1020 2670 1060 2690 est
1079 2671 1158 2698 supra
1177 2664 1248 2696 quod
1267 2663 1355 2688 omnia

276 2726 327 2752 alia
345 2729 448 2758 praeter
467 2722 554 2747 Deum
572 2725 634 2746 sunt
652 2720 684 2745 ab
703 2719 771 2752 ipso.
784 2719 813 2743 ln
827 2717 951 2742 omnibus
963 2716 1040 2749 igitur
1053 2714 1110 2740 aliis
1129 2713 1299 2739 existentibus
1315 2718 1355 2738 est

276 2777 433 2811 compositio
452 2779 526 2800 actus
545 2778 572 2799 et
589 2773 729 2806 potentiae.
748 2768 766 2806 g
783 2765 943 2806 Amplius.
965 2762 1065 2801 Quod
1084 2773 1140 2791 esse
1158 2763 1241 2793 inest
1258 2761 1354 2791 alicui

276 2827 316 2858 ab
333 2828 452 2855 exteriori
471 2827 597 2863 agente,
617 2824 748 2860 oportet
764 2827 833 2848 esse
850 2822 959 2847 actum
979 2820 1044 2849 eius,
1063 2814 1185 2854 agentis
1203 2813 1289 2844 enim
1307 2817 1353 2841 est

276 2879 382 2910 facere
398 2873 521 2915 aliquid
533 2878 618 2903 actu.
636 2871 812 2901 Ostensum
830 2874 938 2898 autem
955 2873 1003 2897 est
1019 2876 1114 2906 supra
1131 2864 1222 2905 quod
1238 2873 1353 2894 omnes

276 2929 357 2961 aliae
375 2925 572 2958 substantiae
596 2923 715 2953 habent
735 2930 804 2951 esse
828 2930 845 2949 a
868 2919 975 2959 primo
1000 2922 1114 2957 agente
1139 2917 1185 2956 (et
1209 2925 1266 2955 per
1289 2915 1352 2945 hoc

274 2967 364 3022 ipsae
387 2976 584 3009 substantiae
608 2978 756 3005 causatae
780 2976 855 3002 sunt
879 2969 970 3010 quod
986 2979 1055 3000 esse
1071 2969 1111 2999 ab
1128 2967 1191 2998 alio
1208 2965 1351 3005 habent.)

275 3033 387 3073 Ipsum
406 3054 412 3061 .
427 3053 434 3060 .
450 3053 456 3060 .
474 3030 628 3069 ipsarum.
645 3030 728 3054 Actus
746 3030 836 3053 autem
855 3030 895 3052 est
913 3025 997 3051 alicui
1015 3020 1050 3051 Id
1066 3025 1175 3051 autem
1193 3019 1246 3049 cui
1262 3023 1352 3048 actus

274 3084 359 3114 inest
375 3079 522 3122 potentia
538 3082 595 3109 est.
611 3076 697 3107 Nam
714 3080 804 3105 actus
818 3098 824 3104 .
840 3098 847 3104 .
861 3097 868 3104 .
883 3079 983 3103 actus.
1008 3073 1026 3110 §
1042 3071 1133 3101 Item.
1152 3069 1260 3100 Omne
1279 3078 1351 3108 par-

275 3134 414 3174 ticipans
432 3155 438 3162 .
455 3155 462 3161 .
478 3154 485 3161 .
503 3131 587 3160 sicut
610 3127 757 3169 potentia
777 3125 816 3156 ad
827 3124 959 3155 ‘actum.
983 3125 1002 3162 ἓ
1017 3123 1192 3153 Praeterea.
1217 3121 1352 3151 Assimi-

275 3186 354 3216 latio
379 3183 515 3214 alicuius
539 3180 579 3211 ad
598 3183 711 3208 alterum
731 3178 876 3218 (causam
900 3172 1064 3215 agentem)
1083 3173 1119 3204 fit
1147 3182 1204 3213 per
1231 3178 1350 3206 actum,

275 3242 397 3267 dicuntur
417 3239 488 3263 enim
507 3236 602 3261 similia
620 3241 688 3267 quae
706 3232 900 3258 communicant
918 3231 944 3255 in
962 3230 1046 3254 forma
1058 3224 1170 3267 (agens
1187 3223 1274 3253 enim
1287 3222 1352 3261 agit

274 3288 335 3319 sibi
351 3286 455 3317 simile
479 3285 674 3324 inquantum
698 3286 746 3311 est
769 3278 868 3316 actu).
897 3276 1096 3308 Assimilatio
1114 3298 1121 3306 .
1136 3298 1142 3305 .
1158 3298 1165 3305 .
1183 3279 1350 3304 ostensum

275 3345 332 3370 est.
358 3338 470 3378 Ipsum
498 3335 594 3375 igitur
620 3341 688 3363 esse
716 3335 922 3370 comparatur
950 3328 989 3359 ad
1017 3335 1132 3358 omnes
1160 3324 1350 3355 substantias

278 3395 399 3420 creatas
423 3389 506 3418 sicut
529 3391 619 3416 actus
639 3388 670 3412 ad
690 3386 833 3420 potentiam
854 3378 1004 3422 (earum).
1029 3378 1077 3408 Ex
1094 3387 1162 3417 quo
1184 3382 1262 3411 patet
1278 3378 1351 3411 quod

274 3440 467 3480 relinquitur
483 3436 574 3479 quod
586 3437 619 3466 in
633 3434 774 3475 qualibet
790 3432 966 3463 substantia
983 3435 1088 3460 creata
1100 3429 1139 3458 sit
1152 3426 1350 3467 compositio

278 3496 367 3522 actus
391 3495 423 3521 et
446 3488 622 3530 potentiae.

445 3600 526 3640 Cap.
552 3599 634 3629 Liv.
655 3597 752 3636 Quon
777 3606 841 3626 NON
865 3605 919 3625 ssr
943 3603 1019 3623 mam
1043 3601 1182 3622 COMPONI

389 3662 428 3682 ax
452 3660 641 3682 suasumu
665 3659 703 3679 ΕΤ
728 3658 809 3683 assa,
834 3656 872 3676 ET
896 3654 1032 3675 mamam
1057 3653 1095 3673 ET
1119 3651 1235 3672 rorum.

319 3745 420 3784 Quod
450 3754 519 3776 non
552 3749 600 3774 est
630 3742 719 3773 idem
751 3740 908 3781 componi
932 3749 970 3768 ex
989 3741 1103 3774 potentia
1129 3744 1154 3764 et
1177 3744 1235 3763 actu
1261 3734 1349 3775 (sub-

275 3799 391 3829 stantia
415 3802 447 3827 et
471 3794 554 3835 esse)
580 3800 612 3826 et
635 3794 768 3824 materia
793 3798 824 3823 et
848 3792 962 3822 forma.
986 3808 1009 3812 —
1028 3790 1046 3828 §
1069 3788 1145 3819 Non
1170 3792 1217 3818 est
1240 3792 1348 3817 autem

274 3853 344 3879 idem
363 3851 464 3885 aliquid
482 3849 604 3883 componi
626 3843 787 3886 (eiusdem
818 3842 951 3873 rationis
980 3836 1188 3881 compositio)
1220 3847 1258 3868 ex
1282 3846 1349 3867 ma-

274 3900 353 3931 teria
377 3904 408 3930 et
432 3897 538 3929 forma
562 3901 593 3927 et
617 3905 654 3926 ex
679 3894 855 3925 substantia
880 3899 911 3923 et
936 3902 1014 3928 esse,
1044 3890 1190 3931 quamvis
1215 3894 1349 3927 utraque

273 3952 313 3982 sit
337 3960 376 3981 ex
398 3949 545 3990 potentia
568 3952 600 3977 et
623 3951 708 3976 actu.
732 3946 842 3976 Primo
867 3944 999 3985 quidem
1028 3943 1103 3983 quia
1126 3940 1258 3971 materia
1281 3948 1349 3968 non

275 4006 321 4032 est
344 4001 414 4040 ipsa
445 3998 624 4029 substantia
647 3997 703 4033 rei,
723 4003 754 4025 ut
771 4005 847 4026 nam
871 4000 1061 4036 sequeretur
1091 4001 1206 4023 omnes
1229 3990 1349 4021 formas

274 4062 343 4083 esse
368 4050 558 4084 accidentia,
583 4050 666 4079 sicut
690 4048 815 4088 antiqui
838 4047 1007 4077 Naturales
1035 4045 1267 4086 opinabantur:
1292 4039 1349 4071 sed
1363 4053 1387 4073 75
1405 4041 1437 4070 in
1455 4048 1491 4068 ea
1507 4047 1564 4078 per
1580 4035 1716 4067 modurn
1741 4035 1851 4075 ipsius,

418 4114 511 4137 Susum
532 4112 644 4136 Commi
663 4109 797 4135 Gssu'nuis
818 4109 850 4133 D.
868 4108 984 4133 Tamus
1002 4106 1073 4131 Tou.
1093 4106 1110 4130 1.

1384 729 1410 743 ¹0

1382 985 1404 1004 ¹5

1378 1241 1404 1255 20

1375 1494 1399 1514 ²5

1376 1752 1400 1771 30

1375 2010 1396 2029 ³5

1370 2262 1397 2281 40

1368 2520 1392 2540 45

1370 2776 1395 2797 ςο

1368 3034 1390 3053 55

1365 3281 1392 3301 6⁰

1364 3536 1389 3562 65

1364 3797 1390 3818 70

2430 184 2499 232 57*

1429 254 1560 283 materia
1578 260 1624 284 est
1641 265 1712 295 pars
1729 257 1932 291 substantiae.
1949 262 1967 299 §
1983 260 2134 292 Secundo
2153 285 2159 292 .
2174 284 2181 291 .
2195 285 2202 292 .
2220 261 2260 292 de
2276 268 2356 293 toto.
2374 264 2390 280 ἃ
2403 264 2496 295 Unde

1428 315 1521 340 compo
1551 308 1682 336 materia
1717 317 1783 338 non
1808 316 1914 349 potest
1945 311 2007 342 dici
2039 312 2128 352 quod
2157 318 2214 349 est,
2242 313 2297 343 sed
2324 315 2393 354 ipsa
2422 316 2497 345 sub-

1429 357 1542 386 stantia
1574 363 1621 388 est
1652 358 1684 388 id
1715 360 1805 399 quod
1833 368 1889 392 est.
1922 364 1940 401 §
1956 363 2068 394 Tertio
2087 365 2266 395 ...album
2294 374 2373 396 esse.
2398 367 2416 404 §
2432 367 2495 397 De-

1429 407 1503 437 inde
1587 416 1686 440 actus.
1718 411 1778 441 Per
1805 413 1868 444 hoc
1893 415 1978 444 enim
2003 417 2035 445 in
2062 417 2250 456 compositis
2274 427 2312 447 ex
2335 419 2495 448 materia*

1429 457 1531 489 forma
1549 459 1664 491 dicitur
1680 461 1783 493 forma
1800 474 1868 494 esse
1885 466 2080 505 principium
2098 467 2234 503 essendi,
2252 469 2326 507 quia
2342 475 2389 499 est
2406 479 2495 500 com-

1428 509 1629 548 plementum
1655 513 1848 544 substantiae
1865 516 1958 545 cuius
1974 523 2063 546 actus
2088 524 2134 547 est
2153 529 2167 546 e
2185 518 2292 557 ipsum
2317 529 2395 555 esse,
2413 521 2495 551 sicut

1428 559 1624 600 diaphanum
1642 570 1688 593 est
1704 565 1766 594 aeri
1784 566 1978 606 principium
1996 568 2123 598 lucendi
2141 571 2216 608 quia
2232 569 2307 600 facit
2327 581 2402 601 eum
2420 581 2494 611 pro-

1426 612 1531 650 prium
1562 617 1628 641 lucis
1658 615 1839 646 subiectum
1864 617 2003 648 luminis.
2035 619 2162 656 §Unde
2186 621 2216 650 in
2243 623 2431 660 compositis
2455 633 2493 652 ex

1425 664 1556 694 materia
1581 670 1611 694 et
1636 665 1738 696 forma
1762 677 1822 698 nec
1846 670 1976 699 materia
2001 679 2060 700 nec
2086 670 2189 701 forma
2213 678 2319 711 potest
2339 673 2401 703 dici
2422 678 2492 710 quod

1425 712 1558 755 (ipsum)
1578 716 1667 755 quod
1685 723 1740 753 est,
1759 727 1818 748 nec
1836 720 1931 749 etiam
1949 721 2055 759 ipsum
2073 731 2150 752 esse.
2170 722 2286 752 Forma
2304 747 2310 753 .
2327 747 2332 753 .
2349 747 2355 753 .
2374 734 2438 755 enS.
2458 725 2491 755 In

1424 766 1607 797 substantiis
1620 774 1728 799 autem
1745 770 2025 808 intellectualibus,
2040 782 2122 812 quae
2135 784 2202 804 non
2220 780 2294 804 sunt
2307 784 2345 804 ex
2362 777 2492 806 materia

1422 823 1452 847 et
1482 817 1585 849 forma
1616 821 1826 860 compositae,
1859 828 1895 852 ut
1923 829 2089 853 ostensum
2121 830 2176 860 est,
2202 825 2256 855 sed
2283 826 2316 855 in
2350 827 2394 856 eis
2425 828 2492 866 ipsa

1424 868 1526 899 forma
1543 876 1590 900 est
1614 872 1790 902 substantia
1806 873 1991 910 subsistens,
2009 874 2111 904 forma
2136 881 2182 905 est
2199 876 2287 915 quod
2313 882 2360 907 est
2379 886 2404 905 et
2417 882 2494 913 quasi

1423 926 1545 956 potentia,
1565 923 1673 962 ipsum
1698 929 1806 953 autem
1823 934 1892 954 esse
1909 931 1955 955 est
1972 931 2061 955 actus
2078 932 2109 956 et
2126 936 2192 966 quo
2218 933 2278 957 est:
2304 933 2335 957 et
2358 934 2491 968 propter

1422 972 1485 1002 hoc
1509 976 1636 1001 dicuntur
1658 973 1690 1003 in
1716 974 1760 1004 eis
1785 981 1831 1004 est
1856 977 1951 1006 unica
1975 982 2101 1007 tantum
2126 979 2322 1018 compositio
2347 985 2436 1009 actus
2460 986 2491 1010 et

1422 1023 1596 1061 potentiae,
1622 1034 1704 1063 quae
1729 1025 1851 1055 scilicet
1874 1032 1921 1056 est
1945 1036 1982 1056 ex
2007 1028 2183 1058 substantia
2207 1034 2238 1058 et
2262 1038 2341 1064 esse,
2366 1039 2448 1068 quae
2473 1040 2490 1060 a

1421 1073 1615 1112 quibusdam
1641 1075 1756 1106 dicitur
1773 1086 1809 1106 ex
1835 1077 1925 1117 quod
1943 1084 1989 1107 est
2013 1084 2044 1108 et
2060 1088 2138 1115 esse,
2164 1080 2214 1109 vel
2232 1089 2269 1110 ex
2290 1080 2379 1119 quod
2396 1086 2442 1110 est
2459 1086 2490 1111 et

1421 1134 1488 1164 quo
1513 1131 1568 1155 est.
1596 1126 1629 1155 ln
1654 1128 1837 1158 substantiis
1856 1151 1862 1158 .
1878 1152 1884 1158 .
1900 1152 1906 1158 .
1922 1138 1987 1168 quo
2013 1136 2069 1160 est.
2099 1131 2117 1168 §
2135 1130 2186 1161 Sic
2211 1131 2306 1170 igitur
2323 1155 2330 1161 .
2346 1155 2351 1161 .
2368 1155 2374 1162 .
2400 1141 2489 1162 com-

1420 1186 1529 1206 mune.
1555 1177 1596 1207 Et
1619 1184 1751 1218 propter
1770 1180 1832 1210 hoc
1853 1189 2079 1221 quaecumque
2097 1181 2228 1221 quidem
2246 1189 2490 1222 consequuntur

1418 1228 1598 1266 potentiam
1616 1234 1647 1258 et
1666 1235 1773 1259 actum
1790 1230 1983 1269 inquantum
2004 1232 2190 1262 huiusmodi
2209 1238 2283 1263 sunt
2303 1234 2490 1264 communia

1418 1278 1601 1308 substantiis
1617 1280 1834 1310 materialibus
1858 1286 1888 1310 et
1911 1282 2173 1312 immaterialibus
2197 1283 2318 1319 creatis,
2343 1284 2426 1313 sicut
2440 1294 2489 1314 re-

1419 1329 1525 1368 cipere
1550 1335 1581 1360 et
1604 1332 1714 1371 recipi,
1739 1331 1892 1371 perficere
1917 1339 1947 1363 et
1970 1333 2081 1373 perfici
2099 1337 2169 1370 (esse
2187 1337 2264 1362 finem
2285 1338 2320 1371 et)
2344 1338 2444 1363 finitum
2464 1344 2490 1364 et

1419 1382 1555 1414 infinitum.
1575 1391 1652 1417 prout
1672 1387 1784 1419 potentia
1804 1388 1836 1411 de
1861 1395 1890 1412 se
1909 1387 2006 1412 infinita
2025 1394 2073 1418 est,
2092 1387 2150 1413 finis
2170 1393 2256 1414 autem
2276 1390 2331 1414 eius
2350 1395 2390 1414 est
2408 1395 2488 1420 actus.

1417 1435 1461 1467 qui
1480 1439 1568 1460 tamen
1587 1443 1634 1468 per
1659 1438 1800 1469 potentiam
1825 1439 1940 1470 quodam
1965 1439 2044 1463 modo
2069 1437 2164 1469 finitur,
2188 1439 2332 1464 secundum
2357 1441 2428 1472 quod
2447 1448 2488 1465 re-

1417 1491 1520 1518 ceptum
1540 1487 1572 1512 ad
1591 1493 1710 1513 naturam
1730 1490 1875 1514 secundum
1889 1497 2038 1515 mensuram
2058 1491 2204 1523 recipientis
2225 1491 2355 1516 limitatur.
2379 1487 2488 1525 Quae—

1417 1543 1559 1574 cumque
1578 1558 1584 1565 .
1600 1559 1606 1565 .
1622 1559 1628 1565 .
1647 1537 1770 1566 creatis.

1551 1646 1631 1686 Cap.
1658 1647 1723 1677 LV.
1749 1647 1845 1684 Quot>
1870 1658 2074 1678 SUBS'rANTiAE
2099 1658 2364 1678 INTELLECTUALES

1760 1708 1836 1728 sux'r
1861 1708 2143 1729 INCORRUPTIBILES.

1460 1789 1560 1827 Quod
1584 1791 1780 1820 substantiae
1809 1791 2041 1821 intellectuales
2072 1797 2147 1822 sunt
2170 1792 2440 1831 incorruptibiles.
2465 1809 2488 1814 -

1415 1842 1434 1880 ξ
1451 1841 1497 1871 Ex
1514 1842 1577 1872 hoc
1596 1865 1603 1872 .
1620 1866 1626 1872 .
1643 1865 1649 1871 .
1667 1843 1930 1882 incorruptibilis.
1949 1843 2064 1873 Omnis
2081 1845 2167 1874 enim
2185 1845 2350 1883 corruptio
2368 1849 2414 1874 est
2431 1853 2487 1884 per

1414 1894 1651 1933 separationem
1677 1893 1799 1925 formae
1816 1906 1832 1925 a
1849 1895 1981 1925 materia
1998 1894 2147 1935 (simplex
2164 1895 2295 1934 quidem
2321 1896 2486 1934 corruptio

1414 1953 1472 1983 per
1487 1944 1723 1984 separationem
1742 1944 1864 1975 formae
1881 1945 2105 1980 substantialis,
2123 1946 2287 1984 corruptio
2312 1950 2420 1975 autern
2437 1955 2486 1975 se-

1415 1994 1559 2026 cundum
1573 1995 1651 2036 quid
1664 2006 1721 2036 per
1733 1998 1970 2036 separationem
1984 1996 2105 2026 formae
2122 1996 2350 2035 accidentalis.)
2368 1997 2486 2027 Forma

1414 2046 1500 2076 enim
1515 2069 1522 2076 .
1538 2069 1544 2076 .
1560 2069 1566 2076 .
1582 2047 1759 2086 corruptio.
1774 2046 1950 2077 Ostensum
1962 2053 2008 2077 est
2025 2053 2132 2077 autem
2150 2047 2239 2087 quod
2259 2051 2285 2075 in
2304 2047 2393 2077 nulla
2410 2047 2484 2076 sub-

1413 2098 1528 2127 stantia
1552 2097 1777 2128 intellectualis
1802 2103 1849 2127 est
1877 2098 2059 2137 composita
2091 2107 2127 2127 ex
2160 2098 2291 2127 materia
2315 2103 2346 2127 et
2369 2096 2482 2127 forma.

1413 2148 1509 2178 Nulla
1526 2149 1622 2188 igitur
1638 2149 1814 2179 substantia
1829 2149 2054 2180 intellectualis
2067 2154 2114 2179 est
2130 2148 2355 2189 corruptibilis.
2372 2150 2390 2187 §
2404 2149 2483 2178 Am-

1412 2199 1508 2239 plius.
1526 2198 1627 2237 Quod
1651 2209 1708 2239 per
1732 2209 1765 2229 se
1783 2223 1790 2229 .
1805 2223 1812 2229 .
1827 2223 1834 2229 .
1852 2200 1947 2229 habet
1964 2199 2111 2230 formam.
2137 2200 2152 2215 *
2169 2199 2370 2229 Substantiae
2387 2199 2483 2238 igitur

1413 2259 1496 2290 quae
1521 2259 1587 2280 non
1613 2256 1688 2280 sunt
1699 2255 1812 2286 formae
1830 2251 1918 2290 ipsae
1947 2250 2069 2280 formae
2087 2273 2093 2280 .
2109 2273 2116 2280 .
2132 2274 2138 2280 .
2156 2250 2373 2280 subsistentes.
2395 2253 2483 2286 Igitur

1412 2301 1614 2341 Impossibile
1639 2306 1686 2330 est
1710 2301 1805 2340 igitur
1821 2300 1911 2340 quod
1936 2310 2004 2331 esse
2029 2300 2185 2330 desinant.
2211 2300 2292 2330 Sunt
2314 2301 2410 2340 igitur
2433 2301 2482 2330 in-

1411 2352 1646 2392 corruptibiles.
1671 2353 1689 2390 §
1705 2351 1832 2382 Adhuc.
1850 2352 1885 2382 In
1902 2352 1992 2381 omni
2017 2352 2237 2391 corruptione,
2253 2356 2379 2381 remoto
2396 2357 2480 2387 actu,

1411 2408 1519 2433 manet
1535 2403 1694 2442 potentia:
1722 2412 1789 2433 non
1806 2403 1893 2433 enim
1916 2407 2054 2438 corruptio
2062 2406 2101 2438 fit
2119 2402 2336 2442 corrumpitur
2360 2401 2481 2442 aliquid

1410 2455 1443 2485 in
1459 2455 1597 2485 omnino
1614 2464 1682 2485 non
1700 2464 1766 2490 enS‚
1783 2455 1866 2485 sicut
1885 2465 1945 2485 nec
1961 2460 2131 2494 generatur
2148 2453 2270 2493 aliquid
2286 2463 2324 2483 ex
2343 2453 2480 2483 omnino

1409 2515 1477 2536 non
1513 2511 1586 2536 ente
1622 2517 1669 2542 per
1701 2515 1828 2535 naturam.
1863 2506 1896 2536 In
1937 2506 2120 2536 substantiis
2142 2528 2148 2535 .
2164 2528 2170 2535 .
2186 2528 2192 2534 .
2218 2504 2478 2544 incorruptibilis.

1410 2557 1535 2596 §Item.
1561 2557 1594 2587 ln
1620 2557 1712 2587 omni
1736 2556 1826 2596 quod
1851 2557 2069 2596 corrumpitur
2092 2561 2222 2595 oportet
2245 2555 2335 2595 quod
2357 2555 2397 2585 sit
2421 2564 2479 2594 po-

1410 2609 1510 2639 tentia
1525 2610 1541 2625 ³*
1565 2608 1606 2638 ad
1634 2618 1702 2638 non
1734 2617 1813 2638 esse.
1843 2607 1876 2638 Si
1901 2607 1979 2647 quid
1997 2608 2166 2647 ...ipsius
2197 2616 2275 2637 esse.
2307 2606 2479 2645 Proprium

1411 2666 1520 2691 autem
1545 2660 1765 2700 susceptivum
1789 2660 1925 2690 alicuius
1948 2665 2037 2690 actus
2057 2666 2096 2688 est
2115 2663 2153 2687 ita
2168 2670 2189 2694 p
2208 2659 2251 2688 ita
2275 2663 2479 2697 comparatur

1410 2717 1446 2742 ut
1470 2711 1615 2752 potentia
1639 2711 1679 2741 ad
1701 2716 1809 2741 actum
1825 2711 1916 2741 illum
1942 2709 2032 2750 quod
2056 2710 2147 2741 nullo
2166 2709 2267 2740 modo
2292 2714 2340 2739 est
2361 2709 2395 2738 in
2419 2718 2479 2748 po-

1409 2763 1508 2793 tentia
1525 2761 1565 2792 ad
1582 2762 1783 2802 oppositum,
1800 2762 1884 2791 sicut
1899 2762 1980 2801 ignis
1997 2762 2038 2791 ita
2054 2766 2257 2800 comparatur
2276 2759 2315 2789 ad
2339 2759 2479 2790 calorem

1409 2820 1445 2844 ut
1468 2813 1613 2853 potentia
1640 2812 1681 2843 ad
1703 2818 1812 2842 actum
1839 2811 1931 2852 quod
1954 2812 2044 2842 nullo
2076 2811 2176 2841 modo
2201 2817 2248 2841 est
2277 2811 2311 2840 in
2334 2811 2479 2850 potentia

1409 2865 1449 2896 ad
1482 2864 1589 2905 frigus.
1623 2864 1717 2896 Unde
1746 2874 1806 2894 nec
1830 2865 1862 2894 in
1894 2865 1970 2904 ipsis
2003 2863 2185 2894 substantiis
2218 2861 2479 2901 corruptibilibus

1409 2922 1456 2946 est
1472 2917 1618 2956 potentia
1635 2915 1675 2946 ad
1690 2925 1757 2945 non
1776 2924 1844 2945 esse
1861 2915 1893 2945 in
1917 2915 1986 2955 ipsa
2010 2914 2185 2944 substantia
2205 2912 2366 2952 completa
2384 2916 2432 2941 sed
2450 2916 2477 2940 in

1408 2972 1464 2997 eius
1482 2968 1543 2998 nisi
1559 2967 1684 2997 ratione
1704 2967 1864 2996 materiae.
1890 2966 1925 2996 In
1942 2966 2125 2996 substantiis
2143 2988 2149 2995 .
2164 2988 2170 2994 .
2186 2988 2192 2995 .
2209 2963 2476 3003 incorruptibiles.

1407 3021 1425 3058 §
1441 3018 1618 3048 Praeterea.
1651 3017 1686 3047 ln
1717 3017 1980 3057 quibuscumque
1999 3039 2027 3046 ..
2043 3039 2049 3046 .
2066 3014 2334 3054 incorruptibileS.
2359 3015 2377 3052 §
2399 3013 2478 3043 Am-

1407 3070 1502 3110 plius.
1517 3069 1624 3099 Omne
1638 3067 1729 3108 quod
1742 3068 1960 3107 corrumpitur
1973 3090 1980 3096 .
1995 3090 2001 3096 .
2017 3089 2023 3096 .
2039 3066 2210 3096 contrario.
2228 3066 2244 3081 ⁴*
2259 3065 2366 3104 Agens
2380 3064 2476 3099 enirn,

1408 3131 1484 3152 cum
1508 3126 1580 3160 agat
1609 3119 1791 3150 secundum
1815 3118 1905 3158 quod
1936 3123 1983 3148 est
2007 3127 2062 3148 ens
2091 3123 2175 3153 actu,
2199 3125 2327 3156 semper
2350 3114 2476 3155 agendo

1407 3177 1503 3202 inducit
1524 3170 1639 3211 (ducit)
1654 3170 1693 3200 ad
1706 3169 1839 3209 aliquod
1856 3179 1924 3199 esse
1941 3178 2009 3199 esse
2022 3170 2038 3185 ᾗ
2051 3174 2135 3198 actu.
2153 3167 2246 3198 Unde
2259 3167 2284 3196 si
2297 3176 2354 3206 per
2365 3167 2476 3196 huius-

1407 3223 1498 3254 modi
1523 3232 1591 3252 esse
1616 3227 1690 3252 actu
1714 3220 1836 3260 aliquid
1866 3225 2092 3259 corrumpatur
2120 3218 2269 3248 desinens
2299 3226 2367 3247 esse
2391 3222 2475 3252 actu,

1407 3278 1538 3314 oportet
1562 3271 1653 3312 quod
1682 3271 1746 3301 hoc
1774 3271 1940 3309 contingat
1964 3279 2021 3309 per
2048 3269 2306 3299 contrarietatem
2325 3270 2341 3294 h
2361 3275 2475 3297 eorum

1408 3325 1447 3356 ad
1471 3325 1622 3359 invicem,
1646 3332 1721 3352 nam
1746 3322 1903 3351 contraria
1927 3326 2002 3350 sunt
2018 3329 2101 3359 quae
2117 3324 2233 3349 mutuo
2251 3327 2284 3348 se
2301 3317 2474 3357 expellunt.

1406 3377 1448 3407 Et
1463 3380 1596 3416 propter
1615 3374 1678 3404 hoc
1700 3376 1786 3401 videm
1807 3376 1936 3411 oportet
1952 3379 2050 3400 omne
2068 3369 2156 3409 quod
2177 3368 2394 3407 corrumpitur
2418 3376 2476 3406 per

1406 3438 1440 3459 se
1464 3427 1513 3457 vel
1534 3438 1588 3456 esse
1607 3426 1724 3455 habere
1750 3423 1946 3454 contrarium
1967 3421 2017 3451 vel
2042 3430 2109 3451 esse
2134 3430 2171 3450 ex
2196 3419 2361 3449 contrariis
2386 3427 2475 3448 com-

1406 3481 1560 3520 positum.
1591 3477 1819 3507 Neutrum...
1838 3474 2012 3514 expellunt.
2039 3473 2142 3502 lmmo
2174 3471 2274 3510 magis
2303 3479 2336 3499 se
2361 3478 2474 3499 conse-

1407 3535 1560 3571 quuntur,
1590 3533 1661 3565 quia,
1685 3530 1858 3563 intelligendo
1882 3529 1951 3554 enim
1978 3535 2059 3552 unum
2084 3533 2175 3551 eorum
2195 3531 2252 3561 per
2274 3520 2473 3550 intellectum

1406 3583 1493 3613 enim
1510 3581 1607 3612 unius
1624 3588 1739 3610 eorum
1754 3576 1942 3616 intelligitur
1961 3573 2058 3605 aliud.
2081 3572 2281 3604 Substantiae
2299 3595 2306 3601 .
2321 3594 2327 3601 .
2343 3594 2350 3601 .
2368 3571 2475 3601 incor-

1405 3631 1582 3672 ruptibiles.
1599 3632 1617 3669 ἓ
1632 3629 1759 3660 Adhuc.
1777 3627 1954 3667 Corruptio
1970 3650 1976 3655 .
1992 3649 1998 3655 .
2013 3649 2020 3655 .
2035 3625 2218 3664 probatum.
2235 3622 2329 3653 Unde
2345 3626 2475 3661 oportet

1405 3683 1496 3724 quod
1520 3691 1618 3712 omne
1643 3680 1732 3721 quod
1749 3678 1967 3718 corrumpitur
1985 3680 2021 3705 sit
2038 3685 2143 3711 corpus,
2157 3678 2180 3702 si
2198 3684 2325 3708 corrump
2343 3681 2474 3703 movea-

1405 3741 1466 3764 tur.
1491 3733 1688 3763 Ostensum.
1704 3753 1711 3760 .
1726 3754 1733 3760 .
1751 3728 1988 3770 dependentem
2013 3727 2038 3756 si
2063 3729 2288 3764 corrumpatur
2311 3733 2368 3763 per
2391 3723 2474 3752 acci-

1405 3785 1494 3815 dens.
1522 3786 1679 3812 Substantia
1697 3780 1898 3812 Substantiae
1923 3783 2031 3808 autem
2054 3774 2285 3806 intellectuales
2309 3783 2377 3804 non
2401 3778 2474 3802 sunt

1405 3844 1542 3875 corpora
1565 3842 1673 3872 neque
1696 3832 1828 3861 virtutes
1852 3839 1908 3860 seu
1925 3828 2048 3859 formae
2072 3831 2098 3855 in
2117 3837 2227 3863 corpore
2253 3834 2278 3854 et
2298 3835 2314 3855 a
2338 3832 2472 3863 corpore

1405 3885 1634 3926 dependentes.
1652 3883 1738 3923 Ergo
1756 3906 1762 3913 .
1779 3905 1805 3912 ..
1823 3879 2091 3920 incorruptibiles.
2116 3880 2133 3917 ᾖ
2150 3878 2239 3908 Item.
2261 3876 2367 3907 Omne
2384 3873 2474 3914 quod

1405 3937 1623 3976 corrumpitur
1706 3932 1870 3974 quoddam
1902 3938 1958 3962 est.
1990 3930 2090 3968 Quod
2120 3935 2228 3960 autem
2259 3927 2410 3966 recipitur
2439 3925 2471 3954 in

1405 3987 1580 4019 substantia
1611 3984 1820 4016 intellectuali
1846 3987 1966 4020 recipitur
1997 3981 2138 4023 (oportet
2167 3978 2257 4019 quod
2286 3975 2471 4016 recipiatur)

1868 4033 1989 4063 scilicet
2005 4029 2253 4070 intelligibiliter.
2279 4025 2379 4064 Quod
2395 4034 2471 4055 vero

2296 4087 2328 4111 83

2524 272 2576 292 .52v
2593 267 2605 288 b
2622 273 2641 289 2.

2525 426 2533 433 ·
2549 424 2609 446 casu
2624 431 2671 447 om.
2688 427 2718 447 et.

2514 1802 2542 1821 ⁴²
2555 1803 2568 1816 v
2584 1797 2597 1818 b
2607 1797 2727 1827 3⁶-p.393.

2509 2209 2558 2230 43r
2574 2209 2614 2230 a3.

2507 2609 2516 2618 '
2532 2608 2594 2630 Post.
2612 2610 2719 2636 potentia

2507 2634 2647 2657 abraduntur
2655 2641 2721 2663 quae

2507 2661 2559 2691 dam
2571 2662 2666 2688 litterae,
2676 2662 2721 2684 for-

2507 2691 2565 2709 sitan
2581 2688 2615 2709 ad
2623 2694 2677 2710 erre
2686 2691 2716 2710 et.

2504 3072 2613 3099 43rbt.

2505 3173 2513 3182 ·
2529 3172 2589 3193 Casu
2607 3172 2717 3199 repetitur

2504 3204 2564 3220 esse.
