2742 4152
0 439 4 459 j
45 460 56 470 ”
68 458 194 487 s.·rh.1.5;
205 459 260 481 Did.

0 922 3 931 -
0 847 3 874 ,ψ
0 830 2 838 r
0 513 7 822 W--ss

16 1583 18 1586 .
38 1554 194 1579 “X-Coun.
201 1561 253 1583 αι,

24 1581 101 1633 ’μὰ
115 1608 146 1632 de
155 1608 217 1637 Ver..
228 1614 253 1638 q.

38 1641 138 1664 amu.

0 3924 8 4152 wr-v——vv
0 3906 5 3911 -
0 3862 6 3890 -ω

45 485 86 513 m,
96 491 132 513 ιιι,
141 493 166 513 4.

897 271 1088 309 SUMMA
1117 273 1340 313 CONTRA
1368 277 1642 327 GENTILES,
1674 282 1785 319 CAP.
1806 284 1884 320 XII.

288 348 502 387 substantia
525 361 644 398 supra
667 348 922 386 substantiam
942 350 1175 395 sensibilem,
1197 364 1278 389 non
1297 354 1367 391 erit

289 402 419 452 aliqua
452 402 611 440 scientia
638 412 757 452 supra
789 403 1032 450 Naturalem,
1070 411 1114 441 ut
1151 405 1290 442 dicitur
1324 407 1365 443 in

288 457 340 494 IV
349 457 520 505 Metaph.
529 455 550 477 *
564 478 590 483 -
604 456 714 505 Tum
729 468 776 493 ex
794 455 1126 506 philosophorum
1140 458 1281 505 studio,
1297 460 1366 508 qui

287 510 420 547 Deum
434 521 518 546 esse
532 509 800 551 demonstrare
819 509 947 546 conati
967 517 1067 547 sunt.
1084 532 1110 537 -
1124 511 1233 548 Tum
1248 511 1364 549 etiam

287 562 513 612 Apostolica
530 562 689 606 veritate
713 570 920 609 asserente,
939 564 1052 600 Rom.
1070 567 1132 600 1²⁰:
1159 566 1364 602 Invisibilia

286 617 361 653 Dei
372 627 446 664 per
463 628 509 653 ea
528 628 603 666 qua
616 617 729 663 facta
754 621 839 652 sunt
866 616 1049 654 intellecta
1073 619 1362 667 conspiciuntur.

331 669 427 706 ··Nec
444 669 522 705 hoc
541 668 656 706 debet
674 680 848 715 movere,
870 669 979 719 quod
998 669 1039 707 in
1067 671 1153 708 Deo
1182 670 1289 708 idem
1308 679 1365 708 est

286 721 452 774 essentia
470 728 508 758 et
526 733 622 769 esse,
642 729 686 759 ut
703 721 832 772 prima
850 722 947 760 ratio
974 723 1232 773 proponebat.
1257 725 1362 762 Nam

285 775 363 813 hoc
390 774 610 823 intelligitur
627 774 678 813 de
705 787 790 812 esse
809 788 890 825 quo
919 777 1028 814 Deus
1047 776 1089 814 in
1115 776 1244 826 seipso
1273 777 1363 815 sub-

284 827 391 875 sistit,
411 828 521 878 quod
539 828 654 874 nobis
673 830 788 878 quale
808 829 854 866 sit
873 829 1051 878 ignotum
1069 838 1138 877 est,
1159 830 1257 867 sicut
1281 830 1364 868 eius

285 881 461 919 essentia.
491 882 586 919 Non
605 889 738 919 autem
758 881 978 931 intelligitur
998 883 1048 920 de
1076 895 1160 920 esse
1189 884 1299 933 quod
1318 883 1363 921 si-

283 934 441 986 gnificat
463 934 792 985 compositionem
815 934 1039 974 intellectus.
1071 936 1135 974 Sic
1153 936 1260 974 enim
1279 949 1363 974 esse

283 987 416 1026 Deum
435 987 509 1026 sub
528 988 860 1027 demonstratione
879 988 991 1038 cadit,
1013 989 1108 1027 dum
1137 1001 1185 1027 ex
1207 989 1363 1028 rationi-

283 1041 358 1080 bus
377 1041 691 1080 demonstrativis
709 1053 822 1080 mens
850 1050 983 1080 nostra
1007 1042 1205 1080 inducitur
1228 1043 1363 1082 huius÷

282 1095 394 1133 modi
420 1095 731 1145 propositionem
759 1095 809 1133 de
832 1095 919 1133 Deo
946 1096 1115 1134 formare
1135 1109 1215 1146 qua
1238 1097 1363 1147 expri-

282 1156 365 1186 mat
391 1150 525 1186 Deum
552 1161 648 1186 esse.
863 1165 867 1168 ·

335 1262 353 1288 b
365 1268 376 1288 ι
400 1261 506 1297 quibus]
527 1262 554 1288 in
572 1262 669 1302 quibus
688 1263 733 1288 Pe.

317 1341 339 1348 ‚-

2439 301 2488 338 29

1475 359 1516 394 In
1531 359 1743 396 rationibus
1757 369 1888 399 autem
1903 363 2045 412 quibus
2061 365 2348 404 demonstratur
2358 369 2488 405 Deum

1421 421 1515 456 esse,
1551 422 1630 448 non
1667 421 1819 461 oportet
1855 416 2000 453 assumi
2036 430 2108 466 pro
2145 420 2276 457 medio
2314 420 2488 458 divinam

1421 463 1627 500 essentiam
1646 464 1726 502 sive
1746 467 2009 515 quidditatem‚
2031 478 2072 507 ut
2091 473 2261 510 secunda
2279 473 2375 510 ratio
2397 486 2487 524 pro-

1419 515 1608 562 ponebat:
1630 517 1698 554 sed
1717 519 1803 556 loco
1823 520 2044 568 quidditatis
2063 524 2246 572 accipitur
2264 538 2336 575 pro
2355 527 2486 565 medio

1387 576 1397 597 ς
1420 567 1592 613 effectus,
1613 569 1710 606 sicut
1733 571 1869 608 accidit
1894 572 1934 609 in
1962 574 2352 616 demonstrationibus
2381 583 2487 629 quia‚·

1420 627 1527 678 etex
1553 621 1781 660 huiusmodi
1805 625 1944 662 effectu
1964 627 2130 664 sumitur
2152 630 2246 668 ratio
2275 632 2390 669 huius
2419 645 2486 670 no-

1419 672 1535 709 minis
1563 675 1675 711 Deus.
1706 676 1811 713 Nam
1839 678 1972 715 omnia
2009 679 2139 717 divina
2176 683 2335 721 nomina
2362 684 2485 735 impo-

1419 733 1566 784 nuntur
1592 728 1656 764 vel
1692 740 1738 765 ex
1771 730 1986 768 remotione
2019 733 2230 772 effectuum
2264 736 2486 776 divinorum

1419 777 1468 815 ab
1497 790 1595 828 1pso‚
1625 781 1687 817 vel
1715 793 1762 818 ex
1799 782 1928 832 aliqua
1964 785 2189 824 habitudine
2218 788 2291 825 Dei
2319 790 2367 826 ad
2395 803 2486 828 suos

1379 843 1406 858 ¹⁰
1419 831 1591 869 effectus

1473 885 1580 944 Patet
1607 885 1723 923 etiam
1752 899 1799 924 ex
1825 889 1902 926 hoc
1924 891 2044 939 quod,
2065 891 2134 928 etsi
2162 893 2269 930 Deus
2297 894 2488 932 sensibilia

1419 949 1554 975 omma
1581 946 1618 975 et
1646 951 1805 978 sensum
1839 943 2009 989 excedat,
2039 943 2122 981 eius
2153 953 2284 983 tamen
2317 947 2486 993 effectus,

1418 1001 1466 1027 ex
1494 991 1637 1040 quibus
1664 993 1942 1033 demonstratio
1970 996 2137 1034 sumitur
2164 999 2212 1036 ad
2240 999 2488 1048 probandum

1419 1045 1551 1081 Deum
1577 1057 1672 1092 esse,
1693 1047 1890 1086 sensibiles
1909 1058 2009 1087 sunt.
2040 1051 2089 1088 Et
2117 1050 2170 1089 sic
2188 1060 2341 1090 nostrae
2360 1053 2488 1102 cogni-

1378 1115 1402 1135 ις
1417 1096 1533 1134 tionis
1550 1097 1660 1146 origo
1681 1098 1720 1136 in
1749 1112 1864 1138 sensu
1888 1110 1944 1139 est
1970 1103 2086 1141 etiam
2114 1105 2162 1142 de
2191 1105 2251 1142 his
2279 1118 2380 1155 quae
2403 1119 2487 1144 sen-

1418 1162 1508 1188 sum
1536 1152 1737 1189 excedunt.

1046 1368 1387 1402 Commenta-ia
1416 1370 1728 1404 Fert-ariensis

331 1475 451 1498 xausa
478 1465 584 1506 prima
613 1475 711 1497 causa
735 1471 870 1507 propter
900 1475 1000 1507 quam
1032 1467 1133 1508 aliqui
1164 1472 1361 1508 putaverunt

284 1477 455 1541 Evanum
477 1519 547 1542 esse
561 1510 725 1552 inquirere
748 1520 790 1542 an
813 1510 903 1542 Deus
922 1512 972 1548 sit,
988 1521 1079 1543 nunc
1101 1511 1279 1543 secundam
1306 1521 1360 1543 ex-

280 1554 383 1587 cludit
405 1554 543 1587 Sanetus
566 1554 713 1586 Thomas
730 1556 758 1592 ⁴,
783 1564 868 1596 quae
890 1556 1014 1596 primae
1037 1555 1164 1588 videtur
1190 1556 1360 1588 adversaii.

337 1598 361 1630 1.
385 1599 532 1631 Fuerunt
554 1600 643 1630 enim
659 1599 804 1641 quidam,
819 1605 857 1632 ut
871 1600 975 1631 Rabbi
992 1600 1123 1643 Moyses
1138 1606 1244 1632 narrat
1255 1602 1282 1638 “,
1303 1602 1361 1642 qui

280 1643 431 1676 dixerunt
445 1643 537 1685 quod
551 1644 661 1676 Deum
676 1653 746 1676 esse
765 1654 875 1686 neque
898 1654 957 1686 per
979 1654 1014 1676 se
1037 1651 1155 1677 notum
1178 1651 1236 1682 est,
1251 1655 1361 1687 neque

280 1688 495 1721 demonstrari
517 1694 635 1730 potest,
660 1689 717 1720 sed
731 1695 859 1721 tantum
882 1689 947 1721 fide
965 1695 1110 1727 tenetur;
1135 1690 1175 1721 ad
1198 1691 1263 1722 hoc
1278 1691 1361 1722 moti

279 1738 414 1775 propter
435 1733 634 1766 debilitatem
663 1734 829 1766 rationum
858 1744 940 1776 quas
962 1735 1061 1776 aliqui
1085 1735 1127 1766 ad
1153 1735 1360 1776 probandum

279 1778 391 1811 Deum
412 1787 483 1810 esse
505 1778 713 1811 inducebant.

335 1823 420 1856 Sunt
434 1829 546 1856 autem
559 1828 624 1856 tres
640 1824 701 1865 (ι).
724 1823 841 1855 Prima.
866 1823 946 1854 Esse
961 1823 996 1854 in
1012 1823 1084 1855 Deo
1101 1829 1149 1855 est
1163 1823 1252 1856 idem
1269 1824 1360 1866 quod

279 1868 427 1900 mentia.
450 1868 528 1900 Non
547 1874 657 1909 potest
671 1874 782 1900 autem
797 1869 849 1899 via
863 1868 997 1899 rationis
1012 1869 1172 1909 perveniri
1187 1868 1228 1900 ad
1248 1870 1360 1910 cogni-

278 1913 405 1950 tionem
428 1913 507 1955 quid
529 1918 578 1944 est
599 1914 671 1944 Dei.
695 1913 784 1954 Ergo
799 1922 862 1944 nec
877 1912 918 1944 ad
938 1913 1162 1954 cogniu‘onem
1177 1923 1220 1944 an
1242 1919 1299 1944 est.

334 1956 495 1989 Secunda.
526 1957 728 1999 Principium
751 1957 792 1989 ad
815 1957 1105 1989 demonstrandum
1128 1967 1171 1988 an
1196 1963 1252 1994 est,
1276 1958 1358 1989 ratio

278 2003 422 2034 nominis
445 2008 503 2034 est.
528 2002 619 2034 Haec
642 2008 752 2034 autem
774 2008 823 2034 est
848 2001 1006 2039 definitio,
1031 2002 1212 2034 secundum
1235 2003 1359 2034 Aristo‘

280 2046 389 2084 telem,
421 2047 464 2078 IV
488 2048 674 2089 Metaphys.
702 2047 798 2086 Quae
829 2046 870 2078 de
896 2047 969 2078 Deo
1000 2047 1111 2078 haberi
1141 2056 1210 2078 non
1240 2052 1357 2088 potest.

279 2091 368 2132 Ergo
392 2097 453 2123 etc.

336 2135 447 2167 Tertia
470 2141 527 2167 est.
551 2136 599 2167 Ea
615 2146 700 2177 quae
715 2145 847 2167 sensum
864 2141 896 2167 et
911 2136 1073 2167 sensibilia
1096 2135 1267 2172 excedunt,
1284 2141 1359 2167 sunt

278 2179 594 2212 indemonstrabilia:
629 2181 706 2222 quia
728 2180 887 2222 principia
913 2179 1198 2211 demonstrationis
1221 2190 1239 2211 a
1261 2190 1358 2211 sensu

279 2225 439 2266 originem
449 2231 593 2257 sumunt.
606 2225 807 2257 Huiusmodi
815 2230 924 2256 autem
937 2231 984 2256 est
996 2225 1104 2257 Deum
1113 2235 1192 2256 esse.
1201 2225 1287 2266 Ergo
1296 2230 1356 2256 etc.

335 2270 374 2301 11.
397 2270 462 2302 Sed
484 2271 569 2301 hanc
592 2271 785 2311 opinionem
809 2269 1062 2311 quadrupliciter
1082 2269 1198 2301 refellit
1221 2269 1358 2301 Sanctus

278 2314 435 2346 Thomas.
458 2315 581 2351 Prt'mo,
606 2325 646 2346 ex
669 2321 736 2346 arte
762 2314 1016 2352 demonstrandi,
1040 2324 1105 2355 qua
1134 2314 1292 2346 docemur
1319 2324 1358 2345 ex

279 2358 447 2391 effectibus
475 2369 587 2391 causas
619 2358 826 2391 concludere.
852 2359 902 2390 Ex
932 2368 973 2390 eo
1003 2360 1092 2390 enim
1122 2359 1213 2399 quod
1235 2358 1359 2400 aliquid

277 2404 313 2435 in
335 2405 431 2436 rebus
454 2403 607 2436 effectum
631 2414 700 2435 esse
723 2403 882 2440 videmus,
905 2413 1080 2445 possumus
1104 2403 1356 2435 demonstrando

278 2448 485 2485 concludere,
509 2454 546 2480 ut
569 2449 758 2480 Aristoteles
773 2454 1025 2489 argumentatur,
1044 2454 1196 2490 oportere
1219 2449 1358 2489 primam

243 2515 250 2527 .
278 2502 409 2525 causam
432 2503 512 2529 esse,
536 2503 636 2534 quam
659 2493 768 2524 Deum
791 2493 930 2524 dicimus
940 2494 968 2524 ⁹.

335 2547 366 2568 2.
378 2538 539 2574 Secundo,
553 2548 592 2569 ex
604 2537 718 2569 ordine
733 2538 951 2569 scientiarum.
969 2538 1003 2570 Si
1015 2538 1104 2569 enim
1114 2547 1184 2568 non
1198 2538 1238 2568 sit
1250 2538 1358 2579 aliqua

277 2582 397 2614 scibilis
423 2583 600 2614 substantia
631 2592 728 2623 supra
749 2583 960 2613 substantiam
986 2582 1181 2618 sensibilem,
1207 2592 1276 2613 non
1299 2583 1359 2613 erit

278 2627 387 2668 aliqua
408 2627 542 2658 scientia
563 2637 661 2668 supra
683 2627 861 2658 scientiam*
874 2627 1063 2658 naturalem.
1089 2626 1226 2658 Constat
1248 2633 1358 2658 autem

279 2681 348 2704 esse
364 2670 506 2703 divinam
522 2672 690 2703 scientiam
705 2681 802 2712 supra
817 2672 985 2702 scientiam
1001 2671 1191 2702 naturalem.
1217 2670 1358 2712 Oportet

278 2725 356 2757 ergo
371 2725 441 2748 esse
457 2715 599 2757 aliquam
622 2716 834 2747 substantiam
856 2716 1003 2747 scibilem
1026 2725 1123 2757 supra
1146 2716 1356 2747 substantiam

277 2760 473 2792 sensibilem.

284 2838 287 2841 ,
333 2804 399 2836 Sed
412 2804 540 2836 videtur
554 2805 634 2836 haec
648 2805 730 2835 ratio
743 2804 892 2842 deficere,
905 2810 1039 2845 propter
1050 2804 1128 2836 duo.
1145 2804 1254 2835 Primo
1267 2805 1354 2846 quia,

277 2849 354 2881 dato
384 2848 476 2890 quod
508 2855 591 2880 esset
620 2849 797 2880 substantia
819 2849 937 2880 scibilis
960 2859 1058 2890 supra
1086 2849 1262 2885 sensibiles,
1286 2859 1355 2880 non

277 2899 387 2925 tamen
402 2894 549 2935 sequitur
565 2893 656 2934 quod
670 2894 776 2934 ipsam
792 2903 861 2925 esse
876 2894 979 2934 possit
994 2893 1217 2925 demonstrari.
1242 2893 1355 2925 Posset

277 2938 366 2969 enim
389 2938 533 2979 supponi
556 2938 659 2978 ipsam
683 2944 762 2974 esse,
787 2943 818 2969 et
845 2938 906 2969 alia
931 2938 1114 2979 praedicata
1137 2937 1176 2968 de
1200 2939 1270 2979 ipsa
1294 2948 1353 2979 per

278 2981 590 3013 demonstrationem
613 2982 697 3012 sciri.

334 3026 497 3062 Secundo,
510 3027 588 3066 quia
602 3026 644 3057 ad
666 3027 731 3057 hoc
747 3025 838 3067 quod
853 3026 962 3066 aliqua
984 3027 1117 3057 scientia
1140 3036 1237 3067 supra
1259 3032 1354 3058 natu-

277 3071 378 3102 ralem
401 3071 450 3107 sit,
475 3070 594 3101 sufficit
616 3070 759 3111 aliquam
780 3071 992 3102 substantiam
1014 3071 1258 3102 immaterialem
1273 3081 1353 3108 esse,

277 3115 318 3147 de
341 3125 407 3157 qua
429 3115 563 3146 scientia
585 3125 655 3146 esse
677 3115 796 3156 possit:
819 3125 888 3146 non
919 3120 1029 3146 autem
1052 3121 1183 3156 oportet
1205 3121 1242 3146 ut
1264 3116 1354 3147 Deus

277 3160 327 3196 sit,
352 3169 488 3200 esseque
512 3158 552 3190 de
575 3159 648 3190 Deo
671 3169 730 3200 per
753 3159 1063 3190 demonstrationem
1087 3160 1214 3191 sciatur.

332 3203 385 3235 Ad
407 3204 551 3245 primum
573 3204 692 3235 horum
708 3203 825 3235 dicitur
845 3203 945 3244 quod,
963 3213 1040 3234 cum
1063 3203 1103 3235 de
1126 3205 1273 3235 subiecto
1297 3204 1354 3235 ali-

277 3249 370 3280 cuius
385 3249 538 3279 scientiae
552 3248 738 3279 naturaliter
752 3249 902 3279 inventae
917 3249 1113 3289 supponitur
1129 3258 1207 3286 esse,
1225 3254 1355 3290 oportet

276 3291 358 3324 illud
388 3298 444 3324 aut
473 3302 531 3334 per
559 3302 692 3324 sensum
721 3294 890 3333 cognitum
919 3302 1010 3329 esse;
1043 3298 1099 3324 aut
1129 3302 1198 3324 esse
1227 3303 1286 3334 per
1319 3303 1354 3325 se

277 3342 394 3368 notum
417 3347 456 3368 ex
471 3338 633 3374 terminis;
657 3343 713 3368 aut
729 3347 799 3368 esse
821 3336 1078 3368 demonstratum
1100 3338 1134 3368 in
1156 3338 1226 3378 ipsa
1249 3343 1305 3369 aut
1319 3339 1354 3369 in

277 3382 338 3412 alia
361 3382 504 3413 scientia.
529 3381 617 3413 Cum
641 3391 718 3422 ergo
749 3382 874 3418 Deum,
899 3381 939 3413 de
971 3391 1039 3422 quo
1069 3382 1104 3412 in
1132 3382 1354 3423 metaphysica

277 3431 440 3463 tractatur,
457 3435 526 3458 esse
541 3436 610 3457 non
626 3427 666 3457 sit
682 3436 720 3457 ex
736 3436 833 3457 sensu
855 3431 992 3463 notum3
1011 3435 1120 3467 neque
1136 3436 1175 3457 ex
1198 3427 1352 3463 terminis,

332 3513 372 3547 (ι)
392 3513 464 3539 Sunt
481 3517 573 3539 autem
592 3517 656 3539 tres.
674 3528 694 3533 -
711 3515 752 3539 An
771 3514 869 3547 aliquid
888 3514 1009 3539 exciderit
1027 3521 1058 3539 ex
1071 3514 1154 3538 littera
1166 3513 1354 3540 Fen-ariensis?

278 3548 319 3575 ef.
337 3549 383 3574 inf.
401 3557 427 3575 n.
441 3556 478 3580 m,
498 3550 542 3575 Ad
560 3550 683 3582 primam
705 3553 796 3575 autem
823 3550 958 3575 rationem
983 3550 1010 3575 in
1036 3549 1198 3581 oppositum.
1217 3550 1296 3575 Certo
1313 3558 1354 3576 ra-

278 3584 363 3610 tiones
387 3592 455 3617 quae
479 3590 628 3618 sequuntur
653 3592 706 3610 non
724 3585 793 3610 'sunt
818 3593 848 3610 ex
873 3585 905 3610 iis
925 3595 938 3608 «
956 3593 1022 3618 quas
1041 3585 1120 3618 aliqui
1139 3585 1172 3610 ad
1190 3585 1354 3617 probandum

279 3619 365 3645 Deum
383 3627 443 3645 esse
462 3620 618 3645 inducebant
632 3628 656 3644 »ι
675 3621 723 3645 sed
741 3621 774 3645 ad
792 3621 972 3646 fulcimentum
998 3622 1127 3654 pertinent
1149 3621 1244 3646 errotis
1266 3621 1353 3646 dicen—

278 3654 345 3680 tium
366 3655 452 3680 Deum
471 3663 532 3681 esse
550 3656 723 3681 demonstrari
741 3663 795 3681 non
814 3664 902 3689 posse.

1414 1472 1450 1498 ut
1472 1467 1635 1508 praedicta
1651 1468 1765 1508 opinio
1778 1469 1795 1485 ⁴*
1809 1473 1912 1500 tenet:
1938 1468 1978 1499 de
1994 1470 2181 1500 necessitate
2205 1478 2333 1512 oportet
2355 1479 2391 1505 ut
2406 1475 2486 1507 illud

1413 1512 1454 1543 sit
1465 1511 1732 1544 demonstratum.
1749 1513 1825 1544 Non
1840 1518 1948 1554 potest
1964 1523 2040 1554 ergo
2055 1515 2293 1556 metaphysicus
2312 1519 2486 1559 quicquam

1414 1556 1454 1588 de
1478 1557 1550 1588 Deo
1575 1556 1794 1589 demonstrare
1811 1567 1850 1589 ex
1873 1558 2098 1599 suppositione
2113 1560 2203 1601 quod
2218 1561 2268 1597 sit,
2284 1563 2344 1593 nisi
2360 1569 2414 1594 aut
2429 1574 2486 1605 per

1413 1602 1523 1643 ipsum
1545 1607 1602 1632 aut
1623 1611 1682 1643 per
1704 1602 1804 1633 alium
1827 1602 2075 1634 demonstretur.

1469 1645 1522 1677 Ad
1536 1646 1718 1677 secundum
1733 1652 1841 1687 potest
1856 1647 2027 1688 dupliciter
2042 1647 2239 1689 responderi.
2262 1649 2370 1681 Primo
2386 1651 2485 1692 quod,

1413 1691 1439 1721 si
1461 1700 1531 1722 non
1555 1695 1638 1722 esset
1667 1691 1728 1722 alia
1750 1692 1927 1723 substantia
1949 1693 2068 1723 scibilis
2095 1698 2221 1733 praeter
2242 1693 2311 1724 illas
2341 1695 2486 1727 immate-

1412 1735 1506 1766 riales
1529 1744 1610 1776 quas
1630 1736 1819 1776 philosophi
1838 1737 2111 1777 investigaverunt
2130 1740 2254 1770 ratione
2269 1741 2404 1771 naturali
2419 1751 2487 1772 esse

1413 1789 1590 1821 corporum
1614 1780 1801 1811 caelestium
1824 1782 1986 1818 motrices,
2010 1791 2080 1813 non
2103 1789 2187 1814 esset
2209 1785 2341 1815 scientia
2366 1785 2485 1816 divina:

1413 1825 1490 1866 quia
1500 1824 1628 1856 illarum
1644 1824 1860 1857 consideratio
1876 1825 1917 1857 ad
1931 1826 2112 1858 naturalem
2126 1828 2310 1869 pertineret,
2330 1829 2370 1860 ad
2389 1839 2486 1871 quem

1412 1869 1552 1911 pertinet
1567 1869 1771 1901 considerare
1787 1875 1819 1901 et
1834 1871 1939 1912 seipsa
1953 1872 2118 1902 moventia
2134 1877 2167 1903 et
2183 1882 2297 1904 eorum
2312 1879 2426 1915 partes.

1469 1913 1633 1950 Secundo,
1658 1914 1748 1955 quod
1771 1915 1909 1946 intendit
1931 1915 2067 1946 Sanctus
2083 1916 2229 1948 Thomas
2245 1918 2286 1949 ad
2300 1919 2487 1950 salvandum

1412 1958 1562 1989 ordinem
1585 1959 1791 1990 scientiarum
1823 1966 1975 2000 oportere
1997 1960 2078 2000 poni
2106 1962 2316 1994 substantiam
2343 1964 2487 1995 scibilem

1411 2012 1509 2043 supra
1523 2003 1715 2034 substantias
1738 2004 1913 2041 sensibiles,
1930 2004 2022 2041 idest,
2038 2015 2145 2046 genus
2167 2007 2422 2039 substantiarum
2438 2019 2486 2040 se-

1405 2052 1606 2088 paratarum
1629 2057 1708 2085 esse,
1726 2048 1785 2079 sub
1810 2058 1877 2090 quo
1902 2054 1933 2080 et
1957 2049 2045 2080 Deus
2070 2052 2264 2088 continetur,
2281 2052 2403 2084 utendo
2427 2063 2486 2084 no-

1411 2093 1500 2123 mine
1521 2093 1655 2134 generis
1678 2093 1712 2123 in
1735 2093 1843 2134 ampla
1865 2092 2110 2134 significatione.
2135 2095 2236 2134 Quod
2259 2106 2335 2128 cum
2351 2097 2485 2128 demon-

1411 2142 1527 2168 stratur
1543 2146 1622 2174 esse,
1639 2142 1671 2168 et
1686 2137 1794 2168 Deum
1807 2147 1875 2169 esse
1895 2138 2142 2176 demonstratur,
2159 2141 2272 2172 saltem
2287 2142 2347 2172 sub
2362 2143 2484 2173 ratione

1412 2182 1581 2213 communi
1605 2182 1800 2213 substantiae
1823 2183 2049 2214 immaterialis.

1469 2226 1498 2256 3.
1528 2227 1637 2257 Tertio
1658 2225 1813 2257 refellitur
1836 2227 1998 2268 praedicta
2019 2229 2133 2268 opinio
2155 2238 2194 2260 ex
2214 2230 2484 2271 philosophorum

1410 2269 1530 2306 studio,
1555 2271 1612 2310 qui
1636 2271 1744 2302 Deum
1768 2281 1837 2302 esse
1861 2273 1970 2303 conati
1992 2278 2068 2303 sunt
2091 2272 2320 2306 demonstrare.

1470 2314 1610 2352 Quarto,
1634 2315 1796 2356 Apostoli,
1828 2316 1873 2347 ad
1900 2317 1994 2348 Rom.
2018 2327 2039 2352 1,
2071 2319 2270 2355 auctoritate,
2294 2320 2482 2360 inquientis:

1410 2359 1593 2390 Invisibilia
1617 2360 1682 2391 Dei
1702 2369 1766 2401 per
1788 2370 1828 2391 ea
1856 2362 2052 2403 quaefacta
2076 2368 2153 2393 sunt
2171 2363 2333 2394 intellecta
2357 2365 2482 2405 conspi-

1411 2404 1554 2435 ciuntur.

1467 2448 1520 2479 111.
1550 2447 1603 2479 Ad
1632 2449 1771 2488 primam
1800 2454 1910 2480 autem
1936 2451 2095 2482 rationem
2126 2452 2159 2482 in
2190 2453 2378 2492 oppositum
2394 2454 2411 2470 ³*
2434 2463 2482 2484 re-

1411 2492 1552 2534 spondet
1568 2492 1704 2524 Sanctus
1716 2493 1862 2524 Thomas
1874 2495 1964 2535 quod
1977 2505 2044 2526 esse
2055 2495 2226 2536 dupliciter
2244 2497 2346 2537 accipi
2361 2503 2480 2537 potest:

1411 2547 1480 2569 uno
1502 2537 1615 2574 modo,
1631 2542 1668 2568 ut
1689 2537 1847 2578 signifieat
1867 2540 2027 2571 actualem
2042 2541 2241 2571 existentiam
2265 2551 2328 2581 qua
2351 2551 2400 2572 res
2416 2543 2480 2572 exi-

1411 2583 1481 2619 stit;
1506 2582 1570 2613 alio
1599 2581 1712 2619 modo,
1737 2588 1774 2613 ut
1801 2583 1959 2623 significat
1989 2585 2261 2625 compositionem
2290 2586 2478 2616 intellectus.

1411 2626 1446 2658 Si
1467 2628 1575 2667 primo
1599 2626 1701 2657 modo
1725 2627 1909 2668 accipiatur,
1934 2629 1979 2659 sic
2002 2639 2115 2660 verum
2139 2635 2186 2660 est
2209 2629 2299 2669 quod
2321 2630 2409 2660 Deus
2433 2636 2480 2661 est

1410 2681 1508 2702 suum
1532 2680 1615 2702 esse:
1639 2670 1696 2702 sed
1719 2671 1783 2702 hoc
1804 2673 1899 2712 quale
1919 2673 1959 2703 sit
1982 2679 2029 2704 est
2051 2674 2145 2704 nobis
2168 2674 2326 2713 ignotum,
2343 2675 2425 2704 sicut
2448 2680 2479 2705 et

1411 2717 1480 2747 eius
1502 2716 1649 2747 essentia.
1669 2715 1702 2746 Si
1722 2722 1831 2747 autem
1849 2717 1993 2748 secundo
2017 2717 2118 2748 modo
2142 2718 2324 2758 accipiatur,
2342 2719 2387 2748 sic
2410 2727 2478 2749 esse

1410 2761 1518 2791 Deum
1534 2761 1594 2791 sub
1611 2759 1886 2792 demonstratione
1903 2761 1995 2792 cadit.
2011 2780 2035 2784 -
2054 2761 2118 2793 Sed
2133 2762 2260 2801 supple:
2286 2762 2360 2792 Hoc
2375 2761 2476 2793 modo

1408 2815 1478 2836 non
1509 2805 1665 2845 accipitur
1688 2814 1756 2836 esse
1787 2805 1919 2846 quando
1947 2806 2072 2842 dicitur,
2096 2806 2135 2836 In
2160 2806 2230 2836 Deo
2255 2806 2337 2836 idem
2361 2811 2408 2836 est
2429 2816 2477 2837 es-

1408 2850 1515 2881 sentia
1537 2854 1568 2881 et
1590 2859 1669 2880 esse.

1463 2893 1516 2925 Ad
1551 2893 1745 2925 evidentiam
1779 2894 1875 2924 huius
1907 2895 2135 2935 responsionis,
2166 2893 2395 2925 advertendum
2429 2900 2476 2925 est

1408 2938 1509 2978 quod,
1527 2948 1604 2969 cum
1626 2939 1660 2969 in
1684 2939 1775 2969 omni
1797 2939 2021 2979 propositione
2045 2939 2078 2980 ly
2101 2944 2148 2969 est
2162 2938 2318 2979 significet
2341 2948 2476 2979 compo-

1407 2983 1560 3014 sitionem
1590 2983 1833 3023 propositionis,
1859 2992 1898 3014 eo
1931 2982 2020 3023 quod
2050 2984 2090 3013 sit
2117 2983 2235 3023 copula
2265 2982 2422 3023 quaedam
2445 2988 2476 3013 et

1408 3028 1597 3058 coniunctio
1612 3026 1786 3068 praedicati
1802 3037 1878 3057 cum
1899 3028 2060 3063 subiecto;
2084 3027 2257 3068 aliquando
2273 3028 2305 3057 in
2329 3028 2475 3067 proposi-

1406 3073 1506 3109 tione,
1522 3077 1647 3113 praeter
1662 3072 1936 3112 compositionem
1950 3072 2192 3112 propositionis,
2208 3070 2364 3111 significat
2380 3072 2475 3102 etiam

1407 3117 1566 3147 actualem
1583 3117 1793 3152 existentiam,
1810 3121 1846 3147 ut
1862 3125 1938 3146 cum
1954 3116 2078 3152 dicitur,
2095 3116 2207 3146 Sortes
2223 3120 2286 3152 est‚·
2301 3115 2473 3155 aliquando

1406 3171 1484 3192 vero
1508 3160 1665 3201 significat
1688 3166 1814 3191 tantum
1838 3162 2002 3191 veritatem
2024 3160 2270 3200 propositionis,
2294 3160 2359 3189 sive
2383 3169 2473 3189 com-

1406 3206 1604 3246 positionem
1628 3214 1727 3245 quam
1742 3204 1859 3235 format
1882 3204 2060 3235 intellectus
2084 3203 2123 3234 de
2146 3213 2189 3239 re,
2206 3202 2295 3238 idest,
2320 3203 2409 3242 quod
2424 3204 2472 3233 in-

1406 3250 1563 3285 teneetus‚
1578 3249 1656 3280 dum
1672 3249 1768 3279 talem
1785 3249 2057 3289 compositionem
2073 3248 2198 3283 format,
2216 3252 2262 3277 est
2277 3246 2472 3286 adaequatus

1406 3295 1463 3330 rei,
1488 3299 1520 3324 et
1543 3295 1586 3324 ob
1609 3294 1673 3324 hoc
1689 3299 1736 3324 est
1751 3302 1859 3329 verus;
1884 3294 1975 3328 sicut,
1992 3302 2067 3322 cum
2083 3292 2218 3322 dicimus
2233 3291 2393 3321 hominem
2405 3301 2473 3322 esse

1407 3339 1541 3376 animal,
1566 3337 1762 3378 significatur
1785 3336 1876 3378 quod
1898 3337 2077 3367 intellectus
2093 3336 2272 3375 intelligens
2295 3335 2412 3365 animal
2432 3335 2472 3367 de

1406 3384 1551 3418 homine,
1567 3381 1779 3422 apprehendit
1793 3382 1876 3412 sicut
1891 3387 1938 3411 est
1953 3382 1987 3411 in
2002 3390 2045 3411 re.
2065 3380 2214 3411 Similiter
2229 3388 2305 3409 cum
2324 3378 2470 3416 dicimus,

1407 3428 1547 3459 caecitas
1570 3432 1627 3463 est,
1656 3427 1732 3467 quia
1762 3426 1895 3456 caecitas
1918 3435 1985 3455 non
2009 3430 2056 3455 est
2086 3433 2142 3454 ens
2164 3424 2198 3453 in
2224 3432 2332 3454 rerum
2359 3429 2472 3454 natura

1407 3471 1464 3502 sed
1486 3471 1555 3502 sola
1581 3472 1721 3511 negatio,
1746 3469 1940 3510 significatur
1968 3468 2057 3509 quod
2086 3467 2265 3498 intellectus
2293 3468 2471 3508 apprehen-

1407 3515 1486 3547 dens
1503 3515 1624 3555 aliquid
1640 3515 1761 3555 absque
1777 3514 1874 3544 visiva
1890 3513 2041 3553 potentia,
2059 3513 2103 3542 rei
2120 3517 2167 3542 est
2189 3510 2400 3551 adaequatus:
2425 3517 2472 3543 est

1408 3561 1495 3591 enim
1510 3569 1578 3590 non
1594 3558 1751 3599 significat
1767 3558 1924 3588 actualem
1941 3557 2148 3591 existentiam,
2174 3556 2269 3586 etiam
2293 3556 2326 3586 in
2349 3565 2471 3596 propo-

1406 3605 1522 3635 sitione
1548 3603 1587 3634 de
1617 3602 1760 3634 secundo
1792 3601 1964 3636 adiacente,
1988 3601 2047 3630 nisi
2078 3600 2265 3630 attribuatur
2288 3601 2354 3630 enti
2375 3601 2471 3637 reali;

1407 3648 1463 3679 sed
1486 3654 1612 3679 tantum
1636 3647 1907 3687 compositionem
1929 3644 2160 3684 propositionis
2183 3643 2348 3684 significat.

2513 1473 2522 1482 ·
2539 1472 2576 1494 Cf.
2591 1478 2642 1500 cap.
2652 1480 2675 1495 x.

2507 2453 2516 2462 '¹
2533 2451 2568 2474 Cf.
2583 2457 2647 2473 num.
2658 2457 2673 2472 ι.
