2742 4152
273 255 322 291 26

269 333 302 363 in
319 330 493 371 quidditate
508 330 554 360 rei
570 334 601 359 et
616 328 656 358 ad
671 329 717 358 rei
736 328 907 358 essentiam
922 326 1106 357 immediate
1123 334 1338 366 consequens,

267 377 349 406 sicut
371 375 396 405 si
420 374 597 404 diceremus
621 372 661 403 de
684 373 808 403 ratione
831 372 913 412 ignis
936 380 1005 402 esse
1029 370 1120 411 quod
1143 371 1182 401 sit
1205 369 1337 405 calidus,

267 430 307 451 eo
324 418 412 459 quod
432 418 600 448 essentiam
623 417 705 457 ignis
728 417 771 447 ita
794 422 946 456 sequatur
962 414 1102 446 caliditas
1119 420 1155 446 ut
1170 415 1252 455 ignis
1269 423 1338 444 esse

265 473 333 494 non
356 462 457 503 possit
479 461 558 502 quin
582 462 622 491 sit
645 461 751 492 statim
775 460 906 492 calidus.
933 460 966 491 Si
993 460 1099 501 primo
1127 459 1229 490 modo
1254 459 1337 489 acci-

264 508 390 548 piamus
414 515 482 536 esse
508 506 541 536 in
565 506 689 536 ratione
719 506 864 541 subiecti,
889 510 968 536 tunc
996 514 1065 535 non
1092 509 1222 544 oportet
1248 503 1336 533 illam

264 551 366 582 solam
379 559 447 581 esse
461 551 720 591 propositionem
736 559 794 591 per
808 560 843 581 se
857 555 969 580 notam
985 550 1019 580 in
1035 559 1099 590 qua
1116 547 1336 589 praedicatum

263 601 310 627 est
333 595 373 626 de
395 595 519 626 ratione
543 595 688 626 subiecti.
705 594 774 625 Nec
793 596 838 625 sic
856 594 1005 634 intelligit
1023 593 1159 624 Sanctus
1179 593 1334 623 Thomas.

262 641 354 671 Licet
369 640 456 670 enim
471 638 558 680 apud
573 640 681 680 ipsum
697 639 803 670 omnis
819 639 888 670 talis
908 639 1089 679 propositio
1113 638 1146 668 in
1163 646 1227 678 qua
1242 646 1335 677 prae-

262 685 404 715 dicatum
428 689 475 715 est
498 683 538 714 de
554 685 677 715 ratione
693 684 838 720 subiecti,
854 683 894 714 sit
909 682 1089 714 secundum
1105 691 1138 712 se
1154 686 1248 712 nota:
1265 690 1335 712 non

261 735 370 760 tamen
393 738 411 759 e
435 735 592 759 converso
617 729 723 759 omnis
746 728 926 769 propositio
949 737 1008 767 per
1030 736 1064 757 se
1087 731 1166 757 nota
1189 731 1236 756 est
1263 725 1334 756 talis

260 779 297 804 ut
319 772 538 814 praedicatum
565 773 605 803 sit
629 772 671 804 de
695 773 819 803 ratione
846 772 991 802 subiecti.
1015 771 1100 801 Nam
1124 775 1156 801 et
1185 771 1332 810 ipsemet,

261 819 274 849 Ι
289 819 424 853 Poster„
441 818 514 848 lect.
534 818 584 854 36,
602 816 796 857 exponendo
811 822 886 847 text.
901 816 954 852 38,
970 816 1053 846 inter
1068 815 1227 855 principia
1242 814 1333 846 inde-

259 862 479 894 monstrabilia
503 862 588 893 locat
614 862 873 902 propositionem
896 861 930 891 in
954 869 1018 900 qua
1041 858 1238 900 significatur
1259 868 1333 900 pas-

259 908 386 938 sionem
402 907 504 937 inesse
520 916 580 937 suo
597 907 730 947 proprio
747 911 779 936 et
801 904 989 936 immediato
1005 905 1162 940 subiecto,
1187 904 1333 935 similiter

259 961 331 983 eam
354 952 388 981 in
412 960 476 991 qua
498 952 605 991 passio
630 961 647 981 a
663 951 717 981 tali
740 951 886 988 subiecto
909 954 1053 990 negatur.
1071 948 1107 980 Id
1126 947 1217 989 quod
1234 949 1331 980 etiam

258 995 383 1027 videtur
406 1005 474 1026 esse
499 994 538 1026 de
561 1000 670 1026 mente
693 995 893 1034 Philosophi,
917 993 1048 1024 ibidem.

313 1040 347 1071 Si
366 1045 474 1070 autem
498 1040 672 1080 accipiatur
694 1039 800 1080 primo
825 1044 880 1069 aut
903 1037 1048 1069 secundo
1072 1037 1174 1068 modo
1190 1038 1250 1069 sub
1267 1037 1330 1069 dis-

256 1084 433 1120 iunctione,
458 1084 503 1114 sic
533 1093 646 1115 verum
677 1089 724 1114 est
751 1082 838 1124 apud
871 1083 981 1123 ipsum
1012 1091 1146 1113 omnem
1180 1083 1331 1123 proposi-

255 1129 380 1159 tionem
395 1127 575 1159 secundum
599 1138 633 1159 se
647 1134 679 1159 et
692 1127 879 1168 simpliciter
894 1133 1007 1158 notam
1023 1136 1093 1158 esse
1116 1127 1217 1158 talem
1238 1127 1331 1168 quod

254 1172 475 1214 praedicatum
490 1172 666 1204 includitur
681 1173 714 1203 in
729 1173 854 1203 ratione
870 1172 1016 1203 subiecti.
1034 1171 1125 1203 Sicut
1141 1172 1230 1202 enim
1245 1172 1330 1203 inter

255 1218 436 1248 subiectum
467 1222 498 1247 et
528 1216 751 1248 definitionem
781 1217 861 1247 nihil
891 1216 1038 1248 medium
1069 1215 1163 1253 cadit,
1195 1222 1329 1257 propter

254 1261 345 1302 quod
367 1262 548 1302 propositio
576 1262 610 1292 in
634 1271 699 1302 qua
726 1260 873 1292 definitio
902 1261 943 1292 de
966 1260 1102 1292 definito
1126 1260 1328 1302 praedicatur

254 1312 301 1337 est
324 1305 508 1336 immediata
532 1310 563 1337 et
586 1306 899 1343 indemonstrabilis;
923 1307 967 1337 ita
990 1306 1073 1337 inter
1096 1306 1280 1337 subiectum
1296 1311 1328 1337 et

252 1351 390 1391 primam
414 1351 482 1381 eius
505 1351 701 1391 passionem,
726 1356 886 1392 quantum
915 1356 962 1382 est
991 1360 1029 1382 ex
1052 1355 1142 1391 parte
1166 1351 1222 1387 rei,
1246 1351 1327 1382 nihil

253 1394 338 1427 cadit
351 1394 508 1432 medium,
525 1401 557 1427 et
575 1396 759 1427 subiectum
782 1405 821 1427 ex
845 1405 889 1432 se.
913 1405 983 1428 non
1006 1400 1115 1426 autem
1131 1404 1189 1436 per
1204 1395 1328 1437 aliquid

252 1439 349 1476 aliud,
365 1439 462 1470 habet
477 1445 514 1471 ut
537 1440 598 1472 sibi
612 1440 683 1472 talis
705 1441 814 1481 passio
838 1441 1021 1472 conveniat.
1038 1440 1080 1471 Et
1103 1440 1146 1470 ob
1171 1440 1235 1472 hoc
1250 1450 1328 1482 pro—

251 1484 371 1525 positio
387 1484 423 1516 in
438 1493 504 1525 qua
518 1485 589 1519 talis
604 1485 711 1526 passio
728 1484 769 1517 de
784 1485 930 1517 subiecto
947 1484 1159 1527 praedicatur,
1173 1490 1221 1516 est
1235 1485 1326 1517 inde-

251 1529 467 1560 monstrabilis
491 1534 523 1560 et
545 1539 604 1571 per
630 1539 664 1561 se
686 1535 775 1567 nota,
799 1530 983 1571 statimque,
1006 1530 1053 1560 rei
1075 1534 1189 1561 natura
1212 1529 1327 1562 defini-

251 1574 407 1614 tioneque
423 1574 562 1614 cognita,
579 1580 712 1615 apparet
726 1575 773 1606 illi
788 1575 887 1606 talem
902 1575 1087 1616 passionem
1103 1575 1226 1605 inesse:
1243 1575 1327 1606 sicut

251 1619 368 1655 statim,
382 1618 482 1650 totius
496 1624 611 1650 natura
621 1629 658 1651 ac
671 1619 860 1651 definitione
876 1624 1054 1661 perspecta,
1070 1624 1203 1660 apparet
1218 1625 1327 1651 totum

252 1672 321 1694 esse
348 1663 492 1704 qualibet
514 1673 572 1695 sua
599 1669 690 1704 parte
717 1665 832 1702 maius,
857 1670 899 1701 et,
929 1665 1059 1705 cognita
1088 1669 1203 1695 natura
1231 1665 1325 1705 ignis,

251 1708 358 1739 statim
381 1707 507 1739 videtur
530 1708 723 1741 caliditatem
746 1709 808 1750 ipsi
831 1709 945 1741 inesse.

309 1761 338 1783 2.
356 1751 420 1783 Sed
434 1753 469 1783 in
483 1753 549 1784 hoc
564 1752 688 1785 faciunt
703 1753 924 1785 difficultatem
939 1753 1036 1784 verba
1051 1752 1160 1784 Sancti
1175 1752 1326 1784 Thomae

252 1797 286 1827 in
310 1806 342 1837 q.
359 1807 379 1827 x
399 1796 439 1827 de
459 1797 566 1834 Ver-it„
589 1808 617 1828 a.
638 1806 688 1829 12.
713 1798 760 1829 Ibi
787 1799 874 1830 enim
903 1798 1020 1839 probat
1045 1807 1114 1828 non
1141 1807 1238 1838 posse
1261 1797 1326 1829 dici

252 1839 343 1881 quod
353 1841 495 1882 aliquam
509 1848 687 1874 creaturam
703 1852 772 1874 esse
784 1843 824 1874 sit
839 1852 897 1884 per
913 1852 946 1874 se
962 1847 1080 1874 notum
1096 1846 1128 1873 et
1143 1842 1326 1874 secundum

251 1895 296 1922 se,
321 1886 397 1926 quia
420 1895 489 1917 esse
511 1887 546 1918 in
569 1887 690 1918 nullius
719 1893 883 1919 creaturae
906 1887 1031 1918 ratione
1054 1885 1197 1927 perfecte
1220 1887 1324 1918 inclu-

252 1929 354 1966 datur,
380 1939 420 1961 eo
444 1930 535 1971 quod
559 1932 731 1963 cuiuslibet
753 1938 918 1963 creaturae
936 1941 1006 1963 esse
1029 1932 1069 1962 sit
1084 1931 1172 1962 aliud
1190 1932 1230 1962 ab
1254 1932 1324 1963 eius

252 1974 439 2015 quidditate.
456 1975 506 2006 Ex
518 1976 636 2016 quibus
649 1977 791 2017 arguitur
802 1977 857 2007 sic.
871 1976 947 2007 Non
963 1977 1072 2007 minus
1087 1976 1191 2016 prima
1206 1977 1323 2017 passio,

251 2018 431 2050 secundum
455 2020 524 2051 eius
547 2019 739 2058 doctrinam,
769 2026 817 2052 est
846 2020 934 2052 aliud
965 2031 984 2051 a
1014 2019 1193 2061 quidditate
1224 2030 1324 2061 quam

251 2073 329 2095 esse.
354 2064 452 2104 Ergo,
469 2064 495 2094 si
514 2070 693 2096 creaturam
708 2074 778 2096 esse
793 2075 861 2096 non
878 2070 925 2096 est
947 2064 1129 2096 secundum
1148 2074 1183 2096 se
1206 2071 1325 2097 notum

251 2109 327 2150 quia
350 2114 397 2139 est
420 2107 507 2140 aliud
530 2109 570 2140 ab
603 2110 672 2141 eius
703 2109 890 2151 quidditate,
923 2109 1037 2142 eadem
1066 2110 1192 2141 ratione
1215 2115 1247 2141 et
1269 2110 1325 2142 illa

249 2163 318 2184 non
342 2153 400 2184 erit
423 2154 605 2194 propositio
636 2154 816 2186 secundum
846 2164 880 2186 se
904 2160 982 2186 nota
1005 2155 1039 2186 in
1062 2164 1127 2196 qua
1150 2155 1258 2196 passio
1282 2154 1324 2187 de

250 2199 396 2230 subiecto
420 2198 632 2239 praedicatur.

305 2243 455 2274 Dicerem
479 2252 552 2284 ego,
577 2248 736 2284 quantum
759 2244 838 2274 mihi
861 2253 922 2284 pro
946 2253 1035 2274 nunc
1058 2244 1208 2281 occurrit,
1233 2243 1325 2285 quod

251 2287 314 2318 alio
331 2286 434 2318 modo
454 2297 523 2319 esse
539 2293 587 2319 est
601 2287 689 2320 aliud
708 2298 726 2318 a
748 2287 937 2329 quidditate,
960 2294 992 2319 et
1011 2288 1076 2319 alio
1095 2287 1198 2320 modo
1216 2289 1323 2329 passio

251 2331 338 2363 aliud
360 2342 379 2363 a
401 2332 558 2364 subiecto.
582 2332 661 2364 Esse
690 2333 778 2364 enim
801 2338 849 2364 est
875 2333 1013 2364 omnino
1043 2332 1132 2364 aliud
1155 2338 1173 2364 a
1196 2333 1325 2374 quiddi-

251 2382 325 2413 tate,
343 2382 375 2408 et
393 2377 485 2408 nullo
505 2377 606 2409 modo
628 2376 805 2408 includitur
820 2378 854 2409 in
876 2378 1001 2409 ratione
1024 2383 1199 2415 creaturae,
1215 2388 1325 2420 neque

250 2421 372 2453 scilicet
383 2427 538 2462 tanquam
554 2422 692 2453 existens
706 2421 794 2454 idern
810 2432 887 2454 cum
903 2421 1082 2463 quidditate
1105 2423 1324 2460 essentialiter,

250 2475 359 2507 neque
387 2471 543 2507 tanquam
567 2466 779 2508 quidditatem
808 2468 990 2499 necessario
1017 2468 1242 2499 concomitans
1263 2468 1325 2500 im-

250 2510 404 2542 mediate:
422 2521 498 2542 cum
514 2511 677 2552 quaelibet
691 2517 835 2544 creatura
850 2513 987 2544 omnino
1003 2521 1074 2544 esse
1088 2512 1128 2543 ab
1145 2513 1324 2545 extrinseco

250 2556 376 2592 habeat,
402 2561 433 2587 et
456 2565 514 2597 per
541 2566 746 2598 consequens
778 2557 961 2588 subiectum
990 2566 1059 2588 non
1089 2557 1205 2589 habeat
1228 2567 1267 2589 ex
1290 2567 1325 2590 se

251 2600 341 2642 quod
357 2601 417 2632 sibi
433 2602 605 2632 conveniat
617 2611 696 2638 esse,
712 2601 770 2633 sed
780 2611 839 2643 per
854 2601 952 2633 aliud.
964 2602 1071 2633 Prima
1083 2607 1193 2634 autem
1205 2603 1324 2644 passio,

251 2646 398 2686 quamvis
424 2646 470 2677 rei
497 2647 668 2677 essentiam
693 2656 762 2678 non
788 2646 994 2688 ingrediatur,
1016 2647 1120 2688 ipsam
1142 2652 1252 2679 tamen
1276 2657 1326 2679 es-

250 2691 386 2722 sentiam
409 2691 590 2722 necessario
617 2691 804 2723 immediate
827 2693 1049 2733 consequitur,
1079 2698 1111 2723 et
1134 2692 1174 2723 ab
1202 2702 1240 2724 ea
1267 2702 1325 2733 per

251 2734 414 2776 quandam
429 2735 607 2767 naturalem
622 2735 841 2768 resultantiam
857 2736 1058 2778 producitur.
1080 2736 1215 2777 Propter
1234 2736 1326 2778 quod

250 2785 298 2811 est
321 2779 361 2811 de
384 2780 508 2811 ratione
531 2781 667 2812 subiecti
690 2780 835 2812 secundo
858 2781 961 2813 modo
985 2781 1083 2813 dicto.
1115 2780 1193 2813 Ideo
1221 2782 1326 2823 ipsam

250 2825 354 2856 inesse
376 2824 524 2856 subiecto
541 2830 589 2856 est
603 2825 785 2857 secundum
801 2835 834 2857 se
850 2832 986 2859 notum:
1011 2835 1079 2857 non
1104 2831 1214 2858 autem
1234 2826 1326 2867 quod

250 2879 319 2901 esse
342 2874 505 2901 creaturae
527 2870 612 2901 insit.

306 2913 369 2944 lv..
383 2913 448 2945 Sed
471 2919 583 2945 contra
610 2913 678 2945 duo
709 2914 792 2946 dicta
820 2915 855 2946 in
877 2915 937 2946 hac
961 2914 1240 2952 determinatione,
1263 2916 1325 2947 sci·

249 2958 325 2989 licet
348 2957 439 2999 quod
462 2959 643 2999 propositio
659 2968 717 3000 per
732 2969 766 2990 se
789 2965 868 2991 nota
883 2965 931 2991 est
954 2960 987 2991 in
1012 2969 1077 3001 qua
1103 2959 1325 3001 praedicatum

251 3007 298 3033 est
318 3001 358 3034 de
378 3003 502 3034 ratione
525 3003 661 3035 subiecti
684 3003 785 3035 modo
813 3005 976 3045 exposito;
1001 3010 1033 3036 et
1052 3004 1143 3046 quod
1167 3004 1255 3036 aliud
1277 3010 1325 3036 est

250 3047 510 3088 propositionem
526 3057 594 3079 esse
610 3058 669 3089 per
684 3058 718 3079 se
733 3049 920 3090 simpliciter
942 3054 1066 3087 notam,
1090 3054 1122 3081 et
1145 3048 1233 3081 aliud
1247 3058 1324 3090 pro-

249 3092 448 3132 positionem
471 3101 540 3123 esse
563 3102 621 3133 per
636 3102 670 3124 se
692 3098 805 3124 notam
834 3093 944 3135 quoad
971 3103 1042 3131 nos,
1067 3094 1171 3135 arguit
1194 3093 1322 3126 Scotus.

250 3135 355 3167 Tenet
378 3137 466 3168 enim
490 3137 570 3178 ipse,
594 3137 720 3174 ISent.‚
739 3137 769 3169 d.
786 3148 819 3175 11,
839 3148 871 3179 q.
888 3149 921 3175 n,
945 3138 1037 3180 quod
1059 3139 1242 3180 propositio
1266 3148 1324 3180 per

250 3189 284 3211 se
298 3186 376 3212 nota
393 3186 439 3212 est
456 3191 539 3222 quae
555 3191 594 3213 ex
610 3182 754 3214 terminis
772 3184 920 3224 propriis,
938 3184 996 3225 qui
1011 3189 1088 3215 sunt
1102 3182 1225 3224 aliquid
1241 3184 1321 3220 eius.

250 3230 286 3255 ut
301 3230 376 3256 sunt
391 3226 471 3263 eius,
483 3226 579 3258 habet
594 3227 761 3258 veritatem
777 3227 974 3259 evidentem:
992 3233 1024 3260 et
1040 3228 1141 3270 quod,
1157 3228 1184 3260 si
1200 3237 1323 3270 propo*

251 3269 322 3300 sitio
346 3270 380 3300 in
403 3279 468 3311 qua
490 3271 623 3311 ponitur
646 3272 803 3303 terminus
826 3271 978 3304 definitus
1000 3278 1037 3304 ut
1060 3274 1116 3310 sic,
1140 3278 1177 3304 ut
1199 3273 1323 3314 imper-³

250 3318 320 3344 tans
335 3314 454 3346 scilicet
471 3322 668 3356 conceptum
685 3316 869 3354 confusum,
894 3318 935 3349 sit
958 3317 1089 3349 evidens
1112 3327 1151 3349 ex
1174 3327 1219 3354 se,
1243 3323 1323 3349 tunc

252 3362 298 3388 est
320 3367 378 3399 per
399 3368 433 3390 se
457 3364 548 3396 nota3
569 3361 595 3391 si
610 3366 720 3392 autem
743 3371 811 3393 non
835 3362 875 3393 sit
890 3361 1022 3393 evidens
1045 3371 1084 3394 ex
1108 3362 1252 3394 terminis
1275 3367 1321 3393 ta-

251 3401 321 3432 liter
343 3404 491 3444 acceptis,
509 3404 584 3435 licet
603 3414 641 3435 ex
658 3404 824 3437 definitivo
849 3412 1012 3448 conceptu
1029 3408 1069 3439 sit
1092 3405 1234 3443 evidens,
1250 3407 1322 3438 talis

251 3454 318 3476 non
343 3452 389 3478 est
412 3457 470 3488 per
493 3458 526 3479 se
550 3454 636 3480 nota.

307 3489 428 3522 Contra
451 3493 592 3532 primum
615 3494 724 3535 itaque
747 3493 871 3526 dictum
894 3505 913 3526 a
935 3496 1030 3527 nobis
1054 3505 1093 3527 ex
1116 3495 1208 3527 dictis
1231 3495 1322 3527 Scoti

251 3535 392 3574 arguitur
401 3536 510 3576 primo
526 3538 581 3568 sic.
606 3538 647 3569 Et
669 3539 874 3579 supponitur,
891 3549 929 3571 ex
954 3540 966 3571 1
982 3541 1117 3576 Poster„
1137 3539 1226 3582 quod
1243 3539 1322 3581 quid

252 3582 299 3608 est
314 3587 381 3609 esse
397 3579 540 3612 medium
556 3580 847 3615 demonstrationis.
865 3584 961 3615 Tunc
980 3585 1036 3616 sic.
1062 3584 1098 3616 In
1121 3584 1320 3616 demonstra-

251 3621 340 3653 tione
363 3625 535 3663 praemissa
559 3631 605 3657 est
628 3627 823 3668 principium
850 3638 908 3669 per
935 3638 969 3660 se
992 3635 1124 3666 notum,
1150 3629 1320 3662 conclusio

883 249 1072 286 SUMMA
1101 248 1323 285 CONTRA
1351 247 1628 294 GENTILES,
1659 248 1770 285 CAP.
1791 248 1854 285 XI.

1393 330 1503 355 autem
1525 333 1595 355 non
1610 330 1658 355 est
1673 334 1731 365 per
1753 334 1788 355 se
1811 330 1899 361 nota,
1916 324 1974 357 sed
1997 324 2225 358 demonstrata.
2250 328 2315 361 Sed
2329 329 2363 360 in
2378 339 2472 371 prae-

1392 369 1490 400 missa
1502 369 1638 411 ponitur
1652 369 1782 400 termini
1797 368 1954 413 definitio,
1971 370 2005 401 in
2030 371 2243 404 conclusione
2266 379 2376 405 autem
2391 374 2471 407 defi-

1392 413 1507 443 nitum.
1525 412 1622 454 Ergo,
1640 412 1715 444 dato
1732 413 1824 454 quod
1838 414 2060 455 praedicatum
2075 416 2116 446 sit
2130 416 2233 448 modo
2249 427 2346 459 supra
2370 428 2470 462 expo-

1392 458 1453 488 sito
1471 457 1510 488 de
1527 457 1717 488 definitione
1733 458 1879 495 subiecti,
1895 460 2079 500 propositio
2099 466 2168 491 non
2184 461 2244 492 erit
2258 471 2317 503 per
2331 472 2365 494 se
2380 469 2468 502 nota,

1391 501 1448 532 sed
1471 503 1554 532 bene
1577 502 1631 533 illa
1653 502 1688 533 in
1704 511 1770 543 qua
1784 503 2005 544 praedicatum
2029 503 2211 536 definitioni
2230 507 2367 539 subiecti
2382 510 2469 540 atu-i-

1391 547 1510 577 buitur.
1525 564 1549 570 -
1568 547 1804 588 Confimatur.
1828 547 1916 587 Quia
1933 549 1960 579 si
1982 549 2054 580 talis
2077 556 2161 581 esset
2182 559 2242 591 per
2263 561 2299 582 se
2321 557 2410 590 nota,
2434 554 2468 585 in

1390 591 1676 628 demonstratione,
1689 592 1724 622 in
1740 601 1805 633 qua
1819 602 1879 633 per
1893 592 2119 626 definitionem
2134 595 2271 627 subiecti
2285 598 2468 638 propositio

1390 635 1638 672 demonstratur,
1656 636 1739 667 ultra
1753 637 2057 678 impossibilitatem,
2074 639 2151 680 quia
2165 639 2316 672 videlicet
2331 641 2468 680 demon-

1388 685 1540 711 straretur
1556 680 1648 721 quod
1663 686 1748 712 esset
1761 681 2058 720 indemonstrabile‚
2072 689 2155 716 esset
2169 685 2284 726 petitio
2299 687 2465 728 principii:

1389 725 1466 766 quia
1489 724 1763 757 demonstraretur
1777 725 1865 757 idem
1888 736 1947 767 per
1969 727 2067 765 idem,
2092 734 2125 759 et
2147 738 2252 771 aeque
2274 736 2393 762 notum
2408 741 2467 772 per

1388 779 1492 810 aeque
1516 775 1644 800 notum.
1842 796 1847 800 .

1444 814 1605 845 Secundo.
1630 814 1814 856 Ptopositio
1838 824 1898 856 per
1920 824 1955 846 se
1977 821 2056 846 nota
2079 822 2128 847 est
2150 826 2235 858 quae
2258 827 2298 849 ex
2320 820 2466 851 terminis

1386 860 1526 900 propriis
1549 859 1646 890 habet
1669 859 1855 891 evidentem
1876 860 2054 892 veritatem.
2079 860 2145 893 Sed
2166 862 2221 893 alii
2243 864 2374 895 termini
2389 870 2466 896 sunt

1387 909 1566 945 conceptus
1589 903 1757 935 distinctus
1781 903 1978 945 quidditatis,
1995 910 2032 936 ut
2053 905 2248 947 importatur
2268 917 2328 948 per
2350 908 2464 941 defini-

1385 949 1528 986 tionem;
1554 953 1586 980 et
1608 954 1788 990 conceptus
1811 948 1997 990 quidditatis
2021 950 2189 987 confusus,
2213 957 2251 982 ut
2271 951 2465 994 importatur

1384 1002 1443 1034 per
1466 1002 1600 1024 nomen.
1632 993 1719 1034 Ergo
1742 994 1927 1035 propositio
1957 1003 2026 1025 non
2054 1000 2102 1025 est
2123 1004 2184 1036 per
2205 1005 2240 1027 se
2266 1001 2346 1028 nota
2369 997 2464 1039 quid-

1385 1037 1483 1068 ditate
1506 1037 1643 1068 confuse
1667 1043 1809 1079 accepta,
1825 1044 1863 1069 ut
1884 1039 2006 1070 scilicet
2027 1048 2086 1079 per
2108 1047 2233 1071 nomen
2255 1040 2462 1082 significatur,

1385 1091 1470 1123 quae
1493 1091 1562 1113 non
1586 1087 1634 1113 est
1656 1087 1736 1113 nota
1757 1083 1820 1113 nisi
1843 1082 2034 1115 definitione
2056 1085 2202 1116 nominis
2224 1085 2364 1126 cognita.

1445 1127 1568 1159 Tertio.
1590 1127 1689 1158 Tunc
1703 1127 1867 1168 quaelibet
1881 1128 2064 1168 propositio
2089 1134 2173 1160 esset
2195 1138 2255 1170 per
2277 1139 2312 1161 se
2335 1137 2414 1162 nota
2428 1131 2463 1163 in

1384 1172 1525 1203 scientiis
1548 1172 1742 1212 specialibus
1758 1181 1858 1213 quam
1873 1173 2116 1215 metaphysicus
2137 1179 2249 1215 posset
2271 1175 2390 1209 babere
2403 1185 2464 1218 per

1383 1226 1418 1247 se
1440 1221 1554 1247 notam
1571 1226 1609 1247 ex
1626 1215 1871 1248 definitionibus
1887 1222 2117 1249 exn-emotum.
2134 1217 2200 1250 Sed
2222 1219 2287 1250 hoc
2309 1229 2379 1251 non
2399 1226 2460 1252 est:

1383 1261 1461 1302 quia
1482 1267 1651 1302 geometer
1665 1270 1735 1292 non
1758 1262 1860 1292 utitur
1875 1266 2032 1303 tanquam
2046 1263 2330 1304 propositionibus
2352 1274 2412 1306 per
2426 1274 2462 1297 se

1382 1306 1468 1336 notis
1491 1306 1553 1336 nisi
1577 1315 1662 1346 quae
1691 1306 1813 1337 habent
1844 1306 2030 1338 evidentem
2060 1308 2229 1339 veritatem
2253 1318 2292 1339 ex
2315 1310 2461 1341 terminis

1383 1350 1519 1382 confuse
1543 1351 1690 1391 cognitis.
1716 1350 1804 1391 Ergo
1828 1356 1889 1382 etc.

1439 1405 1469 1426 2.
1495 1394 1619 1427 Contra
1634 1395 1818 1428 secundum
1839 1396 1953 1437 arguit.
1974 1396 2052 1437 quia
2070 1396 2258 1438 propositio
2270 1397 2388 1430 dicitur
2402 1408 2462 1441 per

1381 1449 1416 1471 se
1439 1445 1518 1471 nota
1533 1441 1621 1481 quia,
1638 1445 1799 1481 quantum
1815 1445 1864 1472 est
1879 1440 1920 1472 de
1935 1446 2050 1472 namra
2072 1442 2298 1479 terminorum,
2313 1449 2389 1475 nata
2412 1449 2460 1476 est

1381 1485 1499 1516 habere
1522 1484 1707 1516 evidentem
1728 1485 1898 1517 veritatem
1919 1490 2108 1518 contentam
2130 1487 2166 1518 in
2188 1487 2346 1525 terminis,
2361 1489 2462 1523 etim

1381 1530 1407 1560 si
1430 1529 1539 1560 nullus
1555 1529 1737 1560 intellectus
1753 1530 1916 1571 concipiat
1931 1531 2106 1562 terminos:
2131 1531 2218 1572 quia,
2235 1537 2396 1573 quantum
2411 1539 2462 1566 est

1381 1584 1421 1605 ex
1443 1574 1598 1611 terminis,
1623 1575 1822 1615 cuicumque
1837 1575 2017 1607 intellectui
2033 1580 2081 1607 est
2103 1585 2164 1617 per
2175 1585 2212 1608 se
2231 1582 2322 1614 nom,
2346 1579 2373 1609 si
2389 1583 2458 1610 ⁴ter-

1380 1619 1462 1651 mini
1476 1619 1712 1660 concipiantur.
1735 1619 1813 1651 Non
1829 1629 1906 1661 ergo
1921 1619 2026 1651 differt
2047 1621 2230 1662 propositio
2249 1631 2309 1662 per
2329 1631 2369 1654 se
2379 1625 2460 1655 nota

1379 1663 1563 1696 secundum
1584 1673 1619 1695 se
1643 1670 1675 1695 et
1697 1664 1895 1705 simpliciter,
1911 1670 1944 1696 et
1965 1673 2024 1706 per
2047 1674 2082 1696 se
2104 1671 2185 1697 nota
2206 1665 2317 1707 quoad
2338 1676 2412 1699 nos.

1435 1709 1547 1740 Potest
1560 1709 1658 1740 etiam
1672 1709 1761 1749 argui
1786 1715 1898 1741 contra
1911 1709 1998 1741 istud
2011 1710 2194 1742 secundum
2217 1720 2256 1742 ex
2272 1711 2366 1743 dictis
2387 1713 2459 1744 Au-

1380 1753 1462 1785 reoli
1472 1754 1500 1784 *.
1524 1753 1709 1784 Intellectus
1732 1754 1922 1795 concipiens
1943 1755 2208 1795 propositionem
2221 1765 2281 1797 per
2293 1765 2329 1788 se
2341 1762 2457 1789 notam

1380 1803 1436 1829 aut
1459 1797 1519 1829 fert
1541 1798 1696 1830 intuitum
1718 1807 1816 1830 suum
1838 1808 1936 1840 super
1950 1805 2131 1840 conceptus
2153 1809 2194 1832 ex
2217 1801 2337 1842 quibus
2355 1802 2459 1834 oritur

1379 1843 1495 1874 notitia
1522 1842 1772 1883 propositionis;
1796 1848 1852 1875 aut
1881 1852 1980 1884 super
2007 1844 2098 1875 alios.
2131 1844 2166 1876 Si
2188 1854 2288 1886 super
2309 1845 2455 1884 eosdem,

1380 1897 1458 1928 ergo
1481 1887 1541 1919 erit
1563 1887 1624 1918 sibi
1647 1888 1829 1928 propositio
1844 1897 1903 1928 per
1925 1897 1961 1919 se
1983 1894 2072 1919 nota.
2097 1888 2132 1920 Si
2154 1898 2254 1930 super
2275 1890 2367 1928 alios,
2387 1891 2458 1924 ian

1379 1941 1447 1963 non
1471 1932 1531 1963 erit
1554 1931 1668 1963 eadem
1691 1933 1889 1973 propositio:
1914 1942 1991 1964 cum
2013 1933 2102 1964 solae
2125 1943 2224 1965 voces
2245 1944 2323 1966 non·
2338 1934 2459 1968 faciant

1379 1976 1650 2017 propositionem,
1678 1976 1736 2008 sed
1758 1977 1861 2018 magis
1883 1983 2073 2018 conceptus.
2098 1978 2141 2009 Et
2162 1978 2210 2010 sic
2231 1979 2317 2011 male
2340 1979 2458 2012 dicitur

1379 2021 1472 2062 quod
1493 2020 1608 2052 eadem
1631 2022 1814 2062 propositio
1837 2027 1886 2053 est
1913 2022 2104 2063 simpliciter
2134 2032 2194 2064 per
2216 2032 2252 2055 se
2274 2030 2363 2062 nota,
2386 2034 2457 2059 non

1379 2071 1489 2098 autem
1512 2064 1623 2107 quoad
1646 2075 1717 2098 nos.

1435 2111 1474 2142 V.
1498 2111 1562 2142 Pro
1591 2110 1755 2142 solutione
1784 2111 1905 2142 horum
1926 2111 2096 2144 sciendum
2123 2117 2172 2143 est
2191 2112 2293 2153 quod,
2313 2116 2390 2145 cum
2408 2113 2458 2146 di·

1379 2156 1483 2187 cimus
1506 2156 1767 2197 propositionem
1789 2164 1858 2187 esse
1880 2165 1939 2197 pet
1959 2165 1994 2188 se
2013 2163 2127 2189 notam
2148 2165 2234 2198 quae
2256 2167 2296 2189 ex
2316 2159 2458 2200 propriis

1378 2201 1524 2232 terminis
1547 2205 1579 2232 et
1601 2210 1670 2232 non
1693 2209 1751 2241 per
1773 2200 1870 2232 aliam
1899 2202 2161 2242 propositionem
2182 2207 2262 2234 nota
2285 2208 2342 2239 est,
2366 2202 2459 2236 illam

1379 2244 1518 2277 dicimus
1533 2254 1603 2276 esse
1623 2254 1663 2276 ex
1678 2245 1818 2286 propriis
1832 2245 1978 2277 terminis
1994 2252 2108 2279 notam
2123 2255 2208 2288 quae
2230 2255 2270 2278 ex
2293 2245 2456 2280 definitio-

1379 2290 1475 2321 nibus
1498 2290 1712 2321 terminorum
1733 2290 1942 2331 cognoscitur
1962 2299 2031 2323 esse
2051 2301 2137 2323 vera.
2152 2290 2216 2323 Sed
2230 2290 2378 2323 definitio
2391 2297 2458 2329 ter—

1379 2335 1460 2366 mini
1474 2334 1645 2375 dupliciter
1660 2334 1764 2376 accipi
1778 2340 1896 2375 potest.
1915 2335 1992 2367 Uno
2006 2336 2121 2372 modo,
2137 2345 2198 2377 pro
2214 2335 2405 2368 definitione
2419 2346 2459 2369 se

1379 2385 1510 2411 tenente
1526 2388 1565 2410 ex
1579 2384 1670 2420 parte
1684 2379 1730 2410 rei
1744 2379 1926 2411 secundum
1938 2380 2030 2421 quod
2044 2387 2093 2413 est
2105 2381 2140 2412 in
2154 2389 2206 2412 se:
2222 2386 2255 2412 et
2269 2387 2318 2413 est
2327 2381 2382 2413 illa
2396 2390 2457 2423 per

1380 2433 1480 2466 quam
1495 2423 1648 2456 definitur
1662 2429 1694 2455 et
1713 2424 1890 2465 explicatur
1908 2425 1979 2466 ipsa
2002 2425 2164 2466 quidditas
2185 2431 2217 2457 et
2237 2427 2375 2457 essentia
2396 2435 2456 2468 per

1379 2478 1503 2500 nomen
1522 2467 1700 2510 significata
1722 2468 1864 2510 perfecte
1880 2474 1912 2500 et
1926 2469 2107 2502 secundum
2122 2469 2214 2511 quod
2228 2475 2276 2502 est
2290 2470 2324 2502 in
2339 2471 2454 2513 seipsa.

1379 2514 1455 2546 Alio
1466 2513 1581 2550 modo,
1593 2522 1653 2554 pro
1665 2512 1856 2545 definitione
1866 2523 1901 2546 se
1912 2518 2043 2546 tenente
2058 2524 2097 2546 ex
2110 2520 2200 2556 parte
2211 2515 2257 2546 rei
2272 2515 2454 2548 secundum

1380 2558 1472 2600 quod
1494 2563 1542 2590 est
1563 2559 1598 2590 in
1613 2557 1780 2590 intellectu
1801 2564 1929 2590 nostro:
1954 2564 1986 2590 et
2004 2565 2052 2591 est
2073 2560 2128 2592 illa
2150 2569 2250 2602 quam
2273 2560 2458 2593 intellectus

1379 2609 1490 2636 noster
1503 2602 1544 2635 de
1568 2613 1602 2634 re
1616 2603 1656 2634 ab
1671 2603 1744 2644 ipso
1759 2604 1899 2644 cognita,
1914 2609 1952 2635 ut
1965 2605 2006 2635 ab
2020 2605 2092 2645 ipso
2107 2605 2238 2646 cognita
2251 2610 2309 2642 est,
2324 2604 2454 2643 format,

1380 2647 1594 2680 discernendo
1618 2647 1722 2688 ipsam
1743 2658 1761 2679 a
1788 2657 1998 2690 quacumque
2020 2649 2082 2681 alia
2104 2659 2149 2686 re,
2173 2649 2249 2681 licet
2277 2650 2454 2691 aliquando

1379 2692 1569 2734 imperfecte
1602 2698 1750 2724 natiuam
1782 2698 1814 2724 et
1845 2694 2018 2725 essentiam
2046 2694 2092 2726 rei
2123 2700 2338 2736 representet;
2370 2695 2455 2728 sicut

1381 2737 1497 2770 accidit
1523 2738 1557 2769 in
1587 2735 1831 2769 definitionibus
1859 2747 1939 2779 quas
1966 2738 2148 2771 intellectus
2175 2744 2287 2771 noster
2316 2738 2357 2771 de
2380 2739 2454 2772 Deo

1381 2782 1509 2819 format,
1533 2787 1565 2813 et
1588 2791 1674 2823 quae
1696 2782 1760 2813 hoc
1790 2783 1926 2815 nomine
1947 2783 2039 2815 Deus
2061 2793 2080 2815 a
2102 2783 2198 2816 nobis
2220 2782 2452 2825 significantur.

1437 2827 1563 2859 Dicitur
1585 2835 1663 2868 ergo
1691 2827 1873 2868 propositio
1906 2837 1975 2859 esse
2002 2828 2190 2870 simpliciter
2220 2837 2279 2870 per
2307 2837 2341 2860 se
2373 2834 2453 2860 nota

1381 2871 1514 2913 quando
1538 2871 1759 2913 praedicatum
1775 2877 1824 2903 est
1846 2872 1887 2904 de
1910 2873 2034 2904 ratione
2050 2873 2186 2905 subiecti
2208 2882 2244 2904 se
2266 2878 2453 2906 tenenteex

1380 2922 1471 2958 parte
1492 2917 1539 2948 rei
1562 2915 1743 2948 secundum
1767 2916 1860 2957 quod
1881 2918 1915 2949 in
1938 2927 1974 2949 se
1996 2923 2060 2955 est3
2081 2923 2115 2950 et
2127 2926 2222 2959 quae,
2247 2917 2274 2949 si
2297 2918 2367 2949 eius
2389 2923 2455 2951 teta-

1380 2962 1461 2992 mini
1477 2966 1716 3002 cognoscantur
1730 2967 1890 3002 quantum
1903 2962 1945 2994 ad
1959 2963 2058 2994 talem
2070 2961 2304 2999 definitionem.
2319 2968 2393 2995 nata
2405 2969 2456 2995 est·

1380 3015 1418 3038 ex
1434 3016 1468 3037 se
1492 3015 1562 3037 esse
1585 3005 1718 3037 evidens
1733 3007 1921 3039 intellectui.
1939 3007 1995 3039 ma
2018 3012 2128 3039 aute-
2151 3008 2248 3039 etiam
2265 3007 2375 3049 quoad
2389 3016 2453 3040 nos

1378 3055 1457 3082 nota
1479 3050 1597 3082 dicitur
1619 3049 1753 3092 quando
1770 3057 1950 3093 conceptus
1964 3051 2029 3090 ille,
2045 3061 2084 3084 ex
2099 3058 2190 3094 parte
2204 3053 2250 3084 rei
2270 3051 2452 3084 secundum

1379 3094 1470 3136 quod
1492 3096 1526 3126 in
1550 3105 1583 3126 se
1599 3101 1647 3127 est
1670 3105 1705 3126 se
1727 3101 1852 3133 tenens,
1872 3096 1969 3128 etiarn
1992 3097 2032 3128 ab
2055 3097 2223 3129 intellectu
2245 3102 2358 3128 nostro
2385 3096 2452 3128 for-

1377 3145 1494 3176 matur,
1510 3149 1627 3181 resque
1650 3139 1792 3181 perfecte
1811 3142 2020 3182 cognoscitur
2042 3142 2082 3173 ab
2105 3142 2271 3174 intellectu
2286 3146 2398 3172 nostro
2414 3146 2452 3173 ut

1377 3185 1412 3216 in
1434 3194 1468 3215 se
1492 3189 1550 3216 est.

1432 3228 1678 3261 Advertendum
1708 3230 1805 3261 etiam
1837 3229 1930 3271 quod
1960 3235 2140 3271 conceptus
2166 3235 2200 3261 et
2231 3229 2378 3261 definitio
2410 3239 2450 3261 ex

1376 3279 1466 3314 parte
1480 3275 1526 3306 rei
1541 3274 1723 3305 secundum
1738 3274 1829 3316 quod
1844 3275 1878 3306 in
1893 3284 1928 3307 se
1942 3280 1991 3306 est
2006 3284 2041 3306 se
2054 3280 2170 3306 tenens
2184 3273 2355 3316 dupliciter
2370 3283 2450 3307 con—

1376 3317 1506 3350 siderari
1528 3323 1654 3359 potest:
1678 3328 1746 3350 uno
1769 3318 1883 3357 modo,
1906 3319 2120 3356 materialiter,
2145 3324 2305 3360 quantum
2328 3319 2451 3351 scilicet

1353 3361 1355 3375 ³
1377 3362 1418 3394 ad
1440 3373 1510 3394 rem
1532 3362 1744 3404 significatam
1774 3368 1806 3395 et
1829 3368 2079 3405 representatum
2108 3362 2257 3395 absolute
2287 3369 2319 3395 et
2341 3364 2375 3395 in
2399 3373 2448 3401 se:

1376 3407 1440 3438 alio
1456 3407 1569 3444 modo,
1586 3407 1772 3444 formaliter,
1789 3410 1949 3449 quantum
1964 3407 2086 3439 scilicet
2101 3407 2142 3439 ad
2156 3417 2225 3439 rem
2240 3413 2278 3440 ut
2299 3408 2354 3439 tali
2370 3407 2450 3441 defi-

1376 3453 1493 3484 nitioni
1517 3453 1649 3484 substat.
1673 3452 1783 3484 Primo
1813 3452 1927 3489 modo,
1950 3451 2098 3484 definitio
2122 3457 2154 3483 et
2180 3452 2351 3485 definitum
2374 3458 2451 3485 sunt

1376 3496 1479 3528 idem:
1503 3506 1580 3529 nam
1596 3496 1733 3528 eandem
1748 3506 1817 3528 re·
1831 3495 1990 3538 significat
2013 3495 2170 3535 definitio,
2195 3503 2227 3529 et
2249 3497 2374 3529 definiti
2389 3507 2451 3530 no-

1376 3550 1462 3572 men.
1497 3541 1649 3573 Secundo
1681 3540 1795 3577 modo,
1825 3541 2082 3583 distinguuntur:
2108 3550 2149 3573 eo
2180 3542 2272 3583 quod
2302 3542 2449 3574 definitio

1376 3585 1524 3617 distincte
1547 3595 1617 3617 rem
1640 3591 1846 3627 representet,
1863 3595 1986 3617 nomen
2002 3595 2079 3618 vero
2097 3585 2243 3624 confuse,
2259 3592 2296 3619 ut
2314 3587 2451 3619 habetur

1376 3629 1388 3661 1
1403 3630 1544 3671 Physic„
1562 3636 1638 3662 text.
1657 3630 1715 3661 5⁴.
2360 3638 2361 3641 ’

2484 1757 2612 1786 'ise-e..
2633 1757 2698 1786 ιιι,

2484 1790 2614 1814 q.n.a.5.

2477 3602 2487 3613 “
2501 3602 2556 3626 Did.
2570 3608 2592 3625 e.
2604 3608 2620 3630 ι,
2635 3607 2659 3624 ιι.
2669 3607 2689 3630 53

2477 3636 2497 3652 ι.
2507 3629 2553 3652 Tu.
2569 3630 2584 3652 Ι.
2596 3636 2616 3652 ι.
