2768 4134
315 251 385 276 112
860 233 1049 271 SUMMA
1078 231 1299 269 CONTRA
1323 230 1608 278 GENTILES,
1639 229 1752 267 CAP.
1774 230 1982 267 XXXVII.-

1068 344 1404 378 Commenta-ia
1435 343 1748 376 Fen-ariensis

365 466 511 488 OSTQUAM
540 455 762 486 determinavit
792 453 927 484 Sanctus
950 452 1096 483 Thomas
1119 451 1159 482 de
1182 450 1382 492 perfectione

313 470 471 532 pdivina
494 500 650 536 absolute,
674 508 763 530 nunc
794 498 834 529 de
865 499 934 538 ipsa
956 496 1148 527 determinat
1170 496 1211 527 ad
1242 496 1382 536 particu-

68 548 281 598 Ξξξνιῇοῐξηᾞεΰῐ·
308 547 389 577 lares
416 544 631 586 perfectiones
659 542 885 574 descendendo
901 543 928 572 *.
962 541 1057 572 Circa
1086 541 1151 572 hoc
1181 546 1291 572 autem
1314 540 1381 571 duo

65 1042 75 1051 ·
91 1041 148 1068 Cap.
166 1047 189 1061 se
209 1056 216 1061 .

309 591 398 621 facit:
422 590 539 631 primo,
564 590 628 630 agit
652 588 691 619 de
721 587 974 629 perfectionibus
1004 585 1045 616 ad
1074 591 1222 616 naturam
1253 591 1284 616 et
1307 586 1383 616 sub-

310 635 457 665 stantiam
480 634 728 675 pertinentibus;
753 632 908 668 secundo,
934 630 974 661 de
996 631 1231 671 pertinentibus
1243 629 1288 660 ad
1303 639 1383 670 ope-

308 680 478 715 rationem,
497 688 566 719 cap.
583 688 665 709 xmv.
691 677 785 708 Circa
807 677 960 717 mimum,
983 676 1042 706 tria
1066 674 1155 706 facit:
1179 675 1298 715 primo,
1319 675 1384 715 agit

309 724 349 755 de
373 725 516 754 bonitate
541 723 662 759 divina;
687 721 841 757 secundo,
866 721 906 751 de
929 721 1062 756 unitate,
1087 729 1157 760 cap.
1173 730 1252 756 xx.11;
1276 720 1382 756 tertio,

311 768 350 799 de
373 767 541 804 infinitate,
566 777 636 808 cap.
653 769 738 797 xmn.

366 813 461 844 Circa
476 813 619 853 primum
641 811 707 842 duo
729 811 817 842 facit:
842 811 960 851 primo,
978 810 1042 850 agit
1058 809 1098 840 de
1114 810 1260 840 bonitate
1275 808 1384 839 divina

310 857 490 888 secundum
513 867 562 893 se;
586 856 741 892 secundo,
765 856 799 886 in
823 854 936 886 ordine
960 853 1000 884 ad
1023 854 1093 890 alia,
1119 863 1190 894 cap.
1213 863 1263 884 11..
1289 853 1384 884 Circa

309 903 452 943 primum
477 901 543 932 duo
567 901 656 932 facit:
681 901 798 941 primo,
816 900 880 940 agit
895 898 935 929 de
950 899 1020 939 ipsa
1043 899 1201 934 bonitate;
1226 897 1382 934 secundo,

309 957 413 978 unum
438 946 643 977 corollarium
666 945 772 981 infert,
789 954 859 984 cap.
875 953 980 974 xxxix.
995 961 1019 965 —
1034 942 1130 974 Circa
1151 943 1295 984 primum
1315 942 1382 973 duo

309 991 398 1022 facit:
423 991 540 1031 primo,
558 989 698 1021 ostendit
721 990 899 1020 bonitatem
923 988 1097 1019 convenire
1113 988 1201 1024 Deo;
1226 986 1382 1023 secundo,

310 1035 400 1077 quod
422 1036 491 1076 ipse
515 1036 555 1066 sit
577 1044 635 1065 sua
658 1035 784 1065 bonitas
799 1035 826 1064 ³.

364 1080 386 1110 Ι.
412 1080 580 1118 Quantum
596 1079 636 1110 ad
655 1079 808 1119 primum,
824 1078 958 1119 ponitur
980 1077 1060 1108 haec
1085 1076 1268 1108 conclusio:
1293 1077 1384 1108 Deus

309 1130 357 1155 est
377 1125 491 1155 bonus.

362 1169 528 1200 Probatur
543 1169 665 1209 pr1'mo.
684 1168 772 1198 Deus
796 1173 844 1198 est
858 1166 1030 1208 perfectus.
1055 1166 1143 1207 Ergo
1164 1171 1212 1197 est
1227 1166 1345 1197 bonuS.
1360 1183 1384 1188 -

308 1214 466 1244 Probatur
481 1213 722 1253 consequentia.
752 1213 843 1243 Tunc
866 1211 1119 1252 unumquodque
1127 1211 1312 1253 perfectum
1337 1215 1385 1242 est

308 1258 438 1299 quando
463 1258 597 1299 attingit
613 1258 788 1298 propriam
812 1257 973 1293 virtutem,
998 1262 1034 1287 ut
1057 1256 1174 1287 dicitur
1197 1255 1382 1297 V11Phys„

307 1309 382 1334 text.
405 1303 454 1333 18.
479 1302 543 1334 Sed
566 1302 665 1333 virtus
687 1303 734 1333 rei
758 1307 806 1333 est
827 1301 861 1333 id
885 1311 953 1342 quo
976 1300 1241 1342 unumquodque
1257 1301 1384 1331 bonum

308 1347 436 1378 dicitur:
462 1353 510 1378 est
540 1347 627 1378 enim
657 1347 757 1378 virtus
787 1356 872 1388 quae
900 1346 1020 1377 bonum
1041 1346 1134 1388 facit
1161 1346 1329 1377 habentem
1353 1350 1385 1376 et

309 1402 389 1433 opus
412 1392 482 1423 eius
505 1391 612 1423 reddit
633 1392 763 1422 bonum.
795 1391 883 1432 Ergo
907 1390 1181 1431 unumquodque,
1201 1389 1383 1422 secundum

307 1437 398 1478 quod
414 1442 461 1468 est
476 1436 668 1478 perfectum,
685 1442 732 1467 est
747 1437 884 1467 bonum.
899 1453 923 1459 -
942 1435 1034 1467 Patet
1048 1436 1146 1466 etiam
1161 1445 1201 1466 ex
1215 1435 1290 1472 hoc,
1307 1435 1384 1476 quia

307 1481 569 1522 unumquodque
593 1482 715 1522 appetit
741 1491 835 1512 suam
862 1479 1098 1521 perfectionem
1127 1486 1284 1521 tanquam
1307 1489 1383 1521 pro-

307 1527 416 1567 prium
440 1527 575 1557 bonum.

365 1571 459 1602 Circa
488 1571 576 1601 illam
606 1571 881 1611 propositionem,
915 1569 1174 1611 Unumquodque
1198 1570 1382 1612 perfectum

308 1615 445 1646 dicimus
460 1615 591 1656 quando
609 1615 743 1657 attingit
759 1615 932 1656 propriam
956 1615 1119 1652 virtutem,
1136 1613 1383 1655 intelligendum

309 1665 356 1690 est
380 1660 470 1701 quod
493 1661 592 1690 virtus
616 1660 746 1701 propria
775 1660 822 1690 rei
854 1660 923 1690 eius
953 1659 1163 1700 consequitur
1193 1659 1381 1690 essentiam:

308 1711 383 1735 sunt
406 1706 493 1735 enim
518 1705 659 1735 diversae
682 1705 815 1735 virtutes
838 1703 1019 1735 secundum
1041 1710 1229 1735 naturarum
1252 1703 1383 1735 diversi-

308 1755 417 1780 tatem.
442 1749 519 1780 ldeo
544 1755 717 1790 antequam
731 1745 863 1789 'aliquid
886 1749 1052 1789 propriam
1074 1749 1227 1779 virtutem
1256 1748 1382 1784 habeat,

309 1795 465 1824 essentiae
489 1794 767 1834 complementum
791 1803 860 1824 non
883 1794 992 1824 habet:
1017 1799 1073 1824 aut
1097 1799 1256 1834 quantum
1272 1793 1313 1824 ad
1334 1794 1383 1824 in-

308 1839 445 1869 trinseca
467 1839 639 1879 pn'ncipia3
664 1844 720 1869 aut
735 1844 894 1878 quantum
918 1838 959 1869 ad
981 1839 1168 1875 extrinseca,
1184 1844 1264 1879 puta
1280 1847 1382 1879 quan-

308 1884 432 1914 titatem
457 1889 488 1913 et
511 1883 709 1919 huiusmodi,
735 1892 818 1923 quae
842 1883 1050 1923 requiruntur
1073 1882 1113 1914 ad
1134 1883 1199 1913 hoc
1222 1888 1259 1913 ut
1282 1883 1382 1913 virtus

309 1928 394 1958 exire
409 1928 511 1968 possit
531 1927 571 1958 ad
595 1937 688 1968 opuS.
714 1927 801 1958 Cum
817 1933 926 1958 autern
945 1927 1067 1967 aliquid
1083 1927 1123 1958 ad
1138 1928 1304 1968 propriam
1320 1928 1381 1958 vir-

307 1977 411 2003 tutem
434 1972 624 2012 pervenerit,
641 1977 678 2002 ut
693 1971 814 2002 scilicet
837 1971 1018 2002 secundum
1034 1981 1107 2002 eam
1123 1971 1249 2012 operari
1269 1972 1381 2012 possit,

308 2016 445 2047 dicimus
468 2021 500 2047 et
523 2016 602 2047 illud
633 2022 765 2047 naturae
796 2016 912 2047 habere
945 2017 1236 2057 complementum,
1264 2022 1296 2047 et
1325 2026 1384 2058 per

309 2070 513 2101 consequens
536 2060 717 2102 perfectum
742 2070 820 2091 esse.

363 2105 523 2137 Secundo.
548 2106 638 2137 Deus
661 2111 709 2136 est
731 2106 873 2146 primum
898 2105 1125 2137 desideratum.
1149 2105 1236 2147 Ergo
1261 2112 1308 2137 est
1324 2106 1383 2136 bo-

307 2160 380 2181 nus.
404 2169 427 2173 —
457 2151 614 2181 Probatur
643 2149 847 2181 antecedens.
878 2150 964 2188 Quia
997 2157 1044 2182 est
1076 2161 1212 2182 movens
1245 2151 1383 2182 omnino

308 2195 487 2232 immobile,
512 2195 603 2235 quod
626 2200 737 2226 movet
760 2195 843 2225 sicut
866 2194 1082 2226 desideratum
1098 2196 1251 2236 primum.
1267 2214 1290 2219 —
1304 2195 1383 2226 Pro-

308 2240 401 2270 batur
425 2249 558 2280 quoque
582 2240 824 2280 consequentia.
855 2239 889 2270 Si
913 2239 1122 2271 desideratur:
1147 2246 1213 2277 aut,
1237 2241 1382 2281 inquam,

308 2290 464 2325 tanquam
479 2285 620 2320 bonum;
641 2289 696 2315 aut
717 2290 872 2324 tanquam
889 2293 1046 2325 apparens
1061 2285 1197 2316 bonum.
1220 2285 1298 2316 Non
1313 2290 1383 2316 tan-

309 2338 408 2370 quam
425 2338 581 2370 apparens
597 2329 736 2359 bonum:
755 2329 832 2369 quia
846 2328 926 2359 illud
942 2339 1010 2360 non
1026 2330 1188 2370 appetitur
1199 2339 1258 2370 per
1269 2339 1313 2366 se,
1326 2329 1383 2361 sed

308 2373 489 2404 secundum
510 2373 600 2414 quod
623 2374 719 2404 habet
742 2373 883 2414 aliquam
911 2375 1053 2414 speciem
1081 2375 1168 2405 boni.
1199 2374 1286 2415 Ergo
1313 2380 1383 2406 tan-

309 2428 407 2460 quam
431 2419 567 2455 bonum,
592 2418 682 2459 quod
705 2427 763 2458 per
786 2418 929 2459 seipsum
952 2424 1072 2450 movet.

369 2463 489 2494 Tertio.
514 2463 603 2494 Deus
628 2469 674 2493 est
698 2472 754 2494 ens
778 2469 861 2494 actu.
886 2463 972 2504 Ergo
990 2470 1037 2494 est
1053 2464 1170 2495 bonus.
1187 2482 1209 2486 —
1225 2463 1382 2495 Probatur

310 2508 551 2548 consequentia.
576 2507 846 2548 Unumquodque
869 2508 1055 2539 naturaliter
1077 2508 1200 2549 appetit
1224 2518 1292 2540 esse
1308 2514 1382 2540 actu

309 2553 489 2583 secundum
523 2562 619 2583 suum
648 2551 800 2583 modum:
833 2552 923 2593 quod
954 2558 1041 2594 patet
1071 2554 1147 2594 quia
1180 2554 1382 2594 corruptioni

307 2597 492 2628 naturaliter
514 2603 681 2638 repugnat.
707 2597 770 2628 Sed
784 2598 904 2628 bonum
921 2603 968 2628 est
982 2597 1071 2639 quod
1086 2598 1196 2629 omnia
1217 2603 1381 2640 appetunt.

308 2642 394 2682 Ergo
419 2652 476 2672 ens
499 2647 572 2672 actu
597 2648 645 2672 est
667 2642 804 2673 bonum.
820 2660 841 2665 -
859 2642 950 2680 Item,
974 2652 1032 2683 per
1054 2643 1270 2684 privationem
1293 2649 1383 2675 actus

307 2687 453 2727 potentia
476 2687 686 2727 consequitur
710 2687 842 2724 malum,
871 2687 961 2728 quod
989 2694 1036 2718 est
1066 2688 1156 2719 bono
1181 2689 1382 2729 oppositum,

307 2737 344 2762 ut
368 2730 483 2762 dicitur
514 2731 557 2762 IX
581 2731 778 2773 Metaphys„
802 2737 878 2763 text.
903 2742 989 2763 com.
1017 2741 1066 2774 19.
1100 2733 1186 2774 Ergo
1219 2739 1308 2764 actus
1335 2738 1383 2764 est

307 2775 472 2817 quoddam
496 2776 632 2807 bonum.

366 2820 504 2857 Quarto.
530 2819 795 2852 Communicatio
827 2831 895 2853 esse
923 2828 955 2853 et
984 2822 1135 2853 bonitatis
1166 2832 1204 2854 ex
1237 2823 1382 2854 bonitate

307 2865 464 2906 procedit.
489 2865 552 2897 Sed
575 2866 655 2896 haec
678 2866 832 2897 convenit
854 2866 937 2898 Deo.
962 2866 1049 2907 Ergo
1066 2872 1113 2898 est
1128 2877 1203 2898 vere
1226 2868 1342 2899 bonus.
1359 2886 1382 2891 -

307 2910 466 2941 Probatur
487 2911 606 2942 minor.
631 2910 717 2948 Quia
740 2910 830 2941 Deus
854 2918 900 2942 est
924 2911 992 2942 aliis
1015 2921 1112 2943 causa
1138 2913 1274 2950 essendi,
1299 2914 1383 2944 sicut

308 2964 364 2986 ens
392 2964 450 2996 per
476 2964 510 2985 se
538 2964 669 2986 necesse
698 2965 777 2986 esse.
805 2973 828 2978 -
855 2956 960 2987 Maior
982 2966 1059 2987 vero
1090 2958 1245 2998 probatur
1263 2957 1381 2999 *dupli-

308 2999 395 3030 citer.
426 2999 547 3036 Primo,
576 3009 614 3030 ex
646 3000 715 3040 ipsa
745 3005 858 3031 natura
887 3001 976 3037 boni,
1004 3001 1096 3038 idest,
1124 3012 1162 3033 ex
1193 3001 1381 3034 conditione

306 3044 459 3075 naturalis
480 3043 568 3075 boni.
594 3043 864 3086 Unumquodque
888 3046 974 3076 enim
999 3055 1067 3077 esse
1092 3052 1123 3077 et
1146 3047 1323 3078 bonitatem
1347 3048 1381 3079 in

307 3088 367 3119 alia
395 3088 548 3120 diffundit
579 3088 719 3130 agendo:
754 3090 846 3121 cuius
875 3090 1032 3122 indicium
1060 3097 1107 3122 est
1134 3091 1225 3132 quod
1252 3092 1380 3132 signum

305 3132 513 3174 perfectionis
544 3133 680 3164 alicuius
707 3140 754 3165 est
783 3134 844 3166 sibi
866 3135 972 3166 simile
997 3145 1096 3176 posse
1120 3137 1317 3177 producere,
1346 3143 1382 3168 ut

307 3177 423 3209 dicitur
438 3178 482 3209 IV
498 3179 734 3210 Meteororum.
759 3179 823 3210 Sed
845 3180 1030 3211 naturaliter
1049 3181 1307 3223 uniuscuiusque
1322 3182 1382 3213 bo-

306 3232 386 3253 num
410 3229 457 3254 est
479 3223 564 3254 actio
586 3229 618 3254 et
633 3222 789 3264 perfectio
814 3225 893 3255 eius.
919 3225 1189 3267 Unumquodque
1205 3227 1303 3257 etiam
1318 3228 1382 3268 agit

307 3276 345 3297 ex
362 3276 402 3298 eo
419 3267 509 3309 quod
526 3273 572 3299 est
588 3273 672 3299 actu.
695 3268 781 3310 Ergo
798 3274 858 3300 etc.
875 3287 898 3291 —
914 3269 1066 3300 Secundo
1090 3271 1244 3311 probatur
1267 3270 1381 3303 eadem

307 3312 410 3342 maior
433 3321 471 3342 ex
495 3313 574 3343 boni
598 3313 732 3344 ratione.
762 3313 857 3344 Ratio
887 3314 966 3344 boni
998 3319 1046 3345 est
1069 3324 1107 3345 ex
1130 3315 1195 3346 hoc
1220 3315 1310 3356 quod
1334 3322 1382 3347 est

307 3357 489 3395 appetibile,
514 3357 605 3397 quod
636 3363 683 3388 est
710 3357 794 3389 finis.
826 3357 890 3389 Sed
920 3357 993 3389 finis
1023 3365 1134 3390 movet
1163 3365 1312 3400 agentem
1342 3361 1381 3392 ad

307 3400 482 3439 agendum:
508 3402 598 3442 quod
627 3407 715 3442 patet
747 3412 785 3433 ex
815 3412 856 3434 eo
888 3403 978 3444 quod
1009 3403 1125 3435 dicitur
1155 3405 1282 3436 bonum
1313 3415 1382 3437 esse

308 3443 492 3476 diffusivum
520 3447 569 3477 sui
600 3456 678 3478 esse.
708 3447 795 3488 Ergo
823 3453 855 3479 et
882 3449 1007 3479 bonum
1034 3454 1145 3480 movet
1168 3455 1317 3490 agentem
1341 3449 1382 3481 ad

308 3489 479 3528 agendum.
505 3490 591 3531 Ergo
616 3497 676 3522 etc.

364 3532 592 3565 Commta-run
609 3536 776 3567 conclusio
793 3537 911 3577 primo,
924 3538 1113 3568 auctoritate
1125 3538 1256 3569 Psalrni:
1275 3538 1381 3575 Quam

306 3576 410 3651 Zmus
443 3583 503 3609 etc.
539 3578 701 3617 Secundo,
736 3582 925 3613 auctoritate
964 3581 1081 3613 Thren.
1106 3592 1154 3614 m:
1188 3583 1303 3615 Bonus
1335 3589 1383 3614 est

341 3631 397 3652 eus
421 3627 480 3653 etc.

1492 449 1529 479 ΙΙ.
1556 448 1651 480 Circa
1673 450 1768 480 istam
1792 451 2064 491 propositionem,
2088 451 2220 482 Bonum
2236 457 2284 483 est
2299 454 2469 494 appetibile
2485 459 2518 485 et

1435 494 1523 531 finis,
1540 494 1677 525 dubium
1693 495 1848 525 occurrit:
1869 501 1980 526 utrum
1995 496 2171 536 appetibile
2187 497 2228 527 sit
2243 498 2419 529 essentialis
2434 500 2515 530 ratio

1437 539 1531 575 boni;
1556 544 1588 570 et
1610 538 1756 570 similiter
1777 539 1862 570 finis.
1886 539 2024 571 Videtur
2046 541 2134 571 enim
2150 541 2243 581 quod
2258 542 2314 573 sic.
2338 542 2425 581 Quia
2443 544 2517 575 ubi-

1438 593 1581 624 cumque
1604 583 1750 624 loquitur
1771 584 1908 615 Sanctus
1924 585 2071 616 Thomas
2086 585 2126 616 de
2141 587 2268 617 ratione
2283 587 2373 624 boni,
2389 597 2517 629 semper

1437 628 1563 659 videtur
1578 629 1668 659 bono
1685 638 1745 669 pro
1769 630 1894 660 ratione
1917 630 2076 670 assignare
2098 631 2260 662 rationem
2282 633 2466 673 appetibilis
2485 638 2518 664 et

1437 673 1524 704 finis:
1549 678 1586 704 ut
1609 678 1698 713 patet
1720 673 1786 704 hoc
1808 674 1896 710 loco,
1920 679 1954 705 et
1975 674 2083 706 Prima
2105 675 2208 713 Parte,
2233 686 2266 717 q.
2281 686 2313 714 v,
2330 687 2360 708 a.
2381 685 2409 714 ι,
2431 678 2516 715 Ver„

1438 729 1470 759 q.
1487 729 1498 749 1
1514 724 1546 749 et
1560 728 1614 748 xxi
1629 719 1657 755 *,
1681 718 1715 748 in
1732 718 1744 748 1
1761 718 1862 755 Sem„
1887 718 1918 749 d.
1934 720 2046 756 1:1¹⁸,
2069 725 2102 751 et
2124 721 2160 751 in
2181 720 2317 752 infinitis
2338 731 2424 763 pene
2447 722 2518 754 aliis

1437 764 1529 795 locis.
1705 776 1707 778 ·

1493 808 1530 838 ln
1554 808 1747 849 oppositum
1776 813 1886 838 autem
1916 813 1974 844 est,
1999 808 2078 848 quia
2099 809 2146 840 sic
2164 819 2211 841 'se
2239 810 2367 842 videtur
2397 812 2518 843 habere

1437 853 1612 894 appetibile
1636 851 1677 883 ad
1699 853 1827 883 bonum
1850 853 1934 883 sicut
1948 852 2074 884 visibile
2089 852 2130 884 ad
2145 854 2306 886 colorem:
2329 857 2414 888 sicut
2429 857 2518 888 enim

1438 898 1530 928 color
1553 903 1601 928 est
1624 898 1791 928 obiectum
1814 898 1913 933 visus,
1929 898 1974 928 ita
1989 898 2115 928 bonum
2139 903 2187 929 est
2210 900 2377 932 obiectum
2399 901 2518 932 volun-

1437 943 1525 979 tatis;
1547 947 1581 973 et
1604 943 1688 973 sicut
1709 942 1835 973 visibile
1858 942 2049 973 denominat
2067 943 2176 983 ipsum
2192 943 2339 976 colorem
2353 946 2388 976 in
2403 946 2518 978 ordine

1437 986 1480 1018 ad
1501 987 1618 1024 visum,
1642 988 1686 1018 ita
1709 987 1884 1028 appetibile
1907 986 2098 1018 denominat
2120 987 2247 1020 bonum
2273 989 2309 1020 in
2340 990 2454 1022 ordine
2477 990 2519 1022 ad

1437 1032 1628 1072 appetitum.
1653 1031 1719 1063 Sed
1741 1032 1866 1063 visibile
1894 1041 1965 1063 non
1995 1037 2044 1062 est
2074 1033 2251 1064 essentialis
2275 1034 2358 1065 ratio
2387 1035 2518 1073 coloris,

1437 1075 1496 1107 sed
1518 1077 1588 1107 eius
1611 1077 1733 1117 passio:
1757 1076 1846 1108 unde
1869 1077 1930 1108 ism
1951 1086 2021 1107 non
2045 1082 2094 1108 est
2107 1078 2143 1107 in
2158 1078 2266 1118 primo
2281 1078 2395 1115 modo,
2415 1079 2520 1111 Color

1437 1126 1486 1152 est
1508 1121 1653 1158 visibilis,
1679 1127 1715 1152 ut
1737 1123 1826 1162 p'atet
1841 1121 1868 1152 11
1885 1121 1925 1152 de
1940 1121 2060 1152 Anima
2075 1122 2103 1152 *.
2127 1121 2215 1163 Ergo
2238 1123 2385 1155 similiter
2403 1125 2463 1155 erit
2477 1123 2520 1156 de

1438 1166 1615 1207 appetibili.
2303 1195 2305 1197 ,
2383 1194 2387 1198 ,

1494 1210 1590 1242 Circa
1613 1211 1774 1242 rationem
1797 1211 1895 1242 etiam
1918 1210 2023 1251 ipsam
2054 1210 2196 1242 occurrit
2225 1211 2364 1244 dubium
2378 1214 2407 1244 ⁸.
2431 1213 2519 1252 Quia

1437 1255 1472 1286 in
1495 1255 1707 1287 antecedente
1728 1256 1823 1296 loqui
1845 1255 1973 1286 videtur
1992 1255 2129 1287 Sanctus
2144 1256 2292 1288 Thomas
2307 1257 2348 1289 de
2363 1267 2520 1299 processu

1438 1300 1590 1332 bonitatis
1613 1300 1654 1331 ab
1677 1300 1789 1341 aliquo
1819 1306 1977 1341 tanquam
1999 1309 2019 1331 a
2041 1310 2138 1331 causa
2168 1300 2338 1333 efficiente.
2365 1302 2520 1335 Probatio

1437 1350 1548 1376 autem
1570 1351 1736 1386 assumpta
1759 1355 1798 1376 ex
1820 1345 1947 1376 ratione
1970 1345 2050 1376 boni
2072 1345 2222 1386 procedit
2250 1346 2292 1378 de
2321 1356 2477 1388 processu
2500 1358 2520 1380 a

1437 1390 1528 1420 bono
1551 1395 1707 1430 tanquam
1730 1400 1749 1421 a
1773 1399 1869 1421 causa
1891 1389 1996 1421 finali:
2023 1399 2102 1421 narn
2131 1390 2215 1422 hanc
2245 1392 2519 1432 propositionem,

1436 1434 1568 1466 Bonum
1584 1440 1633 1466 est
1647 1435 1836 1476 diffusivum
1854 1435 1908 1466 sui
1922 1444 2001 1471 esse,
2024 1435 2252 1475 interpretatur
2274 1436 2412 1468 Sanctus
2427 1437 2522 1470 Tho·

1437 1489 1507 1510 mas
1522 1479 1744 1517 PrimaParte,
1757 1489 1790 1520 q.
1801 1490 1833 1516 v,
1849 1489 1878 1511 a.
1891 1489 1924 1519 4,
1940 1479 1981 1511 ad
1998 1489 2029 1516 2,
2045 1485 2078 1511 et
2095 1480 2203 1516 Ver-it„
2216 1490 2325 1521 q.xxi‚
2341 1491 2370 1513 a.
2391 1481 2520 1523 1,ad4,

1438 1523 1479 1555 de
1502 1523 1676 1556 diffusione
1698 1534 1768 1556 non
1791 1534 1849 1565 per
1871 1524 2010 1556 modum
2034 1523 2212 1562 efficientis,
2228 1525 2286 1557 sed
2303 1535 2362 1567 per
2379 1526 2523 1559 modum

1438 1578 1554 1599 causae
1577 1568 1691 1600 finalis.

1495 1613 1546 1644 111.
1563 1613 1616 1644 Ad
1632 1613 1827 1645 evidentiam
1842 1614 1939 1655 primi
1958 1613 2049 1644 dubii
2073 1614 2346 1646 considerandum
2362 1621 2410 1647 est
2425 1615 2518 1658 quod

1437 1659 1471 1689 in
1495 1658 1642 1690 doctrina
1665 1658 1774 1690 Sancti
1797 1658 1948 1690 Thomae
1978 1658 2195 1690 diversimode
2225 1659 2405 1692 declaratur
2426 1671 2446 1692 a
2468 1660 2517 1692 di-

1435 1703 1535 1735 versis
1569 1703 1741 1744 quomodo
1773 1704 1900 1735 bonum
1932 1703 1972 1734 sit
2002 1703 2187 1744 appetibile.
2218 1704 2386 1736 Hervaeus
2417 1706 2516 1743 enim,

1440 1747 1593 1785 Quolibet
1607 1747 1660 1785 111,
1677 1758 1709 1789 q.
1725 1757 1759 1785 n,
1777 1747 1917 1779 declinat
1932 1747 1972 1778 ad
1987 1748 2052 1779 hoc
2069 1747 2160 1788 quod
2178 1749 2260 1780 ratio
2283 1750 2364 1781 boni
2379 1750 2420 1781 sit
2434 1751 2516 1782 ratio

1437 1793 1574 1824 omnino
1599 1793 1756 1828 absoluta,
1779 1793 1908 1824 nullum
1931 1792 2102 1823 includens
2124 1799 2319 1834 respectum.
2343 1795 2386 1826 Et
2401 1805 2517 1827 conse-

1437 1843 1575 1878 quenter
1597 1838 1783 1878 appetibile,
1807 1837 1899 1878 quod
1922 1838 2076 1878 importat
2105 1838 2330 1870 habitudinem
2353 1839 2394 1871 ad
2416 1849 2517 1882 appe-

1437 1883 1543 1918 titum,
1567 1892 1637 1913 non
1662 1887 1709 1913 est
1732 1881 1773 1913 de
1797 1882 1958 1913 essentiali
1980 1882 2105 1913 ratione
2129 1882 2218 1914 boni.

1493 1926 1674 1968 Capreolus
1699 1936 1786 1963 vero,
1812 1927 1823 1957 l
1848 1926 1947 1963 Sent„
1971 1926 2002 1958 d.
2019 1936 2064 1964 m,
2081 1936 2113 1967 q.
2129 1928 2204 1964 ιη’,
2227 1927 2298 1959 vult
2320 1928 2413 1970 quod
2429 1929 2516 1972 ratip

1437 1972 1516 2002 boni
1539 1972 1580 2002 sit
1602 1972 1795 2012 respectiva:
1818 1980 1888 2002 non
1911 1971 2044 2012 quidem
2068 1976 2225 2013 tanquam
2240 1972 2353 2005 dicens
2365 1979 2517 2016 pure-nv-

1437 2021 1596 2057 spectum‚
1621 2015 1678 2047 sed
1704 2022 1860 2057 tanquam
1892 2015 2003 2047 dicens
2033 2016 2221 2048 absolutum
2250 2027 2329 2049 cum
2354 2010 2516 2061 retest&

1437 2060 1532 2092 Unde
1556 2061 1635 2092 dicit
1657 2061 1776 2102 primo,
1801 2060 1892 2102 quod
1915 2061 2041 2092 bonum
2064 2061 2099 2092 in
2125 2070 2184 2092 sua
2205 2056 2517 2107 rationeeesseu'ffiifii

1436 2105 1573 2138 includit
1602 2106 1793 2147 appetibile;
1825 2111 1858 2137 et
1888 2105 1981 2147 quod
2009 2106 2070 2138 ista
2097 2107 2293 2147 propositio,
2314 2106 2519 2146 Bonnam&

1437 2151 1617 2192 appetibile,
1645 2156 1693 2182 est
1719 2160 1777 2192 per
1803 2160 1838 2182 se
1861 2151 1895 2182 in
1923 2151 2030 2192 primo
2053 2150 2167 2183 modo.
2192 2169 2217 2174 —
2242 2151 2330 2184 Dicit
2358 2153 2518 2192 secundo,

1438 2196 1528 2237 quod
1546 2205 1616 2227 non
1640 2201 1688 2227 est
1711 2195 1815 2227 simile
1839 2195 1879 2226 de
1903 2195 2014 2227 colore
2038 2201 2071 2227 et
2092 2195 2220 2232 visibili.
2244 2202 2277 2228 et
2300 2196 2340 2228 de
2370 2198 2468 2239 botilo¹
2485 2203 2518 2242 et

1437 2241 1614 2281 appetibili.
1639 2240 1726 2279 Quia
1749 2241 1842 2272 color
1863 2240 2013 2271 nominat
2035 2241 2145 2282 ipsum
2168 2240 2260 2282 quod
2283 2247 2332 2272 est
2349 2242 2518 2275 obiectum

1437 2295 1574 2316 movens
1588 2286 1706 2322 visum,
1723 2285 1764 2316 ad
1779 2285 1870 2326 quod
1887 2285 2033 2326 sequitur
2054 2284 2179 2316 visibile
2201 2285 2286 2317 sicut
2301 2287 2371 2318 eius
2386 2287 2512 2327 passio:

1437 2331 1563 2361 bonum
1579 2336 1688 2361 autem
1703 2339 1773 2361 non
1787 2330 1937 2361 nominat
1959 2331 2102 2371 praecise
2124 2328 2158 2361 id
2178 2329 2270 2371 quod
2285 2336 2334 2362 est
2348 2331 2517 2364 obiectum

1436 2375 1600 2406 motivum
1623 2375 1796 2416 appetitus,
1813 2374 1870 2406 sed
1885 2374 1962 2406 dicit
1978 2380 2011 2406 et
2024 2374 2058 2406 id
2075 2373 2167 2416 quod
2190 2381 2238 2406 est
2261 2376 2429 2408 obiectum
2441 2386 2517 2413 mo-

1436 2421 1540 2451 tivum
1563 2420 1739 2451 voluntatis
1754 2425 1787 2451 et
1801 2419 2025 2451 habitudinem
2041 2419 2083 2451 ad
2097 2419 2293 2460 appetitum;
2310 2420 2399 2452 unde
2412 2421 2517 2465 magis

1436 2465 1636 2496 assimilatur.
1658 2465 1783 2495 bonum
1814 2465 1890 2495 huic
1921 2470 2104 2505 aggregato,
2129 2463 2224 2495 color
2247 2465 2391 2502 visibilis,
2415 2464 2516 2508 quam

1436 2509 1497 2540 soli
1521 2509 1634 2540 colori.
1659 2509 1701 2540 Et
1723 2514 1857 2550 propter
1872 2509 1936 2540 hoc
1955 2509 2014 2540 ista
2038 2515 2087 2540 est
2109 2509 2285 2541 essentialis
2308 2509 2515 2552 praedicasti,

1435 2553 1566 2585 Bonum
1590 2559 1639 2585 est
1661 2554 1848 2596 appetibile:
1870 2563 1939 2584 non
1963 2560 2071 2585 autem
2095 2555 2165 2590 ista,
2188 2554 2294 2585 Color
2307 2560 2356 2586 est
2370 2551 2515 2590 νὶεῦῧὺ.

1491 2599 1545 2631 IV.
1570 2598 1644 2635 Sed,
1668 2599 1743 2630 licet
1765 2604 1914 2630 auctores
1937 2599 2052 2630 harum
2075 2598 2275 2640 opinionum
2290 2600 2355 2632 sint
2369 2600 2518 2633 omni-x

1435 2649 1524 2685 parte
1548 2643 1737 2680 doctissimi,
1754 2653 1822 2674 non
1838 2643 1966 2674 videtur
1981 2649 2089 2675 tamen
2106 2643 2186 2676 mihi
2204 2644 2297 2686 quod
2311 2644 2352 2676 ad
2371 2650 2517 2678 mentem

1436 2688 1544 2720 Sancti
1569 2689 1718 2719 Thomae
1741 2689 1776 2719 in
1799 2688 1859 2719 hac
1882 2697 1916 2719 re
1939 2687 2127 2730 loquantur.
2152 2688 2254 2728 Quod
2277 2690 2367 2722 enim
2389 2690 2517 2728 bonum

1435 2743 1503 2764 non
1521 2732 1605 2765 dicat
1622 2743 1702 2774 pure
1719 2732 1916 2770 absolutum,
1933 2733 2007 2764 satis
2023 2733 2126 2775 liquet
2141 2734 2175 2765 in
2192 2733 2267 2773 QQ.
2279 2734 2320 2766 de
2333 2734 2442 2772 Verit„
2459 2743 2491 2779 q.
2503 2744 2516 2766 r

1436 2783 1467 2809 et
1480 2787 1511 2819 q.
1520 2788 1583 2815 xxi,
1596 2778 1652 2809 ubi
1664 2777 1801 2809 Sanctus
1809 2777 1955 2809 Thomas
1966 2779 2062 2819 ponit
2071 2787 2187 2810 verum
2201 2783 2234 2810 et
2250 2779 2377 2811 bonum
2389 2777 2516 2811 differre

1435 2823 1560 2854 ratione
1581 2824 1621 2854 ab
1637 2828 1712 2854 ente
1735 2823 1811 2863 quia
1836 2822 1876 2853 ad
1899 2823 2058 2854 rationem
2082 2823 2165 2854 entis
2188 2823 2312 2855 addunt
2330 2829 2516 2865 respectum

1435 2869 1578 2900 rationis.
1607 2868 1783 2909 Propterea
1812 2868 1896 2899 bene
1925 2867 2022 2899 solvit
2052 2867 2244 2909 Capreolus,
2267 2869 2302 2900 in
2324 2877 2420 2900 xxxiv
2442 2867 2515 2910 din.

1436 2912 1578 2944 Secundi
1589 2914 1616 2950 ⁹,
1629 2918 1663 2944 et
1673 2914 1708 2944 in
1719 2912 1796 2944 loeo
1807 2912 2034 2953 praeallegato,
2046 2914 2186 2944 rationes
2196 2922 2258 2954 pro
2270 2914 2330 2945 ista
2344 2913 2515 2954 opinione.

1491 2957 1592 2997 Quod
1616 2963 1725 2989 autem
1748 2957 1862 2989 relatio
1885 2958 2059 2998 importata
2081 2958 2218 2989 nomine
2241 2958 2423 3000 appetibilis
2444 2967 2516 3005 non

1435 3003 1475 3033 sit
1498 3002 1538 3034 de
1562 3002 1722 3034 essentiali
1753 3002 1879 3043 ratione
1910 3002 1998 3039 boni,
2023 3001 2080 3033 sed
2103 3002 2263 3034 rationem
2293 3002 2373 3034 boni
2399 3011 2515 3035 conse—

1436 3053 1564 3088 quatur,
1579 3051 1669 3088 patet
1693 3056 1731 3078 ex
1746 3047 1785 3077 iis
1801 3056 1886 3088 quae
1901 3046 2009 3088 inquit
2024 3046 2161 3078 Sanctus
2177 3045 2323 3079 Thomas
2339 3046 2352 3078 1
2366 3046 2472 3079 Etbic.
2485 3046 2514 3085 ⁶,
2541 3051 2551 3061 ·

1435 3092 1502 3128 ubi,
1519 3101 1686 3133 exponens
1702 3091 1786 3122 hanc
1802 3091 2073 3133 propositionem,
2089 3091 2221 3123 Bonum
2237 3096 2286 3124 est
2298 3091 2389 3134 quod
2401 3091 2515 3123 omnia

1434 3141 1600 3178 appetunt,
1618 3138 1662 3168 ait
1677 3135 1769 3177 quod
1787 3136 1898 3177 prima
1914 3145 1981 3168 non
1992 3142 2134 3177 possunt
2147 3137 2314 3179 notificari
2322 3145 2388 3178 per
2401 3135 2515 3178 aliqu

1428 3183 1560 3223 prlora,
1584 3181 1642 3213 sed
1665 3181 1879 3223 notificantur
1893 3191 1959 3222 per
1974 3181 2176 3222 posteriora,
2197 3181 2284 3213 sicut
2309 3189 2430 3212 causae
2449 3190 2515 3222 per

1428 3226 1588 3268 proprios
1619 3226 1762 3268 effectus.
1794 3225 1840 3257 Et
1868 3235 1942 3257 cum
1971 3226 2092 3257 bonum
2114 3225 2255 3268 proprie
2281 3225 2326 3257 sit
2357 3225 2513 3258 motivum

1434 3271 1604 3313 appetitus,
1621 3271 1817 3302 describitur
1832 3281 1898 3312 per
1912 3274 2033 3302 motum
2050 3270 2219 3312 appetitus,
2235 3269 2320 3302 sicut
2341 3269 2426 3301 solet
2444 3279 2513 3301 ma-

1436 3316 1588 3359 nifestari
1612 3315 1716 3347 virtus
1739 3315 1861 3346 motiva
1878 3324 1944 3356 per
1965 3319 2098 3346 motum.
2123 3314 2172 3346 Ex
2195 3314 2314 3356 quibus
2337 3313 2392 3345 dat
2418 3314 2512 3347 intel-

1434 3361 1532 3402 ligere
1557 3360 1648 3401 quod
1671 3369 1741 3392 esse
1764 3359 1939 3401 appetibile
1961 3368 2030 3390 non
2053 3363 2101 3390 eat
2123 3358 2300 3390 essentialis
2323 3358 2405 3390 ratio
2421 3359 2511 3397 boni,

1434 3405 1491 3437 sed
1521 3406 1733 3446 consequitur
1763 3405 1930 3446 propriam
1962 3404 2041 3435 boni
2071 3404 2242 3440 rationem,
2273 3404 2356 3435 sicut
2387 3404 2513 3436 visibile

1435 3450 1646 3491 consequitur
1669 3449 1824 3485 colorem,
1849 3449 1906 3490 qui
1929 3453 1977 3479 est
2000 3448 2166 3479 obiectum
2189 3448 2350 3479 motivum
2373 3448 2469 3480 visus.
2489 3466 2513 3471 -

1435 3495 1477 3526 Et
1499 3495 1564 3526 hoc
1587 3495 1685 3526 etiam
1714 3494 1853 3535 ipsemet
1882 3492 2073 3533 Capreolus,
2097 3492 2214 3524 melius
2242 3493 2384 3524 sentiens
2411 3502 2511 3534 quam

1435 3540 1469 3570 in
1492 3539 1504 3570 1
1529 3539 1628 3576 Sent.,
1652 3539 1757 3570 tenuit
1779 3538 1814 3569 in
1837 3537 1875 3573 11,
1899 3536 1930 3568 d.
1947 3546 2051 3568 xxxxv.

1491 3583 1627 3625 Propter
1650 3582 1742 3625 quod
1763 3581 1891 3614 videtur
1913 3581 1994 3613 mihi
2018 3580 2193 3613 dicendum
2217 3581 2310 3624 quod
2340 3581 2512 3624 appetibile

1437 3628 1608 3670 dupliciter
1637 3632 1745 3669 potest
1775 3626 1893 3667 accipi:
1925 3635 1994 3657 uno
2024 3625 2137 3663 modo,
2170 3625 2358 3664 formaliter,
2381 3636 2443 3668 pro
2473 3636 2512 3658 ea

2545 723 2554 732 '
2566 721 2615 750 Qu.
2624 728 2670 750 1,..
2683 730 2700 750 ι;
2710 729 2761 751 xxi,

2544 754 2565 770 a.
2579 756 2598 771 ι.
2608 755 2629 772 a.

2544 776 2565 787 “
2587 775 2634 804 Qu.
2657 782 2679 802 v,
2698 782 2720 798 ι.
2740 784 2762 804 ι,

2545 802 2574 825 ad
2589 809 2611 825 ι.

2545 1129 2556 1139 ·
2561 1127 2660 1157 Cnpxn,
2667 1134 2687 1156 ις
2694 1127 2763 1153 ιη.

2545 1155 2562 1177 1.
2573 1162 2609 1183 ι4.

2545 1218 2556 1229 ·
2570 1216 2608 1240 Cf.
2623 1223 2647 1240 n.
2657 1223 2680 1240 v.

2542 2918 2553 2928 ·
2567 2917 2617 2946 Qu.
2627 2923 2644 2945 ι,
2658 2923 2681 2940 ι.
2691 2923 2715 2947 3.
