2768 4134
14 915 15 918 ,
32 899 44 909 ”
57 897 111 920 Did.
121 897 161 920 lib.
172 897 213 924 111,
223 903 249 925 n,

5 926 8 930 ’
29 930 60 955 ῥς
74 930 94 946 ι.
104 922 150 946 Th.
164 924 179 946 1.
191 930 212 946 ι.

16 1108 20 1130 '=
29 1117 44 1130 ⁴¹
55 1115 118 1139 Vide
127 1122 152 1139 n.
161 1117 250 1140 abuius

5 1160 8 1167 .
32 1148 121 1175 pana„
135 1142 189 1166 fine.

38 3167 40 3190 3
57 3150 246 3177 Vld.Ave=·roem

53 3186 63 3196 ·
157 3170 259 3203 niani
306 3167 309 3169 .

187 3214 258 3256 :w

676 286 865 323 SUMMA
894 286 1116 325 CONTRA
1145 287 1419 334 GENTILES,
1447 289 1542 326 LIB.
1562 290 1604 335 11,
1635 289 1745 327 CAP.
1765 290 1897 335 LXVI,
1917 290 2068 327 LXVII.

276 363 556 394 continuationem
571 364 677 401 habet,
694 370 827 405 propter
842 374 940 405 quam
956 371 988 396 et
1007 375 1119 396 sensus
1139 366 1347 406 particularis,

274 412 355 448 puta
378 407 474 443 visus,
491 408 667 449 aliquando
684 410 815 440 sortitur
829 419 966 447 nomen;
987 410 1050 440 alio
1072 409 1185 446 modo,
1200 420 1260 451 pro
1276 411 1348 451 ipso

275 460 374 482 sensu
397 452 582 492 particulari
605 453 788 484 secundum
810 463 854 490 se,
878 459 915 484 ut
938 464 956 484 a
973 455 1142 485 communi
1165 464 1262 485 sensu
1285 455 1348 486 dis-

275 495 443 535 tinguitur.

332 549 364 579 4.
388 539 423 571 Si
445 541 551 581 primo
567 540 669 572 modo
691 542 887 581 accipiamus
903 551 1034 572 sensum
1050 542 1285 585 particularem,
1302 543 1348 573 sic

275 593 389 615 sensus
410 585 508 615 sentit
528 595 564 615 se
585 586 715 616 sentire.
740 585 828 616 Cum
850 587 938 616 enim
958 595 1071 616 sensus
1094 588 1288 623 communis,
1311 592 1349 617 ut

276 629 474 669 principium
496 629 583 659 visus
607 634 639 659 et
661 631 817 661 terminus
839 630 981 666 visionis,
1001 629 1125 661 dicatur
1148 631 1244 667 visus,
1269 630 1347 661 dici-

275 682 350 703 mus
374 672 465 713 quod
488 673 576 703 visus
599 673 684 704 videt
705 684 740 704 se
763 674 891 705 videre:
912 675 1034 707 scilicet
1057 680 1215 714 quantum
1239 675 1280 706 ad
1302 684 1346 705 an

276 722 333 752 est,
362 726 431 747 non
454 723 563 748 autem
587 718 663 758 quia
691 724 866 758 cognoscat
896 718 1109 758 quidditatem
1136 719 1278 749 visionis.
1307 719 1348 749 Et

275 761 341 791 hoc
352 760 454 792 modo
470 762 626 792 intellexit
638 762 773 793 Sanctus
786 763 941 799 Thomas,
956 763 991 793 in
1005 763 1086 793 locis
1101 762 1252 803 allegatis,
1269 763 1348 794 dum

277 803 356 835 dixit
378 815 508 836 sensum
531 816 731 848 cognoscere
752 816 787 838 se
809 807 938 838 sentire.

333 849 385 880 Ad
414 850 502 881 hunc
532 860 664 882 sensum
695 851 774 882 dixit
806 851 1065 888 Commentator,
1096 850 1124 881 11
1150 851 1190 881 de
1216 851 1346 887 Anima,

276 897 352 924 text.
380 894 442 935 139
455 896 482 932 *‚
510 895 601 935 quod
632 905 754 932 sensus,
785 895 867 926 idest
893 896 1101 932 sensationes‚
1128 900 1257 925 movent
1282 896 1348 926 vir·-

276 942 360 968 tutes
381 939 467 970 sicut
487 940 652 971 sensibilia
674 949 758 981 quae
779 945 856 971 sunt
878 945 973 971 extra
989 944 1118 970 movent
1139 947 1269 970 sensus:
1291 949 1349 980 per

276 982 412 1014 virtutes
426 985 514 1015 enim
529 984 678 1024 intelligit
693 994 825 1015 sensum
841 993 1053 1015 communem
1068 989 1106 1014 ut
1121 983 1348 1015 continuatum

275 1028 423 1059 sensibus
439 1029 693 1069 particularibus.
707 1029 748 1060 Et
764 1029 908 1060 similiter
923 1027 1123 1068 intelligendi
1133 1033 1209 1058 sunt
1224 1029 1348 1069 antiqui

277 1073 477 1112 expositores
501 1072 643 1104 dicentes
668 1074 824 1113 quoniam
847 1082 961 1104 sensus
982 1073 1080 1103 sentit
1101 1081 1136 1103 se
1157 1072 1287 1103 sentire.

332 1116 428 1148 Unde
450 1118 485 1148 in
507 1116 573 1148 fine
597 1118 808 1157 expositionis
831 1122 936 1148 textus
957 1116 1017 1147 138
1031 1118 1058 1153 ἢ
1086 1117 1192 1156 inquit
1212 1115 1348 1147 Sanctus

275 1160 422 1192 Thomas
446 1161 537 1202 quod
553 1162 703 1202 potentia
726 1162 784 1192 illa
807 1171 872 1203 qua
895 1160 1040 1192 videmus
1063 1170 1123 1191 nos
1147 1160 1265 1197 videre,
1282 1171 1347 1191 non

276 1209 324 1236 est
346 1211 506 1237 extranea
529 1215 549 1236 a
566 1206 717 1246 potentia
739 1206 852 1242 visiva,
868 1207 925 1237 sed
939 1206 1051 1247 differt
1066 1206 1196 1236 ratione
1211 1205 1251 1236 ab
1267 1205 1347 1246 ipsa.

275 1249 378 1288 Quod
400 1259 462 1290 ego
485 1251 531 1280 sic
553 1250 710 1290 intelligo,
734 1260 803 1281 non
833 1250 924 1290 quod
953 1251 1099 1292 potentia
1129 1251 1349 1290 cognoscitiva

274 1294 409 1324 visionis
424 1295 465 1324 sit
480 1295 617 1326 omnino
633 1294 722 1326 idem
737 1295 919 1325 secundum
941 1305 1010 1325 rem
1034 1304 1110 1326 cum
1133 1296 1204 1325 visu
1229 1295 1286 1335 qui
1301 1299 1349 1324 est

275 1347 388 1381 sensus
411 1339 620 1379 particulam,
637 1345 669 1370 et
684 1339 897 1379 distinguatur
919 1345 1045 1370 tantum
1068 1349 1126 1379 per
1149 1349 1233 1380 opus
1255 1338 1349 1369 intel-

274 1382 395 1413 lectus:
427 1382 484 1413 sed
513 1383 590 1423 quia
618 1383 690 1414 talis
719 1384 876 1423 potentia,
903 1383 978 1414 licet
1006 1383 1187 1414 secundum
1218 1392 1287 1413 rem
1318 1387 1350 1412 et

275 1427 423 1458 subiecto
451 1426 665 1467 distinguatur
694 1437 713 1457 a
735 1428 806 1458 visu
837 1428 1029 1467 particulari,
1053 1433 1162 1457 tamen
1191 1432 1350 1467 quantum

276 1470 318 1502 ad
339 1480 432 1502 suam
455 1472 682 1511 operationem
705 1477 737 1501 et
760 1477 919 1511 quantum
943 1471 983 1502 ad
1006 1472 1157 1501 virtutem
1180 1469 1349 1506 sentiendi,

275 1515 373 1546 habet
396 1516 643 1546 continuitatem
658 1514 823 1556 quandam
847 1520 879 1546 et
902 1515 1144 1554 colligationem
1167 1524 1243 1546 cum
1266 1515 1350 1555 ipso,

276 1568 318 1590 eo
341 1559 434 1599 quod
462 1560 503 1589 sit
531 1558 620 1589 radix
650 1559 836 1590 communis
866 1568 1021 1589 sensuum
1051 1559 1292 1599 particularium
1320 1563 1352 1588 et

276 1604 463 1634 communis
485 1603 643 1633 terminus
667 1604 817 1634 omnium
845 1603 1046 1633 sensibilium
1069 1603 1351 1638 immutationum

276 1652 310 1678 et
332 1656 372 1677 ex
395 1647 620 1686 consequenti,
636 1647 682 1677 sic
701 1646 908 1687 distinguitur
927 1656 945 1677 a
968 1647 1040 1677 visu
1062 1646 1246 1686 particulari
1269 1647 1352 1677 sicut

275 1690 365 1722 radix
389 1701 408 1721 a
430 1700 532 1727 ramo,
557 1696 589 1721 et
615 1692 699 1721 sicut
729 1690 927 1731 principium
956 1696 987 1720 et
1017 1689 1090 1720 finis
1113 1691 1217 1721 lineae
1240 1690 1352 1720 distin-

275 1735 386 1776 guitur
408 1745 427 1766 a
448 1735 544 1765 linea.
568 1734 659 1766 Sicut
682 1735 780 1771 enim,
799 1734 874 1765 licet
898 1739 1058 1775 punctum
1081 1734 1172 1775 quod
1195 1739 1243 1765 est
1265 1735 1352 1775 prin-

276 1779 401 1821 cipium
424 1784 480 1810 aut
503 1778 576 1809 finis
606 1779 701 1815 linea,
733 1780 773 1810 sit
803 1779 865 1809 alia
895 1779 1009 1809 entitas
1036 1788 1136 1819 quam
1169 1779 1209 1809 sit
1238 1779 1353 1809 entitas

275 1823 392 1861 lineae,
414 1833 485 1855 non
507 1829 617 1854 tamen
640 1824 686 1854 sic
710 1829 758 1854 est
787 1828 976 1854 extraneum
1004 1833 1023 1853 a
1049 1823 1134 1854 linea
1158 1823 1250 1863 quasi
1272 1823 1353 1854 nihil

273 1869 436 1910 pertineat
459 1867 500 1899 ad
522 1868 653 1904 lineam,
668 1868 772 1898 immo
788 1873 837 1898 est
857 1867 981 1908 aliquid
996 1868 1076 1904 eim,
1093 1868 1215 1898 scilicet
1234 1868 1353 1908 princi-

275 1913 370 1955 pium
385 1918 441 1943 aut
455 1911 546 1948 finis;
563 1913 620 1948 sic,
643 1912 720 1943 licet
742 1921 855 1942 sensus
879 1912 1074 1948 communis,
1095 1911 1135 1942 ad
1158 1920 1258 1952 quem
1280 1921 1353 1952 per-

276 1957 359 1989 tinet
373 1965 572 1997 cognoscere
588 1956 731 1987 actiones
747 1965 902 1987 sensuum
917 1956 1136 1997 propriorum,
1153 1956 1193 1986 sit
1207 1956 1354 1995 potentia

277 2000 404 2032 realiter
427 2010 445 2031 a
467 2000 651 2041 particulari
674 2001 745 2030 visu
769 1999 917 2030 distincta
944 2005 975 2030 et
1002 1999 1089 2030 aliud
1116 2000 1237 2030 habens
1261 2009 1353 2040 orga-

276 2054 369 2082 num,
393 2054 470 2076 cum
492 2053 559 2075 una
581 2044 622 2074 sit
643 2044 678 2074 in
701 2044 804 2085 prima
828 2043 943 2075 cellula
959 2044 1082 2084 capitis,
1098 2043 1159 2074 alia
1181 2044 1215 2075 in
1232 2044 1351 2079 oculis;

277 2099 349 2121 non
371 2095 420 2120 est
445 2094 555 2119 tamen
582 2098 602 2118 a
627 2089 700 2119 visu
729 2089 867 2119 omnino
895 2093 1055 2124 extranea,
1080 2088 1182 2119 immo
1206 2094 1254 2119 est
1284 2089 1353 2118 eius

277 2133 378 2171 radix,
401 2134 470 2164 sive
492 2133 690 2173 principium
709 2138 741 2163 et
763 2133 867 2173 origo,
891 2138 989 2172 atque
1012 2133 1110 2163 etiam
1133 2133 1202 2163 eius
1225 2132 1298 2163 finis
1322 2138 1354 2163 et

279 2179 437 2209 terminus
460 2182 620 2218 quantum
643 2176 684 2207 ad
706 2177 978 2208 immutationem.
1003 2177 1045 2207 Et
1066 2177 1131 2207 hoc
1154 2182 1250 2207 vocat
1273 2176 1352 2207 San-

279 2228 351 2254 ctus
374 2221 521 2253 Thomas
544 2221 703 2263 distingui
732 2221 772 2252 ab
795 2221 863 2252 alio
886 2220 1062 2252 secundum
1094 2221 1264 2256 rationem,
1289 2221 1353 2251 hoc

278 2266 373 2298 loco:
397 2275 467 2298 non
498 2275 568 2296 esse
585 2266 719 2297 ,scilicet
749 2266 886 2296 omnino
916 2270 1103 2295 extraneum
1131 2265 1170 2295 ab
1198 2265 1273 2301 alio,
1297 2264 1354 2295 sed

279 2319 351 2342 ase
366 2309 490 2351 aliquid
505 2310 584 2346 eius,
602 2319 643 2341 eo
659 2309 760 2341 modo
777 2319 845 2351 quo
861 2308 1043 2340 diceremus
1057 2315 1218 2350 punctum
1235 2319 1253 2339 a
1268 2309 1353 2340 linea

278 2355 405 2386 ratione
429 2354 592 2395 distingui.

338 2399 368 2430 5.
392 2399 427 2430 Si
449 2408 528 2429 vero
551 2397 696 2429 secundo
724 2397 826 2429 modo
856 2407 989 2429 sensum
1019 2397 1247 2438 particularem
1269 2398 1353 2428 acci-

278 2445 418 2485 piamus,
441 2444 488 2474 sic
505 2453 618 2474 sensus
637 2452 702 2473 non
718 2443 816 2473 sentit
829 2452 864 2473 se
878 2442 1008 2473 sentire.
1032 2442 1074 2473 Et
1097 2441 1160 2473 hoc
1182 2441 1284 2473 modo
1301 2451 1352 2472 ac-

281 2488 360 2530 cipit
382 2487 518 2520 Sanctus
542 2487 687 2518 Thomas
710 2496 839 2518 sensum
863 2487 927 2518 hoc
950 2487 1038 2518 loco.

2391 291 2469 339 439

1458 367 1497 398 V.
1522 367 1623 406 Quod
1646 374 1754 399 autem
1777 369 1835 399 ista
1862 369 2030 409 responsio
2055 369 2095 399 sit
2121 368 2162 400 ad
2190 375 2334 401 mentem
2361 370 2469 402 Sancti

1403 411 1562 448 Thomae,
1585 418 1673 452 patet
1696 422 1734 443 ex
1756 413 1795 443 iis
1818 421 1901 452 quae
1925 412 2002 443 dicit
2030 413 2137 443 Prima
2158 413 2261 450 Parte,
2286 423 2317 455 q.
2341 425 2467 452 Lxxvm‚

1402 465 1430 485 a.
1443 465 1475 495 4,
1492 455 1532 486 ad
1545 466 1575 486 2.
1588 456 1696 496 Inquit
1711 457 1797 487 enim
1811 456 1901 497 quod
1916 466 1936 486 a
1956 466 2052 487 sensu
2068 458 2232 487 communi
2240 458 2470 499 percipiuntur

1403 499 1597 530 intentiones
1619 509 1781 536 sensuum,
1811 501 1895 531 sicut
1923 510 1995 531 cum
2026 501 2145 543 aliquis
2172 501 2258 532 videt
2283 511 2333 533 se‘
2348 503 2466 534 videre.

1401 543 1527 574 Deinde
1550 544 1728 584 subiungit:
1748 544 1825 575 Hoc
1848 545 1932 575 enim
1957 554 2023 575 non
2041 550 2151 586 potest
2153 545 2237 586 fieri
2256 556 2317 587 per
2338 556 2466 578 sensum

1395 587 1581 628 proprium,
1598 588 1654 628 qui
1677 598 1741 618 non
1767 588 1935 629 cognoscit
1950 588 2013 619 nisi
2019 589 2170 630 formam
2192 590 2351 621 sensibilis
2365 600 2387 621 a
2402 601 2466 631 quo

1402 632 1601 667 immutatur,
1619 632 1652 662 in
1668 641 1733 672 qua
1749 632 1972 662 immutatione
1982 633 2154 673 perficitur
2169 634 2260 669 visio,
2285 639 2316 664 et
2338 644 2380 665 ex
2402 645 2467 675 qua

1402 676 1626 707 immutatione
1647 676 1794 717 sequitur
1819 676 1886 706 alia
1911 677 2090 706 immutatio
2115 678 2147 707 in
2173 687 2268 708 sensu
2292 679 2465 714 communi,

1401 720 1458 760 qui
1481 720 1636 750 visionem
1656 720 1803 760 percipit.
1816 737 1839 742 -
1854 719 1957 750 Simili
1976 720 2077 750 modo
2093 721 2318 761 intelligendus
2334 728 2381 753 est
2395 723 2467 753 Ari-

1401 764 1532 794 stoteles
1547 765 1582 795 in
1599 764 1639 795 de
1661 764 1783 795 Somno
1807 769 1839 795 et
1866 764 1985 805 Vigilia
2000 765 2027 799 ’ζ
2043 765 2099 795 ubi
2115 765 2158 795 ait
2177 765 2267 805 quod
2289 767 2376 797 visus
2399 776 2465 797 non
2494 770 2569 798 ‘Can
2583 776 2617 797 ιω
2632 770 2708 793 *Th-

1402 808 1488 839 videt
1501 817 1536 838 se
1559 808 1677 839 videre.
2492 797 2538 825 ¹¹³·

1456 852 1633 883 Possumus
1645 853 1742 883 etiam
1759 862 1797 882 ex
1812 852 1876 883 hoc
1892 861 2089 892 cognoscere
2100 858 2244 883 mentem
2256 852 2363 884 Sancti
2375 854 2465 885 Tho-

1400 906 1483 934 mae,
1496 897 1598 927 immo
1615 896 1795 928 Aristotelis
1807 897 1890 927 hanc
1903 905 1982 932 esse,
1999 895 2089 936 quod
2104 906 2235 927 sensum
2247 906 2465 935 communem,

1401 946 1438 971 ut
1453 947 1541 981 patet
1563 942 1596 971 in
1612 942 1814 982 expositione
1837 941 1946 972 Sancti
1969 940 2117 971 Thomae
2140 946 2172 971 et
2194 940 2467 973 Commentatoris

1401 986 1446 1016 ibi
1457 986 1484 1022 ἡ
1501 986 1598 1016 etiam
1613 990 1802 1017 commento
1822 985 1895 1022 136,
1910 985 2097 1015 Aristoteles
2108 985 2276 1026 investigat
2287 995 2326 1016 ex
2337 986 2397 1016 hac
2409 986 2468 1017 du·
2494 989 2504 998 ·
2519 987 2555 1035 {if-
2565 994 2633 1016 *upra
2642 994 2665 1010 ¹¹*
2676 994 2708 1015 nv,

1401 1030 1479 1070 plici
1501 1032 1700 1070 operatione,
1727 1029 1848 1060 scilicet
1871 1039 1910 1060 ex
1938 1029 2124 1068 cognitione
2154 1035 2287 1060 actuum
2313 1039 2468 1061 sensuum
2493 1020 2514 1041 ²*
2546 1020 2568 1036 η’

1401 1075 1619 1115 propriorum,
1643 1079 1675 1104 et
1698 1083 1736 1105 ex
1766 1075 1954 1114 cognitione
1981 1072 2170 1104 diversitatis
2200 1074 2405 1105 obiectorum
2428 1074 2468 1106 ad

1402 1118 1545 1149 diversos
1567 1128 1679 1149 sensus
1702 1118 1909 1158 particulares
1932 1118 2173 1158 pertinentium.
2190 1118 2266 1148 Hoc
2289 1119 2376 1149 enim
2398 1128 2468 1149 non

1401 1162 1493 1193 fieret
1507 1163 1568 1193 nisi
1584 1172 1641 1193 eae
1664 1163 1867 1203 operationes
1891 1172 1909 1192 a
1931 1163 2076 1193 sensibus
2098 1162 2340 1202 particularibus
2359 1163 2467 1193 excluss

1403 1207 1563 1243 dematur,
1583 1212 1679 1247 atque
1701 1206 1822 1237 idcirco
1846 1216 1931 1247 opus
1953 1207 1993 1237 sit
2016 1207 2115 1238 alium
2137 1212 2263 1247 praeter
2284 1206 2373 1247 ipsos
2395 1216 2468 1237 sen-

1402 1261 1485 1287 sum,
1509 1252 1563 1281 cui
1585 1251 1666 1281 haec
1689 1251 1893 1287 conveniant,
1917 1252 2071 1283 invenire.

1458 1295 1511 1325 VI.
1532 1294 1596 1325 Sed
1619 1299 1731 1325 contra
1745 1295 1829 1325 hanc
1844 1295 2040 1326 solutionem
2062 1295 2197 1334 insurgit
2220 1294 2365 1325 dubium.
2382 1294 2469 1332 Quia

1402 1340 1436 1370 in
1459 1339 1533 1377 QQ.
1557 1339 1597 1369 de
1626 1339 1764 1369 Veritate
1779 1340 1806 1375 ὓ,
1830 1339 1887 1369 ubi
1911 1340 2016 1380 inquit
2044 1339 2179 1370 Sanctus
2206 1338 2351 1369 Thomas
2378 1338 2469 1378 quod
2494 1339 2504 1349 '
2518 1337 2574 1359 ¹1⁰⁶-
2589 1336 2629 1359 <²³⁸-

1402 1392 1515 1414 sensus
1537 1382 1634 1413 sentit
1655 1392 1689 1413 se
1711 1383 1840 1418 sentire,
1865 1382 1952 1413 addit
1975 1383 2065 1424 quod
2087 1383 2150 1413 hoc
2173 1391 2241 1413 non
2267 1382 2304 1412 fit
2327 1382 2390 1412 nisi
2405 1392 2470 1422 per

1402 1426 1566 1468 quandam
1582 1426 1782 1462 reditionem,
1799 1427 1874 1457 licet
1892 1428 2123 1468 incompletam
2140 1432 2172 1457 et
2186 1425 2419 1467 imperfectam.
2436 1426 2469 1457 Si

1404 1477 1513 1501 autem
1535 1480 1604 1501 non
1621 1480 1733 1500 sensus
1749 1471 1957 1511 particularis,
1976 1471 2032 1502 sed
2052 1471 2235 1502 communis
2259 1475 2470 1510 cognosceret

1405 1520 1513 1546 actum
1535 1524 1658 1551 sensuS,
1681 1519 1760 1545 tunc
1783 1524 1852 1545 non
1879 1514 2038 1546 diceretur
2059 1516 2146 1546 visus
2174 1520 2230 1545 aut
2253 1515 2332 1545 alius
2359 1524 2470 1545 sensus

1406 1559 1514 1589 redire
1536 1558 1580 1589 ad
1601 1566 1653 1589 se:
1680 1559 1756 1598 quia
1777 1559 1848 1588 talis
1873 1559 1987 1590 reditio
2015 1569 2083 1590 non
2110 1559 2247 1589 estnisi
2273 1568 2331 1598 per
2361 1559 2472 1598 cogni-

1403 1604 1528 1633 tionem
1544 1603 1668 1643 proprii
1691 1608 1780 1632 actus
1803 1608 1878 1642 post
1901 1604 2122 1643 cognitionem
2144 1603 2267 1642 proprii
2290 1603 2418 1639 obiecti,
2435 1607 2472 1632 ut

1405 1647 1450 1677 ibi
1473 1652 1615 1686 apparet.
1632 1646 1718 1685 Ergo
1734 1655 1791 1686 per
1805 1655 1934 1677 sensum
1949 1656 2018 1678 non
2041 1647 2158 1686 accipit
2176 1646 2312 1677 Sanctus
2328 1646 2473 1677 Thomas

1405 1700 1537 1721 sensum
1561 1699 1773 1720 communem
1796 1691 2022 1722 continuatum
2048 1691 2157 1721 sensui
2179 1690 2370 1730 particulari,
2395 1689 2474 1720 dum

1406 1734 1512 1775 inquit
1536 1734 1627 1774 quod
1648 1743 1762 1764 sensus
1788 1734 1885 1764 sentit
1906 1744 1940 1765 se
1966 1735 2104 1765 sentire:
2130 1739 2167 1764 ut
2194 1734 2362 1774 responsio
2387 1733 2474 1764 dicit.

1462 1778 1690 1820 Respondetur
1713 1778 1803 1818 quod
1827 1779 1923 1809 etiam
1948 1778 2062 1810 dicitur
2085 1788 2207 1814 sensus,
2223 1777 2403 1809 secundum
2425 1787 2474 1808 re-

1405 1823 1620 1863 sponsionem
1642 1822 1758 1859 datam,
1782 1822 1885 1854 redire
1911 1823 1952 1854 ad
1982 1833 2016 1854 se
2047 1822 2245 1863 imperfecte.
2277 1822 2373 1860 Quia,
2398 1832 2474 1854 cum

1405 1877 1519 1898 sensus
1543 1867 1728 1898 communis
1750 1877 1819 1898 non
1842 1868 1998 1908 percipiat
2013 1873 2122 1898 actum
2145 1876 2256 1898 sensus
2277 1866 2473 1908 particularis

1405 1912 1468 1941 nisi
1490 1916 1527 1942 ut
1550 1917 1598 1942 est
1620 1910 1743 1951 aliquid
1766 1912 1834 1942 eius
1862 1917 1894 1942 et
1923 1917 1959 1942 ut
1989 1911 2271 1942 continuationem
2301 1920 2378 1942 cum
2400 1911 2472 1951 ipso

1406 1955 1511 1992 habet,
1527 1960 1635 1996 potest
1651 1954 1742 1995 quod
1757 1956 1865 1986 sensui
1878 1957 2046 1987 communi
2062 1956 2107 1986 sic
2123 1956 2285 1991 convenit,
2298 1954 2362 1986 dici
2377 1955 2473 1985 etiam

1406 1999 1446 2030 de
1470 2009 1566 2030 sensu
1589 1999 1781 2040 particulari.
1806 1999 1912 2036 Unde,
1944 2000 2020 2040 quia
2050 1999 2218 2039 cognoscit
2244 2005 2352 2030 actum
2374 1999 2471 2035 visus,

1404 2049 1513 2084 potest
1534 2043 1599 2074 dici
1623 2042 1713 2084 quod
1736 2043 1824 2074 visus
1846 2043 1932 2074 videt
1952 2053 1987 2075 se
2007 2043 2126 2079 videre,
2143 2049 2175 2074 et
2196 2053 2254 2083 per
2269 2052 2472 2083 consequens

1405 2087 1447 2118 ad
1468 2097 1503 2118 se
1518 2087 1609 2124 redit,
1625 2098 1694 2119 non
1710 2089 1786 2128 quia
1801 2088 1887 2118 visus
1910 2089 2041 2128 proprie
2063 2092 2212 2128 sumptus
2234 2088 2349 2118 habeat
2363 2092 2472 2118 actum

1405 2141 1473 2172 quo
1498 2138 1675 2172 cognoscat
1696 2141 1789 2163 suam
1811 2132 1982 2169 visionem,
1998 2131 2055 2163 sed
2078 2132 2154 2172 quia
2176 2131 2211 2162 id
2233 2131 2323 2172 quod
2346 2137 2393 2162 est
2416 2131 2472 2162 ali-

1406 2175 1485 2216 quid
1508 2177 1587 2213 eius,
1611 2177 1806 2217 inquantum
1833 2182 1880 2207 est
1903 2175 2025 2217 aliquid
2049 2176 2127 2212 eius,
2151 2176 2247 2206 habet
2271 2182 2380 2207 actum
2403 2184 2470 2216 quo

1405 2221 1566 2251 visionem
1589 2221 1767 2261 cognoscit.

1460 2264 1529 2294 VII.
1557 2263 1679 2301 Quinto
1695 2265 1723 2295 ’ζ
1747 2264 1867 2296 Sensus
1890 2265 2108 2305 corrumpitur
2123 2265 2163 2295 ab
2180 2264 2349 2295 excellenti
2371 2264 2471 2294 sensi-
2499 2269 2509 2279 ·
2523 2267 2562 2291 Cf·
2575 2274 2641 2290 n-w·

1404 2309 1471 2339 bili.
1487 2308 1564 2339 Non
1580 2315 1690 2340 autem
1704 2309 1886 2340 intellectus
1902 2309 1942 2340 ab
1962 2309 2131 2339 excellenti
2145 2308 2351 2348 intelligibili:
2368 2308 2470 2338 immo

1405 2353 1463 2394 qui
1485 2353 1640 2395 intelligit
1668 2353 1807 2389 maiora,
1832 2358 1942 2394 potest
1969 2353 2084 2384 melius
2105 2352 2313 2394 postmodum
2343 2352 2473 2382 minora

1407 2397 1600 2438 intelligere.
1624 2398 1711 2438 Ergo
1735 2403 1796 2428 etc.

1463 2441 1644 2480 Quomodo
1666 2451 1779 2473 sensus
1802 2442 1841 2472 ab
1865 2441 2052 2473 excellentia
2067 2441 2223 2472 sensibilis
2239 2445 2472 2481 conumpatim
2500 2473 2510 2482 ,
2533 2470 2552 2493 C
2648 2474 2656 2492 t

1407 2491 1575 2517 ostensum
1599 2491 1647 2517 est
1669 2487 1816 2527 superius
1839 2487 1874 2517 in
1895 2487 1959 2517 hoc
1982 2486 2125 2517 secundo
2149 2485 2242 2522 libro,
2267 2486 2370 2525 capite
2393 2494 2433 2515 1.v
2444 2485 2472 2514 ὕ.
2500 2476 2663 2520 XIV-onumen.
2688 2476 2711 2492 ¹¹‘

581 2740 1064 2796 CAPITULUM
1102 2737 1708 2795 SEXAGESIMUM
1745 2736 2176 2793 SEPTIMUM

282 2870 536 2912 CONTRA
569 2868 894 2910 PONENTES
927 2867 1366 2909 INTELLECTUM
1398 2866 1758 2908 POSSIBILEM
1790 2865 1941 2907 ESSE
1973 2862 2472 2905 IMAGINATIONEM

417 3000 429 3028 χ
493 2994 552 3020 mc
588 2989 720 3018 autem
761 2979 938 3030 opinioni
979 2979 1095 3017 affine
1132 2979 1202 3016 fuit
1242 2978 1351 3028 quod

392 3047 418 3071 ;·’
456 3033 471 3068 Γ
508 3034 671 3084 quidam
698 3041 915 3083 posuerunt
933 3033 1170 3070 intellectum
1189 3031 1351 3081 possibi-

472 3092 477 3095 ’
508 3089 587 3125 lem
614 3099 696 3125 non
724 3099 808 3124 esse
836 3086 941 3124 aliud
965 3098 1085 3135 quarn
1113 3085 1351 3133 imaginatio-

360 3168 402 3186 -..
462 3145 474 3172 ·.
509 3153 603 3178 nem
612 3140 644 3178 *.
665 3140 787 3188 Quod
803 3140 964 3190 quidem
978 3146 1082 3188 patet
1101 3150 1184 3175 esse
1198 3138 1349 3175 falsum.

338 3194 564 3243 Imaginatio
593 3193 698 3231 enim
724 3201 782 3230 est
808 3193 924 3231 etiam
943 3192 984 3229 in
1006 3191 1088 3229 aliis
1107 3190 1349 3228 animalibus.

285 3248 410 3286 Cuius
437 3247 592 3296 signum
619 3254 676 3284 est
698 3247 817 3296 quod,
838 3245 1070 3284 abeuntibus
1098 3243 1351 3289 sensibilibus,

283 3301 436 3351 fugiunt
454 3302 518 3338 vel
544 3308 832 3350 persequuntur
849 3311 911 3344 ea;
935 3298 1044 3347 quod
1063 3309 1144 3334 non
1163 3305 1261 3334 esset
1279 3296 1352 3333 nisi

285 3355 326 3392 in
354 3354 409 3392 eis
436 3353 661 3402 imaginaria
684 3352 942 3403 apprehensio
961 3350 1200 3388 sensibilium
1229 3361 1352 3386 rema-

284 3415 405 3445 neret.
428 3408 643 3444 Intellectus
662 3414 793 3443 autem
821 3406 861 3444 in
881 3405 935 3442 eis
954 3416 1035 3441 non
1054 3411 1128 3440 est:
1158 3415 1251 3440 cum
1268 3403 1352 3439 nul·

285 3462 370 3498 lum
398 3473 498 3510 opus
533 3459 745 3498 intellectus
778 3459 818 3496 in
853 3458 907 3496 eis
944 3463 1136 3507 appareat.
1170 3456 1264 3493 Non
1298 3462 1354 3492 est
1369 3473 1395 3488 xo
1407 3455 1508 3501 dicit,
1528 3455 1569 3492 in
1583 3455 1629 3492 III
1648 3455 1694 3491 de
1705 3455 1846 3490 Anima
1855 3452 1886 3489 ²¹⁸.
1907 3451 2145 3500 Impossibile
2159 3458 2216 3487 est
2233 3449 2345 3497 igitur
2363 3448 2472 3498 quod

285 3513 399 3563 igitur
426 3514 531 3551 idern
558 3512 780 3562 imaginatio
809 3520 845 3549 et
872 3511 1094 3548 intellectus.

343 3662 372 3680 ιι
394 3654 542 3688 imaginatio
561 3659 588 3680 et
605 3653 761 3687 intellectus]
781 3653 927 3679 intellectus
946 3657 971 3677 et
989 3650 1137 3684 imaginatio
1155 3649 1300 3675 oeDWXPc.

1459 2978 1611 3015 Adhuc.
1641 2977 1864 3026 Imaginatio
1897 2989 1978 3014 non
2012 2984 2067 3013 est
2101 2975 2174 3013 nisi
2210 2974 2471 3024 corporalium

1406 3039 1443 3068 et
1471 3030 1741 3080 singularium:
1771 3043 1862 3068 curn
1890 3029 2091 3079 phantasia
2119 3028 2165 3066 sit
2198 3034 2317 3065 motus
2348 3028 2471 3073 factus

1405 3097 1430 3122 a
1457 3097 1566 3122 sensu
1593 3084 1796 3121 secundum
1824 3089 1960 3129 actum,
1989 3090 2032 3120 ut
2062 3081 2200 3119 dicitur
2226 3081 2266 3117 in
2300 3079 2397 3117 libro
2425 3079 2472 3116 de

1405 3139 1547 3174 Anima
1561 3137 1592 3174 *.
1626 3138 1840 3174 Intellectus
1872 3143 2003 3173 autem
2037 3133 2315 3172 universalium
2343 3140 2380 3169 et
2413 3131 2469 3169 in·
2499 3137 2643 3193 &bg-1145*
2653 3153 2668 3185 ⁸-
2669 3143 2711 3185 33¹,

1374 3209 1384 3229 ς
1406 3190 1669 3240 corporalium
1697 3197 1762 3227 est.
1792 3190 1886 3226 Non
1914 3196 1969 3226 est
1997 3187 2109 3236 igitur
2140 3186 2350 3223 intellectus
2381 3196 2470 3234 pos·

1406 3243 1524 3280 sibilis
1551 3242 1785 3291 imaginatio.

1461 3296 1650 3346 Amplius.
1684 3294 1920 3344 Impossibile
1958 3301 2014 3330 est
2050 3292 2155 3330 idem
2191 3303 2273 3329 esse
2305 3301 2470 3328 movens

1406 3357 1445 3386 et
1472 3357 1638 3386 motum.
1659 3348 1737 3386 Sed
1764 3348 2032 3397 phantasmata
2050 3352 2210 3382 movent
2237 3344 2471 3381 intellectum

1407 3402 1632 3451 possibilem
1655 3401 1752 3438 sicut
1775 3399 1966 3437 sensibilia
1988 3410 2162 3435 sensum:
2191 3405 2233 3434 ut
2250 3395 2471 3433 Aristoteles

2498 3449 2711 3499 &ainau-³³

1407 3508 1455 3545 sit
1482 3508 1587 3545 idem
1614 3507 1823 3544 intellectus
1850 3504 2041 3555 possibilis
2069 3511 2105 3541 et
2132 3502 2363 3550 imaginatio.
