<?xml version="1.0" encoding="UTF-8"?>
<!DOCTYPE html PUBLIC "-//W3C//DTD XHTML 1.0 Transitional//EN"
    "http://www.w3.org/TR/xhtml1/DTD/xhtml1-transitional.dtd">
<html xmlns="http://www.w3.org/1999/xhtml" xml:lang="en" lang="en">
 <head>
  <title>
</title>
<meta http-equiv="Content-Type" content="text/html;charset=utf-8" />
  <meta name='ocr-system' content='tesseract 3.04.00' />
  <meta name='ocr-capabilities' content='ocr_page ocr_carea ocr_par ocr_line ocrx_word'/>
</head>
<body>
  <div class='ocr_page' id='page_1' title='image "./operaomniaiussui13thom/operaomniaiussui13thom_0245.png"; bbox 0 0 2768 4134; ppageno 0'>
   <div class='ocr_carea' id='block_1_1' title="bbox 0 3215 7 3623">
    <p class='ocr_par' dir='ltr' id='par_1_1' title="bbox 0 3215 7 3623">
     <span class='ocr_line' id='line_1_1' title="bbox 0 3215 7 3623; textangle 90"><span class='ocrx_word' id='word_1_1' title='bbox 0 3595 3 3623; x_wconf 62' lang='lat' dir='ltr'>v-</span> <span class='ocrx_word' id='word_1_2' title='bbox 0 3371 7 3565; x_wconf 42' lang='lat' dir='ltr'>&lt;-·-nr-—--5.</span> <span class='ocrx_word' id='word_1_3' title='bbox 0 3327 3 3341; x_wconf 41' lang='grc' dir='ltr'>,ψ</span> <span class='ocrx_word' id='word_1_4' title='bbox 3 3294 5 3304; x_wconf 50' lang='grc' dir='ltr'><strong>Α</strong></span> <span class='ocrx_word' id='word_1_5' title='bbox 0 3246 3 3256; x_wconf 87' lang='grc'>-</span> <span class='ocrx_word' id='word_1_6' title='bbox 0 3215 2 3225; x_wconf 96' lang='grc'>-</span> 
     </span>
    </p>
   </div>
   <div class='ocr_carea' id='block_1_2' title="bbox 895 278 1899 329">
    <p class='ocr_par' dir='ltr' id='par_1_2' title="bbox 895 278 1899 329">
     <span class='ocr_line' id='line_1_2' title="bbox 895 278 1899 329; baseline 0.007 -15"><span class='ocrx_word' id='word_1_7' title='bbox 895 278 1083 315; x_wconf 91' lang='lat' dir='ltr'>SUMMA</span> <span class='ocrx_word' id='word_1_8' title='bbox 1113 279 1335 318; x_wconf 86' lang='lat' dir='ltr'><strong>CONTRA</strong></span> <span class='ocrx_word' id='word_1_9' title='bbox 1363 281 1639 329; x_wconf 85' lang='lat' dir='ltr'>GENTILES,</span> <span class='ocrx_word' id='word_1_10' title='bbox 1671 283 1781 320; x_wconf 92' lang='lat' dir='ltr'>CAP.</span> <span class='ocrx_word' id='word_1_11' title='bbox 1802 285 1899 321; x_wconf 90' lang='lat' dir='ltr'>LIX.</span> 
     </span>
    </p>
   </div>
   <div class='ocr_carea' id='block_1_3' title="bbox 297 353 1378 1342">
    <p class='ocr_par' dir='ltr' id='par_1_3' title="bbox 297 353 1378 1342">
     <span class='ocr_line' id='line_1_3' title="bbox 297 353 1372 394; baseline 0.004 -9"><span class='ocrx_word' id='word_1_12' title='bbox 297 353 393 391; x_wconf 85' lang='lat' dir='ltr'>Nam,</span> <span class='ocrx_word' id='word_1_13' title='bbox 410 365 486 386; x_wconf 88' lang='lat' dir='ltr'>curn</span> <span class='ocrx_word' id='word_1_14' title='bbox 510 355 657 387; x_wconf 88' lang='lat' dir='ltr'>definitio</span> <span class='ocrx_word' id='word_1_15' title='bbox 679 356 751 386; x_wconf 90' lang='lat' dir='ltr'>talis</span> <span class='ocrx_word' id='word_1_16' title='bbox 773 356 819 386; x_wconf 90' lang='lat' dir='ltr'>rei</span> <span class='ocrx_word' id='word_1_17' title='bbox 843 364 881 385; x_wconf 89' lang='lat' dir='ltr'>ex</span> <span class='ocrx_word' id='word_1_18' title='bbox 906 354 1038 386; x_wconf 90' lang='lat' dir='ltr'>diversis</span> <span class='ocrx_word' id='word_1_19' title='bbox 1061 363 1216 394; x_wconf 85' lang='lat' dir='ltr'><strong>sumatur,</strong></span> <span class='ocrx_word' id='word_1_20' title='bbox 1232 368 1301 389; x_wconf 92' lang='lat' dir='ltr'>non</span> <span class='ocrx_word' id='word_1_21' title='bbox 1325 364 1372 389; x_wconf 90' lang='lat' dir='ltr'>est</span> 
     </span>
     <span class='ocr_line' id='line_1_4' title="bbox 298 399 1372 443; baseline 0.002 -11"><span class='ocrx_word' id='word_1_22' title='bbox 298 401 499 443; x_wconf 90' lang='lat' dir='ltr'>quandoque</span> <span class='ocrx_word' id='word_1_23' title='bbox 521 407 600 432; x_wconf 89' lang='lat' dir='ltr'>nota</span> <span class='ocrx_word' id='word_1_24' title='bbox 624 411 663 432; x_wconf 86' lang='lat' dir='ltr'>ex</span> <span class='ocrx_word' id='word_1_25' title='bbox 692 401 799 441; x_wconf 90' lang='lat' dir='ltr'>specie</span> <span class='ocrx_word' id='word_1_26' title='bbox 823 399 932 439; x_wconf 90' lang='lat' dir='ltr'>aliqua</span> <span class='ocrx_word' id='word_1_27' title='bbox 955 402 1061 441; x_wconf 91' lang='lat' dir='ltr'>primo</span> <span class='ocrx_word' id='word_1_28' title='bbox 1089 408 1121 432; x_wconf 91' lang='lat' dir='ltr'>et</span> <span class='ocrx_word' id='word_1_29' title='bbox 1143 403 1330 434; x_wconf 85' lang='lat' dir='ltr'>immediate</span> <span class='ocrx_word' id='word_1_30' title='bbox 1354 413 1372 433; x_wconf 90' lang='lat' dir='ltr'>a</span> 
     </span>
     <span class='ocr_line' id='line_1_5' title="bbox 297 444 1372 487; baseline 0.001 -10"><span class='ocrx_word' id='word_1_31' title='bbox 297 447 523 487; x_wconf 80' lang='lat' dir='ltr'>phantasmate</span> <span class='ocrx_word' id='word_1_32' title='bbox 543 452 686 482; x_wconf 83' lang='lat' dir='ltr'>causata,</span> <span class='ocrx_word' id='word_1_33' title='bbox 710 444 767 475; x_wconf 90' lang='lat' dir='ltr'>sed</span> <span class='ocrx_word' id='word_1_34' title='bbox 790 451 920 484; x_wconf 87' lang='lat' dir='ltr'>oportet</span> <span class='ocrx_word' id='word_1_35' title='bbox 948 455 1020 476; x_wconf 91' lang='lat' dir='ltr'>eam</span> <span class='ocrx_word' id='word_1_36' title='bbox 1043 455 1100 486; x_wconf 90' lang='lat' dir='ltr'>per</span> <span class='ocrx_word' id='word_1_37' title='bbox 1124 446 1317 478; x_wconf 89' lang='lat' dir='ltr'>divisionem</span> <span class='ocrx_word' id='word_1_38' title='bbox 1341 454 1372 478; x_wconf 92' lang='lat' dir='ltr'>et</span> 
     </span>
     <span class='ocr_line' id='line_1_6' title="bbox 298 491 1372 532; baseline 0.001 -10"><span class='ocrx_word' id='word_1_39' title='bbox 298 493 577 532; x_wconf 86' lang='lat' dir='ltr'>compositionem</span> <span class='ocrx_word' id='word_1_40' title='bbox 598 491 801 530; x_wconf 86' lang='lat' dir='ltr'>investigare,</span> <span class='ocrx_word' id='word_1_41' title='bbox 819 499 858 520; x_wconf 87' lang='lat' dir='ltr'>ex</span> <span class='ocrx_word' id='word_1_42' title='bbox 879 499 943 529; x_wconf 93' lang='lat' dir='ltr'>qua</span> <span class='ocrx_word' id='word_1_43' title='bbox 958 491 1203 531; x_wconf 87' lang='lat' dir='ltr'>investigatione</span> <span class='ocrx_word' id='word_1_44' title='bbox 1224 498 1372 523; x_wconf 90' lang='lat' dir='ltr'>causatur</span> 
     </span>
     <span class='ocr_line' id='line_1_7' title="bbox 298 533 1371 576; baseline 0.001 -9"><span class='ocrx_word' id='word_1_45' title='bbox 298 538 332 567; x_wconf 94' lang='lat' dir='ltr'>in</span> <span class='ocrx_word' id='word_1_46' title='bbox 356 538 524 568; x_wconf 90' lang='lat' dir='ltr'>intellectu</span> <span class='ocrx_word' id='word_1_47' title='bbox 547 536 692 576; x_wconf 86' lang='lat' dir='ltr'>cognitio</span> <span class='ocrx_word' id='word_1_48' title='bbox 717 533 809 575; x_wconf 92' lang='lat' dir='ltr'>quod</span> <span class='ocrx_word' id='word_1_49' title='bbox 833 534 914 574; x_wconf 92' lang='lat' dir='ltr'>quid</span> <span class='ocrx_word' id='word_1_50' title='bbox 937 541 984 565; x_wconf 90' lang='lat' dir='ltr'>est</span> <span class='ocrx_word' id='word_1_51' title='bbox 1012 545 1088 566; x_wconf 92' lang='lat' dir='ltr'>cum</span> <span class='ocrx_word' id='word_1_52' title='bbox 1117 536 1257 576; x_wconf 90' lang='lat' dir='ltr'>quadam</span> <span class='ocrx_word' id='word_1_53' title='bbox 1281 547 1371 568; x_wconf 91' lang='lat' dir='ltr'>com-</span> 
     </span>
     <span class='ocr_line' id='line_1_8' title="bbox 298 579 1373 622; baseline -0.001 -9"><span class='ocrx_word' id='word_1_54' title='bbox 298 582 450 622; x_wconf 87' lang='lat' dir='ltr'>plexione</span> <span class='ocrx_word' id='word_1_55' title='bbox 473 583 506 612; x_wconf 91' lang='lat' dir='ltr'>in</span> <span class='ocrx_word' id='word_1_56' title='bbox 531 591 569 612; x_wconf 90' lang='lat' dir='ltr'>ea</span> <span class='ocrx_word' id='word_1_57' title='bbox 595 580 753 621; x_wconf 83' lang='lat' dir='ltr'>implicite</span> <span class='ocrx_word' id='word_1_58' title='bbox 778 585 810 609; x_wconf 81' lang='lat' dir='ltr'>et</span> <span class='ocrx_word' id='word_1_59' title='bbox 832 579 1008 610; x_wconf 86' lang='lat' dir='ltr'>virtualiter</span> <span class='ocrx_word' id='word_1_60' title='bbox 1031 586 1193 611; x_wconf 88' lang='lat' dir='ltr'>contenta.</span> <span class='ocrx_word' id='word_1_61' title='bbox 1221 582 1263 612; x_wconf 91' lang='lat' dir='ltr'>Et</span> <span class='ocrx_word' id='word_1_62' title='bbox 1296 582 1373 622; x_wconf 92' lang='lat' dir='ltr'>quia</span> 
     </span>
     <span class='ocr_line' id='line_1_9' title="bbox 298 624 1373 666; baseline -0.002 -7"><span class='ocrx_word' id='word_1_63' title='bbox 298 628 332 658; x_wconf 92' lang='lat' dir='ltr'>in</span> <span class='ocrx_word' id='word_1_64' title='bbox 355 628 410 658; x_wconf 93' lang='lat' dir='ltr'>tali</span> <span class='ocrx_word' id='word_1_65' title='bbox 431 626 672 666; x_wconf 84' lang='lat' dir='ltr'>compositione</span> <span class='ocrx_word' id='word_1_66' title='bbox 688 624 941 655; x_wconf 83' lang='lat' dir='ltr'>differentiarum</span> <span class='ocrx_word' id='word_1_67' title='bbox 963 625 1046 654; x_wconf 92' lang='lat' dir='ltr'>inter</span> <span class='ocrx_word' id='word_1_68' title='bbox 1060 635 1105 660; x_wconf 87' lang='lat' dir='ltr'>se,</span> <span class='ocrx_word' id='word_1_69' title='bbox 1122 631 1154 656; x_wconf 91' lang='lat' dir='ltr'>et</span> <span class='ocrx_word' id='word_1_70' title='bbox 1177 625 1373 657; x_wconf 87' lang='lat' dir='ltr'>definitionis</span> 
     </span>
     <span class='ocr_line' id='line_1_10' title="bbox 299 669 1373 708; baseline -0.001 -5"><span class='ocrx_word' id='word_1_71' title='bbox 299 681 376 702; x_wconf 92' lang='lat' dir='ltr'>cum</span> <span class='ocrx_word' id='word_1_72' title='bbox 391 671 537 707; x_wconf 84' lang='lat' dir='ltr'>definito,</span> <span class='ocrx_word' id='word_1_73' title='bbox 549 670 751 701; x_wconf 89' lang='lat' dir='ltr'>intellectum</span> <span class='ocrx_word' id='word_1_74' title='bbox 763 669 922 708; x_wconf 84' lang='lat' dir='ltr'>contingit</span> <span class='ocrx_word' id='word_1_75' title='bbox 934 678 1047 705; x_wconf 89' lang='lat' dir='ltr'>errare,</span> <span class='ocrx_word' id='word_1_76' title='bbox 1060 669 1139 700; x_wconf 91' lang='lat' dir='ltr'>dum</span> <span class='ocrx_word' id='word_1_77' title='bbox 1150 670 1271 701; x_wconf 87' lang='lat' dir='ltr'>scilicet</span> <span class='ocrx_word' id='word_1_78' title='bbox 1282 681 1373 702; x_wconf 91' lang='lat' dir='ltr'>com-</span> 
     </span>
     <span class='ocr_line' id='line_1_11' title="bbox 299 713 1372 757; baseline 0 -10"><span class='ocrx_word' id='word_1_79' title='bbox 299 717 394 757; x_wconf 88' lang='lat' dir='ltr'>ponit</span> <span class='ocrx_word' id='word_1_80' title='bbox 416 715 611 747; x_wconf 85' lang='lat' dir='ltr'>differentias</span> <span class='ocrx_word' id='word_1_81' title='bbox 625 715 659 745; x_wconf 88' lang='lat' dir='ltr'>in</span> <span class='ocrx_word' id='word_1_82' title='bbox 682 723 750 745; x_wconf 87' lang='lat' dir='ltr'>una</span> <span class='ocrx_word' id='word_1_83' title='bbox 772 713 963 745; x_wconf 86' lang='lat' dir='ltr'>definitione</span> <span class='ocrx_word' id='word_1_84' title='bbox 987 722 1071 753; x_wconf 89' lang='lat' dir='ltr'>quae</span> <span class='ocrx_word' id='word_1_85' title='bbox 1093 715 1190 745; x_wconf 91' lang='lat' dir='ltr'>simul</span> <span class='ocrx_word' id='word_1_86' title='bbox 1213 725 1282 746; x_wconf 87' lang='lat' dir='ltr'>esse</span> <span class='ocrx_word' id='word_1_87' title='bbox 1304 726 1372 747; x_wconf 93' lang='lat' dir='ltr'>non</span> 
     </span>
     <span class='ocr_line' id='line_1_12' title="bbox 298 758 1372 802; baseline -0.001 -10"><span class='ocrx_word' id='word_1_88' title='bbox 298 766 448 802; x_wconf 83' lang='lat' dir='ltr'>possunt,</span> <span class='ocrx_word' id='word_1_89' title='bbox 472 766 528 792; x_wconf 88' lang='lat' dir='ltr'>aut</span> <span class='ocrx_word' id='word_1_90' title='bbox 554 761 698 800; x_wconf 87' lang='lat' dir='ltr'>aliquam</span> <span class='ocrx_word' id='word_1_91' title='bbox 726 758 950 790; x_wconf 86' lang='lat' dir='ltr'>definitionem</span> <span class='ocrx_word' id='word_1_92' title='bbox 981 758 1124 789; x_wconf 88' lang='lat' dir='ltr'>attribuit</span> <span class='ocrx_word' id='word_1_93' title='bbox 1151 760 1196 789; x_wconf 87' lang='lat' dir='ltr'>rei</span> <span class='ocrx_word' id='word_1_94' title='bbox 1224 761 1278 790; x_wconf 90' lang='lat' dir='ltr'>cui</span> <span class='ocrx_word' id='word_1_95' title='bbox 1304 771 1372 791; x_wconf 92' lang='lat' dir='ltr'>non</span> 
     </span>
     <span class='ocr_line' id='line_1_13' title="bbox 298 804 1374 846; baseline -0.001 -9"><span class='ocrx_word' id='word_1_96' title='bbox 298 806 468 842; x_wconf 89' lang='lat' dir='ltr'>convenit;</span> <span class='ocrx_word' id='word_1_97' title='bbox 492 805 567 837; x_wconf 91' lang='lat' dir='ltr'>ideo</span> <span class='ocrx_word' id='word_1_98' title='bbox 584 810 617 836; x_wconf 89' lang='lat' dir='ltr'>et</span> <span class='ocrx_word' id='word_1_99' title='bbox 638 805 673 835; x_wconf 90' lang='lat' dir='ltr'>in</span> <span class='ocrx_word' id='word_1_100' title='bbox 696 804 864 846; x_wconf 86' lang='lat' dir='ltr'>intellectu</span> <span class='ocrx_word' id='word_1_101' title='bbox 879 809 1101 844; x_wconf 77' lang='lat' dir='ltr'>cognoscente</span> <span class='ocrx_word' id='word_1_102' title='bbox 1118 804 1208 843; x_wconf 93' lang='lat' dir='ltr'>quod</span> <span class='ocrx_word' id='word_1_103' title='bbox 1224 804 1303 845; x_wconf 93' lang='lat' dir='ltr'>quid</span> <span class='ocrx_word' id='word_1_104' title='bbox 1326 811 1374 836; x_wconf 91' lang='lat' dir='ltr'>est</span> 
     </span>
     <span class='ocr_line' id='line_1_14' title="bbox 298 848 1374 890; baseline -0.002 -8"><span class='ocrx_word' id='word_1_105' title='bbox 298 850 488 882; x_wconf 89' lang='lat' dir='ltr'>huiusmodi</span> <span class='ocrx_word' id='word_1_106' title='bbox 511 850 671 890; x_wconf 89' lang='lat' dir='ltr'>contingit</span> <span class='ocrx_word' id='word_1_107' title='bbox 695 859 764 880; x_wconf 89' lang='lat' dir='ltr'>esse</span> <span class='ocrx_word' id='word_1_108' title='bbox 793 848 914 880; x_wconf 85' lang='lat' dir='ltr'>falsitas</span> <span class='ocrx_word' id='word_1_109' title='bbox 936 853 968 879; x_wconf 89' lang='lat' dir='ltr'>et</span> <span class='ocrx_word' id='word_1_110' title='bbox 990 848 1218 888; x_wconf 90' lang='lat' dir='ltr'>inadaequatio</span> <span class='ocrx_word' id='word_1_111' title='bbox 1242 849 1283 880; x_wconf 90' lang='lat' dir='ltr'>ad</span> <span class='ocrx_word' id='word_1_112' title='bbox 1305 859 1374 881; x_wconf 90' lang='lat' dir='ltr'>rem</span> 
     </span>
     <span class='ocr_line' id='line_1_15' title="bbox 298 893 1374 936; baseline -0.002 -9"><span class='ocrx_word' id='word_1_113' title='bbox 298 896 424 927; x_wconf 85' lang='lat' dir='ltr'>ratione</span> <span class='ocrx_word' id='word_1_114' title='bbox 447 895 546 926; x_wconf 88' lang='lat' dir='ltr'>falsae</span> <span class='ocrx_word' id='word_1_115' title='bbox 562 895 812 936; x_wconf 87' lang='lat' dir='ltr'>compositionis</span> <span class='ocrx_word' id='word_1_116' title='bbox 826 893 1021 934; x_wconf 82' lang='lat' dir='ltr'>implicatae.</span> <span class='ocrx_word' id='word_1_117' title='bbox 1043 893 1077 924; x_wconf 91' lang='lat' dir='ltr'>Si</span> <span class='ocrx_word' id='word_1_118' title='bbox 1092 903 1169 933; x_wconf 91' lang='lat' dir='ltr'>ergo</span> <span class='ocrx_word' id='word_1_119' title='bbox 1193 894 1374 925; x_wconf 91' lang='lat' dir='ltr'>intellectus</span> 
     </span>
     <span class='ocr_line' id='line_1_16' title="bbox 298 938 1374 981; baseline -0.003 -9"><span class='ocrx_word' id='word_1_120' title='bbox 298 950 503 981; x_wconf 84' lang='lat' dir='ltr'>cognoscens</span> <span class='ocrx_word' id='word_1_121' title='bbox 519 939 611 981; x_wconf 92' lang='lat' dir='ltr'>quod</span> <span class='ocrx_word' id='word_1_122' title='bbox 634 938 714 980; x_wconf 91' lang='lat' dir='ltr'>quid</span> <span class='ocrx_word' id='word_1_123' title='bbox 737 944 785 970; x_wconf 90' lang='lat' dir='ltr'>est</span> <span class='ocrx_word' id='word_1_124' title='bbox 808 939 955 970; x_wconf 85' lang='lat' dir='ltr'>absolute</span> <span class='ocrx_word' id='word_1_125' title='bbox 979 943 1011 969; x_wconf 94' lang='lat' dir='ltr'>et</span> <span class='ocrx_word' id='word_1_126' title='bbox 1034 938 1215 969; x_wconf 87' lang='lat' dir='ltr'>secundum</span> <span class='ocrx_word' id='word_1_127' title='bbox 1238 949 1272 970; x_wconf 94' lang='lat' dir='ltr'>se</span> <span class='ocrx_word' id='word_1_128' title='bbox 1296 949 1374 970; x_wconf 93' lang='lat' dir='ltr'>con-</span> 
     </span>
     <span class='ocr_line' id='line_1_17' title="bbox 299 983 1374 1026; baseline -0.003 -9"><span class='ocrx_word' id='word_1_129' title='bbox 299 985 466 1022; x_wconf 84' lang='lat' dir='ltr'>sideretur,</span> <span class='ocrx_word' id='word_1_130' title='bbox 482 986 678 1026; x_wconf 88' lang='lat' dir='ltr'>inquantum</span> <span class='ocrx_word' id='word_1_131' title='bbox 694 984 817 1015; x_wconf 88' lang='lat' dir='ltr'>scilicet</span> <span class='ocrx_word' id='word_1_132' title='bbox 832 989 880 1014; x_wconf 92' lang='lat' dir='ltr'>est</span> <span class='ocrx_word' id='word_1_133' title='bbox 896 992 1099 1023; x_wconf 89' lang='lat' dir='ltr'>cognoscens</span> <span class='ocrx_word' id='word_1_134' title='bbox 1115 983 1206 1024; x_wconf 93' lang='lat' dir='ltr'>quod</span> <span class='ocrx_word' id='word_1_135' title='bbox 1223 983 1301 1023; x_wconf 93' lang='lat' dir='ltr'>quid</span> <span class='ocrx_word' id='word_1_136' title='bbox 1317 990 1374 1020; x_wconf 89' lang='lat' dir='ltr'>est,</span> 
     </span>
     <span class='ocr_line' id='line_1_18' title="bbox 300 1029 1375 1071; baseline -0.001 -10"><span class='ocrx_word' id='word_1_137' title='bbox 300 1031 396 1061; x_wconf 88' lang='lat' dir='ltr'>habet</span> <span class='ocrx_word' id='word_1_138' title='bbox 419 1030 510 1071; x_wconf 88' lang='lat' dir='ltr'>quod</span> <span class='ocrx_word' id='word_1_139' title='bbox 533 1039 662 1070; x_wconf 89' lang='lat' dir='ltr'>semper</span> <span class='ocrx_word' id='word_1_140' title='bbox 680 1030 726 1059; x_wconf 88' lang='lat' dir='ltr'>sit</span> <span class='ocrx_word' id='word_1_141' title='bbox 754 1037 866 1060; x_wconf 85' lang='lat' dir='ltr'>verus:</span> <span class='ocrx_word' id='word_1_142' title='bbox 891 1029 978 1069; x_wconf 81' lang='lat' dir='ltr'>quia,</span> <span class='ocrx_word' id='word_1_143' title='bbox 1003 1034 1163 1068; x_wconf 90' lang='lat' dir='ltr'>quantum</span> <span class='ocrx_word' id='word_1_144' title='bbox 1194 1034 1241 1059; x_wconf 91' lang='lat' dir='ltr'>est</span> <span class='ocrx_word' id='word_1_145' title='bbox 1264 1038 1302 1059; x_wconf 86' lang='lat' dir='ltr'>ex</span> <span class='ocrx_word' id='word_1_146' title='bbox 1326 1029 1375 1060; x_wconf 91' lang='lat' dir='ltr'>sui</span> 
     </span>
     <span class='ocr_line' id='line_1_19' title="bbox 300 1072 1375 1114; baseline -0.003 -8"><span class='ocrx_word' id='word_1_147' title='bbox 300 1082 423 1112; x_wconf 90' lang='lat' dir='ltr'>natura,</span> <span class='ocrx_word' id='word_1_148' title='bbox 448 1076 545 1106; x_wconf 88' lang='lat' dir='ltr'>habet</span> <span class='ocrx_word' id='word_1_149' title='bbox 568 1075 675 1105; x_wconf 87' lang='lat' dir='ltr'>statim</span> <span class='ocrx_word' id='word_1_150' title='bbox 698 1082 897 1113; x_wconf 82' lang='lat' dir='ltr'>cognoscere</span> <span class='ocrx_word' id='word_1_151' title='bbox 921 1073 1012 1114; x_wconf 89' lang='lat' dir='ltr'>quod</span> <span class='ocrx_word' id='word_1_152' title='bbox 1036 1073 1115 1114; x_wconf 93' lang='lat' dir='ltr'>quid</span> <span class='ocrx_word' id='word_1_153' title='bbox 1139 1079 1186 1104; x_wconf 87' lang='lat' dir='ltr'>est</span> <span class='ocrx_word' id='word_1_154' title='bbox 1210 1083 1249 1103; x_wconf 88' lang='lat' dir='ltr'>ex</span> <span class='ocrx_word' id='word_1_155' title='bbox 1272 1072 1375 1104; x_wconf 88' lang='lat' dir='ltr'>forma</span> 
     </span>
     <span class='ocr_line' id='line_1_20' title="bbox 299 1118 1375 1161; baseline -0.004 -9"><span class='ocrx_word' id='word_1_156' title='bbox 299 1120 492 1161; x_wconf 81' lang='lat' dir='ltr'>intelligibili</span> <span class='ocrx_word' id='word_1_157' title='bbox 514 1120 624 1160; x_wconf 88' lang='lat' dir='ltr'>ipsum</span> <span class='ocrx_word' id='word_1_158' title='bbox 647 1118 767 1149; x_wconf 89' lang='lat' dir='ltr'>directe</span> <span class='ocrx_word' id='word_1_159' title='bbox 787 1125 819 1150; x_wconf 90' lang='lat' dir='ltr'>et</span> <span class='ocrx_word' id='word_1_160' title='bbox 841 1118 1028 1149; x_wconf 88' lang='lat' dir='ltr'>immediate</span> <span class='ocrx_word' id='word_1_161' title='bbox 1051 1123 1318 1159; x_wconf 86' lang='lat' dir='ltr'>repraesentante,</span> <span class='ocrx_word' id='word_1_162' title='bbox 1343 1119 1375 1148; x_wconf 92' lang='lat' dir='ltr'>in</span> 
     </span>
     <span class='ocr_line' id='line_1_21' title="bbox 301 1162 1377 1206; baseline -0.002 -10"><span class='ocrx_word' id='word_1_163' title='bbox 301 1175 366 1206; x_wconf 90' lang='lat' dir='ltr'>qua</span> <span class='ocrx_word' id='word_1_164' title='bbox 389 1165 577 1206; x_wconf 81' lang='lat' dir='ltr'>cognitione</span> <span class='ocrx_word' id='word_1_165' title='bbox 593 1172 721 1204; x_wconf 89' lang='lat' dir='ltr'>semper</span> <span class='ocrx_word' id='word_1_166' title='bbox 737 1163 782 1193; x_wconf 89' lang='lat' dir='ltr'>rei</span> <span class='ocrx_word' id='word_1_167' title='bbox 805 1162 1004 1204; x_wconf 83' lang='lat' dir='ltr'>adaequatur</span> <span class='ocrx_word' id='word_1_168' title='bbox 1022 1163 1219 1198; x_wconf 86' lang='lat' dir='ltr'>intellectae;</span> <span class='ocrx_word' id='word_1_169' title='bbox 1239 1163 1322 1194; x_wconf 89' lang='lat' dir='ltr'>sicut</span> <span class='ocrx_word' id='word_1_170' title='bbox 1345 1169 1377 1194; x_wconf 90' lang='lat' dir='ltr'>et</span> 
     </span>
     <span class='ocr_line' id='line_1_22' title="bbox 299 1207 1377 1250; baseline -0.004 -8"><span class='ocrx_word' id='word_1_171' title='bbox 299 1220 413 1242; x_wconf 88' lang='lat' dir='ltr'>sensus</span> <span class='ocrx_word' id='word_1_172' title='bbox 436 1218 565 1250; x_wconf 85' lang='lat' dir='ltr'>semper</span> <span class='ocrx_word' id='word_1_173' title='bbox 578 1216 641 1239; x_wconf 86' lang='lat' dir='ltr'>suo</span> <span class='ocrx_word' id='word_1_174' title='bbox 662 1208 797 1249; x_wconf 89' lang='lat' dir='ltr'>proprio</span> <span class='ocrx_word' id='word_1_175' title='bbox 821 1209 963 1239; x_wconf 87' lang='lat' dir='ltr'>sensibili</span> <span class='ocrx_word' id='word_1_176' title='bbox 979 1207 1186 1249; x_wconf 89' lang='lat' dir='ltr'>adaequatur,</span> <span class='ocrx_word' id='word_1_177' title='bbox 1203 1207 1295 1248; x_wconf 92' lang='lat' dir='ltr'>quod</span> <span class='ocrx_word' id='word_1_178' title='bbox 1317 1208 1377 1238; x_wconf 88' lang='lat' dir='ltr'>irn-</span> 
     </span>
     <span class='ocr_line' id='line_1_23' title="bbox 299 1253 1377 1295; baseline -0.004 -8"><span class='ocrx_word' id='word_1_179' title='bbox 299 1254 441 1286; x_wconf 85' lang='lat' dir='ltr'>mediate</span> <span class='ocrx_word' id='word_1_180' title='bbox 465 1264 504 1285; x_wconf 87' lang='lat' dir='ltr'>ex</span> <span class='ocrx_word' id='word_1_181' title='bbox 530 1254 664 1294; x_wconf 88' lang='lat' dir='ltr'>propria</span> <span class='ocrx_word' id='word_1_182' title='bbox 691 1253 801 1293; x_wconf 86' lang='lat' dir='ltr'>specie</span> <span class='ocrx_word' id='word_1_183' title='bbox 831 1253 1053 1295; x_wconf 87' lang='lat' dir='ltr'>apprehendit,</span> <span class='ocrx_word' id='word_1_184' title='bbox 1077 1254 1139 1284; x_wconf 92' lang='lat' dir='ltr'>nisi</span> <span class='ocrx_word' id='word_1_185' title='bbox 1166 1258 1298 1294; x_wconf 90' lang='lat' dir='ltr'>propter</span> <span class='ocrx_word' id='word_1_186' title='bbox 1321 1253 1377 1284; x_wconf 91' lang='lat' dir='ltr'>ali-</span> 
     </span>
     <span class='ocr_line' id='line_1_24' title="bbox 300 1297 1378 1342; baseline -0.004 -10"><span class='ocrx_word' id='word_1_187' title='bbox 300 1299 392 1342; x_wconf 91' lang='lat' dir='ltr'>quod</span> <span class='ocrx_word' id='word_1_188' title='bbox 416 1299 634 1330; x_wconf 84' lang='lat' dir='ltr'>extrinsecum</span> <span class='ocrx_word' id='word_1_189' title='bbox 664 1297 870 1338; x_wconf 81' lang='lat' dir='ltr'>impediatur.</span> <span class='ocrx_word' id='word_1_190' title='bbox 900 1298 932 1330; x_wconf 92' lang='lat' dir='ltr'>Si</span> <span class='ocrx_word' id='word_1_191' title='bbox 963 1304 1073 1329; x_wconf 88' lang='lat' dir='ltr'>autem</span> <span class='ocrx_word' id='word_1_192' title='bbox 1097 1297 1318 1329; x_wconf 89' lang='lat' dir='ltr'>consideretur</span> <span class='ocrx_word' id='word_1_193' title='bbox 1341 1303 1378 1328; x_wconf 92' lang='lat' dir='ltr'>ut</span> 
     </span>
    </p>
   </div>
   <div class='ocr_carea' id='block_1_4' title="bbox 252 1342 1376 1386">
    <p class='ocr_par' dir='ltr' id='par_1_4' title="bbox 252 1342 1376 1386">
     <span class='ocr_line' id='line_1_25' title="bbox 252 1342 1376 1386; baseline -0.003 -10"><span class='ocrx_word' id='word_1_194' title='bbox 252 1345 469 1386; x_wconf 42' lang='lat' dir='ltr'>„cognoscit</span> <span class='ocrx_word' id='word_1_195' title='bbox 494 1342 586 1384; x_wconf 91' lang='lat' dir='ltr'>quod</span> <span class='ocrx_word' id='word_1_196' title='bbox 616 1342 696 1384; x_wconf 91' lang='lat' dir='ltr'>quid</span> <span class='ocrx_word' id='word_1_197' title='bbox 726 1348 774 1373; x_wconf 88' lang='lat' dir='ltr'>est</span> <span class='ocrx_word' id='word_1_198' title='bbox 796 1344 843 1374; x_wconf 89' lang='lat' dir='ltr'>rei</span> <span class='ocrx_word' id='word_1_199' title='bbox 873 1343 1085 1384; x_wconf 88' lang='lat' dir='ltr'>compositae,</span> <span class='ocrx_word' id='word_1_200' title='bbox 1110 1344 1155 1373; x_wconf 90' lang='lat' dir='ltr'>sic</span> <span class='ocrx_word' id='word_1_201' title='bbox 1186 1342 1284 1374; x_wconf 87' lang='lat' dir='ltr'>falsus</span> <span class='ocrx_word' id='word_1_202' title='bbox 1308 1352 1376 1373; x_wconf 93' lang='lat' dir='ltr'>esse</span> 
     </span>
    </p>
   </div>
   <div class='ocr_carea' id='block_1_5' title="bbox 63 3651 277 3707">
    <p class='ocr_par' dir='ltr' id='par_1_5' title="bbox 63 3651 277 3707">
     <span class='ocr_line' id='line_1_26' title="bbox 63 3651 277 3675; baseline 0.005 -1"><span class='ocrx_word' id='word_1_203' title='bbox 63 3652 73 3662; x_wconf 87' lang='grc'><em>·</em></span> <span class='ocrx_word' id='word_1_204' title='bbox 86 3651 124 3674; x_wconf 84' lang='lat' dir='ltr'>Cf.</span> <span class='ocrx_word' id='word_1_205' title='bbox 139 3652 189 3675; x_wconf 88' lang='lat' dir='ltr'>init.</span> <span class='ocrx_word' id='word_1_206' title='bbox 207 3653 277 3675; x_wconf 85' lang='lat' dir='ltr'>huius</span> 
     </span>
     <span class='ocr_line' id='line_1_27' title="bbox 63 3684 143 3707; baseline 0 0"><span class='ocrx_word' id='word_1_207' title='bbox 63 3684 143 3707; x_wconf 60' lang='lat' dir='ltr'>1³⁸¹*ss-</span> 
     </span>
    </p>
   </div>
   <div class='ocr_carea' id='block_1_6' title="bbox 300 1387 1381 3715">
    <p class='ocr_par' dir='ltr' id='par_1_6' title="bbox 300 1387 1379 1701">
     <span class='ocr_line' id='line_1_28' title="bbox 300 1387 1378 1432; baseline -0.003 -11"><span class='ocrx_word' id='word_1_208' title='bbox 300 1394 420 1432; x_wconf 85' lang='lat' dir='ltr'>potest,</span> <span class='ocrx_word' id='word_1_209' title='bbox 435 1389 635 1429; x_wconf 84' lang='lat' dir='ltr'>inquantum</span> <span class='ocrx_word' id='word_1_210' title='bbox 659 1393 790 1428; x_wconf 84' lang='lat' dir='ltr'>oportet</span> <span class='ocrx_word' id='word_1_211' title='bbox 813 1398 871 1429; x_wconf 90' lang='lat' dir='ltr'>per</span> <span class='ocrx_word' id='word_1_212' title='bbox 893 1388 1087 1419; x_wconf 88' lang='lat' dir='ltr'>divisionem</span> <span class='ocrx_word' id='word_1_213' title='bbox 1111 1394 1143 1418; x_wconf 90' lang='lat' dir='ltr'>et</span> <span class='ocrx_word' id='word_1_214' title='bbox 1166 1387 1378 1428; x_wconf 87' lang='lat' dir='ltr'>compositio—</span> 
     </span>
     <span class='ocr_line' id='line_1_29' title="bbox 300 1433 1378 1475; baseline -0.003 -9"><span class='ocrx_word' id='word_1_215' title='bbox 300 1444 378 1466; x_wconf 89' lang='lat' dir='ltr'>nem</span> <span class='ocrx_word' id='word_1_216' title='bbox 400 1435 510 1475; x_wconf 81' lang='lat' dir='ltr'>ipsum</span> <span class='ocrx_word' id='word_1_217' title='bbox 532 1433 735 1473; x_wconf 89' lang='lat' dir='ltr'>investigare,</span> <span class='ocrx_word' id='word_1_218' title='bbox 757 1438 788 1464; x_wconf 88' lang='lat' dir='ltr'>et</span> <span class='ocrx_word' id='word_1_219' title='bbox 811 1435 857 1464; x_wconf 89' lang='lat' dir='ltr'>sic</span> <span class='ocrx_word' id='word_1_220' title='bbox 878 1443 954 1464; x_wconf 93' lang='lat' dir='ltr'>cum</span> <span class='ocrx_word' id='word_1_221' title='bbox 978 1433 1118 1474; x_wconf 91' lang='lat' dir='ltr'>quadam</span> <span class='ocrx_word' id='word_1_222' title='bbox 1138 1433 1378 1473; x_wconf 88' lang='lat' dir='ltr'>compositione</span> 
     </span>
     <span class='ocr_line' id='line_1_30' title="bbox 300 1478 1378 1519; baseline -0.004 -7"><span class='ocrx_word' id='word_1_223' title='bbox 300 1479 452 1512; x_wconf 79' lang='lat' dir='ltr'>formare.</span> <span class='ocrx_word' id='word_1_224' title='bbox 475 1479 563 1518; x_wconf 88' lang='lat' dir='ltr'>Quia</span> <span class='ocrx_word' id='word_1_225' title='bbox 587 1487 664 1519; x_wconf 92' lang='lat' dir='ltr'>ergo</span> <span class='ocrx_word' id='word_1_226' title='bbox 688 1479 760 1509; x_wconf 91' lang='lat' dir='ltr'>talis</span> <span class='ocrx_word' id='word_1_227' title='bbox 776 1479 984 1519; x_wconf 87' lang='lat' dir='ltr'>compositio,</span> <span class='ocrx_word' id='word_1_228' title='bbox 1009 1484 1041 1509; x_wconf 91' lang='lat' dir='ltr'>et</span> <span class='ocrx_word' id='word_1_229' title='bbox 1064 1478 1231 1518; x_wconf 89' lang='lat' dir='ltr'>inquisitio</span> <span class='ocrx_word' id='word_1_230' title='bbox 1248 1487 1378 1518; x_wconf 90' lang='lat' dir='ltr'>praece-</span> 
     </span>
     <span class='ocr_line' id='line_1_31' title="bbox 301 1522 1378 1565; baseline -0.004 -9"><span class='ocrx_word' id='word_1_231' title='bbox 301 1524 391 1562; x_wconf 82' lang='lat' dir='ltr'>dens,</span> <span class='ocrx_word' id='word_1_232' title='bbox 415 1523 596 1565; x_wconf 84' lang='lat' dir='ltr'>cognitioni</span> <span class='ocrx_word' id='word_1_233' title='bbox 620 1522 712 1564; x_wconf 90' lang='lat' dir='ltr'>quod</span> <span class='ocrx_word' id='word_1_234' title='bbox 735 1523 815 1564; x_wconf 92' lang='lat' dir='ltr'>quid</span> <span class='ocrx_word' id='word_1_235' title='bbox 835 1529 883 1555; x_wconf 88' lang='lat' dir='ltr'>est</span> <span class='ocrx_word' id='word_1_236' title='bbox 910 1523 1058 1554; x_wconf 88' lang='lat' dir='ltr'>absolute</span> <span class='ocrx_word' id='word_1_237' title='bbox 1082 1522 1302 1554; x_wconf 87' lang='lat' dir='ltr'>consideratae</span> <span class='ocrx_word' id='word_1_238' title='bbox 1326 1533 1378 1553; x_wconf 91' lang='lat' dir='ltr'>ac-</span> 
     </span>
     <span class='ocr_line' id='line_1_32' title="bbox 301 1567 1379 1609; baseline -0.003 -8"><span class='ocrx_word' id='word_1_239' title='bbox 301 1569 390 1606; x_wconf 87' lang='lat' dir='ltr'>cidit,</span> <span class='ocrx_word' id='word_1_240' title='bbox 413 1569 490 1600; x_wconf 91' lang='lat' dir='ltr'>ideo</span> <span class='ocrx_word' id='word_1_241' title='bbox 517 1568 637 1599; x_wconf 81' lang='lat' dir='ltr'>falsitas</span> <span class='ocrx_word' id='word_1_242' title='bbox 664 1568 843 1599; x_wconf 89' lang='lat' dir='ltr'>intellectui</span> <span class='ocrx_word' id='word_1_243' title='bbox 873 1568 1084 1608; x_wconf 86' lang='lat' dir='ltr'>cognoscenti</span> <span class='ocrx_word' id='word_1_244' title='bbox 1115 1567 1206 1609; x_wconf 91' lang='lat' dir='ltr'>quod</span> <span class='ocrx_word' id='word_1_245' title='bbox 1229 1567 1309 1607; x_wconf 91' lang='lat' dir='ltr'>quid</span> <span class='ocrx_word' id='word_1_246' title='bbox 1332 1574 1379 1598; x_wconf 87' lang='lat' dir='ltr'>est</span> 
     </span>
     <span class='ocr_line' id='line_1_33' title="bbox 301 1613 1379 1655; baseline -0.003 -9"><span class='ocrx_word' id='word_1_247' title='bbox 301 1614 419 1646; x_wconf 82' lang='lat' dir='ltr'>dicitur</span> <span class='ocrx_word' id='word_1_248' title='bbox 433 1623 492 1655; x_wconf 91' lang='lat' dir='ltr'>per</span> <span class='ocrx_word' id='word_1_249' title='bbox 504 1613 655 1645; x_wconf 88' lang='lat' dir='ltr'>accidens</span> <span class='ocrx_word' id='word_1_250' title='bbox 671 1613 858 1650; x_wconf 85' lang='lat' dir='ltr'>convenire,</span> <span class='ocrx_word' id='word_1_251' title='bbox 871 1619 986 1654; x_wconf 90' lang='lat' dir='ltr'>utpote</span> <span class='ocrx_word' id='word_1_252' title='bbox 997 1618 1122 1654; x_wconf 88' lang='lat' dir='ltr'>praeter</span> <span class='ocrx_word' id='word_1_253' title='bbox 1133 1614 1292 1643; x_wconf 88' lang='lat' dir='ltr'>rationem</span> <span class='ocrx_word' id='word_1_254' title='bbox 1308 1613 1379 1643; x_wconf 86' lang='lat' dir='ltr'>talis</span> 
     </span>
     <span class='ocr_line' id='line_1_34' title="bbox 301 1659 685 1701; baseline -0.005 -10"><span class='ocrx_word' id='word_1_255' title='bbox 301 1659 498 1701; x_wconf 80' lang='lat' dir='ltr'>cognitionis</span> <span class='ocrx_word' id='word_1_256' title='bbox 521 1659 685 1689; x_wconf 86' lang='lat' dir='ltr'>eveniens.</span> 
     </span>
    </p>

    <p class='ocr_par' dir='ltr' id='par_1_7' title="bbox 301 1702 1380 2149">
     <span class='ocr_line' id='line_1_35' title="bbox 356 1702 1379 1743; baseline -0.003 -8"><span class='ocrx_word' id='word_1_257' title='bbox 356 1714 387 1736; x_wconf 87' lang='lat'>2.</span> <span class='ocrx_word' id='word_1_258' title='bbox 408 1703 472 1736; x_wconf 89' lang='lat' dir='ltr'>Sed</span> <span class='ocrx_word' id='word_1_259' title='bbox 495 1713 534 1734; x_wconf 87' lang='lat' dir='ltr'>ex</span> <span class='ocrx_word' id='word_1_260' title='bbox 557 1703 650 1734; x_wconf 89' lang='lat' dir='ltr'>dictis</span> <span class='ocrx_word' id='word_1_261' title='bbox 673 1703 811 1734; x_wconf 88' lang='lat' dir='ltr'>dubium</span> <span class='ocrx_word' id='word_1_262' title='bbox 834 1702 980 1743; x_wconf 84' lang='lat' dir='ltr'>insurgit.</span> <span class='ocrx_word' id='word_1_263' title='bbox 1005 1702 1095 1732; x_wconf 89' lang='lat' dir='ltr'>Sicut</span> <span class='ocrx_word' id='word_1_264' title='bbox 1118 1702 1205 1733; x_wconf 89' lang='lat' dir='ltr'>enim</span> <span class='ocrx_word' id='word_1_265' title='bbox 1230 1702 1264 1732; x_wconf 89' lang='lat' dir='ltr'>in</span> <span class='ocrx_word' id='word_1_266' title='bbox 1287 1702 1379 1733; x_wconf 90' lang='lat' dir='ltr'>intel-</span> 
     </span>
     <span class='ocr_line' id='line_1_36' title="bbox 301 1747 1380 1789; baseline -0.004 -8"><span class='ocrx_word' id='word_1_267' title='bbox 301 1749 390 1781; x_wconf 86' lang='lat' dir='ltr'>lectu</span> <span class='ocrx_word' id='word_1_268' title='bbox 406 1754 635 1789; x_wconf 62' lang='lat' dir='ltr'>&gt;cognoscente</span> <span class='ocrx_word' id='word_1_269' title='bbox 650 1747 742 1788; x_wconf 93' lang='lat' dir='ltr'>quod</span> <span class='ocrx_word' id='word_1_270' title='bbox 758 1747 838 1788; x_wconf 89' lang='lat' dir='ltr'>quid</span> <span class='ocrx_word' id='word_1_271' title='bbox 854 1753 902 1778; x_wconf 91' lang='lat' dir='ltr'>est</span> <span class='ocrx_word' id='word_1_272' title='bbox 925 1749 971 1779; x_wconf 85' lang='lat' dir='ltr'>rei</span> <span class='ocrx_word' id='word_1_273' title='bbox 987 1747 1190 1787; x_wconf 89' lang='lat' dir='ltr'>compositae</span> <span class='ocrx_word' id='word_1_274' title='bbox 1204 1747 1380 1778; x_wconf 90' lang='lat' dir='ltr'>includitur</span> 
     </span>
     <span class='ocr_line' id='line_1_37' title="bbox 301 1791 1380 1835; baseline -0.004 -9"><span class='ocrx_word' id='word_1_275' title='bbox 301 1794 478 1835; x_wconf 82' lang='lat' dir='ltr'>aliquando</span> <span class='ocrx_word' id='word_1_276' title='bbox 493 1793 573 1825; x_wconf 86' lang='lat' dir='ltr'>falsa</span> <span class='ocrx_word' id='word_1_277' title='bbox 596 1793 784 1834; x_wconf 88' lang='lat' dir='ltr'>complexio</span> <span class='ocrx_word' id='word_1_278' title='bbox 800 1792 986 1828; x_wconf 88' lang='lat' dir='ltr'>virtualiter,</span> <span class='ocrx_word' id='word_1_279' title='bbox 1003 1793 1047 1823; x_wconf 90' lang='lat' dir='ltr'>ita</span> <span class='ocrx_word' id='word_1_280' title='bbox 1062 1797 1094 1823; x_wconf 89' lang='lat' dir='ltr'>et</span> <span class='ocrx_word' id='word_1_281' title='bbox 1114 1791 1290 1833; x_wconf 90' lang='lat' dir='ltr'>aliquando</span> <span class='ocrx_word' id='word_1_282' title='bbox 1306 1801 1380 1823; x_wconf 92' lang='lat' dir='ltr'>vera</span> 
     </span>
     <span class='ocr_line' id='line_1_38' title="bbox 301 1835 1380 1879; baseline -0.004 -8"><span class='ocrx_word' id='word_1_283' title='bbox 301 1838 478 1871; x_wconf 84' lang='lat' dir='ltr'>includitur</span> <span class='ocrx_word' id='word_1_284' title='bbox 500 1837 757 1879; x_wconf 79' lang='lat' dir='ltr'>complexio.&#39;Si</span> <span class='ocrx_word' id='word_1_285' title='bbox 780 1847 859 1878; x_wconf 90' lang='lat' dir='ltr'>ergo</span> <span class='ocrx_word' id='word_1_286' title='bbox 882 1837 958 1868; x_wconf 92' lang='lat' dir='ltr'>ideo</span> <span class='ocrx_word' id='word_1_287' title='bbox 982 1836 1098 1868; x_wconf 88' lang='lat' dir='ltr'>dicitur</span> <span class='ocrx_word' id='word_1_288' title='bbox 1125 1835 1224 1868; x_wconf 85' lang='lat' dir='ltr'>falsus</span> <span class='ocrx_word' id='word_1_289' title='bbox 1247 1846 1305 1878; x_wconf 91' lang='lat' dir='ltr'>per</span> <span class='ocrx_word' id='word_1_290' title='bbox 1327 1846 1380 1867; x_wconf 93' lang='lat' dir='ltr'>ac-</span> 
     </span>
     <span class='ocr_line' id='line_1_39' title="bbox 301 1882 1380 1925; baseline -0.004 -9"><span class='ocrx_word' id='word_1_291' title='bbox 301 1884 414 1916; x_wconf 82' lang='lat' dir='ltr'>cidens</span> <span class='ocrx_word' id='word_1_292' title='bbox 435 1885 514 1925; x_wconf 88' lang='lat' dir='ltr'>quia</span> <span class='ocrx_word' id='word_1_293' title='bbox 534 1883 647 1914; x_wconf 84' lang='lat' dir='ltr'>falsam</span> <span class='ocrx_word' id='word_1_294' title='bbox 666 1883 944 1923; x_wconf 89' lang='lat' dir='ltr'>compositionem</span> <span class='ocrx_word' id='word_1_295' title='bbox 966 1882 1148 1913; x_wconf 87' lang='lat' dir='ltr'>intellectus</span> <span class='ocrx_word' id='word_1_296' title='bbox 1171 1882 1327 1922; x_wconf 87' lang='lat' dir='ltr'>implicite</span> <span class='ocrx_word' id='word_1_297' title='bbox 1348 1888 1380 1912; x_wconf 91' lang='lat' dir='ltr'>et</span> 
     </span>
     <span class='ocr_line' id='line_1_40' title="bbox 301 1928 1379 1967; baseline -0.003 -7"><span class='ocrx_word' id='word_1_298' title='bbox 301 1929 486 1961; x_wconf 74' lang='lat' dir='ltr'>virmaliter</span> <span class='ocrx_word' id='word_1_299' title='bbox 499 1929 655 1963; x_wconf 88' lang='lat' dir='ltr'>continet,</span> <span class='ocrx_word' id='word_1_300' title='bbox 675 1928 790 1958; x_wconf 86' lang='lat' dir='ltr'>eadem</span> <span class='ocrx_word' id='word_1_301' title='bbox 806 1928 941 1964; x_wconf 91' lang='lat' dir='ltr'>ratione,</span> <span class='ocrx_word' id='word_1_302' title='bbox 958 1933 1092 1967; x_wconf 91' lang='lat' dir='ltr'>propter</span> <span class='ocrx_word' id='word_1_303' title='bbox 1110 1935 1220 1957; x_wconf 90' lang='lat' dir='ltr'>veram</span> <span class='ocrx_word' id='word_1_304' title='bbox 1242 1935 1379 1966; x_wconf 93' lang='lat' dir='ltr'>compo-</span> 
     </span>
     <span class='ocr_line' id='line_1_41' title="bbox 301 1971 1379 2013; baseline -0.004 -8"><span class='ocrx_word' id='word_1_305' title='bbox 301 1975 454 2006; x_wconf 88' lang='lat' dir='ltr'>sitionem</span> <span class='ocrx_word' id='word_1_306' title='bbox 476 1973 679 2013; x_wconf 83' lang='lat' dir='ltr'>implicitam,</span> <span class='ocrx_word' id='word_1_307' title='bbox 703 1972 829 2003; x_wconf 90' lang='lat' dir='ltr'>dicetur</span> <span class='ocrx_word' id='word_1_308' title='bbox 846 1982 910 2013; x_wconf 82' lang='lat' dir='ltr'>per</span> <span class='ocrx_word' id='word_1_309' title='bbox 932 1971 1082 2002; x_wconf 81' lang='lat' dir='ltr'>accidens</span> <span class='ocrx_word' id='word_1_310' title='bbox 1106 1979 1220 2002; x_wconf 82' lang='lat' dir='ltr'>verus:</span> <span class='ocrx_word' id='word_1_311' title='bbox 1242 1976 1379 2011; x_wconf 88' lang='lat' dir='ltr'>utraque</span> 
     </span>
     <span class='ocr_line' id='line_1_42' title="bbox 302 2015 1378 2058; baseline -0.005 -8"><span class='ocrx_word' id='word_1_312' title='bbox 302 2020 391 2050; x_wconf 88' lang='lat' dir='ltr'>enim</span> <span class='ocrx_word' id='word_1_313' title='bbox 411 2018 609 2058; x_wconf 88' lang='lat' dir='ltr'>compositio</span> <span class='ocrx_word' id='word_1_314' title='bbox 625 2017 672 2048; x_wconf 86' lang='lat' dir='ltr'>illi</span> <span class='ocrx_word' id='word_1_315' title='bbox 688 2017 869 2058; x_wconf 85' lang='lat' dir='ltr'>cognitioni</span> <span class='ocrx_word' id='word_1_316' title='bbox 886 2022 1035 2048; x_wconf 84' lang='lat' dir='ltr'>extranea</span> <span class='ocrx_word' id='word_1_317' title='bbox 1051 2022 1108 2046; x_wconf 90' lang='lat' dir='ltr'>est.</span> <span class='ocrx_word' id='word_1_318' title='bbox 1124 2015 1187 2046; x_wconf 90' lang='lat' dir='ltr'>Sed</span> <span class='ocrx_word' id='word_1_319' title='bbox 1206 2016 1303 2046; x_wconf 91' lang='lat' dir='ltr'>huius</span> <span class='ocrx_word' id='word_1_320' title='bbox 1319 2025 1378 2056; x_wconf 82' lang='lat' dir='ltr'>op-</span> 
     </span>
     <span class='ocr_line' id='line_1_43' title="bbox 301 2060 1379 2105; baseline -0.005 -10"><span class='ocrx_word' id='word_1_321' title='bbox 301 2064 447 2105; x_wconf 89' lang='lat' dir='ltr'>positum</span> <span class='ocrx_word' id='word_1_322' title='bbox 470 2062 589 2094; x_wconf 89' lang='lat' dir='ltr'>dicitur</span> <span class='ocrx_word' id='word_1_323' title='bbox 603 2068 635 2092; x_wconf 90' lang='lat' dir='ltr'>et</span> <span class='ocrx_word' id='word_1_324' title='bbox 650 2062 690 2092; x_wconf 87' lang='lat' dir='ltr'>ab</span> <span class='ocrx_word' id='word_1_325' title='bbox 706 2062 880 2093; x_wconf 88' lang='lat' dir='ltr'>Aristotele</span> <span class='ocrx_word' id='word_1_326' title='bbox 896 2067 927 2092; x_wconf 90' lang='lat' dir='ltr'>et</span> <span class='ocrx_word' id='word_1_327' title='bbox 951 2061 1071 2092; x_wconf 85' lang='lat' dir='ltr'>Sancto</span> <span class='ocrx_word' id='word_1_328' title='bbox 1095 2060 1236 2096; x_wconf 89' lang='lat' dir='ltr'>Thoma,</span> <span class='ocrx_word' id='word_1_329' title='bbox 1252 2070 1379 2101; x_wconf 89' lang='lat' dir='ltr'>ponen-</span> 
     </span>
     <span class='ocr_line' id='line_1_44' title="bbox 301 2106 1187 2149; baseline -0.006 -9"><span class='ocrx_word' id='word_1_330' title='bbox 301 2109 388 2140; x_wconf 87' lang='lat' dir='ltr'>tibus</span> <span class='ocrx_word' id='word_1_331' title='bbox 412 2107 504 2149; x_wconf 89' lang='lat' dir='ltr'>quod</span> <span class='ocrx_word' id='word_1_332' title='bbox 526 2116 656 2148; x_wconf 89' lang='lat' dir='ltr'>semper</span> <span class='ocrx_word' id='word_1_333' title='bbox 672 2117 737 2148; x_wconf 82' lang='lat' dir='ltr'>per</span> <span class='ocrx_word' id='word_1_334' title='bbox 758 2116 793 2138; x_wconf 84' lang='lat' dir='ltr'>se</span> <span class='ocrx_word' id='word_1_335' title='bbox 816 2112 864 2137; x_wconf 91' lang='lat' dir='ltr'>est</span> <span class='ocrx_word' id='word_1_336' title='bbox 886 2116 991 2138; x_wconf 89' lang='lat' dir='ltr'>verus.</span> <span class='ocrx_word' id='word_1_337' title='bbox 1016 2106 1102 2146; x_wconf 88' lang='lat' dir='ltr'>Ergo</span> <span class='ocrx_word' id='word_1_338' title='bbox 1127 2111 1187 2136; x_wconf 92' lang='lat' dir='ltr'>etc.</span> 
     </span>
    </p>

    <p class='ocr_par' dir='ltr' id='par_1_8' title="bbox 302 2150 1380 2463">
     <span class='ocr_line' id='line_1_45' title="bbox 357 2150 1378 2194; baseline -0.004 -10"><span class='ocrx_word' id='word_1_339' title='bbox 357 2151 603 2194; x_wconf 88' lang='lat' dir='ltr'>Respondetur:</span> <span class='ocrx_word' id='word_1_340' title='bbox 625 2158 656 2183; x_wconf 92' lang='lat' dir='ltr'>et</span> <span class='ocrx_word' id='word_1_341' title='bbox 680 2151 796 2182; x_wconf 86' lang='lat' dir='ltr'>dicitur</span> <span class='ocrx_word' id='word_1_342' title='bbox 819 2152 937 2192; x_wconf 91' lang='lat' dir='ltr'>primo,</span> <span class='ocrx_word' id='word_1_343' title='bbox 960 2150 1051 2192; x_wconf 94' lang='lat' dir='ltr'>quod</span> <span class='ocrx_word' id='word_1_344' title='bbox 1074 2151 1198 2190; x_wconf 87' lang='lat' dir='ltr'>utique,</span> <span class='ocrx_word' id='word_1_345' title='bbox 1219 2155 1378 2189; x_wconf 87' lang='lat' dir='ltr'>quantum</span> 
     </span>
     <span class='ocr_line' id='line_1_46' title="bbox 302 2195 1379 2238; baseline -0.005 -9"><span class='ocrx_word' id='word_1_346' title='bbox 302 2198 343 2229; x_wconf 90' lang='lat' dir='ltr'>ad</span> <span class='ocrx_word' id='word_1_347' title='bbox 357 2199 526 2229; x_wconf 86' lang='lat' dir='ltr'>veritatem</span> <span class='ocrx_word' id='word_1_348' title='bbox 543 2206 627 2238; x_wconf 88' lang='lat' dir='ltr'>quae</span> <span class='ocrx_word' id='word_1_349' title='bbox 643 2197 919 2237; x_wconf 88' lang='lat' dir='ltr'>compositionem</span> <span class='ocrx_word' id='word_1_350' title='bbox 935 2196 1125 2236; x_wconf 89' lang='lat' dir='ltr'>implicitam</span> <span class='ocrx_word' id='word_1_351' title='bbox 1141 2196 1175 2225; x_wconf 91' lang='lat' dir='ltr'>in</span> <span class='ocrx_word' id='word_1_352' title='bbox 1191 2195 1379 2235; x_wconf 85' lang='lat' dir='ltr'>cognitione</span> 
     </span>
     <span class='ocr_line' id='line_1_47' title="bbox 303 2239 1380 2284; baseline -0.005 -10"><span class='ocrx_word' id='word_1_353' title='bbox 303 2243 395 2284; x_wconf 88' lang='lat' dir='ltr'>quod</span> <span class='ocrx_word' id='word_1_354' title='bbox 417 2242 498 2284; x_wconf 91' lang='lat' dir='ltr'>quid</span> <span class='ocrx_word' id='word_1_355' title='bbox 521 2248 569 2273; x_wconf 87' lang='lat' dir='ltr'>est</span> <span class='ocrx_word' id='word_1_356' title='bbox 591 2242 840 2277; x_wconf 87' lang='lat' dir='ltr'>concomitatur,</span> <span class='ocrx_word' id='word_1_357' title='bbox 857 2241 1039 2272; x_wconf 89' lang='lat' dir='ltr'>intellectus</span> <span class='ocrx_word' id='word_1_358' title='bbox 1063 2248 1266 2280; x_wconf 87' lang='lat' dir='ltr'>cognoscens</span> <span class='ocrx_word' id='word_1_359' title='bbox 1289 2239 1380 2280; x_wconf 91' lang='lat' dir='ltr'>quod</span> 
     </span>
     <span class='ocr_line' id='line_1_48' title="bbox 302 2283 1380 2329; baseline -0.005 -10"><span class='ocrx_word' id='word_1_360' title='bbox 302 2287 383 2329; x_wconf 85' lang='lat' dir='ltr'>quid</span> <span class='ocrx_word' id='word_1_361' title='bbox 402 2293 450 2319; x_wconf 90' lang='lat' dir='ltr'>est</span> <span class='ocrx_word' id='word_1_362' title='bbox 472 2297 530 2328; x_wconf 88' lang='lat' dir='ltr'>per</span> <span class='ocrx_word' id='word_1_363' title='bbox 553 2286 703 2317; x_wconf 90' lang='lat' dir='ltr'>accidens</span> <span class='ocrx_word' id='word_1_364' title='bbox 719 2286 836 2317; x_wconf 86' lang='lat' dir='ltr'>dicitur</span> <span class='ocrx_word' id='word_1_365' title='bbox 859 2295 963 2322; x_wconf 91' lang='lat' dir='ltr'>verus,</span> <span class='ocrx_word' id='word_1_366' title='bbox 980 2286 1064 2316; x_wconf 89' lang='lat' dir='ltr'>sicut</span> <span class='ocrx_word' id='word_1_367' title='bbox 1079 2290 1111 2316; x_wconf 95' lang='lat' dir='ltr'>et</span> <span class='ocrx_word' id='word_1_368' title='bbox 1134 2283 1232 2315; x_wconf 90' lang='lat' dir='ltr'>falsus</span> <span class='ocrx_word' id='word_1_369' title='bbox 1254 2288 1312 2325; x_wconf 78' lang='lat' dir='ltr'>p‘er</span> <span class='ocrx_word' id='word_1_370' title='bbox 1327 2294 1380 2315; x_wconf 91' lang='lat' dir='ltr'>ac-</span> 
     </span>
     <span class='ocr_line' id='line_1_49' title="bbox 303 2329 1379 2372; baseline -0.006 -8"><span class='ocrx_word' id='word_1_371' title='bbox 303 2331 413 2364; x_wconf 87' lang='lat' dir='ltr'>cidens</span> <span class='ocrx_word' id='word_1_372' title='bbox 443 2331 569 2363; x_wconf 88' lang='lat' dir='ltr'>ratione</span> <span class='ocrx_word' id='word_1_373' title='bbox 602 2331 700 2362; x_wconf 86' lang='lat' dir='ltr'>falsae</span> <span class='ocrx_word' id='word_1_374' title='bbox 728 2331 978 2372; x_wconf 88' lang='lat' dir='ltr'>compositionis</span> <span class='ocrx_word' id='word_1_375' title='bbox 1007 2330 1162 2360; x_wconf 85' lang='lat' dir='ltr'>inclusae.</span> <span class='ocrx_word' id='word_1_376' title='bbox 1194 2329 1235 2359; x_wconf 96' lang='lat' dir='ltr'>Et</span> <span class='ocrx_word' id='word_1_377' title='bbox 1262 2330 1287 2359; x_wconf 90' lang='lat' dir='ltr'>si</span> <span class='ocrx_word' id='word_1_378' title='bbox 1311 2338 1379 2359; x_wconf 91' lang='lat' dir='ltr'>non</span> 
     </span>
     <span class='ocr_line' id='line_1_50' title="bbox 303 2374 1380 2417; baseline -0.004 -9"><span class='ocrx_word' id='word_1_379' title='bbox 303 2377 434 2409; x_wconf 83' lang='lat' dir='ltr'>aliunde</span> <span class='ocrx_word' id='word_1_380' title='bbox 456 2377 588 2407; x_wconf 89' lang='lat' dir='ltr'>haberet</span> <span class='ocrx_word' id='word_1_381' title='bbox 604 2377 770 2407; x_wconf 89' lang='lat' dir='ltr'>veritatem</span> <span class='ocrx_word' id='word_1_382' title='bbox 786 2385 886 2417; x_wconf 89' lang='lat' dir='ltr'>quarn</span> <span class='ocrx_word' id='word_1_383' title='bbox 902 2385 941 2406; x_wconf 85' lang='lat' dir='ltr'>ex</span> <span class='ocrx_word' id='word_1_384' title='bbox 956 2376 1026 2416; x_wconf 89' lang='lat' dir='ltr'>ipsa</span> <span class='ocrx_word' id='word_1_385' title='bbox 1041 2383 1116 2405; x_wconf 89' lang='lat' dir='ltr'>vera</span> <span class='ocrx_word' id='word_1_386' title='bbox 1139 2374 1380 2414; x_wconf 87' lang='lat' dir='ltr'>compositione</span> 
     </span>
     <span class='ocr_line' id='line_1_51' title="bbox 303 2419 1212 2463; baseline -0.006 -9"><span class='ocrx_word' id='word_1_387' title='bbox 303 2423 470 2463; x_wconf 88' lang='lat' dir='ltr'>implicita,</span> <span class='ocrx_word' id='word_1_388' title='bbox 494 2431 563 2453; x_wconf 92' lang='lat' dir='ltr'>non</span> <span class='ocrx_word' id='word_1_389' title='bbox 586 2421 747 2452; x_wconf 90' lang='lat' dir='ltr'>diceretur</span> <span class='ocrx_word' id='word_1_390' title='bbox 770 2430 864 2452; x_wconf 86' lang='lat' dir='ltr'>verus</span> <span class='ocrx_word' id='word_1_391' title='bbox 887 2421 949 2451; x_wconf 91' lang='lat' dir='ltr'>nisi</span> <span class='ocrx_word' id='word_1_392' title='bbox 971 2429 1030 2461; x_wconf 90' lang='lat' dir='ltr'>per</span> <span class='ocrx_word' id='word_1_393' title='bbox 1053 2419 1212 2450; x_wconf 90' lang='lat' dir='ltr'>accidens.</span> 
     </span>
    </p>

    <p class='ocr_par' dir='ltr' id='par_1_9' title="bbox 302 2463 1381 3045">
     <span class='ocr_line' id='line_1_52' title="bbox 359 2463 1381 2507; baseline -0.005 -9"><span class='ocrx_word' id='word_1_394' title='bbox 359 2467 486 2498; x_wconf 76' lang='lat' dir='ltr'>Dicitur</span> <span class='ocrx_word' id='word_1_395' title='bbox 514 2466 660 2497; x_wconf 88' lang='lat' dir='ltr'>secundo</span> <span class='ocrx_word' id='word_1_396' title='bbox 689 2465 790 2507; x_wconf 90' lang='lat' dir='ltr'>quod,</span> <span class='ocrx_word' id='word_1_397' title='bbox 815 2471 940 2506; x_wconf 90' lang='lat' dir='ltr'>praeter</span> <span class='ocrx_word' id='word_1_398' title='bbox 968 2465 1135 2496; x_wconf 90' lang='lat' dir='ltr'>veritatem</span> <span class='ocrx_word' id='word_1_399' title='bbox 1162 2464 1256 2499; x_wconf 90' lang='lat' dir='ltr'>hanc,</span> <span class='ocrx_word' id='word_1_400' title='bbox 1284 2463 1381 2494; x_wconf 85' lang='lat' dir='ltr'>babet</span> 
     </span>
     <span class='ocr_line' id='line_1_53' title="bbox 304 2507 1381 2551; baseline -0.004 -9"><span class='ocrx_word' id='word_1_401' title='bbox 304 2513 402 2543; x_wconf 88' lang='lat' dir='ltr'>etiam</span> <span class='ocrx_word' id='word_1_402' title='bbox 424 2512 592 2542; x_wconf 83' lang='lat' dir='ltr'>veritatem</span> <span class='ocrx_word' id='word_1_403' title='bbox 616 2511 676 2542; x_wconf 88' lang='lat' dir='ltr'>sibi</span> <span class='ocrx_word' id='word_1_404' title='bbox 700 2521 738 2542; x_wconf 81' lang='lat' dir='ltr'>ex</span> <span class='ocrx_word' id='word_1_405' title='bbox 761 2521 806 2548; x_wconf 91' lang='lat' dir='ltr'>se,</span> <span class='ocrx_word' id='word_1_406' title='bbox 830 2511 1027 2551; x_wconf 90' lang='lat' dir='ltr'>inquantum</span> <span class='ocrx_word' id='word_1_407' title='bbox 1050 2514 1098 2540; x_wconf 91' lang='lat' dir='ltr'>est</span> <span class='ocrx_word' id='word_1_408' title='bbox 1121 2509 1265 2549; x_wconf 88' lang='lat' dir='ltr'>cognitio</span> <span class='ocrx_word' id='word_1_409' title='bbox 1289 2507 1381 2548; x_wconf 92' lang='lat' dir='ltr'>quod</span> 
     </span>
     <span class='ocr_line' id='line_1_54' title="bbox 304 2552 1380 2597; baseline -0.005 -9"><span class='ocrx_word' id='word_1_410' title='bbox 304 2557 384 2597; x_wconf 90' lang='lat' dir='ltr'>quid</span> <span class='ocrx_word' id='word_1_411' title='bbox 396 2562 460 2593; x_wconf 85' lang='lat' dir='ltr'>est,</span> <span class='ocrx_word' id='word_1_412' title='bbox 477 2555 656 2587; x_wconf 85' lang='lat' dir='ltr'>formaliter</span> <span class='ocrx_word' id='word_1_413' title='bbox 671 2556 937 2587; x_wconf 90' lang='lat' dir='ltr'>convenientem:</span> <span class='ocrx_word' id='word_1_414' title='bbox 955 2564 996 2585; x_wconf 95' lang='lat' dir='ltr'>eo</span> <span class='ocrx_word' id='word_1_415' title='bbox 1013 2553 1105 2595; x_wconf 89' lang='lat' dir='ltr'>quod</span> <span class='ocrx_word' id='word_1_416' title='bbox 1119 2559 1214 2584; x_wconf 90' lang='lat' dir='ltr'>natus</span> <span class='ocrx_word' id='word_1_417' title='bbox 1229 2554 1270 2584; x_wconf 90' lang='lat' dir='ltr'>sit</span> <span class='ocrx_word' id='word_1_418' title='bbox 1285 2552 1380 2593; x_wconf 92' lang='lat' dir='ltr'>quid-</span> 
     </span>
     <span class='ocr_line' id='line_1_55' title="bbox 303 2599 1379 2641; baseline -0.005 -9"><span class='ocrx_word' id='word_1_419' title='bbox 303 2601 437 2632; x_wconf 89' lang='lat' dir='ltr'>ditatem</span> <span class='ocrx_word' id='word_1_420' title='bbox 460 2601 600 2641; x_wconf 86' lang='lat' dir='ltr'>simplici</span> <span class='ocrx_word' id='word_1_421' title='bbox 618 2601 739 2631; x_wconf 87' lang='lat' dir='ltr'>intuitu</span> <span class='ocrx_word' id='word_1_422' title='bbox 760 2610 799 2632; x_wconf 89' lang='lat' dir='ltr'>ex</span> <span class='ocrx_word' id='word_1_423' title='bbox 822 2600 941 2641; x_wconf 90' lang='lat' dir='ltr'>speciei</span> <span class='ocrx_word' id='word_1_424' title='bbox 963 2599 1171 2639; x_wconf 86' lang='lat' dir='ltr'>intelligibilis</span> <span class='ocrx_word' id='word_1_425' title='bbox 1194 2607 1379 2638; x_wconf 91' lang='lat' dir='ltr'>repraesen-</span> 
     </span>
     <span class='ocr_line' id='line_1_56' title="bbox 303 2644 1379 2686; baseline -0.004 -10"><span class='ocrx_word' id='word_1_426' title='bbox 303 2647 426 2677; x_wconf 86' lang='lat' dir='ltr'>tatione</span> <span class='ocrx_word' id='word_1_427' title='bbox 449 2645 703 2686; x_wconf 86' lang='lat' dir='ltr'>apprehendere,</span> <span class='ocrx_word' id='word_1_428' title='bbox 727 2646 762 2676; x_wconf 93' lang='lat' dir='ltr'>in</span> <span class='ocrx_word' id='word_1_429' title='bbox 792 2655 858 2686; x_wconf 90' lang='lat' dir='ltr'>qua</span> <span class='ocrx_word' id='word_1_430' title='bbox 889 2644 1149 2686; x_wconf 90' lang='lat' dir='ltr'>apprehensione</span> <span class='ocrx_word' id='word_1_431' title='bbox 1176 2652 1304 2683; x_wconf 88' lang='lat' dir='ltr'>semper</span> <span class='ocrx_word' id='word_1_432' title='bbox 1332 2647 1379 2672; x_wconf 89' lang='lat' dir='ltr'>est</span> 
     </span>
     <span class='ocr_line' id='line_1_57' title="bbox 303 2687 1379 2730; baseline -0.004 -9"><span class='ocrx_word' id='word_1_433' title='bbox 303 2691 350 2722; x_wconf 92' lang='lat' dir='ltr'>rei</span> <span class='ocrx_word' id='word_1_434' title='bbox 372 2691 581 2730; x_wconf 82' lang='lat' dir='ltr'>adaequatus,</span> <span class='ocrx_word' id='word_1_435' title='bbox 601 2697 678 2720; x_wconf 91' lang='lat' dir='ltr'>cum</span> <span class='ocrx_word' id='word_1_436' title='bbox 701 2699 760 2730; x_wconf 88' lang='lat' dir='ltr'>per</span> <span class='ocrx_word' id='word_1_437' title='bbox 775 2690 918 2730; x_wconf 90' lang='lat' dir='ltr'>speciem</span> <span class='ocrx_word' id='word_1_438' title='bbox 941 2688 1176 2729; x_wconf 86' lang='lat' dir='ltr'>intelligibilem</span> <span class='ocrx_word' id='word_1_439' title='bbox 1195 2688 1240 2718; x_wconf 89' lang='lat' dir='ltr'>rei</span> <span class='ocrx_word' id='word_1_440' title='bbox 1263 2687 1379 2718; x_wconf 90' lang='lat' dir='ltr'>habeat</span> 
     </span>
     <span class='ocr_line' id='line_1_58' title="bbox 302 2731 1377 2775; baseline -0.005 -9"><span class='ocrx_word' id='word_1_441' title='bbox 302 2735 485 2767; x_wconf 89' lang='lat' dir='ltr'>intellectus</span> <span class='ocrx_word' id='word_1_442' title='bbox 499 2734 680 2775; x_wconf 83' lang='lat' dir='ltr'>intelligere</span> <span class='ocrx_word' id='word_1_443' title='bbox 694 2739 851 2775; x_wconf 89' lang='lat' dir='ltr'>tanquam</span> <span class='ocrx_word' id='word_1_444' title='bbox 866 2743 924 2774; x_wconf 92' lang='lat' dir='ltr'>per</span> <span class='ocrx_word' id='word_1_445' title='bbox 938 2733 1104 2774; x_wconf 88' lang='lat' dir='ltr'>propriam</span> <span class='ocrx_word' id='word_1_446' title='bbox 1120 2731 1259 2762; x_wconf 90' lang='lat' dir='ltr'>formam</span> <span class='ocrx_word' id='word_1_447' title='bbox 1275 2740 1377 2766; x_wconf 89' lang='lat' dir='ltr'>suam,</span> 
     </span>
     <span class='ocr_line' id='line_1_59' title="bbox 303 2775 1379 2820; baseline -0.007 -8"><span class='ocrx_word' id='word_1_448' title='bbox 303 2786 340 2812; x_wconf 93' lang='lat' dir='ltr'>ut</span> <span class='ocrx_word' id='word_1_449' title='bbox 363 2787 410 2811; x_wconf 91' lang='lat' dir='ltr'>est</span> <span class='ocrx_word' id='word_1_450' title='bbox 429 2788 643 2820; x_wconf 89' lang='lat' dir='ltr'>cognoscens,</span> <span class='ocrx_word' id='word_1_451' title='bbox 660 2779 722 2809; x_wconf 90' lang='lat' dir='ltr'>nisi</span> <span class='ocrx_word' id='word_1_452' title='bbox 743 2788 782 2809; x_wconf 84' lang='lat' dir='ltr'>ex</span> <span class='ocrx_word' id='word_1_453' title='bbox 805 2779 916 2819; x_wconf 84' lang='lat' dir='ltr'>aliquo</span> <span class='ocrx_word' id='word_1_454' title='bbox 941 2777 1137 2808; x_wconf 88' lang='lat' dir='ltr'>extrinsecus</span> <span class='ocrx_word' id='word_1_455' title='bbox 1161 2776 1314 2807; x_wconf 87' lang='lat' dir='ltr'>adiuncto</span> <span class='ocrx_word' id='word_1_456' title='bbox 1338 2775 1379 2805; x_wconf 91' lang='lat' dir='ltr'>ad</span> 
     </span>
     <span class='ocr_line' id='line_1_60' title="bbox 303 2820 1379 2862; baseline -0.007 -5"><span class='ocrx_word' id='word_1_457' title='bbox 303 2825 474 2857; x_wconf 88' lang='lat' dir='ltr'>falsitatem</span> <span class='ocrx_word' id='word_1_458' title='bbox 497 2824 649 2855; x_wconf 85' lang='lat' dir='ltr'>trahatur.</span> <span class='ocrx_word' id='word_1_459' title='bbox 677 2823 755 2854; x_wconf 90' lang='lat' dir='ltr'>Non</span> <span class='ocrx_word' id='word_1_460' title='bbox 779 2823 824 2854; x_wconf 91' lang='lat' dir='ltr'>sic</span> <span class='ocrx_word' id='word_1_461' title='bbox 848 2828 958 2853; x_wconf 91' lang='lat' dir='ltr'>autem</span> <span class='ocrx_word' id='word_1_462' title='bbox 980 2827 1088 2862; x_wconf 89' lang='lat' dir='ltr'>potest</span> <span class='ocrx_word' id='word_1_463' title='bbox 1113 2820 1177 2852; x_wconf 88' lang='lat' dir='ltr'>dici</span> <span class='ocrx_word' id='word_1_464' title='bbox 1200 2821 1298 2851; x_wconf 87' lang='lat' dir='ltr'>falsus</span> <span class='ocrx_word' id='word_1_465' title='bbox 1321 2829 1379 2860; x_wconf 88' lang='lat' dir='ltr'>per</span> 
     </span>
     <span class='ocr_line' id='line_1_61' title="bbox 303 2864 1378 2911; baseline -0.006 -10"><span class='ocrx_word' id='word_1_466' title='bbox 303 2880 352 2901; x_wconf 85' lang='lat' dir='ltr'>se:</span> <span class='ocrx_word' id='word_1_467' title='bbox 370 2871 454 2911; x_wconf 84' lang='lat' dir='ltr'>quia</span> <span class='ocrx_word' id='word_1_468' title='bbox 473 2877 513 2900; x_wconf 82' lang='lat' dir='ltr'>ex</span> <span class='ocrx_word' id='word_1_469' title='bbox 530 2869 599 2900; x_wconf 92' lang='lat' dir='ltr'>sola</span> <span class='ocrx_word' id='word_1_470' title='bbox 617 2867 827 2898; x_wconf 87' lang='lat' dir='ltr'>adiunctione</span> <span class='ocrx_word' id='word_1_471' title='bbox 847 2866 1096 2907; x_wconf 87' lang='lat' dir='ltr'>compositionis</span> <span class='ocrx_word' id='word_1_472' title='bbox 1117 2866 1214 2896; x_wconf 90' lang='lat' dir='ltr'>habet</span> <span class='ocrx_word' id='word_1_473' title='bbox 1229 2864 1320 2905; x_wconf 91' lang='lat' dir='ltr'>quod</span> <span class='ocrx_word' id='word_1_474' title='bbox 1338 2865 1378 2895; x_wconf 91' lang='lat' dir='ltr'>sit</span> 
     </span>
     <span class='ocr_line' id='line_1_62' title="bbox 303 2909 1379 2952; baseline -0.007 -6"><span class='ocrx_word' id='word_1_475' title='bbox 303 2914 416 2946; x_wconf 88' lang='lat' dir='ltr'>falsus:</span> <span class='ocrx_word' id='word_1_476' title='bbox 450 2914 513 2945; x_wconf 91' lang='lat' dir='ltr'>nisi</span> <span class='ocrx_word' id='word_1_477' title='bbox 536 2914 623 2944; x_wconf 90' lang='lat' dir='ltr'>enim</span> <span class='ocrx_word' id='word_1_478' title='bbox 648 2912 829 2952; x_wconf 86' lang='lat' dir='ltr'>cognitioni</span> <span class='ocrx_word' id='word_1_479' title='bbox 852 2911 943 2952; x_wconf 91' lang='lat' dir='ltr'>quod</span> <span class='ocrx_word' id='word_1_480' title='bbox 969 2910 1049 2951; x_wconf 91' lang='lat' dir='ltr'>quid</span> <span class='ocrx_word' id='word_1_481' title='bbox 1073 2916 1121 2940; x_wconf 92' lang='lat' dir='ltr'>est</span> <span class='ocrx_word' id='word_1_482' title='bbox 1152 2909 1379 2950; x_wconf 88' lang='lat' dir='ltr'>adiungeretur</span> 
     </span>
     <span class='ocr_line' id='line_1_63' title="bbox 303 2955 1378 3000; baseline -0.006 -10"><span class='ocrx_word' id='word_1_483' title='bbox 303 2959 513 3000; x_wconf 90' lang='lat' dir='ltr'>compositio,</span> <span class='ocrx_word' id='word_1_484' title='bbox 538 2966 709 2998; x_wconf 90' lang='lat' dir='ltr'>nunquam</span> <span class='ocrx_word' id='word_1_485' title='bbox 741 2956 839 2988; x_wconf 90' lang='lat' dir='ltr'>falsus</span> <span class='ocrx_word' id='word_1_486' title='bbox 870 2961 963 2992; x_wconf 92' lang='lat' dir='ltr'>esset,</span> <span class='ocrx_word' id='word_1_487' title='bbox 990 2964 1227 2995; x_wconf 90' lang='lat' dir='ltr'>nunquamque</span> <span class='ocrx_word' id='word_1_488' title='bbox 1253 2955 1299 2984; x_wconf 89' lang='lat' dir='ltr'>rei</span> <span class='ocrx_word' id='word_1_489' title='bbox 1329 2955 1378 2984; x_wconf 91' lang='lat' dir='ltr'>in-</span> 
     </span>
     <span class='ocr_line' id='line_1_64' title="bbox 303 3004 512 3045; baseline -0.005 -10"><span class='ocrx_word' id='word_1_490' title='bbox 303 3004 512 3045; x_wconf 82' lang='lat' dir='ltr'>adaequatus.</span> 
     </span>
    </p>

    <p class='ocr_par' dir='ltr' id='par_1_10' title="bbox 303 3043 1379 3671">
     <span class='ocr_line' id='line_1_65' title="bbox 324 3043 1379 3086; baseline -0.007 -6"><span class='ocrx_word' id='word_1_491' title='bbox 324 3057 326 3059; x_wconf 85' lang='lat'>·</span> <span class='ocrx_word' id='word_1_492' title='bbox 358 3047 603 3080; x_wconf 90' lang='lat' dir='ltr'>Attendendum</span> <span class='ocrx_word' id='word_1_493' title='bbox 620 3052 729 3077; x_wconf 91' lang='lat' dir='ltr'>autem</span> <span class='ocrx_word' id='word_1_494' title='bbox 745 3045 835 3086; x_wconf 89' lang='lat' dir='ltr'>quod</span> <span class='ocrx_word' id='word_1_495' title='bbox 851 3044 939 3076; x_wconf 90' lang='lat' dir='ltr'>aliud</span> <span class='ocrx_word' id='word_1_496' title='bbox 954 3049 1002 3075; x_wconf 92' lang='lat' dir='ltr'>est</span> <span class='ocrx_word' id='word_1_497' title='bbox 1016 3044 1109 3084; x_wconf 89' lang='lat' dir='ltr'>loqui</span> <span class='ocrx_word' id='word_1_498' title='bbox 1125 3043 1166 3074; x_wconf 90' lang='lat' dir='ltr'>de</span> <span class='ocrx_word' id='word_1_499' title='bbox 1180 3044 1284 3084; x_wconf 90' lang='lat' dir='ltr'>prima</span> <span class='ocrx_word' id='word_1_500' title='bbox 1299 3052 1379 3083; x_wconf 86' lang='lat' dir='ltr'>ope-</span> 
     </span>
     <span class='ocr_line' id='line_1_66' title="bbox 303 3087 1379 3130; baseline -0.007 -5"><span class='ocrx_word' id='word_1_501' title='bbox 303 3094 428 3125; x_wconf 89' lang='lat' dir='ltr'>ratione</span> <span class='ocrx_word' id='word_1_502' title='bbox 450 3092 646 3124; x_wconf 85' lang='lat' dir='ltr'>intellectus:</span> <span class='ocrx_word' id='word_1_503' title='bbox 665 3097 696 3122; x_wconf 90' lang='lat' dir='ltr'>et</span> <span class='ocrx_word' id='word_1_504' title='bbox 711 3090 810 3127; x_wconf 92' lang='lat' dir='ltr'>aliud,</span> <span class='ocrx_word' id='word_1_505' title='bbox 826 3089 867 3121; x_wconf 88' lang='lat' dir='ltr'>de</span> <span class='ocrx_word' id='word_1_506' title='bbox 887 3089 1075 3130; x_wconf 88' lang='lat' dir='ltr'>cognitione</span> <span class='ocrx_word' id='word_1_507' title='bbox 1099 3087 1284 3128; x_wconf 90' lang='lat' dir='ltr'>quidditatis</span> <span class='ocrx_word' id='word_1_508' title='bbox 1306 3089 1379 3118; x_wconf 90' lang='lat' dir='ltr'>uni-</span> 
     </span>
     <span class='ocr_line' id='line_1_67' title="bbox 303 3133 1378 3178; baseline -0.007 -9"><span class='ocrx_word' id='word_1_509' title='bbox 303 3139 475 3170; x_wconf 89' lang='lat' dir='ltr'>versaliter.</span> <span class='ocrx_word' id='word_1_510' title='bbox 491 3135 677 3178; x_wconf 90' lang='lat' dir='ltr'>Loquendo</span> <span class='ocrx_word' id='word_1_511' title='bbox 695 3136 782 3166; x_wconf 89' lang='lat' dir='ltr'>enim</span> <span class='ocrx_word' id='word_1_512' title='bbox 799 3135 838 3166; x_wconf 90' lang='lat' dir='ltr'>de</span> <span class='ocrx_word' id='word_1_513' title='bbox 862 3135 966 3175; x_wconf 89' lang='lat' dir='ltr'>prima</span> <span class='ocrx_word' id='word_1_514' title='bbox 981 3133 1170 3175; x_wconf 86' lang='lat' dir='ltr'>operatione</span> <span class='ocrx_word' id='word_1_515' title='bbox 1185 3133 1378 3169; x_wconf 90' lang='lat' dir='ltr'>intellectus,</span> 
     </span>
     <span class='ocr_line' id='line_1_68' title="bbox 304 3178 1379 3224; baseline -0.007 -9"><span class='ocrx_word' id='word_1_516' title='bbox 304 3192 389 3224; x_wconf 88' lang='lat' dir='ltr'>quae</span> <span class='ocrx_word' id='word_1_517' title='bbox 412 3183 528 3214; x_wconf 89' lang='lat' dir='ltr'>dicitur</span> <span class='ocrx_word' id='word_1_518' title='bbox 550 3181 743 3222; x_wconf 83' lang='lat' dir='ltr'>simplicium</span> <span class='ocrx_word' id='word_1_519' title='bbox 760 3179 988 3221; x_wconf 82' lang='lat' dir='ltr'>intelligentia,</span> <span class='ocrx_word' id='word_1_520' title='bbox 1005 3179 1058 3209; x_wconf 85' lang='lat' dir='ltr'>alii</span> <span class='ocrx_word' id='word_1_521' title='bbox 1082 3178 1274 3218; x_wconf 89' lang='lat' dir='ltr'>operationi,</span> <span class='ocrx_word' id='word_1_522' title='bbox 1295 3187 1379 3218; x_wconf 91' lang='lat' dir='ltr'>quae</span> 
     </span>
     <span class='ocr_line' id='line_1_69' title="bbox 304 3221 1379 3268; baseline -0.007 -9"><span class='ocrx_word' id='word_1_523' title='bbox 304 3228 421 3259; x_wconf 90' lang='lat' dir='ltr'>dicitur</span> <span class='ocrx_word' id='word_1_524' title='bbox 443 3227 634 3268; x_wconf 80' lang='lat' dir='ltr'>compositio</span> <span class='ocrx_word' id='word_1_525' title='bbox 658 3230 689 3256; x_wconf 88' lang='lat' dir='ltr'>et</span> <span class='ocrx_word' id='word_1_526' title='bbox 711 3225 838 3260; x_wconf 76' lang='lat' dir='ltr'>divisio,</span> <span class='ocrx_word' id='word_1_527' title='bbox 863 3223 1039 3260; x_wconf 87' lang='lat' dir='ltr'>condivisa,</span> <span class='ocrx_word' id='word_1_528' title='bbox 1060 3223 1106 3253; x_wconf 86' lang='lat' dir='ltr'>sic</span> <span class='ocrx_word' id='word_1_529' title='bbox 1130 3221 1252 3253; x_wconf 89' lang='lat' dir='ltr'>dictum</span> <span class='ocrx_word' id='word_1_530' title='bbox 1275 3228 1323 3253; x_wconf 91' lang='lat' dir='ltr'>est</span> <span class='ocrx_word' id='word_1_531' title='bbox 1345 3223 1379 3252; x_wconf 94' lang='lat' dir='ltr'>in</span> 
     </span>
     <span class='ocr_line' id='line_1_70' title="bbox 303 3267 1379 3313; baseline -0.007 -9"><span class='ocrx_word' id='word_1_532' title='bbox 303 3274 374 3313; x_wconf 82' lang='lat' dir='ltr'>ipsa</span> <span class='ocrx_word' id='word_1_533' title='bbox 384 3272 556 3303; x_wconf 88' lang='lat' dir='ltr'>falsitatem</span> <span class='ocrx_word' id='word_1_534' title='bbox 567 3281 636 3302; x_wconf 91' lang='lat' dir='ltr'>non</span> <span class='ocrx_word' id='word_1_535' title='bbox 648 3280 717 3301; x_wconf 90' lang='lat' dir='ltr'>esse</span> <span class='ocrx_word' id='word_1_536' title='bbox 735 3270 796 3300; x_wconf 90' lang='lat' dir='ltr'>nisi</span> <span class='ocrx_word' id='word_1_537' title='bbox 814 3278 873 3309; x_wconf 89' lang='lat' dir='ltr'>per</span> <span class='ocrx_word' id='word_1_538' title='bbox 892 3267 1051 3299; x_wconf 84' lang='lat' dir='ltr'>accidens.</span> <span class='ocrx_word' id='word_1_539' title='bbox 1072 3267 1257 3307; x_wconf 91' lang='lat' dir='ltr'>Loquendo</span> <span class='ocrx_word' id='word_1_540' title='bbox 1270 3273 1379 3297; x_wconf 90' lang='lat' dir='ltr'>autem</span> 
     </span>
     <span class='ocr_line' id='line_1_71' title="bbox 304 3312 1379 3358; baseline -0.007 -9"><span class='ocrx_word' id='word_1_541' title='bbox 304 3317 345 3349; x_wconf 84' lang='lat' dir='ltr'>de</span> <span class='ocrx_word' id='word_1_542' title='bbox 368 3317 556 3358; x_wconf 88' lang='lat' dir='ltr'>cognitione</span> <span class='ocrx_word' id='word_1_543' title='bbox 581 3315 766 3356; x_wconf 86' lang='lat' dir='ltr'>quidditatis</span> <span class='ocrx_word' id='word_1_544' title='bbox 790 3315 823 3345; x_wconf 93' lang='lat' dir='ltr'>in</span> <span class='ocrx_word' id='word_1_545' title='bbox 847 3313 1027 3349; x_wconf 88' lang='lat' dir='ltr'>communi,</span> <span class='ocrx_word' id='word_1_546' title='bbox 1048 3312 1094 3342; x_wconf 90' lang='lat' dir='ltr'>sic</span> <span class='ocrx_word' id='word_1_547' title='bbox 1116 3312 1151 3342; x_wconf 91' lang='lat' dir='ltr'>in</span> <span class='ocrx_word' id='word_1_548' title='bbox 1173 3312 1243 3342; x_wconf 89' lang='lat' dir='ltr'>eius</span> <span class='ocrx_word' id='word_1_549' title='bbox 1267 3312 1379 3352; x_wconf 90' lang='lat' dir='ltr'>cogni-</span> 
     </span>
     <span class='ocr_line' id='line_1_72' title="bbox 303 3356 1379 3401; baseline -0.007 -7"><span class='ocrx_word' id='word_1_550' title='bbox 303 3363 395 3394; x_wconf 84' lang='lat' dir='ltr'>tione</span> <span class='ocrx_word' id='word_1_551' title='bbox 417 3361 536 3393; x_wconf 84' lang='lat' dir='ltr'>falsitas</span> <span class='ocrx_word' id='word_1_552' title='bbox 563 3370 632 3392; x_wconf 90' lang='lat' dir='ltr'>esse</span> <span class='ocrx_word' id='word_1_553' title='bbox 655 3365 763 3401; x_wconf 90' lang='lat' dir='ltr'>potest</span> <span class='ocrx_word' id='word_1_554' title='bbox 795 3359 892 3390; x_wconf 90' lang='lat' dir='ltr'>etiam</span> <span class='ocrx_word' id='word_1_555' title='bbox 921 3367 980 3398; x_wconf 91' lang='lat' dir='ltr'>per</span> <span class='ocrx_word' id='word_1_556' title='bbox 1011 3366 1056 3388; x_wconf 90' lang='lat' dir='ltr'>se.</span> <span class='ocrx_word' id='word_1_557' title='bbox 1087 3356 1268 3396; x_wconf 88' lang='lat' dir='ltr'>Dupliciter</span> <span class='ocrx_word' id='word_1_558' title='bbox 1291 3357 1379 3387; x_wconf 90' lang='lat' dir='ltr'>enim</span> 
     </span>
     <span class='ocr_line' id='line_1_73' title="bbox 305 3400 1379 3448; baseline -0.008 -9"><span class='ocrx_word' id='word_1_559' title='bbox 305 3406 467 3448; x_wconf 88' lang='lat' dir='ltr'>quidditas</span> <span class='ocrx_word' id='word_1_560' title='bbox 490 3406 647 3447; x_wconf 87' lang='lat' dir='ltr'>cognosci</span> <span class='ocrx_word' id='word_1_561' title='bbox 669 3410 787 3445; x_wconf 89' lang='lat' dir='ltr'>potest.</span> <span class='ocrx_word' id='word_1_562' title='bbox 818 3403 893 3434; x_wconf 91' lang='lat' dir='ltr'>Uno</span> <span class='ocrx_word' id='word_1_563' title='bbox 917 3402 1030 3438; x_wconf 88' lang='lat' dir='ltr'>modo,</span> <span class='ocrx_word' id='word_1_564' title='bbox 1054 3400 1242 3441; x_wconf 89' lang='lat' dir='ltr'>simpliciter</span> <span class='ocrx_word' id='word_1_565' title='bbox 1269 3406 1301 3431; x_wconf 92' lang='lat' dir='ltr'>et</span> <span class='ocrx_word' id='word_1_566' title='bbox 1323 3402 1379 3431; x_wconf 90' lang='lat' dir='ltr'>ab-</span> 
     </span>
     <span class='ocr_line' id='line_1_74' title="bbox 305 3447 1376 3492; baseline -0.007 -9"><span class='ocrx_word' id='word_1_567' title='bbox 305 3452 422 3488; x_wconf 85' lang='lat' dir='ltr'>solute,</span> <span class='ocrx_word' id='word_1_568' title='bbox 439 3451 531 3492; x_wconf 91' lang='lat' dir='ltr'>quod</span> <span class='ocrx_word' id='word_1_569' title='bbox 547 3456 595 3481; x_wconf 90' lang='lat' dir='ltr'>est</span> <span class='ocrx_word' id='word_1_570' title='bbox 609 3451 714 3491; x_wconf 90' lang='lat' dir='ltr'>ipsam</span> <span class='ocrx_word' id='word_1_571' title='bbox 729 3458 788 3489; x_wconf 92' lang='lat' dir='ltr'>per</span> <span class='ocrx_word' id='word_1_572' title='bbox 802 3449 940 3488; x_wconf 89' lang='lat' dir='ltr'>primam</span> <span class='ocrx_word' id='word_1_573' title='bbox 956 3447 1181 3487; x_wconf 86' lang='lat' dir='ltr'>operationem</span> <span class='ocrx_word' id='word_1_574' title='bbox 1205 3447 1376 3485; x_wconf 86' lang='lat' dir='ltr'>cognosci:</span> 
     </span>
     <span class='ocr_line' id='line_1_75' title="bbox 306 3490 1377 3536; baseline -0.008 -8"><span class='ocrx_word' id='word_1_575' title='bbox 306 3502 338 3528; x_wconf 91' lang='lat' dir='ltr'>et</span> <span class='ocrx_word' id='word_1_576' title='bbox 352 3497 399 3527; x_wconf 91' lang='lat' dir='ltr'>sic</span> <span class='ocrx_word' id='word_1_577' title='bbox 413 3497 448 3527; x_wconf 93' lang='lat' dir='ltr'>in</span> <span class='ocrx_word' id='word_1_578' title='bbox 472 3496 542 3526; x_wconf 91' lang='lat' dir='ltr'>eius</span> <span class='ocrx_word' id='word_1_579' title='bbox 558 3495 746 3536; x_wconf 87' lang='lat' dir='ltr'>cognitione</span> <span class='ocrx_word' id='word_1_580' title='bbox 761 3503 819 3534; x_wconf 89' lang='lat' dir='ltr'>per</span> <span class='ocrx_word' id='word_1_581' title='bbox 835 3503 869 3523; x_wconf 90' lang='lat' dir='ltr'>se</span> <span class='ocrx_word' id='word_1_582' title='bbox 885 3492 1002 3523; x_wconf 89' lang='lat' dir='ltr'>falsitas</span> <span class='ocrx_word' id='word_1_583' title='bbox 1013 3500 1082 3522; x_wconf 93' lang='lat' dir='ltr'>non</span> <span class='ocrx_word' id='word_1_584' title='bbox 1099 3495 1156 3520; x_wconf 90' lang='lat' dir='ltr'>est.</span> <span class='ocrx_word' id='word_1_585' title='bbox 1172 3490 1248 3520; x_wconf 91' lang='lat' dir='ltr'>Alio</span> <span class='ocrx_word' id='word_1_586' title='bbox 1264 3490 1377 3526; x_wconf 91' lang='lat' dir='ltr'>modo,</span> 
     </span>
     <span class='ocr_line' id='line_1_76' title="bbox 305 3535 1379 3581; baseline -0.008 -8"><span class='ocrx_word' id='word_1_587' title='bbox 305 3542 498 3577; x_wconf 89' lang='lat' dir='ltr'>attributive,</span> <span class='ocrx_word' id='word_1_588' title='bbox 515 3540 607 3581; x_wconf 92' lang='lat' dir='ltr'>quod</span> <span class='ocrx_word' id='word_1_589' title='bbox 627 3545 674 3570; x_wconf 91' lang='lat' dir='ltr'>est</span> <span class='ocrx_word' id='word_1_590' title='bbox 695 3540 801 3579; x_wconf 89' lang='lat' dir='ltr'>ipsam</span> <span class='ocrx_word' id='word_1_591' title='bbox 823 3547 881 3578; x_wconf 92' lang='lat' dir='ltr'>per</span> <span class='ocrx_word' id='word_1_592' title='bbox 895 3535 1070 3568; x_wconf 90' lang='lat' dir='ltr'>secundam</span> <span class='ocrx_word' id='word_1_593' title='bbox 1087 3535 1311 3575; x_wconf 89' lang='lat' dir='ltr'>operationem</span> <span class='ocrx_word' id='word_1_594' title='bbox 1329 3536 1379 3565; x_wconf 90' lang='lat' dir='ltr'>in-</span> 
     </span>
     <span class='ocr_line' id='line_1_77' title="bbox 304 3580 1378 3620; baseline -0.007 -3"><span class='ocrx_word' id='word_1_595' title='bbox 304 3586 453 3617; x_wconf 91' lang='lat' dir='ltr'>tellectus</span> <span class='ocrx_word' id='word_1_596' title='bbox 468 3585 565 3616; x_wconf 93' lang='lat' dir='ltr'>alicui</span> <span class='ocrx_word' id='word_1_597' title='bbox 589 3584 728 3615; x_wconf 83' lang='lat' dir='ltr'>attribui.</span> <span class='ocrx_word' id='word_1_598' title='bbox 752 3583 794 3614; x_wconf 89' lang='lat' dir='ltr'>Et</span> <span class='ocrx_word' id='word_1_599' title='bbox 809 3589 888 3613; x_wconf 92' lang='lat' dir='ltr'>tunc</span> <span class='ocrx_word' id='word_1_600' title='bbox 910 3583 944 3612; x_wconf 92' lang='lat' dir='ltr'>in</span> <span class='ocrx_word' id='word_1_601' title='bbox 968 3581 1037 3611; x_wconf 88' lang='lat' dir='ltr'>eius</span> <span class='ocrx_word' id='word_1_602' title='bbox 1057 3580 1245 3620; x_wconf 89' lang='lat' dir='ltr'>cognitione</span> <span class='ocrx_word' id='word_1_603' title='bbox 1263 3589 1322 3619; x_wconf 87' lang='lat' dir='ltr'>per</span> <span class='ocrx_word' id='word_1_604' title='bbox 1344 3589 1378 3610; x_wconf 89' lang='lat' dir='ltr'>se</span> 
     </span>
     <span class='ocr_line' id='line_1_78' title="bbox 305 3623 1376 3671; baseline -0.008 -9"><span class='ocrx_word' id='word_1_605' title='bbox 305 3629 425 3661; x_wconf 85' lang='lat' dir='ltr'>falsitas</span> <span class='ocrx_word' id='word_1_606' title='bbox 441 3640 510 3661; x_wconf 90' lang='lat' dir='ltr'>esse</span> <span class='ocrx_word' id='word_1_607' title='bbox 530 3634 651 3671; x_wconf 92' lang='lat' dir='ltr'>potest:</span> <span class='ocrx_word' id='word_1_608' title='bbox 668 3629 751 3659; x_wconf 90' lang='lat' dir='ltr'>sicut</span> <span class='ocrx_word' id='word_1_609' title='bbox 767 3633 799 3658; x_wconf 88' lang='lat' dir='ltr'>et</span> <span class='ocrx_word' id='word_1_610' title='bbox 821 3628 855 3658; x_wconf 92' lang='lat' dir='ltr'>in</span> <span class='ocrx_word' id='word_1_611' title='bbox 879 3626 1013 3657; x_wconf 85' lang='lat' dir='ltr'>aliarum</span> <span class='ocrx_word' id='word_1_612' title='bbox 1036 3634 1144 3656; x_wconf 89' lang='lat' dir='ltr'>rerum</span> <span class='ocrx_word' id='word_1_613' title='bbox 1159 3623 1376 3654; x_wconf 88' lang='lat' dir='ltr'>attributione.</span> 
     </span>
    </p>

    <p class='ocr_par' dir='ltr' id='par_1_11' title="bbox 363 3668 1377 3715">
     <span class='ocr_line' id='line_1_79' title="bbox 363 3668 1377 3715; baseline -0.008 -9"><span class='ocrx_word' id='word_1_614' title='bbox 363 3675 394 3706; x_wconf 91' lang='lat'>3.</span> <span class='ocrx_word' id='word_1_615' title='bbox 418 3675 467 3705; x_wconf 87' lang='lat' dir='ltr'>Ex</span> <span class='ocrx_word' id='word_1_616' title='bbox 489 3676 528 3705; x_wconf 89' lang='lat' dir='ltr'>iis</span> <span class='ocrx_word' id='word_1_617' title='bbox 551 3679 640 3715; x_wconf 90' lang='lat' dir='ltr'>patet</span> <span class='ocrx_word' id='word_1_618' title='bbox 663 3673 703 3704; x_wconf 92' lang='lat' dir='ltr'>ad</span> <span class='ocrx_word' id='word_1_619' title='bbox 726 3671 864 3703; x_wconf 86' lang='lat' dir='ltr'>dubium</span> <span class='ocrx_word' id='word_1_620' title='bbox 875 3673 902 3702; x_wconf 62' lang='lat'>⁴².</span> <span class='ocrx_word' id='word_1_621' title='bbox 927 3672 1052 3702; x_wconf 91' lang='lat' dir='ltr'>Dicitur</span> <span class='ocrx_word' id='word_1_622' title='bbox 1068 3670 1155 3700; x_wconf 92' lang='lat' dir='ltr'>enim</span> <span class='ocrx_word' id='word_1_623' title='bbox 1171 3668 1263 3709; x_wconf 93' lang='lat' dir='ltr'>quod</span> <span class='ocrx_word' id='word_1_624' title='bbox 1277 3669 1377 3699; x_wconf 88' lang='lat' dir='ltr'>virtus</span> 
     </span>
    </p>
   </div>
   <div class='ocr_carea' id='block_1_7' title="bbox 2422 299 2488 336">
    <p class='ocr_par' dir='ltr' id='par_1_12' title="bbox 2422 299 2488 336">
     <span class='ocr_line' id='line_1_80' title="bbox 2422 299 2488 336; baseline 0.015 -12"><span class='ocrx_word' id='word_1_625' title='bbox 2422 299 2488 336; x_wconf 86' lang='lat'>171</span> 
     </span>
    </p>
   </div>
   <div class='ocr_carea' id='block_1_8' title="bbox 1426 361 2496 449">
    <p class='ocr_par' dir='ltr' id='par_1_13' title="bbox 1426 361 2496 449">
     <span class='ocr_line' id='line_1_81' title="bbox 1426 361 2495 411; baseline 0.009 -21"><span class='ocrx_word' id='word_1_626' title='bbox 1426 361 1781 411; x_wconf 42' lang='lat' dir='ltr'>cognosc-itivaptique</span> <span class='ocrx_word' id='word_1_627' title='bbox 1808 371 1877 393; x_wconf 90' lang='lat' dir='ltr'>non</span> <span class='ocrx_word' id='word_1_628' title='bbox 1905 368 2012 403; x_wconf 91' lang='lat' dir='ltr'>potest</span> <span class='ocrx_word' id='word_1_629' title='bbox 2042 364 2180 396; x_wconf 88' lang='lat' dir='ltr'>deficere</span> <span class='ocrx_word' id='word_1_630' title='bbox 2209 376 2267 407; x_wconf 91' lang='lat' dir='ltr'>per</span> <span class='ocrx_word' id='word_1_631' title='bbox 2289 376 2324 398; x_wconf 92' lang='lat' dir='ltr'>se</span> <span class='ocrx_word' id='word_1_632' title='bbox 2346 374 2495 409; x_wconf 90' lang='lat' dir='ltr'>respectu</span> 
     </span>
     <span class='ocr_line' id='line_1_82' title="bbox 1426 405 2496 449; baseline 0.009 -15"><span class='ocrx_word' id='word_1_633' title='bbox 1426 414 1496 435; x_wconf 80' lang='lat' dir='ltr'>eius</span> <span class='ocrx_word' id='word_1_634' title='bbox 1519 414 1612 435; x_wconf 80' lang='lat' dir='ltr'>cuius</span> <span class='ocrx_word' id='word_1_635' title='bbox 1636 405 1844 437; x_wconf 82' lang='lat' dir='ltr'>similitudine</span> <span class='ocrx_word' id='word_1_636' title='bbox 1868 408 1975 447; x_wconf 90' lang='lat' dir='ltr'>primo</span> <span class='ocrx_word' id='word_1_637' title='bbox 2005 414 2036 438; x_wconf 92' lang='lat' dir='ltr'>et</span> <span class='ocrx_word' id='word_1_638' title='bbox 2058 419 2116 449; x_wconf 90' lang='lat' dir='ltr'>per</span> <span class='ocrx_word' id='word_1_639' title='bbox 2145 419 2179 440; x_wconf 90' lang='lat' dir='ltr'>se</span> <span class='ocrx_word' id='word_1_640' title='bbox 2208 410 2410 444; x_wconf 88' lang='lat' dir='ltr'>informatur.</span> <span class='ocrx_word' id='word_1_641' title='bbox 2435 413 2496 444; x_wconf 91' lang='lat' dir='ltr'>Per</span> 
     </span>
    </p>
   </div>
   <div class='ocr_carea' id='block_1_9' title="bbox 1426 449 2502 3699">
    <p class='ocr_par' dir='ltr' id='par_1_14' title="bbox 1426 449 2495 669">
     <span class='ocr_line' id='line_1_83' title="bbox 1426 449 2494 493; baseline 0.009 -14"><span class='ocrx_word' id='word_1_642' title='bbox 1426 449 1575 480; x_wconf 89' lang='lat' dir='ltr'>accidens</span> <span class='ocrx_word' id='word_1_643' title='bbox 1598 456 1706 480; x_wconf 85' lang='lat' dir='ltr'>tamen</span> <span class='ocrx_word' id='word_1_644' title='bbox 1737 449 1874 481; x_wconf 88' lang='lat' dir='ltr'>deficere</span> <span class='ocrx_word' id='word_1_645' title='bbox 1905 457 2026 492; x_wconf 87' lang='lat' dir='ltr'>potest:</span> <span class='ocrx_word' id='word_1_646' title='bbox 2051 454 2182 493; x_wconf 90' lang='lat' dir='ltr'>quando</span> <span class='ocrx_word' id='word_1_647' title='bbox 2212 456 2334 487; x_wconf 90' lang='lat' dir='ltr'>scilicet</span> <span class='ocrx_word' id='word_1_648' title='bbox 2360 467 2428 488; x_wconf 91' lang='lat' dir='ltr'>non</span> <span class='ocrx_word' id='word_1_649' title='bbox 2457 467 2494 488; x_wconf 91' lang='lat' dir='ltr'>ex</span> 
     </span>
     <span class='ocr_line' id='line_1_84' title="bbox 1426 494 2495 543; baseline 0.009 -20"><span class='ocrx_word' id='word_1_650' title='bbox 1426 494 1565 534; x_wconf 87' lang='lat' dir='ltr'>simplici</span> <span class='ocrx_word' id='word_1_651' title='bbox 1580 500 1612 524; x_wconf 90' lang='lat' dir='ltr'>et</span> <span class='ocrx_word' id='word_1_652' title='bbox 1627 494 1696 525; x_wconf 91' lang='lat' dir='ltr'>sola</span> <span class='ocrx_word' id='word_1_653' title='bbox 1711 497 2004 535; x_wconf 88' lang='lat' dir='ltr'>repraesentatione</span> <span class='ocrx_word' id='word_1_654' title='bbox 2020 499 2138 537; x_wconf 89' lang='lat' dir='ltr'>speciei</span> <span class='ocrx_word' id='word_1_655' title='bbox 2157 501 2408 540; x_wconf 89' lang='lat' dir='ltr'>apprehenditur</span> <span class='ocrx_word' id='word_1_656' title='bbox 2425 502 2495 543; x_wconf 94' lang='lat' dir='ltr'>ipsa</span> 
     </span>
     <span class='ocr_line' id='line_1_85' title="bbox 1426 538 2495 580; baseline 0.008 -11"><span class='ocrx_word' id='word_1_657' title='bbox 1426 538 1597 579; x_wconf 90' lang='lat' dir='ltr'>quidditas‚</span> <span class='ocrx_word' id='word_1_658' title='bbox 1622 539 1678 569; x_wconf 91' lang='lat' dir='ltr'>sed</span> <span class='ocrx_word' id='word_1_659' title='bbox 1702 548 1740 569; x_wconf 86' lang='lat' dir='ltr'>ex</span> <span class='ocrx_word' id='word_1_660' title='bbox 1769 539 1899 570; x_wconf 86' lang='lat' dir='ltr'>diversis</span> <span class='ocrx_word' id='word_1_661' title='bbox 1929 541 2203 580; x_wconf 88' lang='lat' dir='ltr'>phantasmatibus</span> <span class='ocrx_word' id='word_1_662' title='bbox 2231 551 2262 575; x_wconf 93' lang='lat' dir='ltr'>et</span> <span class='ocrx_word' id='word_1_663' title='bbox 2292 547 2495 578; x_wconf 90' lang='lat' dir='ltr'>sensibilibus</span> 
     </span>
     <span class='ocr_line' id='line_1_86' title="bbox 1427 583 2494 626; baseline 0.009 -13"><span class='ocrx_word' id='word_1_664' title='bbox 1427 593 1503 614; x_wconf 92' lang='lat' dir='ltr'>cum</span> <span class='ocrx_word' id='word_1_665' title='bbox 1526 583 1667 624; x_wconf 88' lang='lat' dir='ltr'>quadarn</span> <span class='ocrx_word' id='word_1_666' title='bbox 1696 585 1937 624; x_wconf 88' lang='lat' dir='ltr'>compositione</span> <span class='ocrx_word' id='word_1_667' title='bbox 1966 586 2184 626; x_wconf 89' lang='lat' dir='ltr'>investigatur,</span> <span class='ocrx_word' id='word_1_668' title='bbox 2213 590 2296 620; x_wconf 92' lang='lat' dir='ltr'>sicut</span> <span class='ocrx_word' id='word_1_669' title='bbox 2323 591 2438 622; x_wconf 86' lang='lat' dir='ltr'>accidit</span> <span class='ocrx_word' id='word_1_670' title='bbox 2460 593 2494 622; x_wconf 90' lang='lat' dir='ltr'>in</span> 
     </span>
     <span class='ocr_line' id='line_1_87' title="bbox 1426 628 1746 669; baseline 0 -11"><span class='ocrx_word' id='word_1_671' title='bbox 1426 629 1522 659; x_wconf 90' lang='lat' dir='ltr'>rebus</span> <span class='ocrx_word' id='word_1_672' title='bbox 1545 628 1746 669; x_wconf 88' lang='lat' dir='ltr'>compositis.</span> 
     </span>
    </p>

    <p class='ocr_par' dir='ltr' id='par_1_15' title="bbox 1426 673 2498 1429">
     <span class='ocr_line' id='line_1_88' title="bbox 1482 673 2494 714; baseline 0.01 -11"><span class='ocrx_word' id='word_1_673' title='bbox 1482 673 1522 703; x_wconf 89' lang='lat' dir='ltr'>X.</span> <span class='ocrx_word' id='word_1_674' title='bbox 1546 673 1595 703; x_wconf 81' lang='lat' dir='ltr'>Ex</span> <span class='ocrx_word' id='word_1_675' title='bbox 1613 673 1678 703; x_wconf 91' lang='lat' dir='ltr'>hoc</span> <span class='ocrx_word' id='word_1_676' title='bbox 1702 673 1798 703; x_wconf 89' lang='lat' dir='ltr'>etiam</span> <span class='ocrx_word' id='word_1_677' title='bbox 1821 678 1910 713; x_wconf 91' lang='lat' dir='ltr'>patet</span> <span class='ocrx_word' id='word_1_678' title='bbox 1932 675 2101 714; x_wconf 90' lang='lat' dir='ltr'>responsio</span> <span class='ocrx_word' id='word_1_679' title='bbox 2119 675 2158 705; x_wconf 92' lang='lat' dir='ltr'>ad</span> <span class='ocrx_word' id='word_1_680' title='bbox 2173 678 2302 708; x_wconf 88' lang='lat' dir='ltr'>tertium</span> <span class='ocrx_word' id='word_1_681' title='bbox 2319 679 2454 712; x_wconf 91' lang='lat' dir='ltr'>dubium</span> <span class='ocrx_word' id='word_1_682' title='bbox 2466 683 2494 712; x_wconf 59' lang='lat'>³.</span> 
     </span>
     <span class='ocr_line' id='line_1_89' title="bbox 1426 717 2495 764; baseline 0.008 -16"><span class='ocrx_word' id='word_1_683' title='bbox 1426 717 1552 748; x_wconf 90' lang='lat' dir='ltr'>Dicitur</span> <span class='ocrx_word' id='word_1_684' title='bbox 1567 718 1654 748; x_wconf 91' lang='lat' dir='ltr'>enirn</span> <span class='ocrx_word' id='word_1_685' title='bbox 1678 717 1770 758; x_wconf 94' lang='lat' dir='ltr'>quod</span> <span class='ocrx_word' id='word_1_686' title='bbox 1792 727 1860 748; x_wconf 90' lang='lat' dir='ltr'>non</span> <span class='ocrx_word' id='word_1_687' title='bbox 1877 719 2029 749; x_wconf 88' lang='lat' dir='ltr'>convenit</span> <span class='ocrx_word' id='word_1_688' title='bbox 2051 728 2109 759; x_wconf 88' lang='lat' dir='ltr'>per</span> <span class='ocrx_word' id='word_1_689' title='bbox 2124 729 2158 750; x_wconf 92' lang='lat' dir='ltr'>se</span> <span class='ocrx_word' id='word_1_690' title='bbox 2173 722 2295 760; x_wconf 91' lang='lat' dir='ltr'>primae</span> <span class='ocrx_word' id='word_1_691' title='bbox 2315 726 2495 764; x_wconf 88' lang='lat' dir='ltr'>operationi</span> 
     </span>
     <span class='ocr_line' id='line_1_90' title="bbox 1426 762 2495 803; baseline 0.008 -11"><span class='ocrx_word' id='word_1_692' title='bbox 1426 762 1608 794; x_wconf 90' lang='lat' dir='ltr'>intellectus</span> <span class='ocrx_word' id='word_1_693' title='bbox 1624 762 1715 803; x_wconf 93' lang='lat' dir='ltr'>quod</span> <span class='ocrx_word' id='word_1_694' title='bbox 1737 762 1893 803; x_wconf 90' lang='lat' dir='ltr'>intelligat</span> <span class='ocrx_word' id='word_1_695' title='bbox 1912 762 2124 803; x_wconf 90' lang='lat' dir='ltr'>quidditatem</span> <span class='ocrx_word' id='word_1_696' title='bbox 2140 770 2176 795; x_wconf 94' lang='lat' dir='ltr'>ut</span> <span class='ocrx_word' id='word_1_697' title='bbox 2198 766 2294 797; x_wconf 91' lang='lat' dir='ltr'>huius</span> <span class='ocrx_word' id='word_1_698' title='bbox 2316 770 2362 798; x_wconf 92' lang='lat' dir='ltr'>rei</span> <span class='ocrx_word' id='word_1_699' title='bbox 2385 769 2495 801; x_wconf 90' lang='lat' dir='ltr'>distin-</span> 
     </span>
     <span class='ocr_line' id='line_1_91' title="bbox 1427 806 2496 855; baseline 0.007 -18"><span class='ocrx_word' id='word_1_700' title='bbox 1427 812 1496 837; x_wconf 87' lang='lat' dir='ltr'>ctae</span> <span class='ocrx_word' id='word_1_701' title='bbox 1513 817 1531 837; x_wconf 91' lang='lat' dir='ltr'>a</span> <span class='ocrx_word' id='word_1_702' title='bbox 1547 806 1739 847; x_wconf 92' lang='lat' dir='ltr'>quidditate:</span> <span class='ocrx_word' id='word_1_703' title='bbox 1757 807 1833 848; x_wconf 90' lang='lat' dir='ltr'>quia</span> <span class='ocrx_word' id='word_1_704' title='bbox 1848 807 1912 838; x_wconf 92' lang='lat' dir='ltr'>hoc</span> <span class='ocrx_word' id='word_1_705' title='bbox 1927 817 1996 838; x_wconf 92' lang='lat' dir='ltr'>non</span> <span class='ocrx_word' id='word_1_706' title='bbox 2012 810 2165 839; x_wconf 91' lang='lat' dir='ltr'>convenit</span> <span class='ocrx_word' id='word_1_707' title='bbox 2179 811 2241 840; x_wconf 90' lang='lat' dir='ltr'>nisi</span> <span class='ocrx_word' id='word_1_708' title='bbox 2256 811 2312 841; x_wconf 93' lang='lat' dir='ltr'>ubi</span> <span class='ocrx_word' id='word_1_709' title='bbox 2328 818 2375 843; x_wconf 90' lang='lat' dir='ltr'>est</span> <span class='ocrx_word' id='word_1_710' title='bbox 2390 814 2496 855; x_wconf 92' lang='lat' dir='ltr'>aliqua</span> 
     </span>
     <span class='ocr_line' id='line_1_92' title="bbox 1427 852 2495 893; baseline 0.008 -12"><span class='ocrx_word' id='word_1_711' title='bbox 1427 853 1624 892; x_wconf 91' lang='lat' dir='ltr'>compositio</span> <span class='ocrx_word' id='word_1_712' title='bbox 1648 853 1682 883; x_wconf 92' lang='lat' dir='ltr'>in</span> <span class='ocrx_word' id='word_1_713' title='bbox 1705 861 1750 888; x_wconf 85' lang='lat' dir='ltr'>re,</span> <span class='ocrx_word' id='word_1_714' title='bbox 1775 861 1814 882; x_wconf 90' lang='lat' dir='ltr'>ex</span> <span class='ocrx_word' id='word_1_715' title='bbox 1837 860 1905 892; x_wconf 95' lang='lat' dir='ltr'>quo</span> <span class='ocrx_word' id='word_1_716' title='bbox 1929 852 2012 882; x_wconf 91' lang='lat' dir='ltr'>inter</span> <span class='ocrx_word' id='word_1_717' title='bbox 2035 853 2246 893; x_wconf 88' lang='lat' dir='ltr'>quidditatem</span> <span class='ocrx_word' id='word_1_718' title='bbox 2271 862 2302 886; x_wconf 93' lang='lat' dir='ltr'>et</span> <span class='ocrx_word' id='word_1_719' title='bbox 2324 857 2495 890; x_wconf 87' lang='lat' dir='ltr'>habentem</span> 
     </span>
     <span class='ocr_line' id='line_1_93' title="bbox 1428 895 2496 938; baseline 0.007 -12"><span class='ocrx_word' id='word_1_720' title='bbox 1428 896 1640 935; x_wconf 90' lang='lat' dir='ltr'>quidditatem</span> <span class='ocrx_word' id='word_1_721' title='bbox 1663 896 1771 937; x_wconf 89' lang='lat' dir='ltr'>aliqua</span> <span class='ocrx_word' id='word_1_722' title='bbox 1794 895 1957 927; x_wconf 90' lang='lat' dir='ltr'>distinctio</span> <span class='ocrx_word' id='word_1_723' title='bbox 1974 898 2077 938; x_wconf 89' lang='lat' dir='ltr'>accipi</span> <span class='ocrx_word' id='word_1_724' title='bbox 2100 904 2218 938; x_wconf 89' lang='lat' dir='ltr'>potest.</span> <span class='ocrx_word' id='word_1_725' title='bbox 2235 900 2340 938; x_wconf 91' lang='lat' dir='ltr'>Unde,</span> <span class='ocrx_word' id='word_1_726' title='bbox 2355 903 2382 932; x_wconf 90' lang='lat' dir='ltr'>si</span> <span class='ocrx_word' id='word_1_727' title='bbox 2404 903 2496 934; x_wconf 88' lang='lat' dir='ltr'>intel-</span> 
     </span>
     <span class='ocr_line' id='line_1_94' title="bbox 1428 940 2497 988; baseline 0.007 -17"><span class='ocrx_word' id='word_1_728' title='bbox 1428 941 1529 971; x_wconf 89' lang='lat' dir='ltr'>lectus</span> <span class='ocrx_word' id='word_1_729' title='bbox 1553 947 1663 972; x_wconf 87' lang='lat' dir='ltr'>noster</span> <span class='ocrx_word' id='word_1_730' title='bbox 1681 940 1938 982; x_wconf 86' lang='lat' dir='ltr'>apprehenderet</span> <span class='ocrx_word' id='word_1_731' title='bbox 1957 941 2170 982; x_wconf 87' lang='lat' dir='ltr'>quidditatem</span> <span class='ocrx_word' id='word_1_732' title='bbox 2189 945 2383 977; x_wconf 88' lang='lat' dir='ltr'>substantiae</span> <span class='ocrx_word' id='word_1_733' title='bbox 2406 957 2497 988; x_wconf 91' lang='lat' dir='ltr'>sepa-</span> 
     </span>
     <span class='ocr_line' id='line_1_95' title="bbox 1428 987 2497 1028; baseline 0.007 -13"><span class='ocrx_word' id='word_1_734' title='bbox 1428 991 1513 1016; x_wconf 90' lang='lat' dir='ltr'>ratae</span> <span class='ocrx_word' id='word_1_735' title='bbox 1536 992 1572 1016; x_wconf 92' lang='lat' dir='ltr'>ut</span> <span class='ocrx_word' id='word_1_736' title='bbox 1595 987 1627 1016; x_wconf 90' lang='lat' dir='ltr'>in</span> <span class='ocrx_word' id='word_1_737' title='bbox 1652 995 1686 1016; x_wconf 90' lang='lat' dir='ltr'>se</span> <span class='ocrx_word' id='word_1_738' title='bbox 1709 992 1766 1022; x_wconf 90' lang='lat' dir='ltr'>est,</span> <span class='ocrx_word' id='word_1_739' title='bbox 1783 995 1851 1016; x_wconf 94' lang='lat' dir='ltr'>non</span> <span class='ocrx_word' id='word_1_740' title='bbox 1867 987 2123 1027; x_wconf 89' lang='lat' dir='ltr'>apprehenderet</span> <span class='ocrx_word' id='word_1_741' title='bbox 2138 989 2241 1028; x_wconf 89' lang='lat' dir='ltr'>ipsam</span> <span class='ocrx_word' id='word_1_742' title='bbox 2257 995 2293 1020; x_wconf 92' lang='lat' dir='ltr'>ut</span> <span class='ocrx_word' id='word_1_743' title='bbox 2313 991 2420 1028; x_wconf 87' lang='lat' dir='ltr'>huius,</span> <span class='ocrx_word' id='word_1_744' title='bbox 2441 992 2497 1022; x_wconf 92' lang='lat' dir='ltr'>sed</span> 
     </span>
     <span class='ocr_line' id='line_1_96' title="bbox 1429 1030 2497 1076; baseline 0.007 -16"><span class='ocrx_word' id='word_1_745' title='bbox 1429 1030 1588 1061; x_wconf 87' lang='lat' dir='ltr'>absolute:</span> <span class='ocrx_word' id='word_1_746' title='bbox 1604 1030 1751 1071; x_wconf 86' lang='lat' dir='ltr'>eoquod</span> <span class='ocrx_word' id='word_1_747' title='bbox 1766 1040 1835 1061; x_wconf 92' lang='lat' dir='ltr'>non</span> <span class='ocrx_word' id='word_1_748' title='bbox 1851 1036 1934 1062; x_wconf 89' lang='lat' dir='ltr'>esset</span> <span class='ocrx_word' id='word_1_749' title='bbox 1949 1032 1991 1062; x_wconf 89' lang='lat' dir='ltr'>ibi</span> <span class='ocrx_word' id='word_1_750' title='bbox 2010 1031 2171 1063; x_wconf 91' lang='lat' dir='ltr'>distinctio</span> <span class='ocrx_word' id='word_1_751' title='bbox 2185 1034 2291 1074; x_wconf 88' lang='lat' dir='ltr'>aliqua</span> <span class='ocrx_word' id='word_1_752' title='bbox 2307 1035 2389 1066; x_wconf 89' lang='lat' dir='ltr'>inter</span> <span class='ocrx_word' id='word_1_753' title='bbox 2404 1036 2497 1076; x_wconf 91' lang='lat' dir='ltr'>quid-</span> 
     </span>
     <span class='ocr_line' id='line_1_97' title="bbox 1430 1074 2497 1120; baseline 0.006 -15"><span class='ocrx_word' id='word_1_754' title='bbox 1430 1074 1560 1105; x_wconf 91' lang='lat' dir='ltr'>ditatem</span> <span class='ocrx_word' id='word_1_755' title='bbox 1584 1082 1615 1106; x_wconf 91' lang='lat' dir='ltr'>et</span> <span class='ocrx_word' id='word_1_756' title='bbox 1638 1076 1811 1106; x_wconf 90' lang='lat' dir='ltr'>habentem</span> <span class='ocrx_word' id='word_1_757' title='bbox 1835 1075 2057 1115; x_wconf 91' lang='lat' dir='ltr'>quidditatem.</span> <span class='ocrx_word' id='word_1_758' title='bbox 2081 1077 2255 1118; x_wconf 89' lang='lat' dir='ltr'>Propterea</span> <span class='ocrx_word' id='word_1_759' title='bbox 2278 1079 2426 1120; x_wconf 91' lang='lat' dir='ltr'>deceptio</span> <span class='ocrx_word' id='word_1_760' title='bbox 2449 1082 2497 1111; x_wconf 94' lang='lat' dir='ltr'>in-</span> 
     </span>
     <span class='ocr_line' id='line_1_98' title="bbox 1429 1119 2495 1165; baseline 0.006 -15"><span class='ocrx_word' id='word_1_761' title='bbox 1429 1119 1571 1150; x_wconf 91' lang='lat' dir='ltr'>tellectui</span> <span class='ocrx_word' id='word_1_762' title='bbox 1594 1125 1706 1150; x_wconf 89' lang='lat' dir='ltr'>nostro</span> <span class='ocrx_word' id='word_1_763' title='bbox 1730 1129 1787 1160; x_wconf 92' lang='lat' dir='ltr'>per</span> <span class='ocrx_word' id='word_1_764' title='bbox 1810 1120 1958 1151; x_wconf 88' lang='lat' dir='ltr'>accidens</span> <span class='ocrx_word' id='word_1_765' title='bbox 1989 1121 2115 1158; x_wconf 90' lang='lat' dir='ltr'>accidit,</span> <span class='ocrx_word' id='word_1_766' title='bbox 2139 1132 2208 1153; x_wconf 89' lang='lat' dir='ltr'>non</span> <span class='ocrx_word' id='word_1_767' title='bbox 2235 1130 2345 1155; x_wconf 90' lang='lat' dir='ltr'>autem</span> <span class='ocrx_word' id='word_1_768' title='bbox 2367 1134 2425 1165; x_wconf 89' lang='lat' dir='ltr'>per</span> <span class='ocrx_word' id='word_1_769' title='bbox 2447 1135 2495 1156; x_wconf 88' lang='lat' dir='ltr'>se:</span> 
     </span>
     <span class='ocr_line' id='line_1_99' title="bbox 1429 1163 2497 1209; baseline 0.007 -15"><span class='ocrx_word' id='word_1_770' title='bbox 1429 1164 1623 1205; x_wconf 89' lang='lat' dir='ltr'>inquantum</span> <span class='ocrx_word' id='word_1_771' title='bbox 1639 1164 1753 1195; x_wconf 89' lang='lat' dir='ltr'>accidit</span> <span class='ocrx_word' id='word_1_772' title='bbox 1768 1165 1827 1195; x_wconf 88' lang='lat' dir='ltr'>sibi</span> <span class='ocrx_word' id='word_1_773' title='bbox 1843 1174 1881 1195; x_wconf 90' lang='lat' dir='ltr'>ex</span> <span class='ocrx_word' id='word_1_774' title='bbox 1897 1165 2085 1197; x_wconf 90' lang='lat' dir='ltr'>conditione</span> <span class='ocrx_word' id='word_1_775' title='bbox 2098 1167 2216 1198; x_wconf 92' lang='lat' dir='ltr'>obiecti</span> <span class='ocrx_word' id='word_1_776' title='bbox 2232 1163 2405 1209; x_wconf 86' lang='lat' dir='ltr'>compositi</span> <span class='ocrx_word' id='word_1_777' title='bbox 2421 1179 2497 1201; x_wconf 89' lang='lat' dir='ltr'>cum</span> 
     </span>
     <span class='ocr_line' id='line_1_100' title="bbox 1430 1209 2497 1252; baseline 0.006 -13"><span class='ocrx_word' id='word_1_778' title='bbox 1430 1209 1536 1249; x_wconf 91' lang='lat' dir='ltr'>aliqua</span> <span class='ocrx_word' id='word_1_779' title='bbox 1560 1210 1799 1250; x_wconf 88' lang='lat' dir='ltr'>compositione</span> <span class='ocrx_word' id='word_1_780' title='bbox 1823 1211 2065 1249; x_wconf 89' lang='lat' dir='ltr'>apprehendere</span> <span class='ocrx_word' id='word_1_781' title='bbox 2081 1211 2308 1252; x_wconf 89' lang='lat' dir='ltr'>quidditatem;</span> <span class='ocrx_word' id='word_1_782' title='bbox 2325 1223 2393 1244; x_wconf 92' lang='lat' dir='ltr'>non</span> <span class='ocrx_word' id='word_1_783' title='bbox 2409 1215 2497 1245; x_wconf 92' lang='lat' dir='ltr'>enim</span> 
     </span>
     <span class='ocr_line' id='line_1_101' title="bbox 1431 1253 2497 1299; baseline 0.006 -15"><span class='ocrx_word' id='word_1_784' title='bbox 1431 1253 1642 1294; x_wconf 90' lang='lat' dir='ltr'>quidditatem</span> <span class='ocrx_word' id='word_1_785' title='bbox 1664 1254 1710 1284; x_wconf 89' lang='lat' dir='ltr'>rei</span> <span class='ocrx_word' id='word_1_786' title='bbox 1726 1255 1927 1294; x_wconf 90' lang='lat' dir='ltr'>compositae</span> <span class='ocrx_word' id='word_1_787' title='bbox 1950 1261 1987 1285; x_wconf 92' lang='lat' dir='ltr'>ut</span> <span class='ocrx_word' id='word_1_788' title='bbox 2017 1255 2228 1296; x_wconf 88' lang='lat' dir='ltr'>quidditatem</span> <span class='ocrx_word' id='word_1_789' title='bbox 2258 1258 2497 1299; x_wconf 90' lang='lat' dir='ltr'>apprehendere</span> 
     </span>
     <span class='ocr_line' id='line_1_102' title="bbox 1430 1298 2497 1344; baseline 0.007 -16"><span class='ocrx_word' id='word_1_790' title='bbox 1430 1304 1538 1339; x_wconf 92' lang='lat' dir='ltr'>potest</span> <span class='ocrx_word' id='word_1_791' title='bbox 1560 1300 1621 1329; x_wconf 89' lang='lat' dir='ltr'>nisi</span> <span class='ocrx_word' id='word_1_792' title='bbox 1645 1298 1863 1339; x_wconf 87' lang='lat' dir='ltr'>apprehendat</span> <span class='ocrx_word' id='word_1_793' title='bbox 1889 1300 1993 1339; x_wconf 88' lang='lat' dir='ltr'>ipsam</span> <span class='ocrx_word' id='word_1_794' title='bbox 2016 1306 2053 1331; x_wconf 91' lang='lat' dir='ltr'>ut</span> <span class='ocrx_word' id='word_1_795' title='bbox 2075 1301 2181 1338; x_wconf 86' lang='lat' dir='ltr'>huius,</span> <span class='ocrx_word' id='word_1_796' title='bbox 2206 1303 2282 1342; x_wconf 90' lang='lat' dir='ltr'>quia</span> <span class='ocrx_word' id='word_1_797' title='bbox 2309 1303 2380 1334; x_wconf 89' lang='lat' dir='ltr'>talis</span> <span class='ocrx_word' id='word_1_798' title='bbox 2403 1304 2497 1344; x_wconf 91' lang='lat' dir='ltr'>quid-</span> 
     </span>
     <span class='ocr_line' id='line_1_103' title="bbox 1431 1343 2498 1388; baseline 0.006 -15"><span class='ocrx_word' id='word_1_799' title='bbox 1431 1343 1511 1374; x_wconf 90' lang='lat' dir='ltr'>ditas</span> <span class='ocrx_word' id='word_1_800' title='bbox 1528 1349 1574 1374; x_wconf 89' lang='lat' dir='ltr'>est</span> <span class='ocrx_word' id='word_1_801' title='bbox 1593 1344 1728 1374; x_wconf 89' lang='lat' dir='ltr'>alicuius</span> <span class='ocrx_word' id='word_1_802' title='bbox 1744 1343 1906 1384; x_wconf 88' lang='lat' dir='ltr'>quidditas</span> <span class='ocrx_word' id='word_1_803' title='bbox 1921 1345 1954 1374; x_wconf 90' lang='lat' dir='ltr'>in</span> <span class='ocrx_word' id='word_1_804' title='bbox 1971 1347 2176 1385; x_wconf 88' lang='lat' dir='ltr'>compositis;</span> <span class='ocrx_word' id='word_1_805' title='bbox 2193 1357 2302 1388; x_wconf 90' lang='lat' dir='ltr'>neque</span> <span class='ocrx_word' id='word_1_806' title='bbox 2317 1348 2414 1379; x_wconf 81' lang='lat' dir='ltr'>en’am</span> <span class='ocrx_word' id='word_1_807' title='bbox 2430 1349 2498 1379; x_wconf 92' lang='lat' dir='ltr'>sine</span> 
     </span>
     <span class='ocr_line' id='line_1_104' title="bbox 1430 1389 2073 1429; baseline 0.002 -10"><span class='ocrx_word' id='word_1_808' title='bbox 1430 1389 1573 1429; x_wconf 88' lang='lat' dir='ltr'>partibus</span> <span class='ocrx_word' id='word_1_809' title='bbox 1597 1398 1668 1419; x_wconf 89' lang='lat' dir='ltr'>eam</span> <span class='ocrx_word' id='word_1_810' title='bbox 1691 1394 1798 1428; x_wconf 90' lang='lat' dir='ltr'>potest</span> <span class='ocrx_word' id='word_1_811' title='bbox 1821 1389 2073 1428; x_wconf 89' lang='lat' dir='ltr'>apprehendere.</span> 
     </span>
    </p>

    <p class='ocr_par' dir='ltr' id='par_1_16' title="bbox 1431 1432 2498 1607">
     <span class='ocr_line' id='line_1_105' title="bbox 1486 1432 2498 1478; baseline 0.006 -16"><span class='ocrx_word' id='word_1_812' title='bbox 1486 1433 1539 1463; x_wconf 87' lang='lat' dir='ltr'>XI.</span> <span class='ocrx_word' id='word_1_813' title='bbox 1564 1432 1616 1463; x_wconf 91' lang='lat' dir='ltr'>Ad</span> <span class='ocrx_word' id='word_1_814' title='bbox 1639 1432 1831 1463; x_wconf 90' lang='lat' dir='ltr'>evidentiam</span> <span class='ocrx_word' id='word_1_815' title='bbox 1847 1434 1952 1473; x_wconf 88' lang='lat' dir='ltr'>quarti</span> <span class='ocrx_word' id='word_1_816' title='bbox 1971 1433 2060 1465; x_wconf 92' lang='lat' dir='ltr'>dubii</span> <span class='ocrx_word' id='word_1_817' title='bbox 2075 1435 2102 1470; x_wconf 74' lang='lat'>*,</span> <span class='ocrx_word' id='word_1_818' title='bbox 2119 1436 2388 1467; x_wconf 91' lang='lat' dir='ltr'>considerandum</span> <span class='ocrx_word' id='word_1_819' title='bbox 2407 1437 2498 1478; x_wconf 93' lang='lat' dir='ltr'>quod</span> 
     </span>
     <span class='ocr_line' id='line_1_106' title="bbox 1432 1477 2498 1522; baseline 0.006 -15"><span class='ocrx_word' id='word_1_820' title='bbox 1432 1477 1564 1518; x_wconf 88' lang='lat' dir='ltr'>quidam</span> <span class='ocrx_word' id='word_1_821' title='bbox 1581 1477 1770 1508; x_wconf 83' lang='lat' dir='ltr'>Thomistae</span> <span class='ocrx_word' id='word_1_822' title='bbox 1787 1478 1869 1508; x_wconf 90' lang='lat' dir='ltr'>circa</span> <span class='ocrx_word' id='word_1_823' title='bbox 1884 1479 2050 1509; x_wconf 89' lang='lat' dir='ltr'>veritatem</span> <span class='ocrx_word' id='word_1_824' title='bbox 2066 1479 2178 1510; x_wconf 90' lang='lat' dir='ltr'>dicunt</span> <span class='ocrx_word' id='word_1_825' title='bbox 2192 1481 2308 1520; x_wconf 91' lang='lat' dir='ltr'>primo,</span> <span class='ocrx_word' id='word_1_826' title='bbox 2321 1481 2411 1522; x_wconf 91' lang='lat' dir='ltr'>quod</span> <span class='ocrx_word' id='word_1_827' title='bbox 2430 1491 2498 1512; x_wconf 92' lang='lat' dir='ltr'>non</span> 
     </span>
     <span class='ocr_line' id='line_1_107' title="bbox 1431 1521 2498 1562; baseline 0.006 -11"><span class='ocrx_word' id='word_1_828' title='bbox 1431 1521 1642 1552; x_wconf 88' lang='lat' dir='ltr'>conformitas</span> <span class='ocrx_word' id='word_1_829' title='bbox 1665 1522 1902 1562; x_wconf 89' lang='lat' dir='ltr'>cuiuscumque</span> <span class='ocrx_word' id='word_1_830' title='bbox 1926 1523 2117 1560; x_wconf 89' lang='lat' dir='ltr'>intellectus,</span> <span class='ocrx_word' id='word_1_831' title='bbox 2134 1524 2190 1555; x_wconf 91' lang='lat' dir='ltr'>sed</span> <span class='ocrx_word' id='word_1_832' title='bbox 2212 1525 2393 1557; x_wconf 85' lang='lat' dir='ltr'>intellectus</span> <span class='ocrx_word' id='word_1_833' title='bbox 2408 1536 2498 1557; x_wconf 92' lang='lat' dir='ltr'>com-</span> 
     </span>
     <span class='ocr_line' id='line_1_108' title="bbox 1432 1567 1897 1607; baseline 0 -10"><span class='ocrx_word' id='word_1_834' title='bbox 1432 1567 1519 1607; x_wconf 88' lang='lat' dir='ltr'>plexi</span> <span class='ocrx_word' id='word_1_835' title='bbox 1541 1572 1677 1602; x_wconf 88' lang='lat' dir='ltr'>tantum,</span> <span class='ocrx_word' id='word_1_836' title='bbox 1703 1572 1750 1597; x_wconf 91' lang='lat' dir='ltr'>est</span> <span class='ocrx_word' id='word_1_837' title='bbox 1772 1567 1897 1597; x_wconf 88' lang='lat' dir='ltr'>veritas.</span> 
     </span>
    </p>

    <p class='ocr_par' dir='ltr' id='par_1_17' title="bbox 1432 1610 2500 1776">
     <span class='ocr_line' id='line_1_109' title="bbox 1488 1610 2499 1654; baseline 0.005 -13"><span class='ocrx_word' id='word_1_838' title='bbox 1488 1611 1609 1642; x_wconf 90' lang='lat' dir='ltr'>Dicunt</span> <span class='ocrx_word' id='word_1_839' title='bbox 1633 1610 1788 1647; x_wconf 90' lang='lat' dir='ltr'>secundo,</span> <span class='ocrx_word' id='word_1_840' title='bbox 1809 1611 1899 1651; x_wconf 93' lang='lat' dir='ltr'>quod</span> <span class='ocrx_word' id='word_1_841' title='bbox 1922 1611 2003 1641; x_wconf 88' lang='lat' dir='ltr'>nulli</span> <span class='ocrx_word' id='word_1_842' title='bbox 2023 1612 2200 1643; x_wconf 89' lang='lat' dir='ltr'>intellectui</span> <span class='ocrx_word' id='word_1_843' title='bbox 2223 1614 2441 1654; x_wconf 89' lang='lat' dir='ltr'>incomplexo,</span> <span class='ocrx_word' id='word_1_844' title='bbox 2463 1621 2499 1646; x_wconf 89' lang='lat' dir='ltr'>ut</span> 
     </span>
     <span class='ocr_line' id='line_1_110' title="bbox 1432 1655 2498 1699; baseline 0.005 -14"><span class='ocrx_word' id='word_1_845' title='bbox 1432 1655 1488 1691; x_wconf 91' lang='lat' dir='ltr'>sic,</span> <span class='ocrx_word' id='word_1_846' title='bbox 1502 1656 1655 1686; x_wconf 88' lang='lat' dir='ltr'>convenit</span> <span class='ocrx_word' id='word_1_847' title='bbox 1666 1665 1723 1695; x_wconf 92' lang='lat' dir='ltr'>per</span> <span class='ocrx_word' id='word_1_848' title='bbox 1735 1665 1769 1686; x_wconf 87' lang='lat' dir='ltr'>se</span> <span class='ocrx_word' id='word_1_849' title='bbox 1781 1655 1991 1686; x_wconf 89' lang='lat' dir='ltr'>conformitas</span> <span class='ocrx_word' id='word_1_850' title='bbox 2007 1656 2046 1686; x_wconf 88' lang='lat' dir='ltr'>ad</span> <span class='ocrx_word' id='word_1_851' title='bbox 2058 1666 2140 1687; x_wconf 88' lang='lat' dir='ltr'>rem:</span> <span class='ocrx_word' id='word_1_852' title='bbox 2159 1658 2235 1697; x_wconf 92' lang='lat' dir='ltr'>quia</span> <span class='ocrx_word' id='word_1_853' title='bbox 2246 1659 2498 1699; x_wconf 80' lang='lat' dir='ltr'>incomplexum,</span> 
     </span>
     <span class='ocr_line' id='line_1_111' title="bbox 1433 1700 2500 1743; baseline 0.004 -13"><span class='ocrx_word' id='word_1_854' title='bbox 1433 1706 1471 1730; x_wconf 91' lang='lat' dir='ltr'>ut</span> <span class='ocrx_word' id='word_1_855' title='bbox 1484 1701 1541 1736; x_wconf 90' lang='lat' dir='ltr'>sic,</span> <span class='ocrx_word' id='word_1_856' title='bbox 1562 1706 1744 1740; x_wconf 89' lang='lat' dir='ltr'>respectum</span> <span class='ocrx_word' id='word_1_857' title='bbox 1768 1700 1895 1731; x_wconf 86' lang='lat' dir='ltr'>nullum</span> <span class='ocrx_word' id='word_1_858' title='bbox 1917 1701 2115 1740; x_wconf 88' lang='lat' dir='ltr'>aequalitatis</span> <span class='ocrx_word' id='word_1_859' title='bbox 2139 1707 2194 1732; x_wconf 88' lang='lat' dir='ltr'>aut</span> <span class='ocrx_word' id='word_1_860' title='bbox 2212 1702 2446 1743; x_wconf 87' lang='lat' dir='ltr'>inaequalitatis</span> <span class='ocrx_word' id='word_1_861' title='bbox 2461 1704 2500 1734; x_wconf 92' lang='lat' dir='ltr'>ad</span> 
     </span>
     <span class='ocr_line' id='line_1_112' title="bbox 1433 1744 1738 1776; baseline -0.003 0"><span class='ocrx_word' id='word_1_862' title='bbox 1433 1745 1569 1776; x_wconf 90' lang='lat' dir='ltr'>alterum</span> <span class='ocrx_word' id='word_1_863' title='bbox 1593 1744 1738 1776; x_wconf 90' lang='lat' dir='ltr'>includit.</span> 
     </span>
    </p>

    <p class='ocr_par' dir='ltr' id='par_1_18' title="bbox 1433 1788 2501 1876">
     <span class='ocr_line' id='line_1_113' title="bbox 1489 1788 2501 1832; baseline 0.003 -12"><span class='ocrx_word' id='word_1_864' title='bbox 1489 1790 1612 1821; x_wconf 88' lang='lat' dir='ltr'>Dicunt</span> <span class='ocrx_word' id='word_1_865' title='bbox 1626 1790 1732 1826; x_wconf 87' lang='lat' dir='ltr'>tertio,</span> <span class='ocrx_word' id='word_1_866' title='bbox 1756 1788 1847 1829; x_wconf 90' lang='lat' dir='ltr'>quod</span> <span class='ocrx_word' id='word_1_867' title='bbox 1869 1788 1910 1819; x_wconf 89' lang='lat' dir='ltr'>ad</span> <span class='ocrx_word' id='word_1_868' title='bbox 1933 1789 2098 1820; x_wconf 89' lang='lat' dir='ltr'>veritatem</span> <span class='ocrx_word' id='word_1_869' title='bbox 2121 1790 2302 1822; x_wconf 90' lang='lat' dir='ltr'>intellectus</span> <span class='ocrx_word' id='word_1_870' title='bbox 2321 1797 2358 1822; x_wconf 90' lang='lat' dir='ltr'>ut</span> <span class='ocrx_word' id='word_1_871' title='bbox 2381 1801 2501 1832; x_wconf 90' lang='lat' dir='ltr'>cogno-</span> 
     </span>
     <span class='ocr_line' id='line_1_114' title="bbox 1433 1833 2422 1876; baseline 0.002 -11"><span class='ocrx_word' id='word_1_872' title='bbox 1433 1843 1526 1866; x_wconf 90' lang='lat' dir='ltr'>scens</span> <span class='ocrx_word' id='word_1_873' title='bbox 1549 1840 1606 1871; x_wconf 92' lang='lat' dir='ltr'>est,</span> <span class='ocrx_word' id='word_1_874' title='bbox 1631 1835 1767 1875; x_wconf 88' lang='lat' dir='ltr'>exigitur</span> <span class='ocrx_word' id='word_1_875' title='bbox 1790 1833 1880 1874; x_wconf 91' lang='lat' dir='ltr'>quod</span> <span class='ocrx_word' id='word_1_876' title='bbox 1903 1834 2017 1864; x_wconf 88' lang='lat' dir='ltr'>veritas</span> <span class='ocrx_word' id='word_1_877' title='bbox 2040 1835 2080 1864; x_wconf 90' lang='lat' dir='ltr'>sit</span> <span class='ocrx_word' id='word_1_878' title='bbox 2102 1835 2135 1865; x_wconf 89' lang='lat' dir='ltr'>in</span> <span class='ocrx_word' id='word_1_879' title='bbox 2160 1845 2200 1865; x_wconf 90' lang='lat' dir='ltr'>eo</span> <span class='ocrx_word' id='word_1_880' title='bbox 2224 1842 2260 1866; x_wconf 92' lang='lat' dir='ltr'>ut</span> <span class='ocrx_word' id='word_1_881' title='bbox 2284 1837 2422 1876; x_wconf 89' lang='lat' dir='ltr'>cognita.</span> 
     </span>
    </p>

    <p class='ocr_par' dir='ltr' id='par_1_19' title="bbox 1431 1877 2501 2404">
     <span class='ocr_line' id='line_1_115' title="bbox 1489 1877 2501 1922; baseline 0.002 -12"><span class='ocrx_word' id='word_1_882' title='bbox 1489 1879 1611 1910; x_wconf 85' lang='lat' dir='ltr'>Dicunt</span> <span class='ocrx_word' id='word_1_883' title='bbox 1634 1885 1760 1920; x_wconf 91' lang='lat' dir='ltr'>quarto,</span> <span class='ocrx_word' id='word_1_884' title='bbox 1776 1877 1867 1919; x_wconf 93' lang='lat' dir='ltr'>quod</span> <span class='ocrx_word' id='word_1_885' title='bbox 1882 1887 1950 1908; x_wconf 92' lang='lat' dir='ltr'>non</span> <span class='ocrx_word' id='word_1_886' title='bbox 1974 1878 2089 1909; x_wconf 89' lang='lat' dir='ltr'>dicitur</span> <span class='ocrx_word' id='word_1_887' title='bbox 2107 1880 2288 1911; x_wconf 92' lang='lat' dir='ltr'>intellectus</span> <span class='ocrx_word' id='word_1_888' title='bbox 2305 1890 2501 1922; x_wconf 90' lang='lat' dir='ltr'>cognoscere</span> 
     </span>
     <span class='ocr_line' id='line_1_116' title="bbox 1433 1922 2500 1964; baseline 0.003 -11"><span class='ocrx_word' id='word_1_889' title='bbox 1433 1925 1599 1955; x_wconf 90' lang='lat' dir='ltr'>veritatem</span> <span class='ocrx_word' id='word_1_890' title='bbox 1627 1925 1703 1964; x_wconf 93' lang='lat' dir='ltr'>quia</span> <span class='ocrx_word' id='word_1_891' title='bbox 1730 1928 1906 1963; x_wconf 87' lang='lat' dir='ltr'>cognoscat</span> <span class='ocrx_word' id='word_1_892' title='bbox 1932 1922 2193 1955; x_wconf 88' lang='lat' dir='ltr'>conformitatem</span> <span class='ocrx_word' id='word_1_893' title='bbox 2219 1925 2400 1957; x_wconf 89' lang='lat' dir='ltr'>intellectus</span> <span class='ocrx_word' id='word_1_894' title='bbox 2425 1927 2500 1956; x_wconf 90' lang='lat' dir='ltr'>sim-</span> 
     </span>
     <span class='ocr_line' id='line_1_117' title="bbox 1432 1967 2500 2011; baseline 0.002 -12"><span class='ocrx_word' id='word_1_895' title='bbox 1432 1968 1526 2008; x_wconf 91' lang='lat' dir='ltr'>plicis</span> <span class='ocrx_word' id='word_1_896' title='bbox 1548 1968 1588 1999; x_wconf 87' lang='lat' dir='ltr'>ad</span> <span class='ocrx_word' id='word_1_897' title='bbox 1611 1978 1690 2005; x_wconf 91' lang='lat' dir='ltr'>rem,</span> <span class='ocrx_word' id='word_1_898' title='bbox 1716 1977 1814 2009; x_wconf 92' lang='lat' dir='ltr'>quam</span> <span class='ocrx_word' id='word_1_899' title='bbox 1838 1968 1907 2007; x_wconf 87' lang='lat' dir='ltr'>ipse</span> <span class='ocrx_word' id='word_1_900' title='bbox 1926 1967 2107 1999; x_wconf 90' lang='lat' dir='ltr'>intellectus</span> <span class='ocrx_word' id='word_1_901' title='bbox 2131 1970 2266 2009; x_wconf 88' lang='lat' dir='ltr'>simplex</span> <span class='ocrx_word' id='word_1_902' title='bbox 2289 1980 2357 2001; x_wconf 90' lang='lat' dir='ltr'>non</span> <span class='ocrx_word' id='word_1_903' title='bbox 2378 1979 2500 2011; x_wconf 88' lang='lat' dir='ltr'>cogno-</span> 
     </span>
     <span class='ocr_line' id='line_1_118' title="bbox 1432 2011 2500 2053; baseline 0.002 -9"><span class='ocrx_word' id='word_1_904' title='bbox 1432 2014 1505 2044; x_wconf 89' lang='lat' dir='ltr'>scit:</span> <span class='ocrx_word' id='word_1_905' title='bbox 1521 2031 1545 2036; x_wconf 92' lang='lat'>—</span> <span class='ocrx_word' id='word_1_906' title='bbox 1556 2020 1626 2044; x_wconf 83' lang='lat' dir='ltr'>tum</span> <span class='ocrx_word' id='word_1_907' title='bbox 1643 2014 1718 2053; x_wconf 90' lang='lat' dir='ltr'>quia</span> <span class='ocrx_word' id='word_1_908' title='bbox 1735 2012 1851 2043; x_wconf 90' lang='lat' dir='ltr'>falsum</span> <span class='ocrx_word' id='word_1_909' title='bbox 1867 2017 1914 2042; x_wconf 88' lang='lat' dir='ltr'>est</span> <span class='ocrx_word' id='word_1_910' title='bbox 1930 2011 2020 2052; x_wconf 92' lang='lat' dir='ltr'>quod</span> <span class='ocrx_word' id='word_1_911' title='bbox 2035 2013 2122 2043; x_wconf 90' lang='lat' dir='ltr'>illam</span> <span class='ocrx_word' id='word_1_912' title='bbox 2135 2013 2395 2046; x_wconf 88' lang='lat' dir='ltr'>conformitatem</span> <span class='ocrx_word' id='word_1_913' title='bbox 2407 2015 2500 2046; x_wconf 91' lang='lat' dir='ltr'>intel-</span> 
     </span>
     <span class='ocr_line' id='line_1_119' title="bbox 1432 2058 2498 2099; baseline 0.001 -10"><span class='ocrx_word' id='word_1_914' title='bbox 1432 2058 1534 2089; x_wconf 84' lang='lat' dir='ltr'>lectus</span> <span class='ocrx_word' id='word_1_915' title='bbox 1549 2058 1684 2099; x_wconf 88' lang='lat' dir='ltr'>simplex</span> <span class='ocrx_word' id='word_1_916' title='bbox 1700 2067 1769 2088; x_wconf 91' lang='lat' dir='ltr'>non</span> <span class='ocrx_word' id='word_1_917' title='bbox 1789 2062 1974 2096; x_wconf 90' lang='lat' dir='ltr'>cognoscat,</span> <span class='ocrx_word' id='word_1_918' title='bbox 1992 2066 2067 2088; x_wconf 91' lang='lat' dir='ltr'>cum</span> <span class='ocrx_word' id='word_1_919' title='bbox 2083 2058 2123 2088; x_wconf 92' lang='lat' dir='ltr'>sit</span> <span class='ocrx_word' id='word_1_920' title='bbox 2139 2058 2304 2098; x_wconf 91' lang='lat' dir='ltr'>quoddam</span> <span class='ocrx_word' id='word_1_921' title='bbox 2320 2059 2498 2096; x_wconf 89' lang='lat' dir='ltr'>definibile;</span> 
     </span>
     <span class='ocr_line' id='line_1_120' title="bbox 1431 2101 2498 2143; baseline 0.001 -9"><span class='ocrx_word' id='word_1_922' title='bbox 1431 2109 1502 2134; x_wconf 89' lang='lat' dir='ltr'>tum</span> <span class='ocrx_word' id='word_1_923' title='bbox 1531 2103 1607 2143; x_wconf 90' lang='lat' dir='ltr'>quia</span> <span class='ocrx_word' id='word_1_924' title='bbox 1633 2102 1687 2133; x_wconf 90' lang='lat' dir='ltr'>illa</span> <span class='ocrx_word' id='word_1_925' title='bbox 1715 2101 1924 2133; x_wconf 89' lang='lat' dir='ltr'>conformitas</span> <span class='ocrx_word' id='word_1_926' title='bbox 1951 2111 2018 2132; x_wconf 91' lang='lat' dir='ltr'>non</span> <span class='ocrx_word' id='word_1_927' title='bbox 2046 2104 2252 2143; x_wconf 89' lang='lat' dir='ltr'>cognoscitur</span> <span class='ocrx_word' id='word_1_928' title='bbox 2280 2105 2342 2134; x_wconf 92' lang='lat' dir='ltr'>nisi</span> <span class='ocrx_word' id='word_1_929' title='bbox 2372 2104 2498 2140; x_wconf 85' lang='lat' dir='ltr'>reflexe‚</span> 
     </span>
     <span class='ocr_line' id='line_1_121' title="bbox 1432 2145 2500 2188; baseline 0.002 -10"><span class='ocrx_word' id='word_1_930' title='bbox 1432 2157 1546 2179; x_wconf 89' lang='lat' dir='ltr'>verum</span> <span class='ocrx_word' id='word_1_931' title='bbox 1569 2153 1678 2178; x_wconf 88' lang='lat' dir='ltr'>autem</span> <span class='ocrx_word' id='word_1_932' title='bbox 1707 2146 1915 2187; x_wconf 90' lang='lat' dir='ltr'>cognoscitur</span> <span class='ocrx_word' id='word_1_933' title='bbox 1938 2145 2070 2177; x_wconf 88' lang='lat' dir='ltr'>directe:</span> <span class='ocrx_word' id='word_1_934' title='bbox 2095 2165 2118 2169; x_wconf 91' lang='lat'>—</span> <span class='ocrx_word' id='word_1_935' title='bbox 2141 2147 2197 2178; x_wconf 91' lang='lat' dir='ltr'>sed</span> <span class='ocrx_word' id='word_1_936' title='bbox 2221 2149 2296 2188; x_wconf 93' lang='lat' dir='ltr'>quia</span> <span class='ocrx_word' id='word_1_937' title='bbox 2319 2149 2500 2180; x_wconf 87' lang='lat' dir='ltr'>intellectus</span> 
     </span>
     <span class='ocr_line' id='line_1_122' title="bbox 1433 2191 2499 2233; baseline 0.001 -10"><span class='ocrx_word' id='word_1_938' title='bbox 1433 2202 1638 2233; x_wconf 88' lang='lat' dir='ltr'>componens</span> <span class='ocrx_word' id='word_1_939' title='bbox 1663 2197 1694 2223; x_wconf 90' lang='lat' dir='ltr'>et</span> <span class='ocrx_word' id='word_1_940' title='bbox 1724 2191 1869 2222; x_wconf 90' lang='lat' dir='ltr'>dividens</span> <span class='ocrx_word' id='word_1_941' title='bbox 1898 2192 2065 2230; x_wconf 85' lang='lat' dir='ltr'>cognoscit</span> <span class='ocrx_word' id='word_1_942' title='bbox 2093 2193 2142 2223; x_wconf 90' lang='lat' dir='ltr'>sui</span> <span class='ocrx_word' id='word_1_943' title='bbox 2173 2192 2432 2224; x_wconf 89' lang='lat' dir='ltr'>conformitatem</span> <span class='ocrx_word' id='word_1_944' title='bbox 2460 2193 2499 2224; x_wconf 85' lang='lat' dir='ltr'>ad</span> 
     </span>
     <span class='ocr_line' id='line_1_123' title="bbox 1433 2235 2500 2278; baseline 0 -9"><span class='ocrx_word' id='word_1_945' title='bbox 1433 2247 1512 2274; x_wconf 89' lang='lat' dir='ltr'>rem,</span> <span class='ocrx_word' id='word_1_946' title='bbox 1529 2247 1568 2268; x_wconf 90' lang='lat' dir='ltr'>eo</span> <span class='ocrx_word' id='word_1_947' title='bbox 1587 2236 1677 2278; x_wconf 92' lang='lat' dir='ltr'>quod</span> <span class='ocrx_word' id='word_1_948' title='bbox 1701 2237 1807 2267; x_wconf 90' lang='lat' dir='ltr'>omnis</span> <span class='ocrx_word' id='word_1_949' title='bbox 1824 2235 1994 2276; x_wconf 88' lang='lat' dir='ltr'>complexa</span> <span class='ocrx_word' id='word_1_950' title='bbox 2010 2237 2188 2267; x_wconf 89' lang='lat' dir='ltr'>enuntiatio</span> <span class='ocrx_word' id='word_1_951' title='bbox 2211 2247 2269 2278; x_wconf 92' lang='lat' dir='ltr'>per</span> <span class='ocrx_word' id='word_1_952' title='bbox 2284 2248 2317 2268; x_wconf 89' lang='lat' dir='ltr'>se</span> <span class='ocrx_word' id='word_1_953' title='bbox 2334 2238 2452 2269; x_wconf 92' lang='lat' dir='ltr'>claudit</span> <span class='ocrx_word' id='word_1_954' title='bbox 2468 2239 2500 2268; x_wconf 92' lang='lat' dir='ltr'>in</span> 
     </span>
     <span class='ocr_line' id='line_1_124' title="bbox 1433 2280 2500 2324; baseline 0.001 -11"><span class='ocrx_word' id='word_1_955' title='bbox 1433 2283 1564 2324; x_wconf 91' lang='lat' dir='ltr'>propria</span> <span class='ocrx_word' id='word_1_956' title='bbox 1579 2283 1704 2313; x_wconf 91' lang='lat' dir='ltr'>ratione</span> <span class='ocrx_word' id='word_1_957' title='bbox 1719 2280 1810 2322; x_wconf 92' lang='lat' dir='ltr'>quod</span> <span class='ocrx_word' id='word_1_958' title='bbox 1830 2281 1870 2311; x_wconf 89' lang='lat' dir='ltr'>sit</span> <span class='ocrx_word' id='word_1_959' title='bbox 1891 2280 2033 2320; x_wconf 90' lang='lat' dir='ltr'>aequalis</span> <span class='ocrx_word' id='word_1_960' title='bbox 2058 2286 2112 2311; x_wconf 90' lang='lat' dir='ltr'>aut</span> <span class='ocrx_word' id='word_1_961' title='bbox 2130 2282 2307 2323; x_wconf 87' lang='lat' dir='ltr'>inaequalis</span> <span class='ocrx_word' id='word_1_962' title='bbox 2329 2284 2376 2314; x_wconf 92' lang='lat' dir='ltr'>rei</span> <span class='ocrx_word' id='word_1_963' title='bbox 2399 2293 2500 2314; x_wconf 93' lang='lat' dir='ltr'>enun-</span> 
     </span>
     <span class='ocr_line' id='line_1_125' title="bbox 1432 2324 2501 2368; baseline 0 -10"><span class='ocrx_word' id='word_1_964' title='bbox 1432 2329 1538 2362; x_wconf 89' lang='lat' dir='ltr'>tiatae,</span> <span class='ocrx_word' id='word_1_965' title='bbox 1563 2327 1719 2368; x_wconf 89' lang='lat' dir='ltr'>quoniam</span> <span class='ocrx_word' id='word_1_966' title='bbox 1744 2325 1952 2356; x_wconf 89' lang='lat' dir='ltr'>essentialiter</span> <span class='ocrx_word' id='word_1_967' title='bbox 1968 2330 2015 2355; x_wconf 90' lang='lat' dir='ltr'>est</span> <span class='ocrx_word' id='word_1_968' title='bbox 2030 2324 2207 2357; x_wconf 89' lang='lat' dir='ltr'>similitudo</span> <span class='ocrx_word' id='word_1_969' title='bbox 2229 2327 2319 2367; x_wconf 94' lang='lat' dir='ltr'>quod</span> <span class='ocrx_word' id='word_1_970' title='bbox 2341 2328 2405 2358; x_wconf 93' lang='lat' dir='ltr'>hoc</span> <span class='ocrx_word' id='word_1_971' title='bbox 2428 2329 2501 2358; x_wconf 88' lang='lat' dir='ltr'>insit</span> 
     </span>
     <span class='ocr_line' id='line_1_126' title="bbox 1433 2371 1754 2404; baseline -0.003 -2"><span class='ocrx_word' id='word_1_972' title='bbox 1433 2373 1484 2404; x_wconf 94' lang='lat' dir='ltr'>vel</span> <span class='ocrx_word' id='word_1_973' title='bbox 1507 2382 1576 2403; x_wconf 94' lang='lat' dir='ltr'>non</span> <span class='ocrx_word' id='word_1_974' title='bbox 1600 2372 1674 2402; x_wconf 89' lang='lat' dir='ltr'>insit</span> <span class='ocrx_word' id='word_1_975' title='bbox 1698 2371 1754 2401; x_wconf 91' lang='lat' dir='ltr'>illi.</span> 
     </span>
    </p>

    <p class='ocr_par' dir='ltr' id='par_1_20' title="bbox 1432 2414 2502 2637">
     <span class='ocr_line' id='line_1_127' title="bbox 1490 2414 2500 2456; baseline 0 -9"><span class='ocrx_word' id='word_1_976' title='bbox 1490 2417 1558 2448; x_wconf 90' lang='lat' dir='ltr'>XII.</span> <span class='ocrx_word' id='word_1_977' title='bbox 1582 2416 1750 2455; x_wconf 89' lang='lat' dir='ltr'>Quoniam</span> <span class='ocrx_word' id='word_1_978' title='bbox 1773 2420 1882 2445; x_wconf 90' lang='lat' dir='ltr'>autem</span> <span class='ocrx_word' id='word_1_979' title='bbox 1906 2414 1988 2443; x_wconf 88' lang='lat' dir='ltr'>hanc</span> <span class='ocrx_word' id='word_1_980' title='bbox 2008 2414 2200 2454; x_wconf 91' lang='lat' dir='ltr'>opinionem</span> <span class='ocrx_word' id='word_1_981' title='bbox 2220 2425 2280 2456; x_wconf 89' lang='lat' dir='ltr'>ego</span> <span class='ocrx_word' id='word_1_982' title='bbox 2300 2416 2340 2446; x_wconf 90' lang='lat' dir='ltr'>ad</span> <span class='ocrx_word' id='word_1_983' title='bbox 2358 2422 2500 2447; x_wconf 89' lang='lat' dir='ltr'>mentem</span> 
     </span>
     <span class='ocr_line' id='line_1_128' title="bbox 1433 2459 2502 2501; baseline 0 -9"><span class='ocrx_word' id='word_1_984' title='bbox 1433 2461 1541 2492; x_wconf 88' lang='lat' dir='ltr'>Sancti</span> <span class='ocrx_word' id='word_1_985' title='bbox 1565 2461 1714 2492; x_wconf 91' lang='lat' dir='ltr'>Thomae</span> <span class='ocrx_word' id='word_1_986' title='bbox 1734 2469 1802 2491; x_wconf 91' lang='lat' dir='ltr'>esse</span> <span class='ocrx_word' id='word_1_987' title='bbox 1822 2468 1889 2489; x_wconf 89' lang='lat' dir='ltr'>non</span> <span class='ocrx_word' id='word_1_988' title='bbox 1913 2464 2005 2498; x_wconf 89' lang='lat' dir='ltr'>put0‚</span> <span class='ocrx_word' id='word_1_989' title='bbox 2026 2459 2194 2490; x_wconf 89' lang='lat' dir='ltr'>ostendam</span> <span class='ocrx_word' id='word_1_990' title='bbox 2214 2461 2323 2491; x_wconf 90' lang='lat' dir='ltr'>omnia</span> <span class='ocrx_word' id='word_1_991' title='bbox 2346 2462 2425 2492; x_wconf 92' lang='lat' dir='ltr'>haec</span> <span class='ocrx_word' id='word_1_992' title='bbox 2445 2471 2502 2501; x_wconf 91' lang='lat' dir='ltr'>per</span> 
     </span>
     <span class='ocr_line' id='line_1_129' title="bbox 1434 2503 2501 2543; baseline -0.001 -6"><span class='ocrx_word' id='word_1_993' title='bbox 1434 2506 1582 2537; x_wconf 90' lang='lat' dir='ltr'>ordinem</span> <span class='ocrx_word' id='word_1_994' title='bbox 1606 2505 1683 2537; x_wconf 86' lang='lat' dir='ltr'>falsa</span> <span class='ocrx_word' id='word_1_995' title='bbox 1708 2515 1787 2536; x_wconf 89' lang='lat' dir='ltr'>esse.</span> <span class='ocrx_word' id='word_1_996' title='bbox 1819 2504 1860 2534; x_wconf 93' lang='lat' dir='ltr'>Et</span> <span class='ocrx_word' id='word_1_997' title='bbox 1883 2503 1928 2533; x_wconf 91' lang='lat' dir='ltr'>sic</span> <span class='ocrx_word' id='word_1_998' title='bbox 1951 2503 2071 2543; x_wconf 88' lang='lat' dir='ltr'>positio</span> <span class='ocrx_word' id='word_1_999' title='bbox 2095 2504 2202 2535; x_wconf 88' lang='lat' dir='ltr'>Sancti</span> <span class='ocrx_word' id='word_1_1000' title='bbox 2226 2506 2374 2536; x_wconf 89' lang='lat' dir='ltr'>Thomae</span> <span class='ocrx_word' id='word_1_1001' title='bbox 2397 2505 2501 2536; x_wconf 90' lang='lat' dir='ltr'>decla-</span> 
     </span>
     <span class='ocr_line' id='line_1_130' title="bbox 1433 2549 2500 2591; baseline -0.001 -9"><span class='ocrx_word' id='word_1_1002' title='bbox 1433 2552 1563 2582; x_wconf 87' lang='lat' dir='ltr'>rabitur.</span> <span class='ocrx_word' id='word_1_1003' title='bbox 1588 2551 1636 2581; x_wconf 83' lang='lat' dir='ltr'>Ex</span> <span class='ocrx_word' id='word_1_1004' title='bbox 1660 2560 1724 2591; x_wconf 91' lang='lat' dir='ltr'>qua</span> <span class='ocrx_word' id='word_1_1005' title='bbox 1754 2549 1969 2580; x_wconf 84' lang='lat' dir='ltr'>declaratione</span> <span class='ocrx_word' id='word_1_1006' title='bbox 1997 2549 2118 2588; x_wconf 90' lang='lat' dir='ltr'>patebit</span> <span class='ocrx_word' id='word_1_1007' title='bbox 2145 2549 2184 2580; x_wconf 90' lang='lat' dir='ltr'>ad</span> <span class='ocrx_word' id='word_1_1008' title='bbox 2214 2550 2350 2580; x_wconf 91' lang='lat' dir='ltr'>dubium</span> <span class='ocrx_word' id='word_1_1009' title='bbox 2372 2556 2500 2581; x_wconf 89' lang='lat' dir='ltr'>motum</span> 
     </span>
     <span class='ocr_line' id='line_1_131' title="bbox 1432 2596 1642 2637; baseline -0.01 -10"><span class='ocrx_word' id='word_1_1010' title='bbox 1432 2596 1602 2637; x_wconf 88' lang='lat' dir='ltr'>responsio</span> <span class='ocrx_word' id='word_1_1011' title='bbox 1613 2596 1642 2625; x_wconf 72' lang='lat'>*.</span> 
     </span>
    </p>

    <p class='ocr_par' dir='ltr' id='par_1_21' title="bbox 1430 2636 2499 3387">
     <span class='ocr_line' id='line_1_132' title="bbox 1488 2636 2499 2679; baseline -0.001 -8"><span class='ocrx_word' id='word_1_1012' title='bbox 1488 2641 1632 2671; x_wconf 91' lang='lat' dir='ltr'>Primum</span> <span class='ocrx_word' id='word_1_1013' title='bbox 1656 2648 1733 2679; x_wconf 89' lang='lat' dir='ltr'>ergo</span> <span class='ocrx_word' id='word_1_1014' title='bbox 1757 2636 1880 2667; x_wconf 89' lang='lat' dir='ltr'>dictum</span> <span class='ocrx_word' id='word_1_1015' title='bbox 1903 2644 2018 2666; x_wconf 79' lang='lat' dir='ltr'>eorum</span> <span class='ocrx_word' id='word_1_1016' title='bbox 2041 2637 2128 2677; x_wconf 91' lang='lat' dir='ltr'>apud</span> <span class='ocrx_word' id='word_1_1017' title='bbox 2156 2638 2309 2669; x_wconf 88' lang='lat' dir='ltr'>Sanctum</span> <span class='ocrx_word' id='word_1_1018' title='bbox 2337 2638 2499 2670; x_wconf 90' lang='lat' dir='ltr'>Thomam</span> 
     </span>
     <span class='ocr_line' id='line_1_133' title="bbox 1431 2680 2499 2715; baseline -0.001 0"><span class='ocrx_word' id='word_1_1019' title='bbox 1431 2684 1548 2715; x_wconf 90' lang='lat' dir='ltr'>falsum</span> <span class='ocrx_word' id='word_1_1020' title='bbox 1572 2690 1628 2715; x_wconf 91' lang='lat' dir='ltr'>est.</span> <span class='ocrx_word' id='word_1_1021' title='bbox 1650 2683 1734 2714; x_wconf 92' lang='lat' dir='ltr'>Nam</span> <span class='ocrx_word' id='word_1_1022' title='bbox 1757 2690 1825 2712; x_wconf 92' lang='lat' dir='ltr'>non</span> <span class='ocrx_word' id='word_1_1023' title='bbox 1848 2680 1957 2711; x_wconf 92' lang='lat' dir='ltr'>solum</span> <span class='ocrx_word' id='word_1_1024' title='bbox 1975 2680 2184 2713; x_wconf 86' lang='lat' dir='ltr'>conformitas</span> <span class='ocrx_word' id='word_1_1025' title='bbox 2206 2683 2386 2714; x_wconf 90' lang='lat' dir='ltr'>intellectus</span> <span class='ocrx_word' id='word_1_1026' title='bbox 2409 2684 2499 2714; x_wconf 87' lang='lat' dir='ltr'>corn-</span> 
     </span>
     <span class='ocr_line' id='line_1_134' title="bbox 1431 2725 2497 2769; baseline -0.002 -9"><span class='ocrx_word' id='word_1_1027' title='bbox 1431 2729 1518 2769; x_wconf 81' lang='lat' dir='ltr'>plexi</span> <span class='ocrx_word' id='word_1_1028' title='bbox 1533 2729 1573 2760; x_wconf 92' lang='lat' dir='ltr'>ad</span> <span class='ocrx_word' id='word_1_1029' title='bbox 1584 2738 1664 2765; x_wconf 86' lang='lat' dir='ltr'>rem,</span> <span class='ocrx_word' id='word_1_1030' title='bbox 1676 2727 1732 2758; x_wconf 91' lang='lat' dir='ltr'>sed</span> <span class='ocrx_word' id='word_1_1031' title='bbox 1744 2727 1842 2757; x_wconf 86' lang='lat' dir='ltr'>etiarn</span> <span class='ocrx_word' id='word_1_1032' title='bbox 1856 2725 2038 2757; x_wconf 91' lang='lat' dir='ltr'>intellectus</span> <span class='ocrx_word' id='word_1_1033' title='bbox 2053 2726 2261 2767; x_wconf 85' lang='lat' dir='ltr'>incomplexi,</span> <span class='ocrx_word' id='word_1_1034' title='bbox 2277 2727 2364 2767; x_wconf 87' lang='lat' dir='ltr'>apud</span> <span class='ocrx_word' id='word_1_1035' title='bbox 2379 2728 2497 2768; x_wconf 88' lang='lat' dir='ltr'>ipsum,</span> 
     </span>
     <span class='ocr_line' id='line_1_135' title="bbox 1432 2770 2498 2810; baseline -0.002 -6"><span class='ocrx_word' id='word_1_1036' title='bbox 1432 2773 1609 2804; x_wconf 90' lang='lat' dir='ltr'>formaliter</span> <span class='ocrx_word' id='word_1_1037' title='bbox 1632 2779 1678 2804; x_wconf 93' lang='lat' dir='ltr'>est</span> <span class='ocrx_word' id='word_1_1038' title='bbox 1701 2772 1830 2803; x_wconf 87' lang='lat' dir='ltr'>veritas:</span> <span class='ocrx_word' id='word_1_1039' title='bbox 1854 2770 1897 2800; x_wconf 91' lang='lat' dir='ltr'>ita</span> <span class='ocrx_word' id='word_1_1040' title='bbox 1921 2770 2010 2810; x_wconf 91' lang='lat' dir='ltr'>quod</span> <span class='ocrx_word' id='word_1_1041' title='bbox 2039 2772 2153 2802; x_wconf 88' lang='lat' dir='ltr'>veritas</span> <span class='ocrx_word' id='word_1_1042' title='bbox 2177 2777 2223 2802; x_wconf 94' lang='lat' dir='ltr'>est</span> <span class='ocrx_word' id='word_1_1043' title='bbox 2251 2772 2426 2803; x_wconf 88' lang='lat' dir='ltr'>similitudo</span> <span class='ocrx_word' id='word_1_1044' title='bbox 2449 2773 2498 2802; x_wconf 92' lang='lat' dir='ltr'>in-</span> 
     </span>
     <span class='ocr_line' id='line_1_136' title="bbox 1431 2814 2498 2857; baseline -0.002 -8"><span class='ocrx_word' id='word_1_1045' title='bbox 1431 2818 1558 2849; x_wconf 89' lang='lat' dir='ltr'>tellecta</span> <span class='ocrx_word' id='word_1_1046' title='bbox 1577 2819 1715 2849; x_wconf 85' lang='lat' dir='ltr'>existens</span> <span class='ocrx_word' id='word_1_1047' title='bbox 1730 2817 1764 2847; x_wconf 93' lang='lat' dir='ltr'>in</span> <span class='ocrx_word' id='word_1_1048' title='bbox 1779 2814 1946 2846; x_wconf 89' lang='lat' dir='ltr'>intellectu</span> <span class='ocrx_word' id='word_1_1049' title='bbox 1961 2816 2027 2846; x_wconf 94' lang='lat' dir='ltr'>sive</span> <span class='ocrx_word' id='word_1_1050' title='bbox 2039 2815 2178 2856; x_wconf 89' lang='lat' dir='ltr'>simplici</span> <span class='ocrx_word' id='word_1_1051' title='bbox 2195 2817 2260 2847; x_wconf 89' lang='lat' dir='ltr'>sive</span> <span class='ocrx_word' id='word_1_1052' title='bbox 2279 2823 2498 2857; x_wconf 89' lang='lat' dir='ltr'>componente</span> 
     </span>
     <span class='ocr_line' id='line_1_137' title="bbox 1432 2860 2498 2902; baseline -0.003 -8"><span class='ocrx_word' id='word_1_1053' title='bbox 1432 2869 1464 2894; x_wconf 92' lang='lat' dir='ltr'>et</span> <span class='ocrx_word' id='word_1_1054' title='bbox 1486 2862 1659 2899; x_wconf 91' lang='lat' dir='ltr'>dividente,</span> <span class='ocrx_word' id='word_1_1055' title='bbox 1683 2871 1742 2902; x_wconf 91' lang='lat' dir='ltr'>per</span> <span class='ocrx_word' id='word_1_1056' title='bbox 1764 2869 1863 2901; x_wconf 91' lang='lat' dir='ltr'>quam</span> <span class='ocrx_word' id='word_1_1057' title='bbox 1890 2860 2071 2891; x_wconf 91' lang='lat' dir='ltr'>intellectus</span> <span class='ocrx_word' id='word_1_1058' title='bbox 2094 2861 2139 2891; x_wconf 92' lang='lat' dir='ltr'>rei</span> <span class='ocrx_word' id='word_1_1059' title='bbox 2165 2861 2345 2891; x_wconf 90' lang='lat' dir='ltr'>intellectae</span> <span class='ocrx_word' id='word_1_1060' title='bbox 2368 2861 2498 2892; x_wconf 89' lang='lat' dir='ltr'>confor-</span> 
     </span>
     <span class='ocr_line' id='line_1_138' title="bbox 1430 2905 2496 2947; baseline -0.003 -8"><span class='ocrx_word' id='word_1_1061' title='bbox 1430 2913 1547 2939; x_wconf 89' lang='lat' dir='ltr'>matur.</span> <span class='ocrx_word' id='word_1_1062' title='bbox 1563 2908 1654 2939; x_wconf 86' lang='lat' dir='ltr'>Patet</span> <span class='ocrx_word' id='word_1_1063' title='bbox 1677 2907 1740 2937; x_wconf 90' lang='lat' dir='ltr'>hoc</span> <span class='ocrx_word' id='word_1_1064' title='bbox 1763 2907 1881 2947; x_wconf 89' lang='lat' dir='ltr'>pri1n0‚</span> <span class='ocrx_word' id='word_1_1065' title='bbox 1899 2914 1937 2935; x_wconf 88' lang='lat' dir='ltr'>ex</span> <span class='ocrx_word' id='word_1_1066' title='bbox 1957 2915 1996 2936; x_wconf 91' lang='lat' dir='ltr'>eo</span> <span class='ocrx_word' id='word_1_1067' title='bbox 2014 2905 2103 2946; x_wconf 93' lang='lat' dir='ltr'>quod</span> <span class='ocrx_word' id='word_1_1068' title='bbox 2125 2906 2260 2936; x_wconf 89' lang='lat' dir='ltr'>habetur</span> <span class='ocrx_word' id='word_1_1069' title='bbox 2274 2906 2380 2936; x_wconf 90' lang='lat' dir='ltr'>Prima</span> <span class='ocrx_word' id='word_1_1070' title='bbox 2394 2906 2496 2942; x_wconf 91' lang='lat' dir='ltr'>Parte,</span> 
     </span>
     <span class='ocr_line' id='line_1_139' title="bbox 1432 2950 2499 2993; baseline -0.002 -10"><span class='ocrx_word' id='word_1_1071' title='bbox 1432 2962 1463 2993; x_wconf 94' lang='lat' dir='ltr'>q.</span> <span class='ocrx_word' id='word_1_1072' title='bbox 1480 2963 1543 2990; x_wconf 85' lang='lat' dir='ltr'>xvr,</span> <span class='ocrx_word' id='word_1_1073' title='bbox 1560 2963 1588 2983; x_wconf 91' lang='lat' dir='ltr'>a.</span> <span class='ocrx_word' id='word_1_1074' title='bbox 1608 2953 1637 2989; x_wconf 88' lang='lat'>3,</span> <span class='ocrx_word' id='word_1_1075' title='bbox 1654 2951 1695 2982; x_wconf 89' lang='lat' dir='ltr'>ad</span> <span class='ocrx_word' id='word_1_1076' title='bbox 1711 2952 1741 2987; x_wconf 88' lang='lat'>3,</span> <span class='ocrx_word' id='word_1_1077' title='bbox 1759 2957 1791 2982; x_wconf 92' lang='lat' dir='ltr'>et</span> <span class='ocrx_word' id='word_1_1078' title='bbox 1808 2950 1914 2986; x_wconf 69' lang='lat' dir='ltr'>Verit„</span> <span class='ocrx_word' id='word_1_1079' title='bbox 1932 2959 1963 2990; x_wconf 93' lang='lat' dir='ltr'>q.</span> <span class='ocrx_word' id='word_1_1080' title='bbox 1979 2961 2001 2986; x_wconf 90' lang='lat'>1,</span> <span class='ocrx_word' id='word_1_1081' title='bbox 2018 2961 2045 2981; x_wconf 87' lang='lat' dir='ltr'>a.</span> <span class='ocrx_word' id='word_1_1082' title='bbox 2067 2959 2093 2987; x_wconf 88' lang='lat'>1,</span> <span class='ocrx_word' id='word_1_1083' title='bbox 2110 2950 2150 2982; x_wconf 92' lang='lat' dir='ltr'>ad</span> <span class='ocrx_word' id='word_1_1084' title='bbox 2166 2951 2200 2981; x_wconf 87' lang='lat'>3:</span> <span class='ocrx_word' id='word_1_1085' title='bbox 2219 2950 2288 2981; x_wconf 88' lang='lat' dir='ltr'>Ens</span> <span class='ocrx_word' id='word_1_1086' title='bbox 2307 2960 2372 2981; x_wconf 89' lang='lat' dir='ltr'>non</span> <span class='ocrx_word' id='word_1_1087' title='bbox 2390 2955 2499 2991; x_wconf 79' lang='lat' dir='ltr'>potest</span> 
     </span>
     <span class='ocr_line' id='line_1_140' title="bbox 1432 2995 2498 3039; baseline -0.003 -11"><span class='ocrx_word' id='word_1_1088' title='bbox 1432 2998 1572 3039; x_wconf 80' lang='lat' dir='ltr'>intelligi</span> <span class='ocrx_word' id='word_1_1089' title='bbox 1590 2997 1661 3028; x_wconf 85' lang='lat' dir='ltr'>sine</span> <span class='ocrx_word' id='word_1_1090' title='bbox 1684 3006 1772 3033; x_wconf 82' lang='lat' dir='ltr'>vero,</span> <span class='ocrx_word' id='word_1_1091' title='bbox 1789 2996 1865 3037; x_wconf 86' lang='lat' dir='ltr'>quia</span> <span class='ocrx_word' id='word_1_1092' title='bbox 1886 3004 1950 3025; x_wconf 86' lang='lat' dir='ltr'>non</span> <span class='ocrx_word' id='word_1_1093' title='bbox 1962 3000 2071 3036; x_wconf 85' lang='lat' dir='ltr'>potest</span> <span class='ocrx_word' id='word_1_1094' title='bbox 2085 2995 2225 3036; x_wconf 82' lang='lat' dir='ltr'>intelligi</span> <span class='ocrx_word' id='word_1_1095' title='bbox 2242 2996 2313 3026; x_wconf 85' lang='lat' dir='ltr'>sine</span> <span class='ocrx_word' id='word_1_1096' title='bbox 2333 2995 2395 3025; x_wconf 85' lang='lat' dir='ltr'>hoc</span> <span class='ocrx_word' id='word_1_1097' title='bbox 2412 2995 2498 3036; x_wconf 84' lang='lat' dir='ltr'>quod</span> 
     </span>
     <span class='ocr_line' id='line_1_141' title="bbox 1432 3039 2497 3083; baseline -0.003 -10"><span class='ocrx_word' id='word_1_1098' title='bbox 1432 3042 1637 3083; x_wconf 81' lang='lat' dir='ltr'>adaequatur</span> <span class='ocrx_word' id='word_1_1099' title='bbox 1659 3042 1845 3072; x_wconf 85' lang='lat' dir='ltr'>intellectui.</span> <span class='ocrx_word' id='word_1_1100' title='bbox 1870 3040 1918 3070; x_wconf 84' lang='lat' dir='ltr'>Ex</span> <span class='ocrx_word' id='word_1_1101' title='bbox 1933 3040 1998 3071; x_wconf 90' lang='lat' dir='ltr'>hoc</span> <span class='ocrx_word' id='word_1_1102' title='bbox 2014 3041 2101 3072; x_wconf 90' lang='lat' dir='ltr'>enim</span> <span class='ocrx_word' id='word_1_1103' title='bbox 2117 3040 2258 3080; x_wconf 89' lang='lat' dir='ltr'>arguitur</span> <span class='ocrx_word' id='word_1_1104' title='bbox 2273 3041 2327 3070; x_wconf 91' lang='lat' dir='ltr'>sic.</span> <span class='ocrx_word' id='word_1_1105' title='bbox 2348 3039 2383 3069; x_wconf 95' lang='lat' dir='ltr'>In</span> <span class='ocrx_word' id='word_1_1106' title='bbox 2407 3040 2497 3070; x_wconf 88' lang='lat' dir='ltr'>omni</span> 
     </span>
     <span class='ocr_line' id='line_1_142' title="bbox 1430 3083 2498 3127; baseline -0.004 -9"><span class='ocrx_word' id='word_1_1107' title='bbox 1430 3087 1650 3118; x_wconf 90' lang='lat' dir='ltr'>intellectione</span> <span class='ocrx_word' id='word_1_1108' title='bbox 1674 3096 1739 3127; x_wconf 92' lang='lat' dir='ltr'>qua</span> <span class='ocrx_word' id='word_1_1109' title='bbox 1761 3085 1948 3126; x_wconf 88' lang='lat' dir='ltr'>intelligitur</span> <span class='ocrx_word' id='word_1_1110' title='bbox 1975 3095 2042 3122; x_wconf 91' lang='lat' dir='ltr'>ens,</span> <span class='ocrx_word' id='word_1_1111' title='bbox 2066 3090 2195 3125; x_wconf 91' lang='lat' dir='ltr'>oportet</span> <span class='ocrx_word' id='word_1_1112' title='bbox 2217 3094 2273 3114; x_wconf 91' lang='lat' dir='ltr'>ens</span> <span class='ocrx_word' id='word_1_1113' title='bbox 2303 3083 2498 3114; x_wconf 89' lang='lat' dir='ltr'>conformari</span> 
     </span>
     <span class='ocr_line' id='line_1_143' title="bbox 1433 3128 2497 3173; baseline -0.005 -10"><span class='ocrx_word' id='word_1_1114' title='bbox 1433 3137 1465 3163; x_wconf 92' lang='lat' dir='ltr'>et</span> <span class='ocrx_word' id='word_1_1115' title='bbox 1487 3131 1659 3173; x_wconf 87' lang='lat' dir='ltr'>adaequari</span> <span class='ocrx_word' id='word_1_1116' title='bbox 1682 3131 1869 3163; x_wconf 90' lang='lat' dir='ltr'>intellectui.</span> <span class='ocrx_word' id='word_1_1117' title='bbox 1886 3129 1972 3169; x_wconf 90' lang='lat' dir='ltr'>Ergo</span> <span class='ocrx_word' id='word_1_1118' title='bbox 1989 3135 2021 3161; x_wconf 90' lang='lat' dir='ltr'>et</span> <span class='ocrx_word' id='word_1_1119' title='bbox 2042 3129 2240 3160; x_wconf 88' lang='lat' dir='ltr'>intellectum</span> <span class='ocrx_word' id='word_1_1120' title='bbox 2257 3133 2386 3168; x_wconf 89' lang='lat' dir='ltr'>oportet</span> <span class='ocrx_word' id='word_1_1121' title='bbox 2405 3128 2497 3159; x_wconf 91' lang='lat' dir='ltr'>adae-</span> 
     </span>
     <span class='ocr_line' id='line_1_144' title="bbox 1433 3172 2497 3218; baseline -0.005 -10"><span class='ocrx_word' id='word_1_1122' title='bbox 1433 3178 1524 3218; x_wconf 85' lang='lat' dir='ltr'>quari</span> <span class='ocrx_word' id='word_1_1123' title='bbox 1540 3182 1572 3208; x_wconf 92' lang='lat' dir='ltr'>et</span> <span class='ocrx_word' id='word_1_1124' title='bbox 1588 3175 1785 3207; x_wconf 90' lang='lat' dir='ltr'>conformari</span> <span class='ocrx_word' id='word_1_1125' title='bbox 1799 3177 1855 3208; x_wconf 90' lang='lat' dir='ltr'>rei.</span> <span class='ocrx_word' id='word_1_1126' title='bbox 1873 3173 1935 3205; x_wconf 92' lang='lat' dir='ltr'>Sed</span> <span class='ocrx_word' id='word_1_1127' title='bbox 1951 3184 2008 3206; x_wconf 86' lang='lat' dir='ltr'>ens</span> <span class='ocrx_word' id='word_1_1128' title='bbox 2023 3173 2139 3205; x_wconf 90' lang='lat' dir='ltr'>dicitur</span> <span class='ocrx_word' id='word_1_1129' title='bbox 2154 3183 2265 3204; x_wconf 91' lang='lat' dir='ltr'>verum</span> <span class='ocrx_word' id='word_1_1130' title='bbox 2281 3183 2318 3204; x_wconf 83' lang='lat' dir='ltr'>ex</span> <span class='ocrx_word' id='word_1_1131' title='bbox 2334 3172 2389 3203; x_wconf 92' lang='lat' dir='ltr'>tali</span> <span class='ocrx_word' id='word_1_1132' title='bbox 2404 3172 2497 3203; x_wconf 90' lang='lat' dir='ltr'>adae-</span> 
     </span>
     <span class='ocr_line' id='line_1_145' title="bbox 1431 3218 2498 3262; baseline -0.005 -10"><span class='ocrx_word' id='word_1_1133' title='bbox 1431 3222 1601 3262; x_wconf 89' lang='lat' dir='ltr'>quatione:</span> <span class='ocrx_word' id='word_1_1134' title='bbox 1618 3227 1655 3252; x_wconf 91' lang='lat' dir='ltr'>ut</span> <span class='ocrx_word' id='word_1_1135' title='bbox 1669 3226 1758 3262; x_wconf 88' lang='lat' dir='ltr'>patet</span> <span class='ocrx_word' id='word_1_1136' title='bbox 1781 3224 1818 3252; x_wconf 75' lang='lat' dir='ltr'>ex</span> <span class='ocrx_word' id='word_1_1137' title='bbox 1841 3220 1945 3250; x_wconf 91' lang='lat' dir='ltr'>verbis</span> <span class='ocrx_word' id='word_1_1138' title='bbox 1961 3220 2068 3251; x_wconf 87' lang='lat' dir='ltr'>Sancti</span> <span class='ocrx_word' id='word_1_1139' title='bbox 2085 3218 2114 3248; x_wconf 75' lang='grc' dir='ltr'>Τ</span> <span class='ocrx_word' id='word_1_1140' title='bbox 2115 3219 2240 3249; x_wconf 89' lang='lat' dir='ltr'>homae.</span> <span class='ocrx_word' id='word_1_1141' title='bbox 2258 3218 2344 3257; x_wconf 89' lang='lat' dir='ltr'>Ergo</span> <span class='ocrx_word' id='word_1_1142' title='bbox 2368 3222 2400 3247; x_wconf 88' lang='lat' dir='ltr'>et</span> <span class='ocrx_word' id='word_1_1143' title='bbox 2419 3227 2498 3248; x_wconf 89' lang='lat' dir='ltr'>con-</span> 
     </span>
     <span class='ocr_line' id='line_1_146' title="bbox 1431 3262 2498 3304; baseline -0.006 -7"><span class='ocrx_word' id='word_1_1144' title='bbox 1431 3266 1576 3297; x_wconf 87' lang='lat' dir='ltr'>formitas</span> <span class='ocrx_word' id='word_1_1145' title='bbox 1598 3267 1780 3297; x_wconf 89' lang='lat' dir='ltr'>intellectus</span> <span class='ocrx_word' id='word_1_1146' title='bbox 1803 3265 1956 3304; x_wconf 89' lang='lat' dir='ltr'>simplicis</span> <span class='ocrx_word' id='word_1_1147' title='bbox 1972 3264 2011 3295; x_wconf 89' lang='lat' dir='ltr'>ad</span> <span class='ocrx_word' id='word_1_1148' title='bbox 2026 3264 2134 3303; x_wconf 91' lang='lat' dir='ltr'>ipsum</span> <span class='ocrx_word' id='word_1_1149' title='bbox 2155 3272 2211 3293; x_wconf 89' lang='lat' dir='ltr'>ens</span> <span class='ocrx_word' id='word_1_1150' title='bbox 2229 3262 2428 3293; x_wconf 89' lang='lat' dir='ltr'>intellectum</span> <span class='ocrx_word' id='word_1_1151' title='bbox 2451 3267 2498 3292; x_wconf 87' lang='lat' dir='ltr'>est</span> 
     </span>
     <span class='ocr_line' id='line_1_147' title="bbox 1431 3306 2498 3351; baseline -0.004 -11"><span class='ocrx_word' id='word_1_1152' title='bbox 1431 3312 1556 3342; x_wconf 89' lang='lat' dir='ltr'>veritas.</span> <span class='ocrx_word' id='word_1_1153' title='bbox 1580 3311 1671 3342; x_wconf 90' lang='lat' dir='ltr'>Patet</span> <span class='ocrx_word' id='word_1_1154' title='bbox 1694 3310 1943 3351; x_wconf 88' lang='lat' dir='ltr'>consequentia:</span> <span class='ocrx_word' id='word_1_1155' title='bbox 1968 3310 2044 3350; x_wconf 90' lang='lat' dir='ltr'>quia</span> <span class='ocrx_word' id='word_1_1156' title='bbox 2070 3317 2119 3338; x_wconf 91' lang='lat' dir='ltr'>res</span> <span class='ocrx_word' id='word_1_1157' title='bbox 2141 3317 2208 3338; x_wconf 91' lang='lat' dir='ltr'>non</span> <span class='ocrx_word' id='word_1_1158' title='bbox 2232 3306 2382 3337; x_wconf 92' lang='lat' dir='ltr'>dicuntur</span> <span class='ocrx_word' id='word_1_1159' title='bbox 2404 3315 2498 3336; x_wconf 88' lang='lat' dir='ltr'>verae</span> 
     </span>
     <span class='ocr_line' id='line_1_148' title="bbox 1432 3353 2153 3387; baseline -0.006 -1"><span class='ocrx_word' id='word_1_1160' title='bbox 1432 3357 1494 3386; x_wconf 88' lang='lat' dir='ltr'>nisi</span> <span class='ocrx_word' id='word_1_1161' title='bbox 1516 3356 1550 3386; x_wconf 91' lang='lat' dir='ltr'>in</span> <span class='ocrx_word' id='word_1_1162' title='bbox 1574 3355 1688 3386; x_wconf 91' lang='lat' dir='ltr'>ordine</span> <span class='ocrx_word' id='word_1_1163' title='bbox 1711 3355 1751 3387; x_wconf 91' lang='lat' dir='ltr'>ad</span> <span class='ocrx_word' id='word_1_1164' title='bbox 1774 3356 1941 3386; x_wconf 88' lang='lat' dir='ltr'>veritatem</span> <span class='ocrx_word' id='word_1_1165' title='bbox 1963 3353 2153 3384; x_wconf 90' lang='lat' dir='ltr'>intellectus.</span> 
     </span>
    </p>

    <p class='ocr_par' dir='ltr' id='par_1_22' title="bbox 1431 3395 2499 3699">
     <span class='ocr_line' id='line_1_149' title="bbox 1486 3395 2496 3441; baseline -0.007 -10"><span class='ocrx_word' id='word_1_1166' title='bbox 1486 3401 1664 3436; x_wconf 89' lang='lat' dir='ltr'>Praeterea,</span> <span class='ocrx_word' id='word_1_1167' title='bbox 1681 3406 1718 3431; x_wconf 92' lang='lat' dir='ltr'>ut</span> <span class='ocrx_word' id='word_1_1168' title='bbox 1732 3401 1838 3441; x_wconf 90' lang='lat' dir='ltr'>inquit</span> <span class='ocrx_word' id='word_1_1169' title='bbox 1853 3400 1989 3431; x_wconf 88' lang='lat' dir='ltr'>Sanctus</span> <span class='ocrx_word' id='word_1_1170' title='bbox 2004 3397 2149 3428; x_wconf 92' lang='lat' dir='ltr'>Thomas</span> <span class='ocrx_word' id='word_1_1171' title='bbox 2164 3396 2228 3426; x_wconf 93' lang='lat' dir='ltr'>hoc</span> <span class='ocrx_word' id='word_1_1172' title='bbox 2244 3396 2330 3432; x_wconf 94' lang='lat' dir='ltr'>loco,</span> <span class='ocrx_word' id='word_1_1173' title='bbox 2348 3396 2374 3425; x_wconf 90' lang='lat' dir='ltr'>si</span> <span class='ocrx_word' id='word_1_1174' title='bbox 2390 3395 2496 3430; x_wconf 88' lang='lat' dir='ltr'>etiam,</span> 
     </span>
     <span class='ocr_line' id='line_1_150' title="bbox 1431 3440 2498 3485; baseline -0.007 -9"><span class='ocrx_word' id='word_1_1175' title='bbox 1431 3454 1490 3485; x_wconf 90' lang='lat' dir='ltr'>per</span> <span class='ocrx_word' id='word_1_1176' title='bbox 1511 3445 1721 3485; x_wconf 87' lang='lat' dir='ltr'>impossibile,</span> <span class='ocrx_word' id='word_1_1177' title='bbox 1745 3445 1925 3476; x_wconf 88' lang='lat' dir='ltr'>intellectus</span> <span class='ocrx_word' id='word_1_1178' title='bbox 1948 3443 2074 3474; x_wconf 88' lang='lat' dir='ltr'>divinus</span> <span class='ocrx_word' id='word_1_1179' title='bbox 2089 3441 2196 3471; x_wconf 90' lang='lat' dir='ltr'>solum</span> <span class='ocrx_word' id='word_1_1180' title='bbox 2219 3440 2424 3480; x_wconf 83' lang='lat' dir='ltr'>incomplexa</span> <span class='ocrx_word' id='word_1_1181' title='bbox 2442 3448 2498 3469; x_wconf 93' lang='lat' dir='ltr'>co-</span> 
     </span>
     <span class='ocr_line' id='line_1_151' title="bbox 1431 3484 2497 3529; baseline -0.007 -9"><span class='ocrx_word' id='word_1_1182' title='bbox 1431 3495 1612 3529; x_wconf 89' lang='lat' dir='ltr'>gnosceret,</span> <span class='ocrx_word' id='word_1_1183' title='bbox 1636 3490 1740 3520; x_wconf 90' lang='lat' dir='ltr'>adhuc</span> <span class='ocrx_word' id='word_1_1184' title='bbox 1768 3495 1850 3520; x_wconf 89' lang='lat' dir='ltr'>esset</span> <span class='ocrx_word' id='word_1_1185' title='bbox 1881 3498 1984 3523; x_wconf 79' lang='lat' dir='ltr'>veruS,</span> <span class='ocrx_word' id='word_1_1186' title='bbox 2015 3485 2091 3527; x_wconf 87' lang='lat' dir='ltr'>quia</span> <span class='ocrx_word' id='word_1_1187' title='bbox 2118 3484 2299 3516; x_wconf 89' lang='lat' dir='ltr'>intellectus</span> <span class='ocrx_word' id='word_1_1188' title='bbox 2328 3489 2438 3515; x_wconf 91' lang='lat' dir='ltr'>noster</span> <span class='ocrx_word' id='word_1_1189' title='bbox 2464 3484 2497 3513; x_wconf 92' lang='lat' dir='ltr'>in</span> 
     </span>
     <span class='ocr_line' id='line_1_152' title="bbox 1431 3528 2499 3575; baseline -0.007 -10"><span class='ocrx_word' id='word_1_1190' title='bbox 1431 3534 1707 3575; x_wconf 89' lang='lat' dir='ltr'>apprehendendo</span> <span class='ocrx_word' id='word_1_1191' title='bbox 1736 3533 1947 3574; x_wconf 90' lang='lat' dir='ltr'>quidditatem</span> <span class='ocrx_word' id='word_1_1192' title='bbox 1977 3540 2103 3571; x_wconf 88' lang='lat' dir='ltr'>semper</span> <span class='ocrx_word' id='word_1_1193' title='bbox 2133 3535 2180 3560; x_wconf 87' lang='lat' dir='ltr'>est</span> <span class='ocrx_word' id='word_1_1194' title='bbox 2208 3539 2312 3560; x_wconf 90' lang='lat' dir='ltr'>verus.</span> <span class='ocrx_word' id='word_1_1195' title='bbox 2341 3528 2404 3560; x_wconf 93' lang='lat' dir='ltr'>Sed</span> <span class='ocrx_word' id='word_1_1196' title='bbox 2429 3537 2499 3558; x_wconf 91' lang='lat' dir='ltr'>non</span> 
     </span>
     <span class='ocr_line' id='line_1_153' title="bbox 1431 3572 2499 3610; baseline -0.007 0"><span class='ocrx_word' id='word_1_1197' title='bbox 1431 3578 1548 3610; x_wconf 88' lang='lat' dir='ltr'>dicitur</span> <span class='ocrx_word' id='word_1_1198' title='bbox 1571 3579 1752 3610; x_wconf 89' lang='lat' dir='ltr'>intellectus</span> <span class='ocrx_word' id='word_1_1199' title='bbox 1767 3588 1860 3609; x_wconf 90' lang='lat' dir='ltr'>verus</span> <span class='ocrx_word' id='word_1_1200' title='bbox 1882 3578 1944 3608; x_wconf 88' lang='lat' dir='ltr'>nisi</span> <span class='ocrx_word' id='word_1_1201' title='bbox 1966 3576 2090 3606; x_wconf 89' lang='lat' dir='ltr'>ratione</span> <span class='ocrx_word' id='word_1_1202' title='bbox 2106 3573 2340 3606; x_wconf 90' lang='lat' dir='ltr'>conformitatis</span> <span class='ocrx_word' id='word_1_1203' title='bbox 2360 3578 2392 3604; x_wconf 90' lang='lat' dir='ltr'>et</span> <span class='ocrx_word' id='word_1_1204' title='bbox 2406 3572 2499 3603; x_wconf 88' lang='lat' dir='ltr'>adae-</span> 
     </span>
     <span class='ocr_line' id='line_1_154' title="bbox 1432 3618 2499 3664; baseline -0.007 -9"><span class='ocrx_word' id='word_1_1205' title='bbox 1432 3624 1605 3664; x_wconf 89' lang='lat' dir='ltr'>quationis.</span> <span class='ocrx_word' id='word_1_1206' title='bbox 1629 3623 1716 3664; x_wconf 88' lang='lat' dir='ltr'>Ergo</span> <span class='ocrx_word' id='word_1_1207' title='bbox 1741 3629 1772 3653; x_wconf 87' lang='lat' dir='ltr'>et</span> <span class='ocrx_word' id='word_1_1208' title='bbox 1799 3623 1867 3663; x_wconf 89' lang='lat' dir='ltr'>ipsa</span> <span class='ocrx_word' id='word_1_1209' title='bbox 1895 3620 2104 3653; x_wconf 84' lang='lat' dir='ltr'>conformitas</span> <span class='ocrx_word' id='word_1_1210' title='bbox 2135 3619 2289 3659; x_wconf 90' lang='lat' dir='ltr'>simplicis</span> <span class='ocrx_word' id='word_1_1211' title='bbox 2317 3618 2499 3649; x_wconf 87' lang='lat' dir='ltr'>intellectus</span> 
     </span>
     <span class='ocr_line' id='line_1_155' title="bbox 1432 3668 1626 3699; baseline -0.005 0"><span class='ocrx_word' id='word_1_1212' title='bbox 1432 3674 1480 3699; x_wconf 91' lang='lat' dir='ltr'>est</span> <span class='ocrx_word' id='word_1_1213' title='bbox 1501 3668 1626 3698; x_wconf 90' lang='lat' dir='ltr'>veritas.</span> 
     </span>
    </p>
   </div>
   <div class='ocr_carea' id='block_1_10' title="bbox 2522 680 2732 728">
    <p class='ocr_par' dir='ltr' id='par_1_23' title="bbox 2522 680 2732 728">
     <span class='ocr_line' id='line_1_156' title="bbox 2522 680 2732 708; baseline 0.005 -7"><span class='ocrx_word' id='word_1_1214' title='bbox 2522 681 2531 690; x_wconf 89' lang='grc'>·</span> <span class='ocrx_word' id='word_1_1215' title='bbox 2543 680 2613 702; x_wconf 83' lang='lat' dir='ltr'>Num.</span> <span class='ocrx_word' id='word_1_1216' title='bbox 2620 687 2661 708; x_wconf 83' lang='lat' dir='ltr'>vn,</span> <span class='ocrx_word' id='word_1_1217' title='bbox 2675 681 2732 702; x_wconf 84' lang='lat' dir='ltr'>Ter-</span> 
     </span>
     <span class='ocr_line' id='line_1_157' title="bbox 2523 707 2586 728; baseline 0 0"><span class='ocrx_word' id='word_1_1218' title='bbox 2523 707 2586 728; x_wconf 83' lang='lat' dir='ltr'>tium.</span> 
     </span>
    </p>
   </div>
   <div class='ocr_carea' id='block_1_11' title="bbox 2524 1433 2737 1488">
    <p class='ocr_par' dir='ltr' id='par_1_24' title="bbox 2524 1433 2737 1488">
     <span class='ocr_line' id='line_1_158' title="bbox 2524 1433 2737 1460; baseline -0.019 -3"><span class='ocrx_word' id='word_1_1219' title='bbox 2524 1437 2533 1446; x_wconf 85' lang='lat'><strong>·</strong></span> <span class='ocrx_word' id='word_1_1220' title='bbox 2541 1435 2611 1457; x_wconf 85' lang='lat' dir='ltr'>Num.</span> <span class='ocrx_word' id='word_1_1221' title='bbox 2621 1433 2737 1460; x_wconf 81' lang='lat' dir='ltr'>vu,Quar-</span> 
     </span>
     <span class='ocr_line' id='line_1_159' title="bbox 2524 1462 2735 1488; baseline -0.005 -4"><span class='ocrx_word' id='word_1_1222' title='bbox 2524 1465 2585 1488; x_wconf 83' lang='lat' dir='ltr'>lum,·</span> <span class='ocrx_word' id='word_1_1223' title='bbox 2601 1462 2631 1484; x_wconf 83' lang='lat' dir='ltr'>cf.</span> <span class='ocrx_word' id='word_1_1224' title='bbox 2647 1468 2669 1484; x_wconf 93' lang='lat' dir='ltr'>n.</span> <span class='ocrx_word' id='word_1_1225' title='bbox 2686 1468 2735 1484; x_wconf 80' lang='lat' dir='ltr'>xiii.</span> 
     </span>
    </p>
   </div>
   <div class='ocr_carea' id='block_1_12' title="bbox 2528 2595 2685 2617">
    <p class='ocr_par' dir='ltr' id='par_1_25' title="bbox 2528 2595 2685 2617">
     <span class='ocr_line' id='line_1_160' title="bbox 2528 2595 2685 2617; baseline -0.006 0"><span class='ocrx_word' id='word_1_1226' title='bbox 2528 2597 2536 2606; x_wconf 91' lang='grc'>·</span> <span class='ocrx_word' id='word_1_1227' title='bbox 2552 2595 2621 2617; x_wconf 83' lang='lat' dir='ltr'>Num.</span> <span class='ocrx_word' id='word_1_1228' title='bbox 2634 2601 2685 2616; x_wconf 83' lang='lat' dir='ltr'>xm.</span> 
     </span>
    </p>
   </div>
  </div>
 </body>
</html>
