2768 4134
27 1130 39 1143 ·
51 1130 166 1159 opu-eui.
177 1130 242 1157 xm,

4 1165 16 1231 Ξ,
26 1157 135 1214 {aaron
165 1157 241 1185 (Rom.

0 1282 16 1316 (ὲ

5 3024 7 3026 η
21 3019 22 3022 ¹
46 2996 59 3011 ⁶
68 2998 185 3021 .cnp.ux,
191 2992 244 3015 init.

3 3239 22 3278 5}
49 3258 108 3288 esp.
125 3265 151 3286 v;
167 3258 243 3282 s.·rh.

3 3284 47 3334 «3
58 3291 82 3315 ⁹’
97 3291 139 3335 ἐξ.
155 3285 245 3340 ἳῖιὲἓῑ

8 3662 11 3664 -
30 3656 39 3668 Χ,

15 3730 37 3833 ξ

15 3834 35 3901 ἰ

688 291 877 329 SUMMA
905 292 1127 330 CONTRA
1156 292 1430 340 GENTILES,
1458 294 1552 330 LIB.
1573 294 1615 340 ll,
1646 293 1757 330 CAP.
1781 294 1916 340 LXIX,
1936 294 2055 331 LXX.

270 378 335 410 que
358 370 592 400 inconveniens
616 379 696 407 esse,
721 371 807 411 apud
822 372 941 412 ipsum,
959 372 1049 412 quod
1072 382 1090 403 a
1113 372 1219 403 forma
1241 378 1342 403 mate-

268 414 344 450 riae,
370 423 454 454 quae
484 419 593 445 tamen
624 425 643 445 a
670 416 805 446 materia
827 425 897 446 non
925 416 1115 457 dependeat,
1140 416 1248 448 effluat
1274 426 1342 448 non

270 458 378 489 solum
402 459 502 489 virtus
526 469 683 500 corporea
699 465 730 490 et
753 460 935 498 materialis,
952 460 1008 491 sed
1024 461 1120 492 etiam
1136 462 1236 492 virtus
1259 471 1343 502 quae

269 512 338 533 non
362 503 402 534 sit
424 509 514 534 actus
533 504 679 541 alicuius,
699 509 731 534 et
754 504 794 534 sit
809 505 879 545 ipsa
894 506 1000 536 anima
1017 506 1204 536 abstractior
1220 511 1251 536 et
1267 506 1343 536 sim-

269 547 387 588 plicior
412 549 446 578 in
473 548 537 579 hoc
561 548 652 588 quod
675 549 826 579 materiae
852 559 919 580 non
947 550 1067 580 unitur.
1099 550 1173 580 Hoc
1200 559 1343 591 namque

269 601 339 622 non
362 593 466 632 arguit
489 594 593 633 ipsam
615 594 768 623 virtutem
785 603 853 624 esse
877 594 984 624 anima
998 594 1194 625 nobiliorem
1217 595 1279 625 nisi
1294 603 1344 625 se-

271 636 418 668 cundum
440 637 531 677 quid,
555 643 591 668 ut
615 637 731 668 dicitur
754 637 890 676 Quarto,
916 639 945 669 d.
962 649 1004 675 xr,
1029 648 1061 679 q.
1078 649 1110 674 11,
1132 649 1160 669 a.
1182 647 1193 668 1
1211 640 1238 675 ᾗ,
1255 639 1295 669 ad
1316 646 1342 675 1,

271 680 362 721 quod
379 681 570 722 simplicitas
587 692 651 722 per
673 691 708 712 se
724 692 789 712 non
805 683 848 713 sit
870 692 970 713 causa
988 683 1176 718 nobilitatis,
1192 683 1248 714 sed
1266 693 1343 723 per-

261 725 391 767 fectio:
414 725 471 756 sed
494 727 598 766 arguit
620 727 730 767 potius
746 726 980 767 perfectionem
997 728 1134 764 animae,
1159 737 1253 768 quae,
1269 727 1345 758 licet

270 770 310 800 sit
332 776 423 800 actus
446 771 607 808 materiae,
631 776 740 802 tamen
764 772 798 802 in
813 777 940 803 tantum
964 771 1107 803 elevatur
1130 781 1227 812 supra
1242 777 1344 802 mate-

269 814 335 845 riae
359 814 584 846 conditionem
607 820 643 846 ut
667 817 705 846 ab
729 816 798 856 ipsa
820 817 921 847 virtus
941 815 1104 857 profluere
1134 817 1237 857 possit
1261 826 1345 857 quae

270 868 339 889 non
366 859 407 889 sit
430 865 519 890 actus
551 860 686 891 alicuius
711 861 832 900 organi.
868 860 969 901 Origo
994 862 1081 891 enim
1112 861 1204 892 istius
1227 862 1346 892 abstra-

270 903 386 934 ctionis
409 904 592 935 intellectus
615 910 664 935 est
686 904 823 944 dignitas
847 910 879 936 et
907 904 1065 946 perfectio
1095 906 1232 942 animae,
1261 915 1344 945 quae

269 948 437 979 materiam
471 949 514 979 ita
549 948 674 980 excedit
703 955 740 980 ut
770 950 810 979 ab
839 950 910 990 ipsa
939 950 1079 981 totaliter
1110 949 1345 990 comprehendi

269 1002 338 1023 non
361 993 474 1034 possit.

325 1037 416 1068 Patet
446 1042 555 1068 autem
584 1038 668 1068 hanc
701 1047 770 1068 esse
800 1043 946 1068 mentem
973 1037 1082 1069 Sancti
1114 1038 1273 1074 Thomae,
1305 1047 1343 1068 ex

269 1082 483 1121 responsione
507 1091 607 1122 quam
630 1082 684 1112 dat
707 1082 748 1113 ad
770 1081 858 1112 idem
882 1088 1110 1122 argumentum
1133 1083 1167 1113 in
1191 1083 1344 1113 Tractatu

269 1125 309 1156 de
336 1126 467 1157 Unitate
495 1126 683 1157 Intellectus
713 1131 830 1157 contra
860 1127 1068 1157 Averroistas
1079 1128 1106 1157 ὓ.
1139 1126 1226 1158 Cum
1256 1128 1343 1158 enim

268 1171 504 1211 proposuisset,
532 1171 569 1201 Si
597 1177 704 1202 autem
730 1176 847 1202 contra
876 1171 939 1202 hoc
968 1171 1143 1202 obiiciatur
1172 1172 1260 1212 quod
1281 1181 1343 1212 po-

270 1215 372 1246 tentia
395 1215 526 1246 animae
550 1225 615 1246 non
634 1220 744 1256 potest
766 1224 835 1246 esse
857 1215 1108 1246 immaterialior
1136 1221 1196 1246 aut
1221 1216 1344 1257 simpli-

270 1259 343 1290 cior
371 1269 469 1301 quam
501 1260 570 1290 eius
601 1260 749 1296 essentia,
773 1260 939 1300 subiungit
963 1259 1054 1300 quod
1085 1260 1204 1301 optime
1226 1270 1344 1301 proce-

269 1303 361 1334 deret
381 1304 411 1335 si
426 1304 566 1343 essentia
582 1305 713 1335 animae
727 1305 890 1335 humanae
901 1304 949 1335 sic
964 1310 1047 1335 esset
1051 1305 1171 1346 forma
1189 1305 1345 1336 materiae

269 1348 357 1389 quod
369 1350 539 1380 non‘es‘set
554 1358 619 1389 per
633 1358 702 1380 esse
716 1358 810 1379 suum
826 1349 883 1380 sed
900 1359 965 1390 per
982 1358 1050 1380 esse
1065 1350 1245 1389 compositi,
1261 1350 1346 1380 sicut

270 1397 319 1424 est
339 1392 380 1424 de
401 1394 478 1424 aliis
498 1394 629 1434 formis,
646 1403 731 1434 quae
753 1393 929 1424 secundum
952 1403 987 1424 se
1010 1403 1069 1424 nec
1098 1403 1166 1424 esse
1189 1403 1248 1424 nec
1271 1403 1345 1434 ope-

270 1437 433 1469 rationem
455 1439 574 1469 habent
590 1443 727 1479 praeter
748 1438 1074 1469 communicationem
1095 1438 1262 1469 materiae.
1282 1438 1346 1469 Sed

269 1482 348 1523 quia
378 1483 490 1513 anima
519 1483 664 1513 humana
696 1487 745 1513 est
765 1482 886 1524 forma
915 1482 969 1512 cui
999 1483 1188 1523 aliqualiter
1217 1483 1344 1523 quidem

269 1527 489 1558 communicat
511 1527 660 1563 materia,
685 1536 750 1557 non
768 1532 874 1556 tamen
896 1526 937 1556 ab
956 1526 1035 1567 ipsa,
1055 1532 1194 1567 propter
1209 1527 1278 1557 eius
1297 1526 1345 1556 di—

268 1570 438 1612 gnitatem,
470 1571 618 1601 totaliter
644 1570 939 1611 comprehenditur,
975 1570 1058 1600 nihil
1085 1570 1238 1611 prohibet
1267 1570 1345 1611 quin

268 1614 387 1646 habeat
407 1615 555 1656 aliquam
579 1615 803 1655 operationem
826 1614 878 1645 vel
907 1614 1059 1644 virtutem
1083 1614 1127 1644 ad
1156 1624 1253 1655 quam
1277 1624 1346 1645 ma-

269 1659 354 1690 teria
378 1669 443 1690 non
468 1659 611 1700 attingit.
636 1659 685 1690 Ex
709 1659 828 1699 quibus
852 1664 962 1698 aperte
985 1664 1112 1689 constat
1134 1659 1243 1699 ipsum
1263 1659 1346 1689 velle

268 1702 361 1744 quod
383 1703 464 1734 nihil
487 1703 639 1744 prohibet
660 1703 814 1734 virtutem
837 1703 964 1733 animae
987 1712 1055 1733 non
1084 1703 1255 1734 immersae
1279 1713 1347 1733 ma-

267 1748 367 1779 teriae
390 1757 461 1780 esse
484 1748 717 1789 simpliciorem
733 1748 871 1778 essentia
886 1748 1012 1778 animae
1036 1748 1069 1777 in
1091 1748 1156 1778 hoc
1172 1747 1264 1788 quod
1278 1757 1347 1778 non

267 1793 380 1824 unitur
401 1794 564 1830 materiae,
589 1793 673 1823 sicut
696 1797 738 1829 et,
762 1797 897 1832 propter
920 1792 1135 1823 elevationem
1159 1801 1256 1832 supra
1278 1802 1347 1823 ma-

267 1837 391 1875 teriam,
414 1843 524 1878 potest
546 1837 665 1868 habere
688 1837 914 1877 operationem
937 1837 991 1867 cui
1013 1837 1146 1867 materia
1161 1846 1231 1867 non
1255 1846 1346 1867 com-

266 1883 423 1914 municat.
447 1883 541 1914 Esset
564 1887 674 1912 autem
696 1882 933 1912 inconveniens
948 1887 985 1912 ut
1007 1882 1108 1911 virtus
1132 1880 1255 1912 formae
1278 1891 1347 1912 ma-

266 1927 386 1958 terialis
409 1933 493 1958 esset
515 1927 693 1967 simplicior
715 1926 785 1966 ipsa
808 1925 929 1956 forma:
955 1935 1032 1956 cum
1055 1925 1101 1956 illi
1130 1924 1254 1956 formae
1278 1935 1346 1956 non

266 1971 371 2012 possit
394 1972 570 2002 convenire
594 1971 741 2011 operatio
769 1971 822 2000 cui
851 1971 985 2001 materia
1014 1979 1083 2000 non
1114 1970 1346 2000 communicet.

325 2015 420 2047 Unde
444 2021 476 2047 et
499 2015 540 2047 ad
562 2016 627 2046 hoc
656 2020 884 2055 argumentum
914 2013 1115 2054 respondens
1144 2014 1178 2044 in
1210 2014 1275 2052 Qu.
1307 2014 1347 2045 de

267 2060 398 2097 Anima,
423 2066 480 2092 art.
507 2070 536 2097 2,
561 2059 602 2090 ad
623 2068 656 2098 4,
680 2059 788 2100 inquit
811 2058 903 2100 quod
922 2068 984 2099 per
1013 2059 1076 2089 hoc
1105 2059 1193 2099 quod
1221 2059 1347 2091 intelle-

264 2109 339 2138 ctus
362 2114 428 2136 non
452 2110 501 2136 est
523 2109 616 2136 actus
638 2103 780 2134 alicuius
803 2103 935 2145 organi,
961 2113 1026 2134 non
1051 2103 1178 2134 excedit
1201 2104 1348 2134 totaliter

267 2150 440 2181 essentiam
456 2150 606 2181 animae:
619 2148 678 2179 sed
692 2154 741 2179 est
754 2158 941 2189 supremum
957 2148 990 2178 in
1008 2148 1088 2188 ipsa,
1106 2157 1179 2178 cum
1190 2153 1347 2188 sequatur

268 2195 372 2235 ipsam
401 2194 578 2226 secundum
609 2193 697 2234 quod
725 2203 826 2234 supra
856 2193 1028 2223 materiam
1056 2193 1224 2223 elevatur:
1254 2193 1347 2233 quasi

268 2238 354 2270 dieat
377 2238 479 2280 quod,
502 2239 579 2270 licet
594 2237 777 2269 intellectus
798 2236 932 2268 excedat
953 2238 1095 2268 animam
1117 2237 1151 2268 in
1166 2237 1231 2268 hoc
1255 2236 1347 2278 quod

269 2288 317 2315 est
332 2284 521 2315 abstractior
539 2289 571 2314 et
587 2283 775 2323 simplicior,
793 2288 824 2312 et
840 2283 885 2312 sie
897 2282 937 2312 sit
955 2281 1137 2313 secundum
1153 2281 1233 2322 quid
1248 2282 1346 2313 subli-

1396 378 1530 413 propter
1552 373 1615 403 hoc
1639 383 1707 404 non
1731 373 1856 404 excedit
1878 374 2019 404 totaliter
2049 375 2220 405 essentiam
2251 375 2388 412 animae,
2411 375 2467 406 sed

1396 423 1541 448 remanet
1563 418 1750 457 simpliciter
1766 424 1797 448 et
1813 418 1960 448 absolute
1976 419 2082 449 anima
2098 419 2277 450 secundum
2297 420 2466 450 essentiam

1397 471 1488 492 suam
1512 461 1639 501 dignior
1665 462 1841 493 intellectu.

1452 506 1492 536 V.
1512 505 1664 536 Secundo
1680 506 1754 536 loco
1768 508 1794 543 θ’,
1811 506 2024 546 respondetur
2039 507 2216 538 rationibus
2233 508 2350 548 quibus
2366 508 2466 538 Aver-

1397 559 1470 580 roes
1502 559 1594 580 suam
1625 551 1823 590 positionem
1855 549 2045 581 confirmare
2075 552 2196 588 nititur,
2228 561 2311 592 quae
2342 553 2465 592 positae

1397 599 1473 624 sunt
1495 594 1653 634 superius,
1674 603 1744 634 cap.
1762 604 1823 624 mx.
1840 594 1935 624 Circa
1953 595 2016 625 hoc
2033 601 2141 626 autem
2157 595 2224 626 duo
2240 595 2316 627 facit
2331 597 2466 627 Sanctus

1397 638 1560 669 Thomas:
1585 639 1693 678 primo
1718 639 1805 668 enim
1821 639 1915 668 solvit
1930 640 2015 678 ipsas
2031 640 2187 677 rationes3
2211 640 2365 678 secundo,
2390 642 2466 681 quia

1397 682 1470 713 illae
1493 683 1633 713 rationes
1660 683 1695 713 in
1717 683 1822 713 verbis
1850 683 2031 713 Aristotelis
2062 683 2310 716 fundamentum
2337 686 2465 722 habent,

1398 726 1579 757 ostenditur
1601 727 1684 757 hanc
1708 726 1844 757 eandem
1868 727 2034 757 veritatem
2058 737 2156 767 quam
2170 730 2341 768 posuimus
2364 735 2395 760 et
2412 729 2466 760 de-

1398 770 1604 807 fensavimus,
1636 772 1732 802 etiam
1762 770 1943 802 secundum
1977 777 2120 802 mentem
2150 778 2246 813 atque
2277 775 2467 814 opinionem

1397 815 1578 846 Aristotelis
1602 825 1671 846 esse
1687 816 1715 847 ’ἦ

1453 859 1505 890 Ad
1527 860 1666 900 primam
1688 860 1798 900 itaque
1821 859 2035 900 respondetur
2058 860 2149 900 quod
2171 861 2351 892 Aristotelis
2371 862 2468 892 verba

1398 903 1603 935 verificantur
1626 904 1665 935 de
1689 905 1834 945 potentia
1863 904 2068 941 intellectiva,
2100 914 2183 944 quae
2206 914 2274 935 non
2305 911 2352 936 est
2379 912 2467 937 actus

1399 949 1534 980 alicuius
1557 949 1685 989 organi:
1710 958 1779 979 non
1807 954 1916 980 autem
1946 948 2097 979 dicuntur
2127 948 2167 979 de
2196 950 2266 989 ipsa
2295 950 2469 981 substantia

1397 993 1601 1030 intellectiva,
1626 994 1718 1033 quasi
1740 993 1810 1033 ipsa
1832 1002 1900 1024 non
1924 993 1964 1023 sit
1988 993 2092 1023 forma
2121 993 2199 1024 dans
2230 1003 2299 1024 esse
2330 995 2468 1035 corpori.

1453 1038 1505 1069 Ad
1528 1037 1704 1068 secundam
1720 1037 1943 1078 respondetur,
1968 1043 1999 1068 et
2022 1037 2138 1068 dicitur
2153 1038 2270 1078 primo,
2290 1038 2381 1079 quod
2399 1039 2469 1069 Ari-

1398 1083 1520 1113 stotelis
1537 1081 1769 1112 demonstratio
1786 1082 1925 1113 declarat
1947 1082 2044 1113 verba
2060 1092 2143 1122 quae
2167 1088 2331 1123 assumpta
2346 1089 2421 1114 sunt
2436 1084 2470 1114 in

1398 1127 1502 1167 prima
1524 1127 1660 1163 ratione,
1685 1127 1801 1157 debere
1824 1126 1960 1166 intelligi
1983 1126 2023 1157 de
2039 1128 2184 1167 potentia
2206 1127 2410 1164 intellectiva,
2434 1134 2471 1158 ut

1399 1172 1544 1212 exposita
1562 1176 1647 1208 sunt,
1663 1181 1732 1201 non
1749 1176 1858 1202 autem
1874 1171 1914 1201 de
1930 1171 2105 1201 substantia
2121 1172 2256 1202 animae.
2279 1171 2366 1202 Cum
2382 1173 2470 1203 enim

1399 1225 1437 1246 ex
1461 1216 1651 1256 operatione
1674 1215 1883 1246 intellectuali
1904 1224 1968 1255 qua
1984 1216 2118 1246 anima*
2141 1216 2298 1256 intelligit,
2323 1216 2471 1248 ostendat

1398 1260 1598 1291 intellectum
1622 1269 1691 1290 esse
1714 1260 1897 1290 immixtum
1922 1265 1953 1290 et
1976 1266 2174 1300 separatum;
2200 1261 2345 1300 operatio
2361 1266 2470 1292 autem

1399 1305 1556 1345 pertineat
1579 1304 1619 1335 ad
1641 1305 1821 1344 potentiam
1846 1310 1882 1334 ut
1905 1304 1945 1334 ad
1973 1305 2179 1345 principium,
2211 1305 2332 1335 scilicet
2361 1307 2470 1346 proxi·

1398 1358 1507 1379 mum:
1533 1354 1621 1389 patet
1644 1348 1734 1389 quod
1757 1358 1815 1389 per
1838 1349 2038 1381 intellectum
2053 1350 2158 1389 ipsam
2174 1350 2354 1389 potentiam
2377 1350 2470 1381 intel-

1399 1393 1478 1433 ligit.
1502 1393 1587 1424 Nam
1610 1394 1637 1423 si
1659 1402 1822 1433 ponamus
1846 1394 1989 1424 animam·
2010 1394 2156 1433 corporis
2180 1393 2328 1430 formam,
2345 1394 2470 1425 intelle-

1400 1443 1489 1468 ctum
1513 1443 1622 1468 autem
1645 1437 1766 1468 nullius
1790 1439 1935 1478 corporis
1967 1443 2086 1474 actum,
2114 1447 2183 1468 non
2212 1439 2357 1478 sequitur
2380 1438 2471 1479 quod

1399 1482 1581 1512 intellectus
1604 1481 1747 1522 aliquam
1769 1488 1916 1512 naturam
1940 1481 2184 1512 determinatam
2207 1483 2391 1513 sensibilem
2414 1484 2470 1514 ha-

1400 1526 1488 1556 beat:
1514 1536 1590 1556 cum
1613 1535 1682 1556 non
1705 1532 1846 1566 ponatur
1867 1527 2046 1564 harmonia,
2063 1532 2118 1557 aut
2140 1527 2221 1557 ratio
2246 1532 2277 1557 et
2299 1528 2470 1568 proportio

1401 1570 1535 1600 alicuius
1560 1571 1681 1610 organi,
1706 1571 1790 1600 sicut
1812 1580 1934 1601 sensus.

1457 1614 1583 1644 Dicitur
1613 1614 1768 1650 secundo,
1803 1614 1894 1654 quod
1925 1624 1963 1645 ex
1995 1615 2034 1644 iis
2064 1624 2148 1654 quae
2171 1614 2322 1646 dicuntur
2344 1616 2378 1645 in
2406 1615 2471 1646 fine

1400 1659 1497 1699 primi
1514 1659 1587 1689 libri
1610 1658 1650 1688 de
1665 1659 1783 1688 Anima
1799 1664 1911 1689 contra
1935 1658 2078 1689 dicentes
2097 1659 2237 1689 animam
2260 1659 2397 1690 diversas
2421 1660 2472 1690 sui

1399 1708 1505 1743 partes
1520 1703 1555 1733 in
1570 1702 1701 1733 diversis
1717 1704 1863 1743 corporis
1878 1703 2021 1743 partibus
2036 1703 2162 1739 habere,
2179 1703 2235 1733 ubi
2251 1703 2366 1734 dicitur
2382 1703 2472 1743 quod

1401 1756 1662 1787 unamquamque
1675 1747 1823 1787 partium
1847 1747 1977 1778 animae
1993 1747 2118 1787 aliquid
2141 1748 2290 1787 corporis
2306 1748 2474 1778 continere

1400 1791 1529 1822 videtur
1558 1791 1770 1831 impossibile,
1806 1798 1837 1822 et
1868 1791 1958 1832 quod
1988 1792 2116 1832 qualem
2141 1797 2272 1832 partem
2303 1797 2362 1823 aut
2391 1802 2471 1833 quo-

1399 1836 1496 1867 modo
1521 1836 1702 1867 intellectus
1725 1836 1877 1872 continet,
1900 1845 2005 1878 grave
2028 1841 2076 1867 est
2086 1836 2233 1878 fingere,
2258 1842 2346 1876 patet
2370 1838 2471 1877 quod,

1400 1890 1477 1911 cum
1500 1880 1578 1911 dicit
1597 1880 1797 1911 intellectum
1822 1890 1891 1911 esse
1915 1881 2097 1911 immixtum
2113 1881 2164 1911 vel
2187 1886 2383 1921 separatum,
2402 1891 2471 1912 non

1399 1924 1538 1956 intendit
1550 1924 1720 1956 excludere
1732 1926 1840 1965 ipsum
1854 1935 1922 1956 esse
1935 1931 2059 1965 partem
2075 1926 2141 1956 sive
2153 1926 2333 1966 potentiam
2345 1926 2471 1956 animae

1399 1979 1482 2010 quae
1506 1974 1555 2000 est
1577 1969 1682 1999 forma
1705 1971 1805 2001 totius
1825 1971 1981 2010 corporis.

1454 2013 1507 2044 Ad
1529 2014 1666 2050 tertiam,
1691 2020 1723 2044 et
1746 2020 1893 2055 quartam
1924 2024 1962 2044 ex
1991 2014 2061 2054 ipsa
2091 2013 2273 2050 deductam,
2303 2015 2399 2045 simul
2421 2024 2471 2045 re-

1398 2058 1578 2099 spondetur
1601 2058 1751 2098 negando
1775 2059 2053 2099 consequentiam.
2078 2057 2164 2096 Quia
2191 2069 2229 2089 ex
2253 2068 2319 2099 quo
2346 2059 2470 2090 intelle-

1399 2108 1470 2134 ctus
1494 2104 1642 2143 operatio
1667 2108 1715 2133 est
1738 2104 1875 2134 omnino
1900 2104 2022 2143 absque
2046 2112 2206 2143 corporeo
2231 2113 2365 2143 organo,
2389 2104 2472 2134 sicut

1399 2153 1431 2178 et
1454 2149 1524 2188 ipse
1547 2147 1740 2184 intellectus,
1763 2157 1833 2179 non
1855 2148 2000 2188 sequitur
2015 2149 2236 2189 receptionem
2253 2149 2321 2178 eius
2338 2157 2407 2179 esse
2421 2158 2470 2179 re-

1400 2193 1588 2233 ceptionem
1610 2193 1763 2223 materiae
1786 2193 1919 2233 primae.

1455 2237 1506 2267 Ad
1530 2237 1678 2277 quintam
1701 2236 1915 2277 respondetur
1938 2236 2029 2279 quod
2051 2246 2120 2267 non
2146 2237 2270 2267 tollitur
2299 2237 2399 2267 virtus
2421 2237 2470 2267 in-

1398 2281 1490 2312 finita
1512 2282 1710 2313 intellectus:
1728 2282 1804 2322 quia
1826 2291 1895 2312 non
1910 2282 2044 2321 ponitur
2057 2281 2158 2312 virtus
2180 2282 2214 2312 in
2237 2280 2469 2321 magnitudine,

267 2329 354 2360 mior
377 2338 425 2365 ea,
448 2338 518 2360 non
541 2334 652 2359 tamen
675 2328 740 2358 hoc
764 2327 896 2367 derogat
923 2326 1071 2367 dignitati
1102 2326 1245 2357 animae:
1271 2327 1347 2367 quia
1400 2325 1457 2357 sed
1480 2335 1564 2366 quae
1587 2327 1622 2357 in
1645 2326 1821 2357 substantia
1843 2326 2051 2357 intellectuali
2073 2325 2235 2357 fundatur.

689 2566 1215 2623 CAPITULUM
1269 2564 2055 2621 SEPTUAGESIMUM

765 2696 940 2749 QUOD
976 2694 1319 2737 SECUNDUM
1352 2693 1541 2734 DICTA
1576 2691 1980 2733 ARISTOTELIS

387 2759 676 2801 OPORTET
710 2758 958 2799 PONERE
990 2755 1432 2798 INTELLECTUM
1466 2755 1633 2797 UNIRI
1668 2754 1933 2795 CORPORI
1967 2753 2051 2795 UT
2089 2753 2355 2794 FORMAM

408 2908 413 2917 ,
458 2884 504 2909 ’r
531 2871 624 2921 quia
650 2873 843 2908 Averroes
869 2869 1039 2907 maxime
1068 2869 1201 2906 nititur
1233 2880 1346 2906 suam
1401 2867 1560 2914 ratione,
1589 2866 1681 2916 quia
1700 2866 1800 2916 quod
1817 2871 1867 2902 est
1883 2877 1954 2915 per
1971 2877 2021 2910 se,
2049 2877 2197 2914 semper
2222 2870 2273 2901 est
2289 2866 2398 2914 prius
2425 2876 2469 2901 eo

459 2925 462 2934 ²
495 2924 724 2974 opinionem
743 2923 978 2961 confirmare
997 2935 1068 2972 per
1081 2922 1200 2959 verba
1220 2930 1257 2959 et
1281 2922 1345 2958 de-
1401 2921 1501 2971 quod
1517 2926 1568 2957 est
1584 2932 1654 2971 per
1681 2919 1794 2957 aliud.
1815 2918 1966 2956 Deinde
1986 2917 2152 2955 ostendit
2170 2917 2278 2966 quod
2303 2928 2468 2958 movens

493 2976 1041 3022 mostrationemAristotelis*‚
1057 2975 1345 3013 ostendendum
1399 2974 1574 3024 seipsum
1602 2973 1650 3010 de
1679 2972 1902 3010 necessitate
1931 2970 2114 3008 dividitur
2141 2970 2181 3007 in
2209 2970 2306 3007 duas
2329 2977 2467 3019 partes,

495 3039 609 3069 restat
637 3032 746 3081 quod
774 3042 931 3068 necesse
961 3037 1016 3067 est
1043 3029 1183 3075 dicere,
1207 3040 1344 3065 secun·
1399 3039 1569 3077 quarum
1588 3039 1668 3064 una
1687 3034 1743 3063 est
1761 3037 1927 3062 movens
1946 3032 1983 3061 et
2002 3024 2074 3061 alia
2093 3032 2149 3061 est
2167 3031 2284 3060 mota.
2306 3023 2470 3072 Oportet

349 2951 352 2955 .
415 2976 449 3001 ὅ

303 3033 311 3059 5
349 3006 363 3041 Ὺ·
374 3046 382 3053 ..
395 3004 471 3053 303)

271 3087 369 3125 dum
388 3085 616 3135 opinionem
631 3083 853 3130 Aristotelis,
873 3083 1107 3120 intellectum
1127 3082 1344 3119 secundum
1366 3098 1375 3118 5
1399 3081 1513 3129 igitur
1534 3080 1708 3130 primum
1727 3079 1899 3128 seipsum
1918 3090 2084 3115 movens
2104 3076 2288 3125 componi
2300 3088 2354 3135 ’ex
2372 3076 2467 3113 dua-

271 3152 385 3178 suam
403 3138 658 3177 substantiam
677 3138 790 3175 alicui
809 3136 964 3186 corpori
982 3135 1084 3173 uniri
1103 3143 1146 3172 ut
1163 3136 1342 3172 formam.
1399 3134 1473 3171 bus
1486 3133 1670 3183 partibus,
1687 3144 1854 3182 quarum
1869 3143 1948 3168 una
1963 3139 2018 3168 est
2032 3142 2196 3167 movens
2211 3137 2248 3166 et
2262 3130 2334 3166 aha
2348 3136 2465 3166 mota.

284 2980 312 3025 ’ἐς
343 2984 413 3028 ᾗ,

324 3193 468 3231 Probat
492 3192 598 3230 enim
617 3191 849 3237 Aristoteles,
878 3190 918 3227 in
945 3189 1042 3227 libro
1062 3189 1147 3226 VlII
1165 3190 1343 3237 Physico-
1767 3238 1774 3245 ·
1794 3238 1801 3245 ·
2206 3235 2213 3242 .

273 3260 358 3286 rum
373 3246 403 3293 *‚
434 3246 542 3296 quod
571 3246 611 3283 in
638 3244 856 3283 motoribus
885 3251 921 3280 et
953 3242 1069 3280 motis
1106 3241 1343 3291 impossibile
1398 3240 1511 3288 igitur
1538 3239 1694 3285 mobile,
1725 3240 1864 3276 scss1cet
1891 3238 2053 3297 caelum,
2074 3245 2129 3274 est
2153 3243 2379 3295 animatum,
2409 3247 2466 3272 se-

272 3308 329 3338 est
351 3301 563 3350 procedere
592 3299 632 3336 in
651 3298 859 3336 infinitum.
880 3296 993 3334 Unde
1013 3294 1208 3332 concludit
1235 3295 1343 3343 quod
1398 3294 1574 3331 cundum
1594 3293 1821 3342 opinionem
1849 3291 2070 3327 Anstotelis.
2100 3289 2212 3327 Unde
2236 3296 2272 3325 et
2296 3301 2335 3325 1n
2363 3289 2393 3348 II
2421 3289 2467 3326 de

273 3365 430 3391 necesse
450 3361 507 3391 est
534 3351 717 3391 devenire
737 3352 786 3389 ad
806 3350 964 3399 aliquod
983 3348 1157 3399 primum
1176 3355 1342 3393 motum,
1359 3369 1384 3383 ω
1402 3347 1516 3384 Caelo
1531 3346 1551 3368 ’¹‘
1578 3345 1717 3383 dicitur
1735 3355 1912 3393 expresse
1936 3343 2043 3392 quod
2067 3344 2218 3380 caelum
2241 3349 2297 3379 est
2320 3353 2466 3401 amma-

273 3407 382 3457 quod
402 3409 466 3444 vel
492 3414 698 3444 moveatur
717 3405 765 3442 ab
785 3402 975 3441 immobili
994 3409 1157 3447 motore‚
1177 3402 1240 3437 vel
1259 3412 1342 3437 mo·
1398 3408 1493 3446 tum,
1524 3407 1559 3436 et
1586 3406 1743 3449 propter
1770 3399 1846 3434 hoc
1874 3403 2024 3445 oportet
2051 3395 2091 3432 in
2120 3407 2167 3432 eo
2191 3406 2338 3445 ponere
2357 3395 2465 3432 d1ffe-

272 3468 361 3498 veat
380 3459 565 3510 seipsum.
582 3461 632 3497 Et
646 3460 694 3496 de
709 3458 769 3495 his
788 3457 944 3495 duobus
959 3454 1094 3504 accipit
1113 3453 1342 3500 secundum,
1399 3453 1539 3490 rentias
1553 3451 1753 3502 positionis
1772 3462 1852 3487 non
1873 3451 1998 3486 solum
2015 3449 2146 3508 quoad
2162 3460 2245 3494 nos,
2262 3447 2329 3484 sed
2348 3447 2465 3485 etiam

273 3513 414 3552 scilicet
433 3513 542 3563 quod
559 3512 735 3562 primum
754 3510 898 3549 mobile
917 3514 1074 3546 moveat
1088 3507 1276 3557 seipsum:
1298 3519 1344 3544 ea
1399 3506 1617 3543 secundum
1655 3517 1706 3541 se.
1741 3526 1766 3530 —
1799 3502 2044 3552 Inquiramus
2080 3509 2209 3550 lgltur‚
2247 3501 2465 3538 secundum

327 3635 339 3652 1
361 3626 403 3660 Et]
424 3627 476 3652 Sed
495 3626 525 3651 C.
615 3624 632 3650 6
651 3625 764 3650 formam
783 3625 826 3649 Ita
845 3623 963 3653 DYZPc3
982 3623 1066 3647 forma
1083 3621 1173 3648 ceteri.
1265 3627 1294 3645 ιι
1317 3625 1420 3645 motore
1438 3627 1481 3645 om
1500 3619 1646 3644 aDWXPc.

327 3662 343 3688 6
363 3667 389 3687 et
406 3663 455 3687 alia
473 3667 545 3687 mota
563 3669 606 3686 om
627 3660 748 3686 aWXPc.

415 3716 509 3741 ΒΜΔ
529 3715 639 3740 Coum
659 3714 792 3739 GENTILES
812 3714 843 3738 D.
858 3713 972 3737 'snorum
990 3711 1059 3736 Tou.
1073 3711 1092 3735 Ι.
2259 3721 2266 3727 .
2289 3703 2321 3736 57

1400 3187 1530 3225 Omne
1549 3195 1680 3224 autem
1695 3184 1921 3223 huiusmodi
1940 3192 1995 3222 est
2010 3183 2224 3221 animatum
2237 3182 2268 3219 ³¹⁸.
2290 3182 2467 3219 Primum
2495 3193 2503 3201 ·

2496 509 2504 518 ·
2519 508 2556 531 ef.
2570 508 2621 531 init.
2639 508 2708 531 Com-

2494 539 2565 558 ment.

2494 823 2502 832 ·
2519 821 2576 849 Cap.
2593 827 2641 849 seq.

2498 1225 2506 1232 ·
2522 1222 2557 1245 Cf.
2569 1226 2623 1246 text.
2632 1227 2654 1245 et
2662 1229 2708 1246 var.

2494 3349 2696 3378 *1bid.n.6;1.3.
