2768 4134
0 1482 229 1507 wesmannus

12 1515 92 1540 ,⁸¹²⁸ss-

0 3068 168 3114 ¹faeminam.
178 3096 231 3117 enp-

0 3124 4 3142 :
16 3122 79 3145 mx,
93 3123 145 3147 n.3.

769 290 958 328 SUMMA
987 291 1209 329 CONTRA
1238 290 1513 337 GENTILES,
1541 291 1636 328 LIB.
1656 292 1698 338 ΙΙ,
1729 291 1839 329 CAP.
1860 292 1942 329 LX.

253 367 372 398 ducere
387 377 446 408 per
460 368 598 399 modum
614 369 764 410 principii
780 370 884 400 activi.
901 370 1007 407 Unde,
1032 370 1235 401 considerato
1252 371 1327 401 sim-

251 411 379 452 pliciter
401 413 568 444 intellectu
592 413 756 444 denudato
780 415 820 444 ab
844 415 936 445 omni
959 415 1077 455 specie,
1101 416 1208 455 ipsum
1232 424 1328 455 posse

251 456 430 497 intelligere
455 462 502 488 est
525 458 634 498 ipsum
661 467 758 498 posse
781 459 848 499 pati
879 464 911 489 et
933 460 1092 500 recipere:
1125 458 1328 490 considerato

253 505 364 532 autem
385 502 459 542 ipso
478 507 515 532 ut
537 503 603 532 iam
626 503 735 543 specie
753 502 940 541 informato,
964 505 1073 544 ipsum
1097 513 1193 544 posse
1212 504 1329 534 intelli-

252 554 328 585 gere
350 555 420 576 non
443 552 492 577 est
513 547 623 587 ipsum
645 556 743 587 posse
765 548 842 587 pati,
867 547 924 578 sed
946 549 1054 589 ipsum
1077 558 1174 589 posse
1190 549 1327 588 operari,

253 589 345 630 quod
368 595 416 621 est
438 591 550 631 aliquo
573 590 676 622 modo
700 600 804 631 agere.

309 633 344 665 Si
366 640 476 665 autem
499 634 619 666 diceret
641 635 757 676 aliquis
781 636 872 676 quod
901 645 998 676 posse
1020 637 1209 677 intelligere,
1233 636 1330 666 etiam

253 678 457 709 considerato
480 679 647 711 intellectu
670 685 707 710 ut
730 681 839 721 specie
861 680 1047 718 informato,
1067 687 1115 712 est
1133 689 1230 721 posse
1252 681 1329 720 pati,

253 723 331 762 quia
352 723 531 764 intelligere
554 729 601 754 est
624 726 770 764 operatio
794 726 985 762 immanens,
1002 734 1086 766 quae
1105 725 1226 756 scilicet
1249 726 1329 755 reci—

252 767 342 807 pitur
359 767 394 797 in
417 773 583 808 operante,
601 774 633 799 et
647 770 693 799 sic
709 779 805 810 posse
818 770 998 810 intelligere
1013 775 1061 800 est
1075 778 1172 810 posse
1187 769 1330 808 recipere

252 811 523 843 intellectionem:
551 812 668 843 dicitur
691 813 792 854 quod,
816 814 891 845 licet
917 814 1095 844 intellectio
1118 814 1159 844 sit
1181 815 1329 854 operatio

254 864 339 896 quae
354 856 388 886 in
403 861 559 897 operante
574 858 738 898 recipitur,
754 867 822 889 non
838 864 947 889 tamen
966 859 1120 898 recipitur
1134 858 1168 888 in
1183 859 1330 898 potentia

253 900 351 930 simul
373 906 406 931 et
432 902 541 942 specie
563 902 766 943 intelligibili,
794 902 851 933 sed
873 908 999 933 tantum
1026 903 1061 933 in
1086 903 1156 942 ipsa
1182 904 1330 942 potentia

252 944 458 976 intellectiva.
475 945 571 977 Unde
592 956 662 978 non
677 948 824 987 sequitur
844 947 935 988 quod
957 946 1160 977 intellectum
1174 945 1330 977 informa-

253 994 325 1020 tum
348 991 466 1030 specie,
491 996 528 1021 ut
550 991 605 1028 sic,
628 1001 725 1032 posse
747 991 926 1032 intelligere
948 992 989 1021 sit
1011 1000 1109 1031 posse
1131 991 1274 1031 recipere
1298 997 1330 1022 et

252 1042 350 1074 posse
373 1035 450 1075 pati,
474 1034 531 1066 sed
553 1041 680 1067 tantum
703 1035 905 1067 intellectum
927 1035 1108 1066 secundum
1131 1044 1165 1065 se
1181 1035 1329 1066 conside-

254 1083 361 1109 ratum
385 1085 416 1110 et
439 1079 577 1110 nudum.

309 1132 341 1162 4.
359 1123 522 1154 Secundo.
547 1124 647 1155 Posse
670 1124 848 1164 intelligere
865 1124 1077 1164 consequitur
1100 1125 1244 1164 speciem
1267 1125 1329 1155 hu-

254 1176 400 1198 manam:
426 1178 502 1199 cum
525 1168 704 1209 intelligere
726 1169 768 1198 sit
797 1169 945 1208 operatio
968 1168 1111 1198 hominis
1133 1169 1329 1208 inquantum

254 1211 454 1243 huiusmodi.
471 1213 558 1253 Ergo
573 1222 644 1244 non
666 1218 774 1253 potest
789 1212 853 1243 dici
875 1222 958 1253 puer
978 1213 1125 1253 potentia
1146 1213 1329 1253 intelligens

254 1257 380 1288 ratione
403 1258 644 1298 phantasmatis.
668 1275 692 1280 —
714 1257 873 1287 Probatur
896 1258 1140 1297 consequentia.
1158 1257 1245 1295 Quia
1267 1267 1329 1298 po-

254 1302 356 1332 tentia
378 1311 584 1343 consequens
607 1302 751 1342 speciem
774 1311 844 1332 non
867 1302 1024 1342 competit
1047 1302 1077 1332 ei
1100 1301 1280 1332 secundum
1296 1302 1329 1333 id

255 1345 514 1387 quodspedem
536 1355 605 1377 non
628 1347 769 1386 largitur.
794 1346 1020 1376 phantasmata
1035 1351 1144 1376 autem
1167 1355 1235 1376 non
1252 1345 1330 1376 dant

255 1391 400 1431 speciem
422 1391 611 1428 humanam,
630 1391 687 1422 sed
709 1391 812 1431 magis
834 1391 977 1421 hominis
1001 1391 1225 1430 operationem
1250 1399 1329 1421 con-

255 1440 448 1475 sequuntur.

303 1479 334 1510 5.
359 1479 484 1510 Contra
506 1478 684 1510 secundam
707 1479 860 1520 partem*
884 1479 1002 1518 arguit:
1028 1483 1059 1508 et
1074 1479 1182 1518 primo
1198 1479 1255 1509 sic.
1271 1479 1328 1509 Di-

256 1523 340 1555 citur
362 1524 478 1564 aliquis
501 1532 599 1564 posse
615 1532 709 1564 agere
727 1529 784 1554 aut
805 1523 872 1563 pati
895 1531 954 1562 per
968 1523 1159 1562 potentiam,
1183 1523 1266 1553 sicut
1281 1522 1329 1553 di-

256 1567 340 1599 citur
361 1568 456 1598 albus
477 1577 536 1608 per
559 1567 748 1598 albedinem.
774 1567 838 1598 Sed
859 1576 929 1597 non
959 1566 1076 1597 dicitur
1099 1566 1215 1606 aliquis
1238 1567 1329 1598 albus

256 1617 433 1652 antequam
456 1611 573 1642 albedo
597 1613 638 1642 sit
660 1612 691 1642 ei
713 1612 900 1642 coniuncta.
927 1611 1015 1651 Ergo
1043 1620 1112 1641 non
1135 1616 1243 1651 potest
1266 1610 1329 1641 dici

255 1655 372 1696 aliquis
394 1665 494 1697 posse
517 1665 611 1696 agere
634 1656 686 1686 vel
712 1656 779 1696 pati
807 1660 982 1694 antequam
1012 1655 1158 1695 potentia
1181 1655 1210 1685 ei
1239 1655 1330 1687 adsit.

255 1700 351 1741 Ergo
367 1710 438 1731 non
453 1700 570 1731 dicitur
592 1709 675 1740 puer
696 1705 814 1740 potens
837 1699 1015 1739 intelligere
1039 1704 1214 1739 antequam
1237 1699 1331 1730 intel-

255 1745 360 1776 lectus
382 1746 423 1776 sit
445 1746 477 1776 ei
499 1745 719 1775 continuatus.

284 1811 286 1813 >
312 1789 477 1821 Secundo.
501 1789 586 1820 Puer
609 1794 659 1820 est
683 1790 718 1819 in
745 1789 892 1830 potentia
919 1788 1113 1828 intelligens,
1143 1797 1212 1818 non
1239 1789 1332 1828 quasi

255 1833 407 1866 nondum
436 1834 558 1865 habens
585 1839 734 1864 naturam
765 1832 975 1873 intelligendi,
1004 1832 1061 1863 sed
1089 1838 1246 1873 tanquam
1275 1833 1332 1863 ha—

256 1879 338 1910 bens
367 1878 643 1919 impedimentum
674 1883 712 1909 ut
738 1887 807 1909 non
835 1877 1010 1918 intelligat:
1038 1876 1215 1917 impeditur
1244 1877 1332 1907 enim

256 1929 392 1964 propter
417 1922 631 1954 multimodos
661 1928 772 1953 motus
802 1923 836 1952 in
862 1923 936 1962 ipso
967 1922 1148 1957 existentes,
1178 1926 1216 1951 ut
1245 1926 1333 1962 patet

256 1967 316 1999 Vss
330 1968 556 2009 Physicorum.
573 1967 660 2007 Ergo
683 1976 752 1998 non
777 1966 892 1997 dicitur
914 1971 1032 2006 potens
1055 1965 1232 2005 intelligere
1256 1966 1333 2006 quia

257 2012 441 2043 intellectus
463 2013 567 2052 possit
589 2012 649 2042 sibi
673 2011 873 2042 continuari:
897 2010 954 2041 sed
977 2011 1054 2050 quia
1079 2009 1262 2040 intellectus
1285 2015 1333 2040 est

259 2057 289 2088 ei
311 2057 424 2088 unitus
452 2062 484 2087 et
513 2055 689 2096 impeditur
711 2056 750 2086 ab
778 2056 907 2086 actione
935 2055 1076 2095 propria.
1099 2072 1123 2076 ——
1145 2053 1333 2086 Declaratur

259 2101 453 2132 antecedens
477 2110 516 2132 ex
534 2100 708 2141 multiplici
730 2099 832 2130 modo
849 2109 917 2140 quo
938 2099 1055 2130 dicitur
1077 2098 1194 2139 aliquis
1216 2104 1333 2139 potens

306 2155 397 2177 eran.

260 2154 400 2221 opVIII.
425 2190 525 2221 Sexto
544 2189 775 2230 principaliter
797 2188 941 2228 arguitur
964 2192 1077 2219 contra
1099 2187 1187 2218 aliud
1209 2187 1333 2218 dictum

174 2253 182 2260 ·
223 2249 233 2254 -
258 2234 294 2265 in
316 2236 422 2276 prima
443 2235 657 2275 responsione
672 2235 700 2270 ἢ
724 2231 960 2272 scilicetquod
983 2232 1182 2273 cogitativae
1204 2237 1252 2262 est
1273 2232 1334 2262 sibi

258 2278 388 2311 habitus
414 2279 625 2310 scientiarum
657 2278 836 2318 acquirere.
870 2276 1084 2307 Considerate
1112 2276 1333 2316 intelligendo,

259 2325 318 2367 qui
341 2330 390 2356 est
403 2330 495 2355 actus
510 2323 674 2359 scientiae,
690 2332 760 2353 non
778 2327 826 2352 est
840 2321 1023 2352 intellectus
1038 2321 1166 2361 passivi,
1185 2321 1243 2352 sed
1257 2330 1334 2361 pos-

259 2369 369 2401 sibilis.
386 2369 474 2409 Ergo
489 2368 618 2399 habitus
632 2367 785 2398 scientiae
800 2375 869 2396 non
889 2371 938 2396 est
951 2366 986 2396 in
1008 2365 1175 2396 intellectu
1193 2366 1332 2406 passivo,

258 2413 316 2445 sed
338 2413 496 2454 possibili.
520 2413 607 2452 Ergo
623 2411 807 2442 intellectus
829 2410 991 2451 possibilis
1016 2415 1063 2441 est
1086 2410 1120 2440 in
1135 2410 1241 2447 nobis,
1263 2406 1333 2441 non

258 2458 440 2490 secundum
464 2466 533 2488 esse
555 2461 730 2497 separatus.
747 2472 769 2478 -
787 2455 946 2486 Probatur
968 2454 1172 2485 antecedens.
1188 2454 1275 2492 Quia
1294 2454 1334 2486 ad

257 2503 323 2534 hoc
345 2508 382 2533 ut
405 2501 550 2542 potentia
565 2501 674 2542 aliqua
695 2499 861 2540 intelligat,
878 2504 1009 2540 oportet
1030 2504 1068 2530 ut
1089 2508 1158 2530 non
1181 2500 1222 2529 sit
1244 2504 1334 2530 actus

259 2547 405 2588 eorporis
432 2546 578 2577 alicuius.
606 2563 629 2568 -
655 2545 813 2575 Probatur
840 2544 937 2575 etiam
959 2545 1064 2584 prima
1089 2544 1333 2584 consequentia.

259 2591 346 2630 Quia
369 2590 516 2622 eiusdem
539 2595 588 2621 est
609 2590 738 2621 habitus
753 2594 786 2620 et
801 2589 948 2629 operatio
964 2587 1145 2620 secundum
1169 2588 1332 2619 habitum:

259 2645 336 2668 cum
353 2636 482 2667 habitus
497 2635 538 2665 sit
551 2644 616 2676 quo
632 2634 705 2675 quis
721 2638 878 2675 operatur
891 2643 964 2664 cum
980 2633 1130 2664 voluerit.
1142 2651 1166 2655 -
1176 2632 1335 2663 Probatur

259 2682 356 2712 etiam
378 2680 493 2711 ultima
516 2679 760 2719 consequentia.
777 2677 864 2716 Quia
882 2678 1016 2708 scientia
1035 2678 1131 2708 estin
1155 2678 1260 2713 nobis,
1285 2686 1334 2707 se-

259 2725 406 2757 cundum
429 2733 529 2765 quam
553 2723 692 2754 dicimur
713 2724 862 2754 scientes.

314 2769 466 2810 Septimo.
490 2769 552 2799 Rei
574 2769 684 2804 scitae,
706 2768 903 2807 inquantum
934 2772 982 2797 est
1004 2766 1092 2802 scita,
1116 2774 1185 2796 non
1208 2766 1332 2796 assimi-

258 2814 342 2845 latur
353 2814 458 2845 sciens
468 2813 532 2843 nisi
543 2811 725 2843 secundum
741 2812 864 2852 species
879 2810 1091 2841 universales:
1107 2819 1185 2840 cum
1200 2810 1334 2840 scientia

259 2859 300 2890 sit
322 2858 363 2889 de
386 2856 586 2894 huiusmodi,
609 2856 732 2887 scilicet
755 2855 796 2886 de
818 2855 1063 2886 universalibus.
1087 2854 1175 2894 Ergo
1198 2855 1333 2884 scientia

258 2913 327 2934 non
351 2908 399 2934 est
421 2903 454 2933 in
470 2902 638 2933 intellectu
652 2900 792 2941 passivo,
817 2899 874 2930 sed
895 2899 1003 2930 solum
1018 2900 1051 2929 in
1074 2898 1242 2929 intellectu
1255 2907 1333 2938 pos-

259 2947 353 2987 sibili.
377 2948 464 2987 Ergo
489 2952 550 2978 etc.
565 2964 589 2969 —-
602 2945 762 2976 Probatur
777 2945 1020 2984 consequentia.
1041 2943 1129 2981 Quia
1151 2942 1332 2973 intellectus

258 2993 404 3033 passivus
420 2997 468 3022 est
490 2991 638 3032 potentia
652 2994 747 3020 utens
764 2998 905 3029 organo:
929 2989 963 3019 in
978 2988 1034 3018 tali
1054 2992 1163 3018 autem
1185 2987 1332 3027 potentia

258 3046 328 3068 non
343 3042 482 3078 possunt
499 3045 568 3066 esse
591 3034 716 3075 species
738 3033 945 3076 universales.
961 3050 986 3055 -
1003 3031 1184 3070 Quomodo
1208 3032 1332 3071 species

257 3081 474 3122 intelligibiles
493 3081 556 3111 sint
578 3078 784 3114 universales,
801 3078 875 3108 satis
891 3077 1039 3117 superius
1051 3077 1068 3093 ⁸*
1089 3081 1137 3107 est
1153 3081 1330 3107 ostensum.

319 3126 454 3157 Octavo.
485 3124 670 3155 Intellectus
703 3123 737 3153 in
766 3122 878 3152 habitu
909 3127 956 3152 est
987 3120 1120 3151 effectus
1149 3120 1332 3151 intellectus

259 3172 392 3211 agentis,
416 3175 453 3201 ut
474 3170 545 3210 ipse
571 3169 730 3199 Averroes
759 3166 942 3196 confitetur.
972 3165 1058 3205 Ergo
1088 3165 1270 3195 intellectus
1297 3166 1332 3195 in

259 3215 381 3252 habitu,
406 3215 464 3255 qui
487 3219 535 3244 est
557 3213 686 3243 habitus
708 3211 871 3247 scientiae,
895 3215 943 3240 est
971 3210 1006 3240 in
1033 3209 1200 3240 intellectu
1227 3209 1332 3249 possi-

259 3260 326 3296 bili,
349 3269 419 3291 non
441 3260 476 3290 in
497 3257 664 3288 intellectu
691 3256 830 3296 passivo.
853 3273 876 3277 —-
898 3254 1057 3284 Probatur
1087 3254 1330 3293 consequentia.

259 3304 347 3342 Quia
370 3303 503 3335 effectus
518 3302 701 3333 intellectus
724 3300 846 3340 agentis
869 3304 945 3329 sunt
967 3298 1178 3338 intelligibilia
1196 3298 1231 3327 in
1247 3303 1331 3335 actu,

261 3358 404 3389 quorum
418 3348 620 3388 receptivum
637 3351 684 3376 est
707 3345 888 3375 inteUectus
911 3342 1082 3383 possibilis,
1100 3341 1140 3372 ad
1156 3351 1266 3382 quem,
1283 3351 1332 3372 se-

260 3393 407 3424 cundum
429 3391 648 3427 Aristotelem,
673 3390 714 3420 111
739 3389 779 3420 de
801 3389 929 3424 Anima,
953 3392 1029 3418 text.
1053 3394 1103 3426 17,
1127 3391 1333 3426 comparatur

261 3447 359 3478 agens
381 3437 466 3468 sicut
487 3446 544 3467 ars
567 3435 611 3466 ad
633 3434 814 3465 materiam.

316 3482 370 3512 IX.
395 3482 505 3512 Nono.
528 3480 689 3511 Perfectio
713 3478 896 3509 intellectus
918 3475 1080 3516 possibilis
1107 3474 1269 3515 dependet
1292 3475 1331 3505 ab

260 3527 404 3557 hominis
439 3526 646 3566 operatione:
679 3533 755 3555 curn
786 3521 966 3562 dependeat
996 3530 1013 3550 a
1043 3519 1331 3559 phantasmatibus,

261 3580 346 3611 quae
368 3575 503 3601 movent
516 3569 728 3600 intellectum.
752 3567 838 3607 Ergo
858 3575 927 3596 non
943 3570 990 3595 est
1008 3563 1183 3595 substantia
1198 3563 1332 3593 homine

261 3616 418 3656 superior.
435 3615 522 3654 Ergo
539 3619 586 3644 est
601 3612 723 3653 aliquid
737 3611 879 3642 hominis
894 3615 931 3640 ut
947 3614 1035 3640 actus
1052 3613 1083 3639 et
1098 3607 1203 3638 forma
1219 3607 1297 3638 eius.
1309 3625 1333 3629 —

260 3659 419 3690 Probatur
441 3659 545 3699 prima
569 3657 812 3697 consequentia.
840 3655 927 3693 Quia
949 3652 1148 3694 impossibile
1172 3656 1220 3682 est
1243 3651 1334 3691 quod

406 3721 500 3745 Surum
519 3719 629 3744 Coum
649 3718 782 3743 Gnnmns
801 3717 832 3742 D.
852 3716 967 3740 Tnomn
986 3714 1055 3739 Tou.
1074 3713 1091 3738 1.

2373 297 2448 342 425

1381 369 1538 409 perfectio
1565 370 1739 410 superioris
1766 371 1960 401 substantiae
1984 370 2165 412 dependeat
2192 372 2230 402 ab
2253 373 2406 405 inferiori.
2429 392 2453 397 —

1382 414 1444 444 Pro
1469 414 1611 444 secunda
1634 415 1876 455 consequentia,
1901 415 2029 446 adverte
2049 416 2139 456 quod
2161 422 2250 447 tenet
2272 418 2452 449 secundum

1381 458 1581 498 positionem
1600 459 1761 496 Averrois‚
1778 460 1835 499 qui
1853 461 1947 500 ponit
1970 459 2044 490 ideo
2068 461 2269 492 intellectum
2291 472 2358 493 non
2384 473 2452 494 esse

1382 502 1525 532 hominis
1547 501 1696 539 formam,
1721 504 1798 543 quia
1821 509 1869 534 est
1891 505 2067 535 substantia
2094 505 2227 536 homine
2250 508 2406 547 superior.

1441 556 1470 576 2.
1502 546 1566 577 Sed
1594 546 1634 577 ad
1661 547 1744 577 hanc
1775 548 1935 578 rationem
1964 554 2075 589 posset
2105 550 2303 590 responderi,
2333 553 2451 592 primo,

1384 590 1474 630 quod
1489 589 1738 621 fundamentum
1754 592 1823 622 eius
1838 597 1885 622 est
1901 591 2026 623 falsum.
2044 593 2156 624 Homo
2181 595 2277 631 enim,
2303 601 2334 626 et
2350 606 2452 636 quan-

1383 640 1454 665 tum
1478 634 1518 665 ad
1541 644 1672 665 sensum
1703 640 1734 665 et
1758 641 1916 675 quantum
1945 637 1984 666 ad
2014 638 2223 675 intellectum,
2247 639 2411 679 perficitur
2434 651 2452 671 a

1383 679 1479 709 rebus
1502 679 1694 715 inanimatis,
1719 689 1738 709 a
1761 680 1879 719 quibus
1907 681 2031 720 species
2059 683 2294 722 cognoscibiles
2325 685 2451 725 accipit.

1384 723 1426 753 Et
1447 729 1557 753 tamen
1572 724 1748 754 inanimata
1763 729 1837 754 sunt
1852 724 2003 754 inferiora
2025 726 2159 757 homine
2182 728 2362 759 secundum
2377 730 2452 759 sub-

1384 768 1543 798 stantiam.
1567 768 1609 798 Et
1631 768 1676 798 sic
1702 777 1771 798 non
1798 774 1845 798 est
1872 769 2072 808 impossibile
2099 770 2333 810 perfectionem
2355 783 2450 814 supe-

1383 812 1475 842 rioris
1498 812 1694 843 substantiae
1717 813 1757 843 ab
1780 812 1925 843 inferiori
1948 813 2140 853 dependere.

1441 856 1604 887 Secundo.
1627 856 1780 887 Admisso
1803 857 1859 887 illo
1883 856 2107 894 fundamento,
2132 858 2194 888 dici
2224 866 2334 899 posset
2363 863 2452 902 quod

1383 901 1480 931 habet
1501 901 1668 931 veritatem
1692 901 1732 932 de
1756 901 1972 941 dependentia
1995 902 2190 933 substantiae
2218 905 2390 944 superioris
2412 907 2451 936 ab

1383 944 1527 975 inferiori
1549 950 1704 985 tanquam
1724 955 1742 975 a
1764 946 1934 986 principali
1949 952 2073 986 agente,
2090 956 2157 977 non
2174 953 2283 978 autem
2298 954 2452 989 tanquam

1384 990 1423 1019 ab
1446 990 1672 1020 instrumento.
1700 989 1777 1020 Non
1801 991 1887 1020 enim
1910 991 2099 1021 inconvenit
2125 991 2334 1023 substantiam
2357 1003 2452 1034 supe-

1383 1034 1502 1064 riorem
1525 1035 1564 1064 ab
1587 1033 1731 1064 inferiori
1753 1034 2036 1065 instrumentaliter
2058 1035 2180 1075 perfici.

1441 1078 1471 1109 3.
1494 1078 1546 1109 Ad
1569 1079 1707 1119 primam
1737 1079 1852 1109 harum
1876 1078 1991 1109 dicitur
2014 1079 2104 1120 quod
2127 1079 2375 1111 fundamentum
2404 1091 2452 1112 ra-

1382 1123 1480 1153 tionis
1504 1128 1551 1153 est
1566 1132 1690 1159 verum,
1707 1123 1733 1153 si
1749 1132 1824 1153 sane
1841 1124 2044 1163 intelligatur.
2065 1124 2126 1154 Per
2141 1125 2350 1155 substantiam
2365 1126 2452 1157 enim

1383 1167 1584 1207 superiorem
1595 1177 1664 1198 non
1676 1167 1823 1207 intelligit
1839 1167 1974 1198 Sanctus
1990 1168 2135 1198 Thomas
2147 1169 2356 1200 substantiam
2369 1179 2453 1210 quo-

1383 1211 1630 1252 modocumque
1645 1212 1856 1251 superiorem,
1873 1212 1929 1242 sed
1952 1222 2035 1253 quae
2050 1218 2097 1243 est
2114 1213 2293 1253 superioris
2317 1214 2451 1245 ordinis.

1383 1255 1560 1296 Nunquam
1585 1256 1671 1286 enim
1694 1257 1870 1286 substantia
1896 1257 2070 1296 superioris
2093 1257 2214 1287 ordinis
2238 1267 2256 1287 a
2278 1259 2453 1289 substantia

1382 1299 1542 1330 inferioris
1565 1299 1687 1330 ordinis
1709 1300 1883 1340 perficitur.
1901 1301 2040 1341 Oportet
2055 1301 2142 1331 enim
2162 1310 2259 1341 agens
2274 1307 2306 1333 et
2328 1303 2452 1343 patiens

1383 1345 1417 1374 in
1441 1343 1582 1375 eundem
1606 1344 1752 1375 ordinem
1778 1346 1961 1381 convenire,
1983 1351 2038 1375 aut
2061 1345 2151 1385 quod
2175 1355 2272 1386 agens
2295 1347 2334 1376 sit
2357 1357 2452 1387 supe-

1382 1389 1474 1419 rioris
1504 1388 1635 1419 ordinis.
1665 1389 1822 1419 Videmus
1851 1390 1938 1419 enim
1961 1389 2052 1429 quod
2075 1399 2211 1430 corpora
2234 1392 2453 1431 corruptibilia

1382 1441 1451 1463 non
1466 1438 1604 1473 possunt
1619 1442 1712 1473 agere
1727 1434 1761 1463 in
1777 1443 1914 1473 corpora
1928 1434 2183 1474 incorruptibilia
2196 1444 2232 1464 ea
2244 1434 2452 1474 perficiendo,

1382 1486 1490 1517 neque
1514 1478 1708 1508 substantiae
1730 1478 1909 1508 materiales
1931 1478 1966 1508 in
1988 1478 2223 1515 immateriales,
2250 1478 2306 1509 sed
2328 1479 2412 1510 bene
2435 1489 2453 1510 e

1384 1530 1553 1553 converso,
1578 1521 1672 1552 Unde
1701 1522 1851 1552 instantia
1878 1531 1947 1552 non
1978 1528 2025 1552 est
2048 1522 2088 1552 ad
2117 1523 2333 1562 propositum.
2361 1524 2454 1554 Licet

1384 1566 1472 1595 enim
1487 1566 1662 1596 inanimata
1673 1566 1737 1596 sint
1751 1565 1990 1606 imperfectiora
2002 1567 2158 1603 animatis,
2171 1567 2333 1606 pertinent
2345 1573 2453 1598 tamen

1384 1609 1425 1640 ad
1447 1609 1589 1640 eundem
1612 1609 1761 1640 ordinem
1783 1619 1860 1640 cum
1882 1611 2032 1640 homine:
2059 1616 2126 1641 tam
2151 1611 2237 1641 enim
2260 1611 2372 1648 homo,
2397 1613 2454 1652 qui

1385 1663 1404 1684 a
1426 1654 1522 1684 rebus
1547 1654 1730 1684 inanimatis
1754 1653 1928 1694 perficitur,
1952 1663 2052 1694 quam
2078 1663 2128 1684 res
2156 1655 2358 1692 inanimatae,
2382 1665 2454 1696 per—

1384 1698 1490 1728 tinent
1512 1697 1553 1728 ad
1575 1698 1724 1728 ordinem
1747 1707 1855 1728 rerum
1884 1698 2108 1734 materialium,
2138 1699 2220 1729 inter
2247 1708 2330 1739 quae
2352 1700 2454 1730 homo

1385 1751 1576 1782 supremum
1598 1742 1710 1773 locum
1733 1747 1830 1773 tenet.
1863 1742 1911 1772 Ex
1935 1751 2003 1782 quo
2026 1743 2161 1773 habetur
2188 1743 2289 1783 quod,
2314 1744 2340 1773 si
2362 1744 2455 1774 intel-

1384 1786 1507 1817 lectum
1530 1792 1632 1827 ponat
1654 1787 1814 1817 Averroes
1841 1786 1880 1816 ab
1911 1787 2046 1817 homine
2077 1787 2270 1817 abstractum
2300 1793 2456 1828 tanquam

1386 1831 1596 1862 substantiam
1619 1832 1796 1872 superioris
1819 1830 1950 1867 ordinis,
1973 1840 2042 1861 non
2065 1832 2184 1871 poterit
2206 1831 2318 1872 perfici
2334 1833 2373 1862 ab
2396 1833 2456 1862 ho-

1386 1876 1484 1912 mine,
1509 1876 1566 1916 qui
1589 1881 1637 1906 est
1659 1875 1819 1906 inferioris
1843 1874 1964 1906 ordinis
1991 1875 2171 1906 secundum
2197 1876 2316 1916 ipsum,
2340 1882 2455 1917 utpote

1385 1929 1444 1960 per
1455 1920 1672 1960 cogitativam,
1686 1929 1770 1960 quae
1786 1925 1834 1950 est
1848 1920 1948 1950 virtus
1963 1920 2144 1956 materialis,
2157 1921 2190 1950 in
2202 1921 2333 1961 propria
2348 1922 2455 1961 specie

1387 1965 1592 2008 constitutus.

1439 2008 1492 2038 Ad
1515 2007 1692 2039 secundam
1716 2007 1831 2038 dicitur
1855 2007 1946 2048 quod
1968 2017 2029 2038 nec
2053 2009 2149 2038 etiam
2172 2008 2455 2039 instrumentaliter

1385 2057 1493 2092 potest
1516 2053 1693 2083 substantia
1708 2053 1883 2093 superioris
1899 2051 2020 2082 ordinis
2036 2052 2075 2082 ab
2098 2051 2243 2082 inferiori
2265 2052 2387 2093 perfici.
2411 2053 2456 2084 Ut

1386 2098 1474 2127 enim
1496 2098 1530 2128 in
1554 2097 1666 2128 Tertio
1689 2097 1815 2127 huius*
1838 2097 1944 2136 inquit
1959 2096 2095 2127 Sanctus
2111 2096 2266 2133 Thomas,
2291 2097 2373 2128 illud
2388 2107 2453 2128 non

1380 2146 1490 2182 potest
1501 2142 1584 2182 fieri
1594 2151 1659 2182 per
1673 2141 1807 2182 aliquod
1823 2141 2079 2176 instrumentum,
2098 2140 2141 2171 ad
2155 2141 2243 2181 quod
2265 2142 2350 2172 actio
2367 2142 2455 2172 illius

1387 2186 1592 2216 instrumenti
1613 2195 1648 2216 se
1671 2185 1844 2216 extendere
1868 2195 1933 2215 non
1951 2190 2078 2225 potest:
2097 2185 2242 2225 alioquin
2265 2194 2334 2216 non
2357 2195 2455 2226 opor-

1387 2236 1467 2261 teret
1490 2230 1778 2261 determinatorum
1801 2229 1976 2260 effectuum
2006 2239 2075 2260 esse
2103 2229 2311 2260 determinata
2338 2230 2455 2260 instru-

1387 2281 1506 2305 menta.
1530 2275 1593 2305 Res
1609 2280 1718 2305 autem
1733 2274 1892 2305 inferioris
1908 2274 2028 2304 ordinis
2043 2283 2111 2304 non
2134 2279 2242 2314 potest
2257 2283 2315 2304 sua
2329 2275 2456 2305 actione

1387 2320 1542 2360 attingere
1564 2329 1614 2349 res
1637 2319 1812 2359 superioris
1832 2318 1963 2349 ordinis.
1987 2318 2074 2358 Ergo
2091 2323 2151 2348 etc.
2168 2317 2263 2349 Unde
2287 2323 2318 2348 et
2340 2319 2456 2349 intelli-

1386 2365 1495 2404 gentia
1516 2373 1586 2395 non
1613 2364 1712 2394 utitur
1736 2363 1927 2403 corporibus
1951 2362 2213 2403 corruptibilibus
2236 2362 2277 2392 ad
2306 2363 2456 2393 immuta-

1387 2410 1512 2439 tionem
1535 2417 1712 2448 corporum
1734 2407 2043 2447 incorruptibilium;
2067 2416 2176 2447 neque
2203 2407 2393 2446 corporibus
2417 2407 2456 2438 ad

1387 2452 1628 2484 immutandum
1652 2457 1684 2483 et
1706 2451 1941 2492 perficiendum
1965 2452 2060 2482 aliam
2083 2451 2337 2491 intelligentiam.

1443 2498 1483 2528 X.
1507 2497 1654 2528 Decimo.
1679 2496 1835 2537 Operatio
1854 2496 2035 2526 intellectus
2058 2495 2219 2536 possibilis
2241 2495 2363 2535 indiget
2386 2504 2456 2526 cor-

1387 2551 1485 2582 pore:
1511 2542 1596 2582 quia,
1624 2547 1660 2572 ut
1690 2541 1806 2572 dicitur
1827 2541 1862 2571 in
1885 2540 1927 2570 111
1950 2540 1991 2570 de
2012 2540 2140 2574 Anima,
2165 2545 2244 2570 tunc
2273 2539 2455 2570 intellectus

1386 2586 1563 2626 intelligere
1585 2591 1704 2626 potest,
1729 2584 1861 2625 quando
1884 2590 1932 2614 est
1954 2583 2057 2614 factus
2079 2584 2114 2614 in
2137 2588 2210 2614 actu
2234 2593 2292 2623 per
2313 2584 2455 2623 speciem

1388 2641 1406 2660 a
1429 2630 1705 2670 phantasmatibus
1727 2630 1928 2665 abstractam,
1946 2637 2030 2668 quae
2045 2637 2114 2658 non
2129 2632 2204 2658 sunt
2219 2628 2287 2658 sine
2307 2636 2454 2667 corpore.

1388 2675 1474 2715 Ergo
1499 2684 1568 2704 non
1598 2679 1645 2704 est
1675 2674 1812 2704 omnino
1839 2683 1859 2703 a
1888 2681 2025 2713 corpore
2053 2677 2228 2712 separatus.
2251 2689 2275 2694 —
2297 2671 2455 2702 Probatur

1387 2719 1630 2759 consequentia.
1655 2717 1742 2756 Quia
1765 2726 1993 2758 quaecumque
2016 2722 2091 2747 sunt
2109 2721 2253 2756 separata
2275 2715 2455 2746 secundum

1388 2773 1467 2800 esse,
1490 2763 1611 2793 habent
1633 2767 1791 2802 separatas
1816 2762 2030 2802 operationes.
2047 2760 2148 2798 Quod
2163 2765 2260 2800 patet,
2284 2765 2355 2790 tum
2378 2760 2454 2800 quia

1386 2817 1436 2838 res
1459 2812 1535 2838 sunt
1556 2812 1690 2847 propter
1707 2816 1780 2837 suas
1795 2806 2001 2846 operationes
2016 2805 2098 2835 sicut
2121 2810 2210 2835 actus
2232 2805 2355 2844 primus
2378 2813 2454 2844 pro-

1386 2857 1458 2893 pter
1475 2851 1667 2883 secundum.
1684 2851 1773 2881 Tum
1789 2850 2001 2881 conditionali
2015 2849 2120 2889 posita
2137 2859 2155 2879 a
2170 2849 2370 2888 Philosopho
2386 2848 2399 2878 1
2415 2848 2455 2878 de

1386 2897 1527 2927 Anima:
1550 2896 1672 2926 scilicet
1695 2895 1795 2935 quod,
1819 2895 1844 2925 si
1868 2895 1975 2935 aliqua
1999 2893 2227 2934 operationum
2257 2893 2383 2923 animae
2407 2898 2455 2923 est

1386 2942 1455 2972 sine
1479 2949 1626 2980 corpore,
1644 2940 1800 2980 possibile
1823 2944 1871 2970 est
1893 2948 1964 2969 eam
1985 2938 2145 2978 separari.

1443 2995 1473 3015 2.
1497 2984 1550 3016 Ad
1571 2985 1655 3015 hanc
1671 2985 1831 3015 rationem
1846 2984 1956 3014 instari
1978 2987 2097 3023 posset,
2115 2982 2191 3022 quia
2213 2990 2350 3021 corpora
2372 2979 2453 3010 infe-

1386 3030 1470 3060 riora
1488 3039 1556 3060 non
1579 3033 1718 3069 possunt
1739 3029 1774 3058 in
1798 3037 1870 3058 suas
1893 3027 2037 3058 actiones
2058 3027 2127 3056 sine
2143 3025 2332 3065 corporibus
2352 3025 2453 3055 caele-

1386 3075 1501 3105 stibus:
1526 3078 1669 3104 cessante
1685 3073 1773 3103 enim
1795 3078 1890 3102 motu
1913 3071 2003 3107 caeli,
2027 3071 2197 3101 cessabunt
2220 3074 2251 3100 et
2273 3074 2383 3099 motus
2397 3078 2454 3099 na-

1385 3119 1503 3149 turales
1533 3118 1671 3148 aliorum
1702 3126 1888 3157 corporum,
1919 3121 1956 3146 ut
1984 3120 2072 3146 tenet
2104 3114 2238 3145 Sanctus
2261 3113 2406 3143 Thomas
2425 3114 2452 3143 *.

1386 3162 1539 3194 Similiter
1561 3162 1680 3193 animal
1702 3171 1771 3192 non
1794 3166 1901 3201 potest
1928 3160 2045 3190 sentire
2068 3160 2188 3199 absque
2212 3157 2412 3197 corporibus,
2436 3167 2454 3187 a

1386 3208 1505 3247 quibus
1527 3207 1652 3247 species
1676 3202 1842 3237 sensibiles
1866 3205 1992 3244 accipit.
2017 3204 2058 3234 Et
2080 3209 2190 3233 tamen
2213 3207 2288 3232 sunt
2310 3206 2453 3241 separata

1386 3251 1567 3282 secundum
1591 3260 1671 3281 esse.
1695 3251 1781 3290 Ergo
1805 3259 1874 3280 non
1898 3254 1946 3279 est
1973 3247 2194 3279 universaliter
2223 3255 2336 3276 verum
2363 3245 2454 3285 quod

1386 3301 1531 3336 separata
1553 3295 1734 3326 secundum
1758 3303 1826 3324 esse
1842 3294 1980 3324 habeant
2003 3297 2162 3332 separatas
2182 3290 2395 3330 operationes,
2410 3290 2454 3320 ita

1387 3340 1478 3381 quod
1500 3349 1604 3371 unum
1627 3340 1666 3370 ab
1690 3339 1790 3369 altero
1813 3339 1847 3368 in
1872 3347 1930 3368 sua
1953 3336 2142 3376 operatione
2165 3343 2234 3365 non
2263 3333 2452 3374 dependeat.

1442 3384 1670 3425 Respondetur
1693 3383 1784 3423 quod
1812 3391 1881 3412 non
1914 3387 1961 3412 est
1989 3389 2081 3410 mens
2108 3379 2215 3410 Sancti
2241 3378 2390 3408 Thomae
2416 3387 2454 3408 ea

1386 3438 1470 3469 quae
1494 3434 1568 3460 sunt
1591 3433 1734 3468 separata
1764 3425 1944 3457 secundum
1972 3434 2049 3460 esse,
2078 3425 2122 3454 ita
2150 3423 2268 3453 habere
2295 3427 2454 3462 separatas

1386 3474 1592 3514 operationes
1615 3471 1705 3512 quod
1727 3480 1831 3502 unum
1860 3470 1952 3500 nullo
1982 3468 2084 3499 modo
2113 3467 2154 3498 ad
2185 3467 2313 3497 alterius
2340 3476 2454 3507 opera-

1385 3519 1510 3548 n'onem
1534 3525 1726 3548 concurrere
1748 3515 1859 3555 possit,
1883 3519 1920 3544 ut
1942 3513 2082 3544 obiectio
2106 3510 2268 3552 procedit:
2293 3510 2349 3541 sed
2365 3510 2454 3551 quod

1385 3563 1506 3593 habent
1529 3561 1734 3602 operationes
1763 3559 1908 3599 proprias
1932 3557 2105 3593 distinctas,
2128 3557 2171 3586 ita
2195 3554 2286 3595 quod
2308 3555 2454 3596 operatio

1385 3607 1484 3637 unius
1506 3615 1575 3636 non
1599 3610 1646 3635 est
1670 3604 1798 3635 alterius
1827 3608 1982 3642 tanquam
2010 3601 2156 3641 proxime
2186 3600 2308 3640 agentis
2336 3599 2454 3630 dictam

1387 3651 1551 3681 actionem
1575 3649 1739 3680 elicientis.
1769 3647 1859 3678 Sicut
1883 3646 1970 3677 enim
1998 3655 2066 3676 esse
2096 3645 2193 3675 unius
2222 3653 2292 3675 non
2315 3649 2362 3675 est
2385 3653 2454 3675 esse

2280 3704 2314 3736 54

2482 2104 2491 2112 ·
2507 2102 2563 2129 Cap.
2576 2108 2677 2124 Lxxxvn.

2481 3111 2490 3121 “
2499 3109 2534 3132 Cf.
2543 3109 2582 3131 lib.
2592 3109 2632 3136 IV,
2641 3115 2691 3137 cap.

2480 3137 2521 3158 ult.
