<?xml version="1.0" encoding="UTF-8"?>
<!DOCTYPE html PUBLIC "-//W3C//DTD XHTML 1.0 Transitional//EN"
    "http://www.w3.org/TR/xhtml1/DTD/xhtml1-transitional.dtd">
<html xmlns="http://www.w3.org/1999/xhtml" xml:lang="en" lang="en">
 <head>
  <title>
</title>
<meta http-equiv="Content-Type" content="text/html;charset=utf-8" />
  <meta name='ocr-system' content='tesseract 3.04.00' />
  <meta name='ocr-capabilities' content='ocr_page ocr_carea ocr_par ocr_line ocrx_word'/>
</head>
<body>
  <div class='ocr_page' id='page_1' title='image "./operaomniaiussui13thom_0388.png"; bbox 0 0 2768 4134; ppageno 0'>
   <div class='ocr_carea' id='block_1_1' title="bbox 38 637 248 691">
    <p class='ocr_par' dir='ltr' id='par_1_1' title="bbox 38 637 248 691">
     <span class='ocr_line' id='line_1_1' title="bbox 38 637 248 664; baseline 0 -6"><span class='ocrx_word' id='word_1_1' title='bbox 38 639 47 647; x_wconf 90' lang='grc'>·</span> <span class='ocrx_word' id='word_1_2' title='bbox 56 637 106 659; x_wconf 91' lang='lat' dir='ltr'>Lib.</span> <span class='ocrx_word' id='word_1_3' title='bbox 114 638 130 659; x_wconf 85' lang='lat'>1.</span> <span class='ocrx_word' id='word_1_4' title='bbox 139 643 248 664; x_wconf 73' lang='lat' dir='ltr'>cap.x1.1x</span> 
     </span>
     <span class='ocr_line' id='line_1_2' title="bbox 38 670 89 691; baseline 0.02 -7"><span class='ocrx_word' id='word_1_5' title='bbox 38 670 89 691; x_wconf 83' lang='lat' dir='ltr'>sqq.</span> 
     </span>
    </p>
   </div>
   <div class='ocr_carea' id='block_1_2' title="bbox 31 1278 241 1331">
    <p class='ocr_par' dir='ltr' id='par_1_2' title="bbox 31 1278 241 1331">
     <span class='ocr_line' id='line_1_3' title="bbox 31 1278 241 1331; baseline 0.01 -5"><span class='ocrx_word' id='word_1_6' title='bbox 31 1280 50 1326; x_wconf 68' lang='grc' dir='ltr'>ἑ.</span> <span class='ocrx_word' id='word_1_7' title='bbox 57 1278 114 1326; x_wconf 66' lang='grc' dir='ltr'>ετῖξῗ·</span> <span class='ocrx_word' id='word_1_8' title='bbox 122 1285 179 1331; x_wconf 65' lang='grc' dir='ltr'>ιῨἸὲ.</span> <span class='ocrx_word' id='word_1_9' title='bbox 186 1285 206 1306; x_wconf 81' lang='lat'>⁵⁷</span> <span class='ocrx_word' id='word_1_10' title='bbox 217 1283 241 1304; x_wconf 67' lang='lat'>⁰³</span> 
     </span>
    </p>
   </div>
   <div class='ocr_carea' id='block_1_3' title="bbox 26 1850 239 1905">
    <p class='ocr_par' dir='ltr' id='par_1_3' title="bbox 26 1850 239 1905">
     <span class='ocr_line' id='line_1_4' title="bbox 27 1850 237 1882; baseline 0.01 -11"><span class='ocrx_word' id='word_1_11' title='bbox 27 1852 35 1859; x_wconf 94' lang='grc'>·</span> <span class='ocrx_word' id='word_1_12' title='bbox 51 1850 87 1872; x_wconf 80' lang='lat' dir='ltr'>Cf.</span> <span class='ocrx_word' id='word_1_13' title='bbox 106 1851 237 1882; x_wconf 66' lang='lat' dir='ltr'>Commeat.</span> 
     </span>
     <span class='ocr_line' id='line_1_5' title="bbox 26 1881 239 1905; baseline 0.005 -7"><span class='ocrx_word' id='word_1_14' title='bbox 26 1883 77 1904; x_wconf 84' lang='lat' dir='ltr'>cap.</span> <span class='ocrx_word' id='word_1_15' title='bbox 89 1883 172 1905; x_wconf 61' lang='lat' dir='ltr'>praec„</span> <span class='ocrx_word' id='word_1_16' title='bbox 188 1881 239 1900; x_wconf 81' lang='lat' dir='ltr'>init.</span> 
     </span>
    </p>
   </div>
   <div class='ocr_carea' id='block_1_4' title="bbox 28 2828 199 2856">
    <p class='ocr_par' dir='ltr' id='par_1_4' title="bbox 28 2828 199 2856">
     <span class='ocr_line' id='line_1_6' title="bbox 28 2828 199 2856; baseline 0 -7"><span class='ocrx_word' id='word_1_17' title='bbox 28 2828 37 2839; x_wconf 81' lang='grc'><em>·</em></span> <span class='ocrx_word' id='word_1_18' title='bbox 51 2828 108 2856; x_wconf 80' lang='lat' dir='ltr'>Cap.</span> <span class='ocrx_word' id='word_1_19' title='bbox 124 2834 199 2855; x_wconf 80' lang='lat' dir='ltr'>praec.</span> 
     </span>
    </p>
   </div>
   <div class='ocr_carea' id='block_1_5' title="bbox 781 293 1975 339">
    <p class='ocr_par' dir='ltr' id='par_1_5' title="bbox 781 293 1975 339">
     <span class='ocr_line' id='line_1_7' title="bbox 781 293 1975 339; baseline 0.002 -8"><span class='ocrx_word' id='word_1_20' title='bbox 781 294 969 331; x_wconf 90' lang='lat' dir='ltr'>SUMMA</span> <span class='ocrx_word' id='word_1_21' title='bbox 999 293 1221 330; x_wconf 90' lang='lat' dir='ltr'>CONTRA</span> <span class='ocrx_word' id='word_1_22' title='bbox 1250 293 1525 339; x_wconf 88' lang='lat' dir='ltr'>GENTILES,</span> <span class='ocrx_word' id='word_1_23' title='bbox 1555 294 1712 339; x_wconf 83' lang='lat' dir='ltr'>L113.11‚</span> <span class='ocrx_word' id='word_1_24' title='bbox 1743 294 1854 332; x_wconf 87' lang='lat' dir='ltr'>CAP.</span> <span class='ocrx_word' id='word_1_25' title='bbox 1876 296 1975 333; x_wconf 90' lang='lat' dir='ltr'><strong>XXI.</strong></span> 
     </span>
    </p>
   </div>
   <div class='ocr_carea' id='block_1_6' title="bbox 275 370 2476 904">
    <p class='ocr_par' dir='ltr' id='par_1_6' title="bbox 275 370 2476 904">
     <span class='ocr_line' id='line_1_8' title="bbox 282 370 2476 425; baseline 0.002 -13"><span class='ocrx_word' id='word_1_26' title='bbox 282 376 388 425; x_wconf 93' lang='lat' dir='ltr'>quod</span> <span class='ocrx_word' id='word_1_27' title='bbox 427 373 594 411; x_wconf 88' lang='lat' dir='ltr'><strong>subsistit</strong></span> <span class='ocrx_word' id='word_1_28' title='bbox 622 373 670 410; x_wconf 92' lang='lat' dir='ltr'>ab</span> <span class='ocrx_word' id='word_1_29' title='bbox 698 372 780 409; x_wconf 90' lang='lat' dir='ltr'>aliis</span> <span class='ocrx_word' id='word_1_30' title='bbox 813 371 1046 408; x_wconf 90' lang='lat' dir='ltr'>distinctum.</span> <span class='ocrx_word' id='word_1_31' title='bbox 1079 372 1209 409; x_wconf 88' lang='lat' dir='ltr'>Omne</span> <span class='ocrx_word' id='word_1_32' title='bbox 1238 370 1351 419; x_wconf 85' lang='lat' dir='ltr'>igitur</span> <span class='ocrx_word' id='word_1_33' title='bbox 1406 372 1573 409; x_wconf 91' lang='lat' dir='ltr'>essendi:</span> <span class='ocrx_word' id='word_1_34' title='bbox 1604 384 1698 410; x_wconf 90' lang='lat' dir='ltr'>narn</span> <span class='ocrx_word' id='word_1_35' title='bbox 1726 373 1886 410; x_wconf 83' lang='lat' dir='ltr'>effectus</span> <span class='ocrx_word' id='word_1_36' title='bbox 1918 375 2257 424; x_wconf 82' lang='lat' dir='ltr'>proportionaliter</span> <span class='ocrx_word' id='word_1_37' title='bbox 2284 378 2476 416; x_wconf 91' lang='lat' dir='ltr'>reducun-</span> 
     </span>
     <span class='ocr_line' id='line_1_9' title="bbox 281 424 2474 479; baseline 0.002 -15"><span class='ocrx_word' id='word_1_38' title='bbox 281 440 395 476; x_wconf 88' lang='lat' dir='ltr'>agens</span> <span class='ocrx_word' id='word_1_39' title='bbox 427 427 581 463; x_wconf 91' lang='lat' dir='ltr'>finitum</span> <span class='ocrx_word' id='word_1_40' title='bbox 616 425 895 475; x_wconf 83' lang='lat' dir='ltr'>praesupponit</span> <span class='ocrx_word' id='word_1_41' title='bbox 928 425 977 462; x_wconf 93' lang='lat' dir='ltr'>ad</span> <span class='ocrx_word' id='word_1_42' title='bbox 1010 437 1122 462; x_wconf 88' lang='lat' dir='ltr'>suam</span> <span class='ocrx_word' id='word_1_43' title='bbox 1156 424 1348 462; x_wconf 84' lang='lat' dir='ltr'>actionem</span> <span class='ocrx_word' id='word_1_44' title='bbox 1404 433 1467 462; x_wconf 92' lang='lat' dir='ltr'>tur</span> <span class='ocrx_word' id='word_1_45' title='bbox 1490 425 1529 462; x_wconf 91' lang='lat' dir='ltr'>in</span> <span class='ocrx_word' id='word_1_46' title='bbox 1554 437 1701 462; x_wconf 76' lang='lat' dir='ltr'>causas,</span> <span class='ocrx_word' id='word_1_47' title='bbox 1723 426 1811 463; x_wconf 90' lang='lat' dir='ltr'>Hoc</span> <span class='ocrx_word' id='word_1_48' title='bbox 1830 434 1961 464; x_wconf 87' lang='lat' dir='ltr'>autem</span> <span class='ocrx_word' id='word_1_49' title='bbox 1981 435 2037 464; x_wconf 88' lang='lat' dir='ltr'>est</span> <span class='ocrx_word' id='word_1_50' title='bbox 2055 428 2228 478; x_wconf 89' lang='lat' dir='ltr'>primum</span> <span class='ocrx_word' id='word_1_51' title='bbox 2247 441 2316 467; x_wconf 91' lang='lat' dir='ltr'>ens</span> <span class='ocrx_word' id='word_1_52' title='bbox 2335 433 2474 479; x_wconf 89' lang='lat' dir='ltr'>solum,</span> 
     </span>
     <span class='ocr_line' id='line_1_10' title="bbox 279 477 2476 530; baseline 0.002 -13"><span class='ocrx_word' id='word_1_53' title='bbox 279 483 355 518; x_wconf 93' lang='lat' dir='ltr'>hoc</span> <span class='ocrx_word' id='word_1_54' title='bbox 374 480 479 517; x_wconf 93' lang='lat' dir='ltr'>unde</span> <span class='ocrx_word' id='word_1_55' title='bbox 498 487 699 516; x_wconf 89' lang='lat' dir='ltr'>causatum</span> <span class='ocrx_word' id='word_1_56' title='bbox 719 491 836 516; x_wconf 88' lang='lat' dir='ltr'>suurn</span> <span class='ocrx_word' id='word_1_57' title='bbox 865 478 1150 516; x_wconf 87' lang='lat' dir='ltr'>individualiter</span> <span class='ocrx_word' id='word_1_58' title='bbox 1167 477 1346 515; x_wconf 88' lang='lat' dir='ltr'>subsistit.</span> <span class='ocrx_word' id='word_1_59' title='bbox 1404 478 1513 527; x_wconf 93' lang='lat' dir='ltr'>quod</span> <span class='ocrx_word' id='word_1_60' title='bbox 1537 486 1593 515; x_wconf 91' lang='lat' dir='ltr'>est</span> <span class='ocrx_word' id='word_1_61' title='bbox 1615 491 1732 516; x_wconf 88' lang='lat' dir='ltr'>causa</span> <span class='ocrx_word' id='word_1_62' title='bbox 1756 479 1853 517; x_wconf 90' lang='lat' dir='ltr'>entis</span> <span class='ocrx_word' id='word_1_63' title='bbox 1878 480 2112 530; x_wconf 85' lang='lat' dir='ltr'>inquantum</span> <span class='ocrx_word' id='word_1_64' title='bbox 2137 481 2379 521; x_wconf 87' lang='lat' dir='ltr'>huiusmodi:</span> <span class='ocrx_word' id='word_1_65' title='bbox 2403 485 2476 522; x_wconf 90' lang='lat' dir='ltr'>alia</span> 
     </span>
     <span class='ocr_line' id='line_1_11' title="bbox 279 531 2475 584; baseline 0.002 -14"><span class='ocrx_word' id='word_1_66' title='bbox 279 534 371 570; x_wconf 93' lang='lat' dir='ltr'>Non</span> <span class='ocrx_word' id='word_1_67' title='bbox 391 544 481 581; x_wconf 89' lang='lat' dir='ltr'>ergo</span> <span class='ocrx_word' id='word_1_68' title='bbox 501 540 620 569; x_wconf 89' lang='lat' dir='ltr'>creat:</span> <span class='ocrx_word' id='word_1_69' title='bbox 651 532 718 569; x_wconf 91' lang='lat' dir='ltr'>sed</span> <span class='ocrx_word' id='word_1_70' title='bbox 743 533 870 569; x_wconf 90' lang='lat' dir='ltr'>solum</span> <span class='ocrx_word' id='word_1_71' title='bbox 902 533 978 568; x_wconf 91' lang='lat' dir='ltr'>hoc</span> <span class='ocrx_word' id='word_1_72' title='bbox 997 539 1053 568; x_wconf 89' lang='lat' dir='ltr'>est</span> <span class='ocrx_word' id='word_1_73' title='bbox 1072 531 1216 580; x_wconf 86' lang='lat' dir='ltr'>agentis</span> <span class='ocrx_word' id='word_1_74' title='bbox 1236 531 1347 568; x_wconf 87' lang='lat' dir='ltr'>cuius</span> <span class='ocrx_word' id='word_1_75' title='bbox 1403 543 1497 569; x_wconf 91' lang='lat' dir='ltr'>vero</span> <span class='ocrx_word' id='word_1_76' title='bbox 1527 539 1616 569; x_wconf 93' lang='lat' dir='ltr'>sunt</span> <span class='ocrx_word' id='word_1_77' title='bbox 1645 544 1761 570; x_wconf 89' lang='lat' dir='ltr'>causa</span> <span class='ocrx_word' id='word_1_78' title='bbox 1789 534 1941 571; x_wconf 90' lang='lat' dir='ltr'>essendi</span> <span class='ocrx_word' id='word_1_79' title='bbox 1974 546 2045 584; x_wconf 90' lang='lat' dir='ltr'>per</span> <span class='ocrx_word' id='word_1_80' title='bbox 2076 534 2265 582; x_wconf 50' lang='lat' dir='ltr'>accidens</span> <span class='ocrx_word' id='word_1_81' title='bbox 2294 543 2332 573; x_wconf 91' lang='lat' dir='ltr'>et</span> <span class='ocrx_word' id='word_1_82' title='bbox 2359 537 2475 575; x_wconf 86' lang='lat' dir='ltr'>huius</span> 
     </span>
     <span class='ocr_line' id='line_1_12' title="bbox 278 584 2476 638; baseline 0.002 -15"><span class='ocrx_word' id='word_1_83' title='bbox 278 599 359 623; x_wconf 93' lang='lat' dir='ltr'>esse</span> <span class='ocrx_word' id='word_1_84' title='bbox 380 594 435 623; x_wconf 91' lang='lat' dir='ltr'>est</span> <span class='ocrx_word' id='word_1_85' title='bbox 457 585 663 632; x_wconf 89' lang='lat' dir='ltr'>infinitum,</span> <span class='ocrx_word' id='word_1_86' title='bbox 683 585 792 635; x_wconf 91' lang='lat' dir='ltr'>quod</span> <span class='ocrx_word' id='word_1_87' title='bbox 821 592 876 622; x_wconf 89' lang='lat' dir='ltr'>est</span> <span class='ocrx_word' id='word_1_88' title='bbox 904 585 1033 622; x_wconf 92' lang='lat' dir='ltr'>omnis</span> <span class='ocrx_word' id='word_1_89' title='bbox 1052 584 1148 622; x_wconf 92' lang='lat' dir='ltr'>entis</span> <span class='ocrx_word' id='word_1_90' title='bbox 1168 596 1346 634; x_wconf 89' lang='lat' dir='ltr'>compre-</span> <span class='ocrx_word' id='word_1_91' title='bbox 1369 604 1378 624; x_wconf 78' lang='lat' dir='ltr'>s</span> <span class='ocrx_word' id='word_1_92' title='bbox 1403 597 1486 622; x_wconf 91' lang='lat' dir='ltr'>esse</span> <span class='ocrx_word' id='word_1_93' title='bbox 1513 597 1584 635; x_wconf 92' lang='lat' dir='ltr'>per</span> <span class='ocrx_word' id='word_1_94' title='bbox 1616 598 1668 623; x_wconf 91' lang='lat' dir='ltr'>se.</span> <span class='ocrx_word' id='word_1_95' title='bbox 1700 586 1803 624; x_wconf 91' lang='lat' dir='ltr'>Cum</span> <span class='ocrx_word' id='word_1_96' title='bbox 1831 587 1945 636; x_wconf 88' lang='lat' dir='ltr'>igitur</span> <span class='ocrx_word' id='word_1_97' title='bbox 1971 588 2189 638; x_wconf 89' lang='lat' dir='ltr'>producere</span> <span class='ocrx_word' id='word_1_98' title='bbox 2217 600 2286 626; x_wconf 90' lang='lat' dir='ltr'>ens</span> <span class='ocrx_word' id='word_1_99' title='bbox 2314 601 2396 626; x_wconf 95' lang='lat' dir='ltr'>non</span> <span class='ocrx_word' id='word_1_100' title='bbox 2428 602 2476 628; x_wconf 90' lang='lat' dir='ltr'>ex</span> 
     </span>
     <span class='ocr_line' id='line_1_13' title="bbox 277 638 2475 692; baseline 0.002 -15"><span class='ocrx_word' id='word_1_101' title='bbox 277 640 452 677; x_wconf 90' lang='lat' dir='ltr'>hendens</span> <span class='ocrx_word' id='word_1_102' title='bbox 480 638 781 685; x_wconf 90' lang='lat' dir='ltr'>similitudinem,</span> <span class='ocrx_word' id='word_1_103' title='bbox 802 646 844 675; x_wconf 92' lang='lat' dir='ltr'>ut</span> <span class='ocrx_word' id='word_1_104' title='bbox 864 650 980 687; x_wconf 90' lang='lat' dir='ltr'>supra</span> <span class='ocrx_word' id='word_1_105' title='bbox 999 638 1020 660; x_wconf 77' lang='lat'>&#39;¹‘</span> <span class='ocrx_word' id='word_1_106' title='bbox 1047 645 1247 675; x_wconf 88' lang='lat' dir='ltr'>ostensum</span> <span class='ocrx_word' id='word_1_107' title='bbox 1276 645 1343 675; x_wconf 91' lang='lat' dir='ltr'>est.</span> <span class='ocrx_word' id='word_1_108' title='bbox 1402 646 1488 676; x_wconf 90' lang='lat' dir='ltr'>ente</span> <span class='ocrx_word' id='word_1_109' title='bbox 1508 639 1785 688; x_wconf 87' lang='lat' dir='ltr'>praeexistente</span> <span class='ocrx_word' id='word_1_110' title='bbox 1814 640 1861 677; x_wconf 91' lang='lat' dir='ltr'>sit</span> <span class='ocrx_word' id='word_1_111' title='bbox 1881 652 2022 687; x_wconf 89' lang='lat' dir='ltr'>creare,</span> <span class='ocrx_word' id='word_1_112' title='bbox 2047 649 2200 692; x_wconf 90' lang='lat' dir='ltr'>oportet</span> <span class='ocrx_word' id='word_1_113' title='bbox 2223 643 2331 692; x_wconf 92' lang='lat' dir='ltr'>quod</span> <span class='ocrx_word' id='word_1_114' title='bbox 2357 643 2475 681; x_wconf 92' lang='lat' dir='ltr'>solius</span> 
     </span>
     <span class='ocr_line' id='line_1_14' title="bbox 330 691 1719 741; baseline 0 -11"><span class='ocrx_word' id='word_1_115' title='bbox 330 693 482 730; x_wconf 88' lang='lat' dir='ltr'>Adhuc.</span> <span class='ocrx_word' id='word_1_116' title='bbox 510 692 613 730; x_wconf 91' lang='lat' dir='ltr'>Cum</span> <span class='ocrx_word' id='word_1_117' title='bbox 638 704 756 729; x_wconf 91' lang='lat' dir='ltr'>omne</span> <span class='ocrx_word' id='word_1_118' title='bbox 780 692 887 741; x_wconf 92' lang='lat' dir='ltr'>quod</span> <span class='ocrx_word' id='word_1_119' title='bbox 911 691 954 728; x_wconf 89' lang='lat' dir='ltr'>fit</span> <span class='ocrx_word' id='word_1_120' title='bbox 977 691 1026 728; x_wconf 90' lang='lat' dir='ltr'>ad</span> <span class='ocrx_word' id='word_1_121' title='bbox 1047 692 1122 728; x_wconf 93' lang='lat' dir='ltr'>hoc</span> <span class='ocrx_word' id='word_1_122' title='bbox 1141 691 1208 728; x_wconf 90' lang='lat' dir='ltr'>fiat</span> <span class='ocrx_word' id='word_1_123' title='bbox 1227 698 1269 728; x_wconf 93' lang='lat' dir='ltr'>ut</span> <span class='ocrx_word' id='word_1_124' title='bbox 1287 691 1343 738; x_wconf 86' lang='lat' dir='ltr'>sit,</span> <span class='ocrx_word' id='word_1_125' title='bbox 1402 692 1475 729; x_wconf 92' lang='lat' dir='ltr'>Dei</span> <span class='ocrx_word' id='word_1_126' title='bbox 1504 692 1550 729; x_wconf 93' lang='lat' dir='ltr'>sit</span> <span class='ocrx_word' id='word_1_127' title='bbox 1578 704 1719 730; x_wconf 89' lang='lat' dir='ltr'>creare.</span> 
     </span>
     <span class='ocr_line' id='line_1_15' title="bbox 277 743 2473 800; baseline 0.002 -17"><span class='ocrx_word' id='word_1_128' title='bbox 277 754 437 796; x_wconf 86' lang='lat' dir='ltr'>oportet,</span> <span class='ocrx_word' id='word_1_129' title='bbox 458 746 489 783; x_wconf 91' lang='lat' dir='ltr'>si</span> <span class='ocrx_word' id='word_1_130' title='bbox 515 745 660 795; x_wconf 89' lang='lat' dir='ltr'>aliquid</span> <span class='ocrx_word' id='word_1_131' title='bbox 689 744 772 782; x_wconf 90' lang='lat' dir='ltr'>fieri</span> <span class='ocrx_word' id='word_1_132' title='bbox 800 745 950 782; x_wconf 90' lang='lat' dir='ltr'>dicatur</span> <span class='ocrx_word' id='word_1_133' title='bbox 968 744 1075 793; x_wconf 92' lang='lat' dir='ltr'>quod</span> <span class='ocrx_word' id='word_1_134' title='bbox 1094 743 1202 793; x_wconf 91' lang='lat' dir='ltr'>prius</span> <span class='ocrx_word' id='word_1_135' title='bbox 1221 745 1343 791; x_wconf 91' lang='lat' dir='ltr'>fuerit,</span> <span class='ocrx_word' id='word_1_136' title='bbox 1455 745 1558 783; x_wconf 87' lang='lat' dir='ltr'>Huic</span> <span class='ocrx_word' id='word_1_137' title='bbox 1586 754 1718 783; x_wconf 88' lang='lat' dir='ltr'>autem</span> <span class='ocrx_word' id='word_1_138' title='bbox 1746 746 1895 784; x_wconf 87' lang='lat' dir='ltr'>veritati</span> <span class='ocrx_word' id='word_1_139' title='bbox 1924 747 2063 786; x_wconf 88' lang='lat' dir='ltr'>Sacrae</span> <span class='ocrx_word' id='word_1_140' title='bbox 2093 749 2313 800; x_wconf 84' lang='lat' dir='ltr'>Scripturae</span> <span class='ocrx_word' id='word_1_141' title='bbox 2342 758 2473 788; x_wconf 89' lang='lat' dir='ltr'>aucto-</span> 
     </span>
     <span class='ocr_line' id='line_1_16' title="bbox 275 797 2473 850; baseline 0.002 -13"><span class='ocrx_word' id='word_1_142' title='bbox 275 800 384 849; x_wconf 89' lang='lat' dir='ltr'>quod</span> <span class='ocrx_word' id='word_1_143' title='bbox 412 801 488 837; x_wconf 91' lang='lat' dir='ltr'>hoc</span> <span class='ocrx_word' id='word_1_144' title='bbox 514 811 595 836; x_wconf 92' lang='lat' dir='ltr'>non</span> <span class='ocrx_word' id='word_1_145' title='bbox 619 799 686 836; x_wconf 91' lang='lat' dir='ltr'>fiat</span> <span class='ocrx_word' id='word_1_146' title='bbox 709 810 778 848; x_wconf 90' lang='lat' dir='ltr'>per</span> <span class='ocrx_word' id='word_1_147' title='bbox 800 811 851 844; x_wconf 91' lang='lat' dir='ltr'>se,</span> <span class='ocrx_word' id='word_1_148' title='bbox 873 798 939 835; x_wconf 92' lang='lat' dir='ltr'>sed</span> <span class='ocrx_word' id='word_1_149' title='bbox 968 809 1038 846; x_wconf 89' lang='lat' dir='ltr'>per</span> <span class='ocrx_word' id='word_1_150' title='bbox 1065 797 1254 844; x_wconf 87' lang='lat' dir='ltr'>accidens,</span> <span class='ocrx_word' id='word_1_151' title='bbox 1274 810 1346 848; x_wconf 91' lang='lat' dir='ltr'>per</span> <span class='ocrx_word' id='word_1_152' title='bbox 1400 798 1489 836; x_wconf 90' lang='lat' dir='ltr'>ritas</span> <span class='ocrx_word' id='word_1_153' title='bbox 1517 806 1722 845; x_wconf 85' lang='lat' dir='ltr'>attestatur,</span> <span class='ocrx_word' id='word_1_154' title='bbox 1752 812 1854 850; x_wconf 91' lang='lat' dir='ltr'>quae</span> <span class='ocrx_word' id='word_1_155' title='bbox 1883 800 2012 838; x_wconf 90' lang='lat' dir='ltr'>Deum</span> <span class='ocrx_word' id='word_1_156' title='bbox 2033 802 2168 840; x_wconf 88' lang='lat' dir='ltr'>omnia</span> <span class='ocrx_word' id='word_1_157' title='bbox 2193 814 2343 841; x_wconf 87' lang='lat' dir='ltr'>creasse</span> <span class='ocrx_word' id='word_1_158' title='bbox 2372 804 2473 841; x_wconf 87' lang='lat' dir='ltr'>affir-</span> 
     </span>
     <span class='ocr_line' id='line_1_17' title="bbox 276 850 2472 904; baseline 0.002 -13"><span class='ocrx_word' id='word_1_159' title='bbox 276 866 315 891; x_wconf 93' lang='lat' dir='ltr'>se</span> <span class='ocrx_word' id='word_1_160' title='bbox 334 865 429 890; x_wconf 88' lang='lat' dir='ltr'>vero</span> <span class='ocrx_word' id='word_1_161' title='bbox 454 853 547 890; x_wconf 92' lang='lat' dir='ltr'>illud</span> <span class='ocrx_word' id='word_1_162' title='bbox 575 852 684 902; x_wconf 92' lang='lat' dir='ltr'>quod</span> <span class='ocrx_word' id='word_1_163' title='bbox 702 852 809 902; x_wconf 91' lang='lat' dir='ltr'>prius</span> <span class='ocrx_word' id='word_1_164' title='bbox 829 863 909 888; x_wconf 91' lang='lat' dir='ltr'>non</span> <span class='ocrx_word' id='word_1_165' title='bbox 938 851 1021 887; x_wconf 85' lang='lat' dir='ltr'>fuit:</span> <span class='ocrx_word' id='word_1_166' title='bbox 1052 858 1105 896; x_wconf 91' lang='lat' dir='ltr'>ut,</span> <span class='ocrx_word' id='word_1_167' title='bbox 1126 850 1156 888; x_wconf 93' lang='lat' dir='ltr'>si</span> <span class='ocrx_word' id='word_1_168' title='bbox 1181 863 1227 888; x_wconf 87' lang='lat' dir='ltr'>ex</span> <span class='ocrx_word' id='word_1_169' title='bbox 1254 852 1343 889; x_wconf 90' lang='lat' dir='ltr'>albo</span> <span class='ocrx_word' id='word_1_170' title='bbox 1360 870 1385 885; x_wconf 81' lang='grc' dir='ltr'>ιο</span> <span class='ocrx_word' id='word_1_171' title='bbox 1399 859 1490 898; x_wconf 84' lang='lat' dir='ltr'>mat,</span> <span class='ocrx_word' id='word_1_172' title='bbox 1523 853 1616 890; x_wconf 86' lang='lat' dir='ltr'>Gen.</span> <span class='ocrx_word' id='word_1_173' title='bbox 1647 858 1692 890; x_wconf 79' lang='lat'>1¹:</span> <span class='ocrx_word' id='word_1_174' title='bbox 1723 855 1770 890; x_wconf 92' lang='lat' dir='ltr'>In</span> <span class='ocrx_word' id='word_1_175' title='bbox 1797 855 1984 904; x_wconf 63' lang='lat' dir='ltr'>principio</span> <span class='ocrx_word' id='word_1_176' title='bbox 2016 857 2156 893; x_wconf 81' lang='lat' dir='ltr'>creavit</span> <span class='ocrx_word' id='word_1_177' title='bbox 2192 857 2295 894; x_wconf 86' lang='lat' dir='ltr'>Deus</span> <span class='ocrx_word' id='word_1_178' title='bbox 2327 858 2472 895; x_wconf 88' lang='lat' dir='ltr'>caelum</span> 
     </span>
    </p>
   </div>
   <div class='ocr_carea' id='block_1_7' title="bbox 286 297 361 344">
    <p class='ocr_par' dir='ltr' id='par_1_7' title="bbox 286 297 361 344">
     <span class='ocr_line' id='line_1_18' title="bbox 286 297 361 344; baseline 0 -10"><span class='ocrx_word' id='word_1_179' title='bbox 286 297 361 344; x_wconf 89' lang='lat'>314</span> 
     </span>
    </p>
   </div>
   <div class='ocr_carea' id='block_1_8' title="bbox 270 903 1342 1384">
    <p class='ocr_par' dir='ltr' id='par_1_8' title="bbox 270 903 1342 1384">
     <span class='ocr_line' id='line_1_19' title="bbox 274 903 1342 955; baseline -0.002 -11"><span class='ocrx_word' id='word_1_180' title='bbox 274 907 341 944; x_wconf 86' lang='lat' dir='ltr'>fiat</span> <span class='ocrx_word' id='word_1_181' title='bbox 370 906 534 954; x_wconf 88' lang='lat' dir='ltr'>nigrum,</span> <span class='ocrx_word' id='word_1_182' title='bbox 555 906 598 943; x_wconf 91' lang='lat' dir='ltr'>fit</span> <span class='ocrx_word' id='word_1_183' title='bbox 625 905 785 955; x_wconf 90' lang='lat' dir='ltr'>quidem</span> <span class='ocrx_word' id='word_1_184' title='bbox 812 912 848 941; x_wconf 92' lang='lat' dir='ltr'>et</span> <span class='ocrx_word' id='word_1_185' title='bbox 874 903 1028 952; x_wconf 86' lang='lat' dir='ltr'>nigrum</span> <span class='ocrx_word' id='word_1_186' title='bbox 1054 911 1091 941; x_wconf 87' lang='lat' dir='ltr'>et</span> <span class='ocrx_word' id='word_1_187' title='bbox 1114 905 1342 951; x_wconf 86' lang='lat' dir='ltr'>coloratum,</span> 
     </span>
     <span class='ocr_line' id='line_1_20' title="bbox 275 957 1342 1009; baseline -0.002 -11"><span class='ocrx_word' id='word_1_188' title='bbox 275 961 342 998; x_wconf 93' lang='lat' dir='ltr'>sed</span> <span class='ocrx_word' id='word_1_189' title='bbox 370 960 522 1009; x_wconf 85' lang='lat' dir='ltr'>nigrum</span> <span class='ocrx_word' id='word_1_190' title='bbox 551 971 621 1009; x_wconf 91' lang='lat' dir='ltr'>per</span> <span class='ocrx_word' id='word_1_191' title='bbox 639 971 691 1005; x_wconf 82' lang='lat' dir='ltr'>se,</span> <span class='ocrx_word' id='word_1_192' title='bbox 712 957 803 1007; x_wconf 91' lang='lat' dir='ltr'>quia</span> <span class='ocrx_word' id='word_1_193' title='bbox 821 957 863 994; x_wconf 91' lang='lat' dir='ltr'>fit</span> <span class='ocrx_word' id='word_1_194' title='bbox 882 969 929 994; x_wconf 88' lang='lat' dir='ltr'>ex</span> <span class='ocrx_word' id='word_1_195' title='bbox 949 969 1029 994; x_wconf 91' lang='lat' dir='ltr'>non</span> <span class='ocrx_word' id='word_1_196' title='bbox 1049 957 1169 1006; x_wconf 87' lang='lat' dir='ltr'>nigro,</span> <span class='ocrx_word' id='word_1_197' title='bbox 1195 960 1342 996; x_wconf 88' lang='lat' dir='ltr'>colora-</span> 
     </span>
     <span class='ocr_line' id='line_1_21' title="bbox 273 1010 1342 1061; baseline -0.001 -10"><span class='ocrx_word' id='word_1_198' title='bbox 273 1022 357 1051; x_wconf 91' lang='lat' dir='ltr'>tum</span> <span class='ocrx_word' id='word_1_199' title='bbox 386 1021 515 1050; x_wconf 90' lang='lat' dir='ltr'>autem</span> <span class='ocrx_word' id='word_1_200' title='bbox 550 1024 619 1061; x_wconf 91' lang='lat' dir='ltr'>per</span> <span class='ocrx_word' id='word_1_201' title='bbox 646 1011 834 1056; x_wconf 84' lang='lat' dir='ltr'>accidens,</span> <span class='ocrx_word' id='word_1_202' title='bbox 868 1022 960 1047; x_wconf 90' lang='lat' dir='ltr'>nam</span> <span class='ocrx_word' id='word_1_203' title='bbox 989 1010 1096 1059; x_wconf 91' lang='lat' dir='ltr'>prius</span> <span class='ocrx_word' id='word_1_204' title='bbox 1124 1013 1342 1050; x_wconf 88' lang='lat' dir='ltr'>coloratum</span> 
     </span>
     <span class='ocr_line' id='line_1_22' title="bbox 275 1063 1342 1114; baseline -0.002 -10"><span class='ocrx_word' id='word_1_205' title='bbox 275 1075 363 1104; x_wconf 90' lang='lat' dir='ltr'>erat.</span> <span class='ocrx_word' id='word_1_206' title='bbox 396 1067 458 1104; x_wconf 88' lang='lat' dir='ltr'>Sic</span> <span class='ocrx_word' id='word_1_207' title='bbox 478 1066 599 1114; x_wconf 83' lang='lat' dir='ltr'>igitur,</span> <span class='ocrx_word' id='word_1_208' title='bbox 620 1077 711 1102; x_wconf 92' lang='lat' dir='ltr'>cum</span> <span class='ocrx_word' id='word_1_209' title='bbox 731 1064 774 1101; x_wconf 88' lang='lat' dir='ltr'>fit</span> <span class='ocrx_word' id='word_1_210' title='bbox 793 1063 951 1113; x_wconf 91' lang='lat' dir='ltr'>aliquod</span> <span class='ocrx_word' id='word_1_211' title='bbox 971 1076 1051 1110; x_wconf 74' lang='lat' dir='ltr'>em,</span> <span class='ocrx_word' id='word_1_212' title='bbox 1072 1072 1115 1101; x_wconf 90' lang='lat' dir='ltr'>ut</span> <span class='ocrx_word' id='word_1_213' title='bbox 1137 1066 1259 1103; x_wconf 92' lang='lat' dir='ltr'>homo</span> <span class='ocrx_word' id='word_1_214' title='bbox 1279 1067 1342 1103; x_wconf 92' lang='lat' dir='ltr'>vel</span> 
     </span>
     <span class='ocr_line' id='line_1_23' title="bbox 270 1117 1341 1170; baseline -0.001 -12"><span class='ocrx_word' id='word_1_215' title='bbox 270 1121 378 1170; x_wconf 84' lang='lat' dir='ltr'>lapis,</span> <span class='ocrx_word' id='word_1_216' title='bbox 400 1121 520 1157; x_wconf 92' lang='lat' dir='ltr'>homo</span> <span class='ocrx_word' id='word_1_217' title='bbox 547 1118 707 1168; x_wconf 90' lang='lat' dir='ltr'>quidem</span> <span class='ocrx_word' id='word_1_218' title='bbox 735 1117 778 1154; x_wconf 87' lang='lat' dir='ltr'>fit</span> <span class='ocrx_word' id='word_1_219' title='bbox 803 1129 874 1167; x_wconf 92' lang='lat' dir='ltr'>per</span> <span class='ocrx_word' id='word_1_220' title='bbox 893 1130 945 1164; x_wconf 90' lang='lat' dir='ltr'>se,</span> <span class='ocrx_word' id='word_1_221' title='bbox 966 1117 1058 1167; x_wconf 88' lang='lat' dir='ltr'>quia</span> <span class='ocrx_word' id='word_1_222' title='bbox 1085 1130 1132 1155; x_wconf 84' lang='lat' dir='ltr'>ex</span> <span class='ocrx_word' id='word_1_223' title='bbox 1161 1131 1242 1156; x_wconf 90' lang='lat' dir='ltr'>non</span> <span class='ocrx_word' id='word_1_224' title='bbox 1270 1119 1341 1157; x_wconf 88' lang='lat' dir='ltr'>ho-</span> 
     </span>
     <span class='ocr_line' id='line_1_24' title="bbox 273 1170 1340 1222; baseline 0 -11"><span class='ocrx_word' id='word_1_225' title='bbox 273 1174 391 1211; x_wconf 90' lang='lat' dir='ltr'>mine:</span> <span class='ocrx_word' id='word_1_226' title='bbox 423 1185 491 1210; x_wconf 92' lang='lat' dir='ltr'>ens</span> <span class='ocrx_word' id='word_1_227' title='bbox 519 1180 650 1210; x_wconf 90' lang='lat' dir='ltr'>autem</span> <span class='ocrx_word' id='word_1_228' title='bbox 678 1183 748 1222; x_wconf 89' lang='lat' dir='ltr'>per</span> <span class='ocrx_word' id='word_1_229' title='bbox 771 1170 960 1217; x_wconf 58' lang='lat' dir='ltr'>accidens,</span> <span class='ocrx_word' id='word_1_230' title='bbox 981 1171 1073 1221; x_wconf 89' lang='lat' dir='ltr'>quia</span> <span class='ocrx_word' id='word_1_231' title='bbox 1092 1184 1173 1210; x_wconf 92' lang='lat' dir='ltr'>non</span> <span class='ocrx_word' id='word_1_232' title='bbox 1193 1185 1239 1210; x_wconf 84' lang='lat' dir='ltr'>ex</span> <span class='ocrx_word' id='word_1_233' title='bbox 1259 1185 1340 1211; x_wconf 92' lang='lat' dir='ltr'>non</span> 
     </span>
     <span class='ocr_line' id='line_1_25' title="bbox 272 1225 1340 1276; baseline -0.001 -11"><span class='ocrx_word' id='word_1_234' title='bbox 272 1235 357 1265; x_wconf 91' lang='lat' dir='ltr'>ente</span> <span class='ocrx_word' id='word_1_235' title='bbox 386 1225 616 1276; x_wconf 90' lang='lat' dir='ltr'>simpliciter,</span> <span class='ocrx_word' id='word_1_236' title='bbox 647 1225 714 1262; x_wconf 90' lang='lat' dir='ltr'>sed</span> <span class='ocrx_word' id='word_1_237' title='bbox 744 1238 790 1262; x_wconf 89' lang='lat' dir='ltr'>ex</span> <span class='ocrx_word' id='word_1_238' title='bbox 819 1237 900 1262; x_wconf 91' lang='lat' dir='ltr'>non</span> <span class='ocrx_word' id='word_1_239' title='bbox 933 1233 1020 1262; x_wconf 89' lang='lat' dir='ltr'>ente</span> <span class='ocrx_word' id='word_1_240' title='bbox 1054 1226 1142 1272; x_wconf 88' lang='lat' dir='ltr'>hoc,</span> <span class='ocrx_word' id='word_1_241' title='bbox 1176 1234 1219 1264; x_wconf 93' lang='lat' dir='ltr'>ut</span> <span class='ocrx_word' id='word_1_242' title='bbox 1251 1227 1340 1264; x_wconf 90' lang='lat' dir='ltr'>Phi-</span> 
     </span>
     <span class='ocr_line' id='line_1_26' title="bbox 272 1278 1342 1330; baseline 0 -12"><span class='ocrx_word' id='word_1_243' title='bbox 272 1281 459 1330; x_wconf 89' lang='lat' dir='ltr'>losophus</span> <span class='ocrx_word' id='word_1_244' title='bbox 491 1279 596 1325; x_wconf 86' lang='lat' dir='ltr'>dicit,</span> <span class='ocrx_word' id='word_1_245' title='bbox 631 1278 669 1316; x_wconf 91' lang='lat' dir='ltr'>in</span> <span class='ocrx_word' id='word_1_246' title='bbox 703 1280 716 1316; x_wconf 89' lang='lat'>1</span> <span class='ocrx_word' id='word_1_247' title='bbox 750 1280 999 1328; x_wconf 80' lang='lat' dir='ltr'>Physicorum</span> <span class='ocrx_word' id='word_1_248' title='bbox 1018 1279 1049 1316; x_wconf 82' lang='grc'>*.</span> <span class='ocrx_word' id='word_1_249' title='bbox 1088 1280 1191 1318; x_wconf 92' lang='lat' dir='ltr'>Cum</span> <span class='ocrx_word' id='word_1_250' title='bbox 1229 1280 1342 1329; x_wconf 85' lang='lat' dir='ltr'>igitur</span> 
     </span>
     <span class='ocr_line' id='line_1_27' title="bbox 271 1332 1338 1384; baseline -0.001 -12"><span class='ocrx_word' id='word_1_251' title='bbox 271 1334 414 1384; x_wconf 89' lang='lat' dir='ltr'>aliquid</span> <span class='ocrx_word' id='word_1_252' title='bbox 443 1333 486 1370; x_wconf 91' lang='lat' dir='ltr'>fit</span> <span class='ocrx_word' id='word_1_253' title='bbox 505 1332 668 1370; x_wconf 91' lang='lat' dir='ltr'>omnino</span> <span class='ocrx_word' id='word_1_254' title='bbox 694 1345 740 1369; x_wconf 89' lang='lat' dir='ltr'>ex</span> <span class='ocrx_word' id='word_1_255' title='bbox 775 1344 855 1369; x_wconf 92' lang='lat' dir='ltr'>non</span> <span class='ocrx_word' id='word_1_256' title='bbox 881 1340 979 1379; x_wconf 91' lang='lat' dir='ltr'>ente,</span> <span class='ocrx_word' id='word_1_257' title='bbox 1000 1345 1069 1370; x_wconf 91' lang='lat' dir='ltr'>ens</span> <span class='ocrx_word' id='word_1_258' title='bbox 1094 1345 1165 1383; x_wconf 92' lang='lat' dir='ltr'>per</span> <span class='ocrx_word' id='word_1_259' title='bbox 1193 1347 1233 1371; x_wconf 91' lang='lat' dir='ltr'>se</span> <span class='ocrx_word' id='word_1_260' title='bbox 1262 1333 1338 1372; x_wconf 89' lang='lat' dir='ltr'>fiet.</span> 
     </span>
    </p>
   </div>
   <div class='ocr_carea' id='block_1_9' title="bbox 1391 907 2473 1116">
    <p class='ocr_par' dir='ltr' id='par_1_9' title="bbox 1391 907 2473 1116">
     <span class='ocr_line' id='line_1_28' title="bbox 1398 907 2472 954; baseline 0.006 -12"><span class='ocrx_word' id='word_1_261' title='bbox 1398 912 1432 943; x_wconf 84' lang='lat' dir='ltr'>et</span> <span class='ocrx_word' id='word_1_262' title='bbox 1459 912 1612 944; x_wconf 87' lang='lat' dir='ltr'>terram.</span> <span class='ocrx_word' id='word_1_263' title='bbox 1634 929 1659 933; x_wconf 98' lang='lat'><strong>—</strong></span> <span class='ocrx_word' id='word_1_264' title='bbox 1682 907 1950 945; x_wconf 89' lang='lat' dir='ltr'>Damascenus</span> <span class='ocrx_word' id='word_1_265' title='bbox 1977 907 2106 954; x_wconf 90' lang='lat' dir='ltr'>etiam,</span> <span class='ocrx_word' id='word_1_266' title='bbox 2141 909 2181 946; x_wconf 91' lang='lat' dir='ltr'>in</span> <span class='ocrx_word' id='word_1_267' title='bbox 2209 910 2383 948; x_wconf 82' lang='lat' dir='ltr'>secundo</span> <span class='ocrx_word' id='word_1_268' title='bbox 2412 910 2472 948; x_wconf 91' lang='lat' dir='ltr'>sui</span> 
     </span>
     <span class='ocr_line' id='line_1_29' title="bbox 1397 958 2472 1013; baseline 0.005 -17"><span class='ocrx_word' id='word_1_269' title='bbox 1397 958 1505 996; x_wconf 88' lang='lat' dir='ltr'>Libri</span> <span class='ocrx_word' id='word_1_270' title='bbox 1515 959 1545 1005; x_wconf 70' lang='lat'>²⁸,</span> <span class='ocrx_word' id='word_1_271' title='bbox 1565 959 1671 998; x_wconf 86' lang='lat' dir='ltr'>dicit:</span> <span class='ocrx_word' id='word_1_272' title='bbox 1707 961 1941 1011; x_wconf 85' lang='lat' dir='ltr'>Quicumque</span> <span class='ocrx_word' id='word_1_273' title='bbox 1959 973 2050 999; x_wconf 79' lang='lat' dir='ltr'>vero</span> <span class='ocrx_word' id='word_1_274' title='bbox 2068 964 2173 1000; x_wconf 85' lang='lat' dir='ltr'>aiunt</span> <span class='ocrx_word' id='word_1_275' title='bbox 2191 963 2349 1013; x_wconf 80' lang='lat' dir='ltr'>angelos</span> <span class='ocrx_word' id='word_1_276' title='bbox 2366 975 2472 1001; x_wconf 88' lang='lat' dir='ltr'>crea·</span> 
     </span>
     <span class='ocr_line' id='line_1_30' title="bbox 1397 1016 2473 1064; baseline 0.005 -15"><span class='ocrx_word' id='word_1_277' title='bbox 1397 1019 1496 1050; x_wconf 85' lang='lat' dir='ltr'>tores</span> <span class='ocrx_word' id='word_1_278' title='bbox 1523 1025 1600 1051; x_wconf 87' lang='lat' dir='ltr'>esse</span> <span class='ocrx_word' id='word_1_279' title='bbox 1618 1025 1884 1064; x_wconf 69' lang='lat' dir='ltr'>cuiuscumque</span> <span class='ocrx_word' id='word_1_280' title='bbox 1910 1016 2146 1062; x_wconf 82' lang='lat' dir='ltr'>substantiae,</span> <span class='ocrx_word' id='word_1_281' title='bbox 2175 1017 2217 1053; x_wconf 82' lang='lat' dir='ltr'>hi</span> <span class='ocrx_word' id='word_1_282' title='bbox 2232 1027 2363 1053; x_wconf 87' lang='lat' dir='ltr'>omnes</span> <span class='ocrx_word' id='word_1_283' title='bbox 2389 1023 2473 1054; x_wconf 83' lang='lat' dir='ltr'>sunt</span> 
     </span>
     <span class='ocr_line' id='line_1_31' title="bbox 1391 1068 2471 1116; baseline 0.004 -13"><span class='ocrx_word' id='word_1_284' title='bbox 1391 1068 1514 1116; x_wconf 87' lang='lat' dir='ltr'>patris</span> <span class='ocrx_word' id='word_1_285' title='bbox 1540 1069 1599 1104; x_wconf 81' lang='lat' dir='ltr'>sui</span> <span class='ocrx_word' id='word_1_286' title='bbox 1625 1068 1782 1105; x_wconf 84' lang='lat' dir='ltr'>diaboli:</span> <span class='ocrx_word' id='word_1_287' title='bbox 1811 1074 2009 1106; x_wconf 86' lang='lat' dir='ltr'>creaturae</span> <span class='ocrx_word' id='word_1_288' title='bbox 2040 1069 2140 1106; x_wconf 84' lang='lat' dir='ltr'>enim</span> <span class='ocrx_word' id='word_1_289' title='bbox 2174 1071 2369 1107; x_wconf 78' lang='lat' dir='ltr'>existentes</span> <span class='ocrx_word' id='word_1_290' title='bbox 2395 1082 2471 1107; x_wconf 87' lang='lat' dir='ltr'>non</span> 
     </span>
    </p>
   </div>
   <div class='ocr_carea' id='block_1_10' title="bbox 1358 1126 1707 1158">
    <p class='ocr_par' dir='ltr' id='par_1_10' title="bbox 1358 1126 1707 1158">
     <span class='ocr_line' id='line_1_32' title="bbox 1358 1126 1707 1158; baseline 0 0"><span class='ocrx_word' id='word_1_291' title='bbox 1358 1138 1380 1158; x_wconf 67' lang='grc' dir='ltr'>ις</span> <span class='ocrx_word' id='word_1_292' title='bbox 1396 1126 1481 1157; x_wconf 84' lang='lat' dir='ltr'>sunt</span> <span class='ocrx_word' id='word_1_293' title='bbox 1508 1126 1707 1158; x_wconf 84' lang='lat' dir='ltr'>creatores.</span> 
     </span>
    </p>
   </div>
   <div class='ocr_carea' id='block_1_11' title="bbox 1395 1174 2473 1387">
    <p class='ocr_par' dir='ltr' id='par_1_11' title="bbox 1395 1174 2473 1387">
     <span class='ocr_line' id='line_1_33' title="bbox 1450 1174 2472 1226; baseline 0.003 -15"><span class='ocrx_word' id='word_1_294' title='bbox 1450 1174 1525 1211; x_wconf 88' lang='lat' dir='ltr'>Per</span> <span class='ocrx_word' id='word_1_295' title='bbox 1552 1174 1650 1212; x_wconf 92' lang='lat' dir='ltr'>haec</span> <span class='ocrx_word' id='word_1_296' title='bbox 1678 1182 1811 1212; x_wconf 89' lang='lat' dir='ltr'>autem</span> <span class='ocrx_word' id='word_1_297' title='bbox 1830 1174 2040 1213; x_wconf 88' lang='lat' dir='ltr'>destruitur</span> <span class='ocrx_word' id='word_1_298' title='bbox 2067 1175 2320 1225; x_wconf 90' lang='lat' dir='ltr'>quorundam</span> <span class='ocrx_word' id='word_1_299' title='bbox 2347 1176 2472 1226; x_wconf 91' lang='lat' dir='ltr'>philo-</span> 
     </span>
     <span class='ocr_line' id='line_1_34' title="bbox 1397 1228 2473 1279; baseline 0.003 -15"><span class='ocrx_word' id='word_1_300' title='bbox 1397 1228 1616 1277; x_wconf 85' lang='lat' dir='ltr'>sophorum</span> <span class='ocrx_word' id='word_1_301' title='bbox 1645 1240 1754 1265; x_wconf 92' lang='lat' dir='ltr'>error</span> <span class='ocrx_word' id='word_1_302' title='bbox 1772 1228 1840 1278; x_wconf 93' lang='lat' dir='ltr'>qui</span> <span class='ocrx_word' id='word_1_303' title='bbox 1867 1228 2049 1267; x_wconf 88' lang='lat' dir='ltr'>dixerunt</span> <span class='ocrx_word' id='word_1_304' title='bbox 2067 1230 2199 1267; x_wconf 88' lang='lat' dir='ltr'>Deum</span> <span class='ocrx_word' id='word_1_305' title='bbox 2217 1240 2369 1267; x_wconf 84' lang='lat' dir='ltr'>creasse</span> <span class='ocrx_word' id='word_1_306' title='bbox 2397 1229 2473 1279; x_wconf 87' lang='lat' dir='ltr'>pri·</span> 
     </span>
     <span class='ocr_line' id='line_1_35' title="bbox 1396 1281 2473 1332; baseline 0.003 -14"><span class='ocrx_word' id='word_1_307' title='bbox 1396 1292 1504 1318; x_wconf 91' lang='lat' dir='ltr'>mam</span> <span class='ocrx_word' id='word_1_308' title='bbox 1524 1281 1779 1319; x_wconf 89' lang='lat' dir='ltr'>substantiam</span> <span class='ocrx_word' id='word_1_309' title='bbox 1798 1290 2026 1332; x_wconf 85' lang='lat' dir='ltr'>separatam,</span> <span class='ocrx_word' id='word_1_310' title='bbox 2046 1290 2083 1320; x_wconf 90' lang='lat' dir='ltr'>et</span> <span class='ocrx_word' id='word_1_311' title='bbox 2102 1283 2152 1321; x_wconf 88' lang='lat' dir='ltr'>ab</span> <span class='ocrx_word' id='word_1_312' title='bbox 2171 1295 2217 1321; x_wconf 91' lang='lat' dir='ltr'>ea</span> <span class='ocrx_word' id='word_1_313' title='bbox 2233 1282 2349 1321; x_wconf 82' lang='lat' dir='ltr'>fuisse</span> <span class='ocrx_word' id='word_1_314' title='bbox 2368 1295 2473 1321; x_wconf 89' lang='lat' dir='ltr'>crea-</span> 
     </span>
     <span class='ocr_line' id='line_1_36' title="bbox 1395 1335 2473 1387; baseline 0.004 -16"><span class='ocrx_word' id='word_1_315' title='bbox 1395 1342 1475 1372; x_wconf 90' lang='lat' dir='ltr'>tam</span> <span class='ocrx_word' id='word_1_316' title='bbox 1505 1335 1730 1381; x_wconf 86' lang='lat' dir='ltr'>secundam,</span> <span class='ocrx_word' id='word_1_317' title='bbox 1760 1343 1797 1372; x_wconf 93' lang='lat' dir='ltr'>et</span> <span class='ocrx_word' id='word_1_318' title='bbox 1825 1336 1879 1373; x_wconf 90' lang='lat' dir='ltr'>sic</span> <span class='ocrx_word' id='word_1_319' title='bbox 1907 1336 2083 1386; x_wconf 89' lang='lat' dir='ltr'>quodam</span> <span class='ocrx_word' id='word_1_320' title='bbox 2103 1336 2240 1374; x_wconf 89' lang='lat' dir='ltr'>ordine</span> <span class='ocrx_word' id='word_1_321' title='bbox 2267 1349 2394 1387; x_wconf 91' lang='lat' dir='ltr'>usque</span> <span class='ocrx_word' id='word_1_322' title='bbox 2423 1336 2473 1374; x_wconf 87' lang='lat' dir='ltr'>ad</span> 
     </span>
    </p>
   </div>
   <div class='ocr_carea' id='block_1_12' title="bbox 272 1386 1623 1438">
    <p class='ocr_par' dir='ltr' id='par_1_12' title="bbox 272 1386 1623 1438">
     <span class='ocr_line' id='line_1_37' title="bbox 272 1386 1623 1438; baseline -0.001 -12"><span class='ocrx_word' id='word_1_323' title='bbox 272 1389 433 1438; x_wconf 81' lang='lat' dir='ltr'>Oportet</span> <span class='ocrx_word' id='word_1_324' title='bbox 462 1387 574 1436; x_wconf 87' lang='lat' dir='ltr'>igitur</span> <span class='ocrx_word' id='word_1_325' title='bbox 598 1386 706 1436; x_wconf 90' lang='lat' dir='ltr'>quod</span> <span class='ocrx_word' id='word_1_326' title='bbox 731 1386 779 1424; x_wconf 89' lang='lat' dir='ltr'>ab</span> <span class='ocrx_word' id='word_1_327' title='bbox 799 1398 847 1423; x_wconf 92' lang='lat' dir='ltr'>eo</span> <span class='ocrx_word' id='word_1_328' title='bbox 866 1386 974 1436; x_wconf 90' lang='lat' dir='ltr'>quod</span> <span class='ocrx_word' id='word_1_329' title='bbox 1001 1394 1057 1423; x_wconf 93' lang='lat' dir='ltr'>est</span> <span class='ocrx_word' id='word_1_330' title='bbox 1075 1399 1146 1437; x_wconf 90' lang='lat' dir='ltr'>per</span> <span class='ocrx_word' id='word_1_331' title='bbox 1164 1399 1204 1424; x_wconf 93' lang='lat' dir='ltr'>se</span> <span class='ocrx_word' id='word_1_332' title='bbox 1224 1400 1341 1426; x_wconf 89' lang='lat' dir='ltr'>causa</span> <span class='ocrx_word' id='word_1_333' title='bbox 1355 1405 1382 1420; x_wconf 63' lang='grc' dir='ltr'>ιο</span> <span class='ocrx_word' id='word_1_334' title='bbox 1395 1387 1573 1426; x_wconf 86' lang='lat' dir='ltr'>ultimam</span> <span class='ocrx_word' id='word_1_335' title='bbox 1592 1388 1623 1425; x_wconf 86' lang='grc'>*.</span> 
     </span>
    </p>
   </div>
   <div class='ocr_carea' id='block_1_13' title="bbox 966 1468 1105 1472">
    <p class='ocr_par' dir='ltr' id='par_1_13' title="bbox 966 1468 1105 1472">
     <span class='ocr_line' id='line_1_38' title="bbox 966 1468 1105 1472; baseline 0 0"><span class='ocrx_word' id='word_1_336' title='bbox 966 1468 1105 1472; x_wconf 95' lang='lat' dir='ltr'> </span> 
     </span>
    </p>
   </div>
   <div class='ocr_carea' id='block_1_14' title="bbox 1107 1468 1203 1472">
    <p class='ocr_par' dir='ltr' id='par_1_14' title="bbox 1107 1468 1203 1472">
     <span class='ocr_line' id='line_1_39' title="bbox 1107 1468 1203 1472; baseline 0 0"><span class='ocrx_word' id='word_1_337' title='bbox 1107 1468 1203 1472; x_wconf 95' lang='lat' dir='ltr'> </span> 
     </span>
    </p>
   </div>
   <div class='ocr_carea' id='block_1_15' title="bbox 1215 1469 1338 1472">
    <p class='ocr_par' dir='ltr' id='par_1_15' title="bbox 1215 1469 1338 1472">
     <span class='ocr_line' id='line_1_40' title="bbox 1215 1469 1338 1472; baseline 0 0"><span class='ocrx_word' id='word_1_338' title='bbox 1215 1469 1338 1472; x_wconf 95' lang='lat' dir='ltr'> </span> 
     </span>
    </p>
   </div>
   <div class='ocr_carea' id='block_1_16' title="bbox 269 1503 963 1574">
    <p class='ocr_par' dir='ltr' id='par_1_16' title="bbox 269 1503 963 1574">
     <span class='ocr_line' id='line_1_41' title="bbox 269 1503 963 1568; baseline -0.003 -37"><span class='ocrx_word' id='word_1_339' title='bbox 269 1513 357 1568; x_wconf 77' lang='grc' dir='ltr'>ΕΧιο</span> <span class='ocrx_word' id='word_1_340' title='bbox 375 1513 428 1531; x_wconf 88' lang='lat' dir='ltr'>non</span> <span class='ocrx_word' id='word_1_341' title='bbox 446 1505 502 1538; x_wconf 81' lang='lat' dir='ltr'>fuit]</span> <span class='ocrx_word' id='word_1_342' title='bbox 523 1512 575 1530; x_wconf 89' lang='lat' dir='ltr'>non</span> <span class='ocrx_word' id='word_1_343' title='bbox 594 1504 670 1530; x_wconf 88' lang='lat' dir='ltr'>fuerit</span> <span class='ocrx_word' id='word_1_344' title='bbox 688 1505 731 1535; x_wconf 78' lang='lat' dir='ltr'>Pe,</span> <span class='ocrx_word' id='word_1_345' title='bbox 750 1505 797 1530; x_wconf 85' lang='lat' dir='ltr'>fuit</span> <span class='ocrx_word' id='word_1_346' title='bbox 815 1512 868 1530; x_wconf 87' lang='lat' dir='ltr'>non</span> <span class='ocrx_word' id='word_1_347' title='bbox 887 1503 916 1530; x_wconf 78' lang='lat' dir='ltr'>fit</span> <span class='ocrx_word' id='word_1_348' title='bbox 933 1505 963 1529; x_wconf 92' lang='lat' dir='ltr'>Z.</span> 
     </span>
     <span class='ocr_line' id='line_1_42' title="bbox 321 1562 327 1574; baseline 0 0"><span class='ocrx_word' id='word_1_349' title='bbox 321 1562 327 1574; x_wconf 77' lang='lat'><strong><em>‚</em></strong></span> 
     </span>
    </p>
   </div>
   <div class='ocr_carea' id='block_1_17' title="bbox 1051 1504 1530 1538">
    <p class='ocr_par' dir='ltr' id='par_1_17' title="bbox 1051 1504 1530 1538">
     <span class='ocr_line' id='line_1_43' title="bbox 1051 1504 1530 1538; baseline 0.002 -9"><span class='ocrx_word' id='word_1_350' title='bbox 1051 1511 1080 1529; x_wconf 84' lang='lat'>11</span> <span class='ocrx_word' id='word_1_351' title='bbox 1104 1509 1130 1529; x_wconf 87' lang='lat' dir='ltr'>et</span> <span class='ocrx_word' id='word_1_352' title='bbox 1148 1504 1251 1538; x_wconf 85' lang='lat' dir='ltr'>nigrum</span> <span class='ocrx_word' id='word_1_353' title='bbox 1271 1506 1294 1529; x_wconf 82' lang='grc' dir='ltr'><strong>Α</strong></span> <span class='ocrx_word' id='word_1_354' title='bbox 1311 1505 1396 1534; x_wconf 59' lang='lat' dir='ltr'>solnm</span> <span class='ocrx_word' id='word_1_355' title='bbox 1416 1505 1530 1537; x_wconf 83' lang='lat' dir='ltr'>nigrum.</span> 
     </span>
    </p>
   </div>
   <div class='ocr_carea' id='block_1_18' title="bbox 1618 1503 2475 1539">
    <p class='ocr_par' dir='ltr' id='par_1_18' title="bbox 1618 1503 2475 1539">
     <span class='ocr_line' id='line_1_44' title="bbox 1618 1503 2475 1539; baseline 0.001 -9"><span class='ocrx_word' id='word_1_356' title='bbox 1618 1504 1650 1530; x_wconf 82' lang='lat'>15</span> <span class='ocrx_word' id='word_1_357' title='bbox 1670 1503 1699 1529; x_wconf 84' lang='lat' dir='ltr'>fit</span> <span class='ocrx_word' id='word_1_358' title='bbox 1713 1508 1777 1537; x_wconf 78' lang='lat' dir='ltr'>post</span> <span class='ocrx_word' id='word_1_359' title='bbox 1796 1512 1842 1538; x_wconf 77' lang='lat' dir='ltr'>per</span> <span class='ocrx_word' id='word_1_360' title='bbox 1860 1513 1890 1530; x_wconf 78' lang='lat' dir='ltr'>se</span> <span class='ocrx_word' id='word_1_361' title='bbox 1909 1505 2019 1531; x_wconf 60' lang='lat' dir='ltr'>saxee.</span> <span class='ocrx_word' id='word_1_362' title='bbox 2103 1512 2136 1530; x_wconf 83' lang='lat'>20</span> <span class='ocrx_word' id='word_1_363' title='bbox 2155 1505 2227 1539; x_wconf 82' lang='lat' dir='ltr'>quod</span> <span class='ocrx_word' id='word_1_364' title='bbox 2245 1505 2278 1531; x_wconf 86' lang='lat' dir='ltr'>ab</span> <span class='ocrx_word' id='word_1_365' title='bbox 2297 1513 2330 1530; x_wconf 87' lang='lat' dir='ltr'>eo</span> <span class='ocrx_word' id='word_1_366' title='bbox 2341 1506 2414 1538; x_wconf 86' lang='lat' dir='ltr'>quod</span> <span class='ocrx_word' id='word_1_367' title='bbox 2433 1510 2475 1531; x_wconf 70' lang='lat' dir='ltr'>est</span> 
     </span>
    </p>
   </div>
   <div class='ocr_carea' id='block_1_19' title="bbox 347 1539 2473 1575">
    <p class='ocr_par' dir='ltr' id='par_1_19' title="bbox 347 1539 2473 1575">
     <span class='ocr_line' id='line_1_45' title="bbox 347 1539 2473 1575; baseline 0 -8"><span class='ocrx_word' id='word_1_368' title='bbox 347 1542 418 1575; x_wconf 86' lang='lat' dir='ltr'>quod</span> <span class='ocrx_word' id='word_1_369' title='bbox 438 1541 469 1566; x_wconf 89' lang='lat' dir='ltr'>ab</span> <span class='ocrx_word' id='word_1_370' title='bbox 489 1549 521 1566; x_wconf 86' lang='lat' dir='ltr'>eo</span> <span class='ocrx_word' id='word_1_371' title='bbox 540 1541 646 1574; x_wconf 86' lang='lat' dir='ltr'>quidem</span> <span class='ocrx_word' id='word_1_372' title='bbox 665 1545 707 1566; x_wconf 83' lang='lat' dir='ltr'>est</span> <span class='ocrx_word' id='word_1_373' title='bbox 724 1547 764 1572; x_wconf 75' lang='lat' dir='ltr'>ac,</span> <span class='ocrx_word' id='word_1_374' title='bbox 784 1541 856 1574; x_wconf 90' lang='lat' dir='ltr'>quod</span> <span class='ocrx_word' id='word_1_375' title='bbox 873 1540 906 1566; x_wconf 80' lang='lat' dir='ltr'>ab</span> <span class='ocrx_word' id='word_1_376' title='bbox 925 1548 958 1566; x_wconf 87' lang='lat' dir='ltr'>eo</span> <span class='ocrx_word' id='word_1_377' title='bbox 977 1540 1021 1573; x_wconf 89' lang='lat' dir='ltr'>qui</span> <span class='ocrx_word' id='word_1_378' title='bbox 1041 1546 1081 1566; x_wconf 84' lang='lat' dir='ltr'>est</span> <span class='ocrx_word' id='word_1_379' title='bbox 1099 1540 1184 1572; x_wconf 75' lang='lat' dir='ltr'>wa,</span> <span class='ocrx_word' id='word_1_380' title='bbox 1203 1541 1275 1574; x_wconf 85' lang='lat' dir='ltr'>quod</span> <span class='ocrx_word' id='word_1_381' title='bbox 1294 1539 1343 1566; x_wconf 82' lang='lat' dir='ltr'>hoc</span> <span class='ocrx_word' id='word_1_382' title='bbox 1361 1540 1394 1566; x_wconf 79' lang='lat' dir='ltr'>sit</span> <span class='ocrx_word' id='word_1_383' title='bbox 1413 1540 1446 1566; x_wconf 85' lang='lat' dir='ltr'>ab</span> <span class='ocrx_word' id='word_1_384' title='bbox 1464 1548 1496 1566; x_wconf 86' lang='lat' dir='ltr'>eo</span> <span class='ocrx_word' id='word_1_385' title='bbox 1515 1541 1560 1574; x_wconf 88' lang='lat' dir='ltr'>qui</span> <span class='ocrx_word' id='word_1_386' title='bbox 1579 1546 1620 1566; x_wconf 79' lang='lat' dir='ltr'>est</span> <span class='ocrx_word' id='word_1_387' title='bbox 1639 1541 1670 1572; x_wconf 90' lang='lat' dir='ltr'>D,</span> <span class='ocrx_word' id='word_1_388' title='bbox 1689 1541 1760 1574; x_wconf 82' lang='lat' dir='ltr'>quod</span> <span class='ocrx_word' id='word_1_389' title='bbox 1779 1539 1823 1566; x_wconf 84' lang='lat' dir='ltr'>fiat</span> <span class='ocrx_word' id='word_1_390' title='bbox 1841 1541 1874 1566; x_wconf 78' lang='lat' dir='ltr'>ab</span> <span class='ocrx_word' id='word_1_391' title='bbox 1893 1548 1925 1566; x_wconf 88' lang='lat' dir='ltr'>eo</span> <span class='ocrx_word' id='word_1_392' title='bbox 1943 1542 1988 1574; x_wconf 89' lang='lat' dir='ltr'>qui</span> <span class='ocrx_word' id='word_1_393' title='bbox 2007 1546 2048 1566; x_wconf 76' lang='lat' dir='ltr'>est</span> <span class='ocrx_word' id='word_1_394' title='bbox 2066 1541 2098 1572; x_wconf 98' lang='lat' dir='ltr'>N,</span> <span class='ocrx_word' id='word_1_395' title='bbox 2117 1541 2190 1575; x_wconf 88' lang='lat' dir='ltr'>quod</span> <span class='ocrx_word' id='word_1_396' title='bbox 2207 1540 2258 1567; x_wconf 87' lang='lat' dir='ltr'>hoc</span> <span class='ocrx_word' id='word_1_397' title='bbox 2275 1540 2320 1567; x_wconf 77' lang='lat' dir='ltr'>fiat</span> <span class='ocrx_word' id='word_1_398' title='bbox 2331 1541 2364 1566; x_wconf 76' lang='lat' dir='ltr'>ab</span> <span class='ocrx_word' id='word_1_399' title='bbox 2377 1548 2410 1567; x_wconf 87' lang='lat' dir='ltr'>eo</span> <span class='ocrx_word' id='word_1_400' title='bbox 2429 1540 2473 1575; x_wconf 77' lang='lat' dir='ltr'>(ab</span> 
     </span>
    </p>
   </div>
   <div class='ocr_carea' id='block_1_20' title="bbox 269 1576 1516 1610">
    <p class='ocr_par' dir='ltr' id='par_1_20' title="bbox 269 1576 1516 1610">
     <span class='ocr_line' id='line_1_46' title="bbox 269 1576 1516 1610; baseline -0.002 -7"><span class='ocrx_word' id='word_1_401' title='bbox 269 1586 300 1603; x_wconf 88' lang='lat' dir='ltr'>eo</span> <span class='ocrx_word' id='word_1_402' title='bbox 319 1576 363 1603; x_wconf 85' lang='lat' dir='ltr'>fiat</span> <span class='ocrx_word' id='word_1_403' title='bbox 381 1578 411 1610; x_wconf 91' lang='lat' dir='ltr'>Z)</span> <span class='ocrx_word' id='word_1_404' title='bbox 431 1577 501 1610; x_wconf 90' lang='lat' dir='ltr'>quod</span> <span class='ocrx_word' id='word_1_405' title='bbox 521 1582 561 1602; x_wconf 81' lang='lat' dir='ltr'>est</span> <span class='ocrx_word' id='word_1_406' title='bbox 578 1576 632 1607; x_wconf 84' lang='lat' dir='ltr'>YZ,</span> <span class='ocrx_word' id='word_1_407' title='bbox 652 1576 724 1610; x_wconf 88' lang='lat' dir='ltr'>quod</span> <span class='ocrx_word' id='word_1_408' title='bbox 743 1576 774 1601; x_wconf 88' lang='lat' dir='ltr'>ab</span> <span class='ocrx_word' id='word_1_409' title='bbox 794 1584 827 1601; x_wconf 88' lang='lat' dir='ltr'>eo</span> <span class='ocrx_word' id='word_1_410' title='bbox 846 1577 890 1610; x_wconf 87' lang='lat' dir='ltr'>qui</span> <span class='ocrx_word' id='word_1_411' title='bbox 910 1581 951 1601; x_wconf 80' lang='lat' dir='ltr'>est</span> <span class='ocrx_word' id='word_1_412' title='bbox 969 1576 1027 1609; x_wconf 87' lang='lat' dir='ltr'>(per</span> <span class='ocrx_word' id='word_1_413' title='bbox 1045 1583 1075 1601; x_wconf 84' lang='lat' dir='ltr'>se</span> <span class='ocrx_word' id='word_1_414' title='bbox 1093 1583 1171 1601; x_wconf 83' lang='lat' dir='ltr'>causa</span> <span class='ocrx_word' id='word_1_415' title='bbox 1190 1576 1305 1608; x_wconf 78' lang='lat' dir='ltr'>essendi)</span> <span class='ocrx_word' id='word_1_416' title='bbox 1325 1576 1449 1609; x_wconf 86' lang='lat' dir='ltr'>procedat</span> <span class='ocrx_word' id='word_1_417' title='bbox 1467 1576 1516 1601; x_wconf 72' lang='lat' dir='ltr'>Pa.</span> 
     </span>
    </p>
   </div>
   <div class='ocr_carea' id='block_1_21' title="bbox 268 1612 1144 1716">
    <p class='ocr_par' dir='ltr' id='par_1_21' title="bbox 268 1612 1144 1716">
     <span class='ocr_line' id='line_1_47' title="bbox 324 1612 777 1643; baseline -0.002 -5"><span class='ocrx_word' id='word_1_418' title='bbox 324 1612 338 1638; x_wconf 78' lang='lat'>3</span> <span class='ocrx_word' id='word_1_419' title='bbox 358 1612 507 1638; x_wconf 83' lang='lat' dir='ltr'>huiusmodi</span> <span class='ocrx_word' id='word_1_420' title='bbox 526 1613 583 1643; x_wconf 86' lang='grc' dir='ltr'>ΝΖ;</span> <span class='ocrx_word' id='word_1_421' title='bbox 603 1617 644 1638; x_wconf 81' lang='lat' dir='ltr'>est</span> <span class='ocrx_word' id='word_1_422' title='bbox 661 1612 777 1637; x_wconf 80' lang='lat' dir='ltr'>addunt.</span> 
     </span>
     <span class='ocr_line' id='line_1_48' title="bbox 268 1648 973 1679; baseline -0.001 -5"><span class='ocrx_word' id='word_1_423' title='bbox 268 1649 387 1679; x_wconf 87' lang='lat' dir='ltr'>EGWX;</span> <span class='ocrx_word' id='word_1_424' title='bbox 406 1656 438 1674; x_wconf 89' lang='lat' dir='ltr'>ex</span> <span class='ocrx_word' id='word_1_425' title='bbox 456 1656 509 1673; x_wconf 83' lang='lat' dir='ltr'>non</span> <span class='ocrx_word' id='word_1_426' title='bbox 528 1654 596 1674; x_wconf 84' lang='lat' dir='ltr'>ente.</span> <span class='ocrx_word' id='word_1_427' title='bbox 687 1648 704 1673; x_wconf 83' lang='lat'>6</span> <span class='ocrx_word' id='word_1_428' title='bbox 723 1649 757 1673; x_wconf 85' lang='lat' dir='ltr'>sit</span> <span class='ocrx_word' id='word_1_429' title='bbox 773 1655 860 1673; x_wconf 88' lang='lat' dir='ltr'>creare</span> <span class='ocrx_word' id='word_1_430' title='bbox 878 1655 922 1673; x_wconf 86' lang='lat' dir='ltr'>om</span> <span class='ocrx_word' id='word_1_431' title='bbox 942 1648 973 1673; x_wconf 88' lang='lat' dir='ltr'>D.</span> 
     </span>
     <span class='ocr_line' id='line_1_49' title="bbox 269 1682 1144 1716; baseline -0.002 -6"><span class='ocrx_word' id='word_1_432' title='bbox 269 1685 354 1710; x_wconf 87' lang='lat' dir='ltr'>cundo</span> <span class='ocrx_word' id='word_1_433' title='bbox 372 1684 438 1710; x_wconf 89' lang='lat' dir='ltr'>libro</span> <span class='ocrx_word' id='word_1_434' title='bbox 457 1692 506 1709; x_wconf 86' lang='lat' dir='ltr'>suo</span> <span class='ocrx_word' id='word_1_435' title='bbox 525 1683 571 1709; x_wconf 82' lang='grc' dir='ltr'>ΝΥ</span> <span class='ocrx_word' id='word_1_436' title='bbox 590 1688 616 1709; x_wconf 83' lang='lat' dir='ltr'>et</span> <span class='ocrx_word' id='word_1_437' title='bbox 635 1684 692 1709; x_wconf 83' lang='lat' dir='ltr'>sine</span> <span class='ocrx_word' id='word_1_438' title='bbox 711 1691 760 1708; x_wconf 85' lang='lat' dir='ltr'>suo</span> <span class='ocrx_word' id='word_1_439' title='bbox 779 1683 807 1708; x_wconf 89' lang='grc' dir='ltr'>Ρ.</span> <span class='ocrx_word' id='word_1_440' title='bbox 900 1683 932 1708; x_wconf 79' lang='lat'>¹3</span> <span class='ocrx_word' id='word_1_441' title='bbox 952 1683 986 1716; x_wconf 88' lang='lat' dir='ltr'>hi]</span> <span class='ocrx_word' id='word_1_442' title='bbox 1007 1682 1048 1708; x_wconf 81' lang='lat' dir='ltr'>his</span> <span class='ocrx_word' id='word_1_443' title='bbox 1066 1683 1144 1708; x_wconf 82' lang='lat' dir='ltr'>BFH.</span> 
     </span>
    </p>
   </div>
   <div class='ocr_carea' id='block_1_22' title="bbox 867 1611 2474 1716">
    <p class='ocr_par' dir='ltr' id='par_1_22' title="bbox 867 1611 2474 1716">
     <span class='ocr_line' id='line_1_50' title="bbox 867 1611 2177 1646; baseline 0 -9"><span class='ocrx_word' id='word_1_444' title='bbox 867 1619 885 1644; x_wconf 79' lang='lat'><strong>4</strong></span> <span class='ocrx_word' id='word_1_445' title='bbox 903 1611 982 1637; x_wconf 84' lang='lat' dir='ltr'>huius</span> <span class='ocrx_word' id='word_1_446' title='bbox 1000 1619 1061 1637; x_wconf 79' lang='lat' dir='ltr'>esse</span> <span class='ocrx_word' id='word_1_447' title='bbox 1079 1612 1103 1636; x_wconf 82' lang='grc' dir='ltr'>Α</span> <span class='ocrx_word' id='word_1_448' title='bbox 1115 1612 1201 1642; x_wconf 54' lang='lat' dir='ltr'>solun</span> <span class='ocrx_word' id='word_1_449' title='bbox 1219 1611 1271 1637; x_wconf 87' lang='lat' dir='ltr'>hoc</span> <span class='ocrx_word' id='word_1_450' title='bbox 1289 1619 1349 1637; x_wconf 74' lang='lat' dir='ltr'>esse</span> <span class='ocrx_word' id='word_1_451' title='bbox 1366 1619 1426 1637; x_wconf 78' lang='lat' dir='ltr'>cum</span> <span class='ocrx_word' id='word_1_452' title='bbox 1446 1613 1487 1644; x_wconf 81' lang='grc' dir='ltr'>ρΑ</span> <span class='ocrx_word' id='word_1_453' title='bbox 1507 1611 1567 1636; x_wconf 90' lang='lat' dir='ltr'>GW</span> <span class='ocrx_word' id='word_1_454' title='bbox 1585 1615 1612 1637; x_wconf 75' lang='lat' dir='ltr'>et</span> <span class='ocrx_word' id='word_1_455' title='bbox 1631 1619 1727 1646; x_wconf 81' lang='lat' dir='ltr'>margo</span> <span class='ocrx_word' id='word_1_456' title='bbox 1746 1613 1779 1643; x_wconf 91' lang='lat' dir='ltr'>N,</span> <span class='ocrx_word' id='word_1_457' title='bbox 1797 1620 1851 1638; x_wconf 88' lang='lat' dir='ltr'>non</span> <span class='ocrx_word' id='word_1_458' title='bbox 1869 1613 1922 1643; x_wconf 84' lang='grc' dir='ltr'>ΝΡ,</span> <span class='ocrx_word' id='word_1_459' title='bbox 1942 1620 1995 1637; x_wconf 88' lang='lat' dir='ltr'>non</span> <span class='ocrx_word' id='word_1_460' title='bbox 2012 1619 2074 1638; x_wconf 77' lang='lat' dir='ltr'>esse</span> <span class='ocrx_word' id='word_1_461' title='bbox 2085 1612 2177 1638; x_wconf 77' lang='lat' dir='ltr'>ceteri.</span> 
     </span>
     <span class='ocr_line' id='line_1_51' title="bbox 1066 1647 2474 1682; baseline 0.001 -10"><span class='ocrx_word' id='word_1_462' title='bbox 1066 1654 1094 1673; x_wconf 91' lang='grc' dir='ltr'>ιι</span> <span class='ocrx_word' id='word_1_463' title='bbox 1117 1648 1143 1673; x_wconf 87' lang='lat' dir='ltr'>in</span> <span class='ocrx_word' id='word_1_464' title='bbox 1162 1648 1280 1673; x_wconf 78' lang='lat' dir='ltr'>secundo</span> <span class='ocrx_word' id='word_1_465' title='bbox 1298 1648 1338 1673; x_wconf 73' lang='lat' dir='ltr'>sui</span> <span class='ocrx_word' id='word_1_466' title='bbox 1356 1647 1423 1681; x_wconf 79' lang='lat' dir='ltr'>libri]</span> <span class='ocrx_word' id='word_1_467' title='bbox 1447 1647 1474 1672; x_wconf 83' lang='lat' dir='ltr'>in</span> <span class='ocrx_word' id='word_1_468' title='bbox 1492 1649 1611 1673; x_wconf 78' lang='lat' dir='ltr'>secundo</span> <span class='ocrx_word' id='word_1_469' title='bbox 1629 1648 1670 1673; x_wconf 79' lang='lat' dir='ltr'>sui</span> <span class='ocrx_word' id='word_1_470' title='bbox 1689 1648 1766 1681; x_wconf 80' lang='lat' dir='ltr'>primi</span> <span class='ocrx_word' id='word_1_471' title='bbox 1784 1648 1842 1674; x_wconf 85' lang='lat' dir='ltr'>libri</span> <span class='ocrx_word' id='word_1_472' title='bbox 1861 1649 1938 1674; x_wconf 74' lang='lat' dir='ltr'>aXcd</span> <span class='ocrx_word' id='word_1_473' title='bbox 1956 1651 1983 1674; x_wconf 76' lang='lat' dir='ltr'>et</span> <span class='ocrx_word' id='word_1_474' title='bbox 2005 1648 2136 1674; x_wconf 73' lang='lat' dir='ltr'>mutando</span> <span class='ocrx_word' id='word_1_475' title='bbox 2160 1648 2237 1682; x_wconf 82' lang='lat' dir='ltr'>primi</span> <span class='ocrx_word' id='word_1_476' title='bbox 2255 1648 2296 1673; x_wconf 82' lang='lat' dir='ltr'>sui</span> <span class='ocrx_word' id='word_1_477' title='bbox 2315 1648 2368 1679; x_wconf 85' lang='lat' dir='ltr'>Dz,</span> <span class='ocrx_word' id='word_1_478' title='bbox 2387 1648 2414 1673; x_wconf 84' lang='lat' dir='ltr'>in</span> <span class='ocrx_word' id='word_1_479' title='bbox 2430 1655 2474 1674; x_wconf 72' lang='grc' dir='ltr'>ιο-</span> 
     </span>
     <span class='ocr_line' id='line_1_52' title="bbox 1235 1681 1841 1716; baseline 0.002 -8"><span class='ocrx_word' id='word_1_480' title='bbox 1235 1682 1305 1716; x_wconf 83' lang='lat' dir='ltr'>sunt]</span> <span class='ocrx_word' id='word_1_481' title='bbox 1325 1681 1369 1708; x_wconf 83' lang='lat' dir='ltr'>filii</span> <span class='ocrx_word' id='word_1_482' title='bbox 1387 1683 1494 1709; x_wconf 81' lang='lat' dir='ltr'>addunt</span> <span class='ocrx_word' id='word_1_483' title='bbox 1513 1683 1536 1708; x_wconf 91' lang='lat' dir='ltr'>D</span> <span class='ocrx_word' id='word_1_484' title='bbox 1555 1687 1581 1709; x_wconf 85' lang='lat' dir='ltr'>et</span> <span class='ocrx_word' id='word_1_485' title='bbox 1596 1687 1660 1716; x_wconf 77' lang='lat' dir='ltr'>post</span> <span class='ocrx_word' id='word_1_486' title='bbox 1679 1683 1774 1709; x_wconf 80' lang='lat' dir='ltr'>diaboli</span> <span class='ocrx_word' id='word_1_487' title='bbox 1793 1684 1841 1709; x_wconf 71' lang='lat' dir='ltr'>Pa.</span> 
     </span>
    </p>
   </div>
   <div class='ocr_carea' id='block_1_23' title="bbox 2269 1611 2474 1638">
    <p class='ocr_par' dir='ltr' id='par_1_23' title="bbox 2269 1611 2474 1638">
     <span class='ocr_line' id='line_1_53' title="bbox 2269 1611 2474 1638; baseline 0 0"><span class='ocrx_word' id='word_1_488' title='bbox 2269 1611 2282 1638; x_wconf 90' lang='grc'>5</span> <span class='ocrx_word' id='word_1_489' title='bbox 2303 1617 2474 1638; x_wconf 75' lang='lat' dir='ltr'>nonexeme</span> 
     </span>
    </p>
   </div>
   <div class='ocr_carea' id='block_1_24' title="bbox 1934 1684 2318 1716">
    <p class='ocr_par' dir='ltr' id='par_1_24' title="bbox 1934 1684 2318 1716">
     <span class='ocr_line' id='line_1_54' title="bbox 1934 1684 2318 1716; baseline 0 -7"><span class='ocrx_word' id='word_1_490' title='bbox 1934 1691 1967 1716; x_wconf 79' lang='lat'>¹4</span> <span class='ocrx_word' id='word_1_491' title='bbox 1986 1684 2055 1709; x_wconf 83' lang='lat' dir='ltr'>enirn</span> <span class='ocrx_word' id='word_1_492' title='bbox 2074 1691 2118 1710; x_wconf 87' lang='lat' dir='ltr'>om</span> <span class='ocrx_word' id='word_1_493' title='bbox 2137 1692 2163 1715; x_wconf 77' lang='lat' dir='ltr'>a,</span> <span class='ocrx_word' id='word_1_494' title='bbox 2182 1689 2270 1710; x_wconf 85' lang='lat' dir='ltr'>autem</span> <span class='ocrx_word' id='word_1_495' title='bbox 2289 1684 2318 1709; x_wconf 86' lang='lat' dir='ltr'>Z.</span> 
     </span>
    </p>
   </div>
   <div class='ocr_carea' id='block_1_25' title="bbox 1037 1761 1710 1795">
    <p class='ocr_par' dir='ltr' id='par_1_25' title="bbox 1037 1761 1710 1795">
     <span class='ocr_line' id='line_1_55' title="bbox 1037 1761 1710 1795; baseline 0 0"><span class='ocrx_word' id='word_1_496' title='bbox 1037 1761 1374 1795; x_wconf 65' lang='lat' dir='ltr'>Commentario.</span> <span class='ocrx_word' id='word_1_497' title='bbox 1398 1762 1710 1795; x_wconf 74' lang='lat' dir='ltr'>Fert-ariensis</span> 
     </span>
    </p>
   </div>
   <div class='ocr_carea' id='block_1_26' title="bbox 264 1842 1343 3708">
    <p class='ocr_par' dir='ltr' id='par_1_26' title="bbox 269 1842 1339 1921">
     <span class='ocr_line' id='line_1_56' title="bbox 309 1842 1339 1883; baseline -0.004 -8"><span class='ocrx_word' id='word_1_498' title='bbox 309 1854 433 1876; x_wconf 68' lang='lat' dir='ltr'>acuum</span> <span class='ocrx_word' id='word_1_499' title='bbox 457 1843 625 1874; x_wconf 87' lang='lat' dir='ltr'>conclusio</span> <span class='ocrx_word' id='word_1_500' title='bbox 642 1844 658 1859; x_wconf 47' lang='grc' dir='ltr'><strong>ἕ</strong></span> <span class='ocrx_word' id='word_1_501' title='bbox 680 1848 741 1873; x_wconf 89' lang='lat' dir='ltr'>est:</span> <span class='ocrx_word' id='word_1_502' title='bbox 770 1842 901 1873; x_wconf 82' lang='lat' dir='ltr'>Creatio</span> <span class='ocrx_word' id='word_1_503' title='bbox 927 1848 973 1873; x_wconf 84' lang='lat' dir='ltr'>est</span> <span class='ocrx_word' id='word_1_504' title='bbox 990 1842 1131 1883; x_wconf 82' lang='lat' dir='ltr'>propria</span> <span class='ocrx_word' id='word_1_505' title='bbox 1156 1842 1220 1872; x_wconf 86' lang='lat' dir='ltr'>Dei</span> <span class='ocrx_word' id='word_1_506' title='bbox 1243 1842 1339 1878; x_wconf 86' lang='lat' dir='ltr'>actio,</span> 
     </span>
     <span class='ocr_line' id='line_1_57' title="bbox 269 1857 767 1921; baseline -0.002 -2"><span class='ocrx_word' id='word_1_507' title='bbox 269 1857 340 1921; x_wconf 76' lang='lat' dir='ltr'>Set</span> <span class='ocrx_word' id='word_1_508' title='bbox 362 1889 464 1920; x_wconf 82' lang='lat' dir='ltr'>solius</span> <span class='ocrx_word' id='word_1_509' title='bbox 488 1888 550 1918; x_wconf 88' lang='lat' dir='ltr'>Dei</span> <span class='ocrx_word' id='word_1_510' title='bbox 575 1893 621 1918; x_wconf 88' lang='lat' dir='ltr'>est</span> <span class='ocrx_word' id='word_1_511' title='bbox 644 1896 767 1918; x_wconf 85' lang='lat' dir='ltr'>creare.</span> 
     </span>
    </p>

    <p class='ocr_par' dir='ltr' id='par_1_27' title="bbox 264 1931 1340 2240">
     <span class='ocr_line' id='line_1_58' title="bbox 322 1931 1339 1972; baseline -0.004 -8"><span class='ocrx_word' id='word_1_512' title='bbox 322 1934 344 1964; x_wconf 93' lang='lat'>1.</span> <span class='ocrx_word' id='word_1_513' title='bbox 369 1933 533 1964; x_wconf 84' lang='lat' dir='ltr'>Probatur</span> <span class='ocrx_word' id='word_1_514' title='bbox 549 1932 670 1972; x_wconf 84' lang='lat' dir='ltr'>primo.</span> <span class='ocrx_word' id='word_1_515' title='bbox 695 1931 800 1962; x_wconf 88' lang='lat' dir='ltr'>Prima</span> <span class='ocrx_word' id='word_1_516' title='bbox 824 1931 908 1962; x_wconf 87' lang='lat' dir='ltr'>actio</span> <span class='ocrx_word' id='word_1_517' title='bbox 933 1936 979 1961; x_wconf 87' lang='lat' dir='ltr'>est</span> <span class='ocrx_word' id='word_1_518' title='bbox 1003 1931 1098 1971; x_wconf 90' lang='lat' dir='ltr'>primi</span> <span class='ocrx_word' id='word_1_519' title='bbox 1121 1931 1244 1970; x_wconf 86' lang='lat' dir='ltr'>agentis</span> <span class='ocrx_word' id='word_1_520' title='bbox 1264 1939 1339 1971; x_wconf 89' lang='lat' dir='ltr'>pro-</span> 
     </span>
     <span class='ocr_line' id='line_1_59' title="bbox 265 1975 1338 2019; baseline -0.004 -10"><span class='ocrx_word' id='word_1_521' title='bbox 265 1979 344 2019; x_wconf 85' lang='lat' dir='ltr'>pria.</span> <span class='ocrx_word' id='word_1_522' title='bbox 369 1977 432 2009; x_wconf 90' lang='lat' dir='ltr'>Sed</span> <span class='ocrx_word' id='word_1_523' title='bbox 456 1978 575 2008; x_wconf 87' lang='lat' dir='ltr'>creatio</span> <span class='ocrx_word' id='word_1_524' title='bbox 600 1982 647 2007; x_wconf 91' lang='lat' dir='ltr'>est</span> <span class='ocrx_word' id='word_1_525' title='bbox 671 1977 774 2016; x_wconf 89' lang='lat' dir='ltr'>prima</span> <span class='ocrx_word' id='word_1_526' title='bbox 804 1977 899 2006; x_wconf 90' lang='lat' dir='ltr'>actio.</span> <span class='ocrx_word' id='word_1_527' title='bbox 931 1975 1018 2015; x_wconf 84' lang='lat' dir='ltr'>Ergo</span> <span class='ocrx_word' id='word_1_528' title='bbox 1042 1981 1090 2005; x_wconf 90' lang='lat' dir='ltr'>est</span> <span class='ocrx_word' id='word_1_529' title='bbox 1113 1975 1243 2015; x_wconf 89' lang='lat' dir='ltr'>propria</span> <span class='ocrx_word' id='word_1_530' title='bbox 1267 1975 1338 2011; x_wconf 87' lang='lat' dir='ltr'>Dei,</span> 
     </span>
     <span class='ocr_line' id='line_1_60' title="bbox 266 2018 1340 2064; baseline -0.005 -10"><span class='ocrx_word' id='word_1_531' title='bbox 266 2024 322 2064; x_wconf 88' lang='lat' dir='ltr'>qui</span> <span class='ocrx_word' id='word_1_532' title='bbox 346 2028 393 2053; x_wconf 88' lang='lat' dir='ltr'>est</span> <span class='ocrx_word' id='word_1_533' title='bbox 416 2022 558 2062; x_wconf 87' lang='lat' dir='ltr'>primum</span> <span class='ocrx_word' id='word_1_534' title='bbox 582 2030 690 2061; x_wconf 87' lang='lat' dir='ltr'>agens.</span> <span class='ocrx_word' id='word_1_535' title='bbox 706 2038 729 2043; x_wconf 89' lang='lat'>-</span> <span class='ocrx_word' id='word_1_536' title='bbox 744 2021 835 2051; x_wconf 83' lang='lat' dir='ltr'>Patet</span> <span class='ocrx_word' id='word_1_537' title='bbox 849 2020 970 2050; x_wconf 87' lang='lat' dir='ltr'>maior:</span> <span class='ocrx_word' id='word_1_538' title='bbox 994 2020 1070 2061; x_wconf 91' lang='lat' dir='ltr'>quia</span> <span class='ocrx_word' id='word_1_539' title='bbox 1090 2018 1271 2050; x_wconf 89' lang='lat' dir='ltr'>secundum</span> <span class='ocrx_word' id='word_1_540' title='bbox 1288 2029 1340 2050; x_wconf 91' lang='lat' dir='ltr'>or-</span> 
     </span>
     <span class='ocr_line' id='line_1_61' title="bbox 265 2063 1340 2108; baseline -0.005 -9"><span class='ocrx_word' id='word_1_541' title='bbox 265 2068 374 2099; x_wconf 85' lang='lat' dir='ltr'>dinem</span> <span class='ocrx_word' id='word_1_542' title='bbox 397 2067 562 2108; x_wconf 81' lang='lat' dir='ltr'>agentium</span> <span class='ocrx_word' id='word_1_543' title='bbox 586 2070 717 2107; x_wconf 86' lang='lat' dir='ltr'>oportet</span> <span class='ocrx_word' id='word_1_544' title='bbox 740 2074 809 2096; x_wconf 89' lang='lat' dir='ltr'>esse</span> <span class='ocrx_word' id='word_1_545' title='bbox 833 2064 980 2096; x_wconf 87' lang='lat' dir='ltr'>ordinem</span> <span class='ocrx_word' id='word_1_546' title='bbox 997 2064 1174 2100; x_wconf 84' lang='lat' dir='ltr'>actionum,</span> <span class='ocrx_word' id='word_1_547' title='bbox 1192 2073 1232 2095; x_wconf 93' lang='lat' dir='ltr'>eo</span> <span class='ocrx_word' id='word_1_548' title='bbox 1249 2063 1340 2105; x_wconf 90' lang='lat' dir='ltr'>quod</span> 
     </span>
     <span class='ocr_line' id='line_1_62' title="bbox 264 2109 1338 2151; baseline -0.003 -8"><span class='ocrx_word' id='word_1_549' title='bbox 264 2112 432 2143; x_wconf 88' lang='lat' dir='ltr'>nobilioris</span> <span class='ocrx_word' id='word_1_550' title='bbox 448 2111 569 2151; x_wconf 87' lang='lat' dir='ltr'>agentis</span> <span class='ocrx_word' id='word_1_551' title='bbox 593 2109 734 2141; x_wconf 89' lang='lat' dir='ltr'>nobilior</span> <span class='ocrx_word' id='word_1_552' title='bbox 750 2110 789 2140; x_wconf 90' lang='lat' dir='ltr'>sit</span> <span class='ocrx_word' id='word_1_553' title='bbox 805 2110 900 2140; x_wconf 89' lang='lat' dir='ltr'>actio.</span> <span class='ocrx_word' id='word_1_554' title='bbox 917 2128 939 2131; x_wconf 98' lang='lat'><strong>—</strong></span> <span class='ocrx_word' id='word_1_555' title='bbox 956 2109 1064 2140; x_wconf 91' lang='lat' dir='ltr'>Minor</span> <span class='ocrx_word' id='word_1_556' title='bbox 1080 2118 1157 2139; x_wconf 89' lang='lat' dir='ltr'>vero</span> <span class='ocrx_word' id='word_1_557' title='bbox 1174 2109 1338 2149; x_wconf 89' lang='lat' dir='ltr'>probatur.</span> 
     </span>
     <span class='ocr_line' id='line_1_63' title="bbox 265 2153 1340 2196; baseline -0.004 -8"><span class='ocrx_word' id='word_1_558' title='bbox 265 2157 350 2196; x_wconf 92' lang='lat' dir='ltr'>Quia</span> <span class='ocrx_word' id='word_1_559' title='bbox 366 2156 486 2187; x_wconf 89' lang='lat' dir='ltr'>creatio</span> <span class='ocrx_word' id='word_1_560' title='bbox 502 2155 624 2186; x_wconf 90' lang='lat' dir='ltr'>nullam</span> <span class='ocrx_word' id='word_1_561' title='bbox 641 2154 735 2185; x_wconf 90' lang='lat' dir='ltr'>aliam</span> <span class='ocrx_word' id='word_1_562' title='bbox 759 2155 922 2185; x_wconf 86' lang='lat' dir='ltr'>actionem</span> <span class='ocrx_word' id='word_1_563' title='bbox 945 2153 1193 2195; x_wconf 87' lang='lat' dir='ltr'>praesupponit:</span> <span class='ocrx_word' id='word_1_564' title='bbox 1219 2153 1340 2184; x_wconf 90' lang='lat' dir='ltr'>scilicet</span> 
     </span>
     <span class='ocr_line' id='line_1_64' title="bbox 264 2199 1278 2240; baseline -0.004 -7"><span class='ocrx_word' id='word_1_565' title='bbox 264 2206 495 2233; x_wconf 86' lang='lat' dir='ltr'>transeuntem.</span> <span class='ocrx_word' id='word_1_566' title='bbox 520 2199 644 2231; x_wconf 88' lang='lat' dir='ltr'>Omnes</span> <span class='ocrx_word' id='word_1_567' title='bbox 668 2204 777 2230; x_wconf 88' lang='lat' dir='ltr'>autem</span> <span class='ocrx_word' id='word_1_568' title='bbox 801 2199 880 2230; x_wconf 83' lang='lat' dir='ltr'>aliae</span> <span class='ocrx_word' id='word_1_569' title='bbox 903 2203 1174 2240; x_wconf 79' lang='lat' dir='ltr'>praesupponunt</span> <span class='ocrx_word' id='word_1_570' title='bbox 1197 2207 1278 2229; x_wconf 83' lang='lat' dir='ltr'>eam.</span> 
     </span>
    </p>

    <p class='ocr_par' dir='ltr' id='par_1_28' title="bbox 265 2243 1340 2688">
     <span class='ocr_line' id='line_1_65' title="bbox 319 2243 1339 2284; baseline -0.002 -7"><span class='ocrx_word' id='word_1_571' title='bbox 319 2246 384 2278; x_wconf 90' lang='lat' dir='ltr'>Sed</span> <span class='ocrx_word' id='word_1_572' title='bbox 407 2246 546 2276; x_wconf 86' lang='lat' dir='ltr'>occurrit</span> <span class='ocrx_word' id='word_1_573' title='bbox 570 2244 706 2276; x_wconf 90' lang='lat' dir='ltr'>dubium</span> <span class='ocrx_word' id='word_1_574' title='bbox 729 2245 813 2275; x_wconf 90' lang='lat' dir='ltr'>circa</span> <span class='ocrx_word' id='word_1_575' title='bbox 830 2244 918 2275; x_wconf 90' lang='lat' dir='ltr'>illam</span> <span class='ocrx_word' id='word_1_576' title='bbox 941 2244 1211 2284; x_wconf 87' lang='lat' dir='ltr'>propositionem,</span> <span class='ocrx_word' id='word_1_577' title='bbox 1227 2243 1339 2275; x_wconf 84' lang='lat' dir='ltr'>Prima</span> 
     </span>
     <span class='ocr_line' id='line_1_66' title="bbox 265 2288 1340 2331; baseline -0.004 -9"><span class='ocrx_word' id='word_1_578' title='bbox 265 2291 350 2322; x_wconf 83' lang='lat' dir='ltr'>actio</span> <span class='ocrx_word' id='word_1_579' title='bbox 366 2295 414 2321; x_wconf 81' lang='lat' dir='ltr'>est</span> <span class='ocrx_word' id='word_1_580' title='bbox 430 2290 533 2331; x_wconf 80' lang='lat' dir='ltr'>primi</span> <span class='ocrx_word' id='word_1_581' title='bbox 555 2289 684 2331; x_wconf 81' lang='lat' dir='ltr'>agentis</span> <span class='ocrx_word' id='word_1_582' title='bbox 703 2288 852 2329; x_wconf 80' lang='lat' dir='ltr'>propria.</span> <span class='ocrx_word' id='word_1_583' title='bbox 877 2289 945 2319; x_wconf 86' lang='lat' dir='ltr'>Aut</span> <span class='ocrx_word' id='word_1_584' title='bbox 961 2289 1049 2318; x_wconf 89' lang='lat' dir='ltr'>enim</span> <span class='ocrx_word' id='word_1_585' title='bbox 1065 2289 1221 2328; x_wconf 88' lang='lat' dir='ltr'>accipitur</span> <span class='ocrx_word' id='word_1_586' title='bbox 1236 2288 1340 2328; x_wconf 85' lang='lat' dir='ltr'>prima</span> 
     </span>
     <span class='ocr_line' id='line_1_67' title="bbox 265 2331 1340 2373; baseline -0.002 -7"><span class='ocrx_word' id='word_1_587' title='bbox 265 2336 349 2366; x_wconf 90' lang='lat' dir='ltr'>actio</span> <span class='ocrx_word' id='word_1_588' title='bbox 374 2333 554 2366; x_wconf 89' lang='lat' dir='ltr'>secundum</span> <span class='ocrx_word' id='word_1_589' title='bbox 578 2333 725 2364; x_wconf 87' lang='lat' dir='ltr'>ordinem</span> <span class='ocrx_word' id='word_1_590' title='bbox 748 2339 881 2364; x_wconf 86' lang='lat' dir='ltr'>naturae</span> <span class='ocrx_word' id='word_1_591' title='bbox 905 2339 936 2364; x_wconf 90' lang='lat' dir='ltr'>et</span> <span class='ocrx_word' id='word_1_592' title='bbox 959 2331 1183 2373; x_wconf 85' lang='lat' dir='ltr'>perfectionis:</span> <span class='ocrx_word' id='word_1_593' title='bbox 1208 2338 1263 2364; x_wconf 89' lang='lat' dir='ltr'>aut</span> <span class='ocrx_word' id='word_1_594' title='bbox 1291 2342 1340 2364; x_wconf 89' lang='lat' dir='ltr'>se-</span> 
     </span>
     <span class='ocr_line' id='line_1_68' title="bbox 266 2376 1340 2418; baseline -0.003 -7"><span class='ocrx_word' id='word_1_595' title='bbox 266 2379 410 2411; x_wconf 88' lang='lat' dir='ltr'>cundum</span> <span class='ocrx_word' id='word_1_596' title='bbox 441 2378 589 2409; x_wconf 88' lang='lat' dir='ltr'>ordinem</span> <span class='ocrx_word' id='word_1_597' title='bbox 618 2378 844 2418; x_wconf 80' lang='lat' dir='ltr'>generationis,</span> <span class='ocrx_word' id='word_1_598' title='bbox 877 2376 910 2408; x_wconf 92' lang='lat' dir='ltr'>Si</span> <span class='ocrx_word' id='word_1_599' title='bbox 940 2376 1085 2408; x_wconf 89' lang='lat' dir='ltr'>secundo</span> <span class='ocrx_word' id='word_1_600' title='bbox 1118 2376 1230 2414; x_wconf 91' lang='lat' dir='ltr'>modo,</span> <span class='ocrx_word' id='word_1_601' title='bbox 1261 2382 1340 2408; x_wconf 88' lang='lat' dir='ltr'>tunc</span> 
     </span>
     <span class='ocr_line' id='line_1_69' title="bbox 266 2421 1340 2465; baseline -0.003 -10"><span class='ocrx_word' id='word_1_602' title='bbox 266 2424 414 2465; x_wconf 90' lang='lat' dir='ltr'>probatio</span> <span class='ocrx_word' id='word_1_603' title='bbox 430 2423 519 2454; x_wconf 88' lang='lat' dir='ltr'>nulla</span> <span class='ocrx_word' id='word_1_604' title='bbox 535 2428 592 2459; x_wconf 89' lang='lat' dir='ltr'>est,</span> <span class='ocrx_word' id='word_1_605' title='bbox 609 2432 692 2463; x_wconf 93' lang='lat' dir='ltr'>quae</span> <span class='ocrx_word' id='word_1_606' title='bbox 709 2421 748 2453; x_wconf 92' lang='lat' dir='ltr'>de</span> <span class='ocrx_word' id='word_1_607' title='bbox 765 2422 927 2463; x_wconf 89' lang='lat' dir='ltr'>primitate</span> <span class='ocrx_word' id='word_1_608' title='bbox 951 2421 1131 2453; x_wconf 90' lang='lat' dir='ltr'>secundum</span> <span class='ocrx_word' id='word_1_609' title='bbox 1153 2421 1340 2462; x_wconf 83' lang='lat' dir='ltr'>dignitatem</span> 
     </span>
     <span class='ocr_line' id='line_1_70' title="bbox 266 2465 1340 2509; baseline -0.003 -10"><span class='ocrx_word' id='word_1_610' title='bbox 266 2468 422 2509; x_wconf 88' lang='lat' dir='ltr'>procedit.</span> <span class='ocrx_word' id='word_1_611' title='bbox 450 2486 472 2489; x_wconf 98' lang='lat'><strong>—</strong></span> <span class='ocrx_word' id='word_1_612' title='bbox 498 2467 532 2498; x_wconf 90' lang='lat' dir='ltr'>Si</span> <span class='ocrx_word' id='word_1_613' title='bbox 555 2467 662 2508; x_wconf 86' lang='lat' dir='ltr'>primo</span> <span class='ocrx_word' id='word_1_614' title='bbox 685 2466 798 2503; x_wconf 88' lang='lat' dir='ltr'>modo,</span> <span class='ocrx_word' id='word_1_615' title='bbox 822 2472 900 2498; x_wconf 91' lang='lat' dir='ltr'>tunc</span> <span class='ocrx_word' id='word_1_616' title='bbox 924 2467 1032 2497; x_wconf 90' lang='lat' dir='ltr'>minor</span> <span class='ocrx_word' id='word_1_617' title='bbox 1061 2472 1108 2497; x_wconf 90' lang='lat' dir='ltr'>est</span> <span class='ocrx_word' id='word_1_618' title='bbox 1139 2465 1226 2497; x_wconf 87' lang='lat' dir='ltr'>falsa.</span> <span class='ocrx_word' id='word_1_619' title='bbox 1254 2465 1340 2505; x_wconf 84' lang='lat' dir='ltr'>Quia</span> 
     </span>
     <span class='ocr_line' id='line_1_71' title="bbox 267 2510 1340 2552; baseline -0.002 -8"><span class='ocrx_word' id='word_1_620' title='bbox 267 2514 384 2545; x_wconf 88' lang='lat' dir='ltr'>creatio</span> <span class='ocrx_word' id='word_1_621' title='bbox 408 2521 476 2543; x_wconf 91' lang='lat' dir='ltr'>non</span> <span class='ocrx_word' id='word_1_622' title='bbox 494 2517 540 2543; x_wconf 86' lang='lat' dir='ltr'>est</span> <span class='ocrx_word' id='word_1_623' title='bbox 556 2511 624 2542; x_wconf 86' lang='lat' dir='ltr'>aliis</span> <span class='ocrx_word' id='word_1_624' title='bbox 640 2512 728 2552; x_wconf 89' lang='lat' dir='ltr'>prior</span> <span class='ocrx_word' id='word_1_625' title='bbox 744 2511 911 2552; x_wconf 85' lang='lat' dir='ltr'>dignitate:</span> <span class='ocrx_word' id='word_1_626' title='bbox 938 2521 1013 2542; x_wconf 93' lang='lat' dir='ltr'>cum</span> <span class='ocrx_word' id='word_1_627' title='bbox 1030 2521 1097 2542; x_wconf 93' lang='lat' dir='ltr'>non</span> <span class='ocrx_word' id='word_1_628' title='bbox 1114 2510 1238 2542; x_wconf 83' lang='lat' dir='ltr'>dicatur</span> <span class='ocrx_word' id='word_1_629' title='bbox 1252 2512 1340 2552; x_wconf 90' lang='lat' dir='ltr'>prior</span> 
     </span>
     <span class='ocr_line' id='line_1_72' title="bbox 267 2556 1338 2598; baseline -0.003 -9"><span class='ocrx_word' id='word_1_630' title='bbox 267 2558 344 2595; x_wconf 86' lang='lat' dir='ltr'>aliis,</span> <span class='ocrx_word' id='word_1_631' title='bbox 361 2563 398 2588; x_wconf 91' lang='lat' dir='ltr'>ut</span> <span class='ocrx_word' id='word_1_632' title='bbox 413 2562 501 2598; x_wconf 91' lang='lat' dir='ltr'>patet</span> <span class='ocrx_word' id='word_1_633' title='bbox 516 2567 554 2587; x_wconf 80' lang='lat' dir='ltr'>ex</span> <span class='ocrx_word' id='word_1_634' title='bbox 570 2557 773 2597; x_wconf 81' lang='lat' dir='ltr'>probatione,</span> <span class='ocrx_word' id='word_1_635' title='bbox 789 2557 851 2587; x_wconf 89' lang='lat' dir='ltr'>nisi</span> <span class='ocrx_word' id='word_1_636' title='bbox 866 2556 943 2597; x_wconf 88' lang='lat' dir='ltr'>quia</span> <span class='ocrx_word' id='word_1_637' title='bbox 959 2556 1028 2587; x_wconf 87' lang='lat' dir='ltr'>aliis</span> <span class='ocrx_word' id='word_1_638' title='bbox 1051 2557 1338 2597; x_wconf 85' lang='lat' dir='ltr'>praesupponitur3</span> 
     </span>
     <span class='ocr_line' id='line_1_73' title="bbox 266 2601 1340 2644; baseline -0.003 -10"><span class='ocrx_word' id='word_1_639' title='bbox 266 2602 356 2644; x_wconf 89' lang='lat' dir='ltr'>quod</span> <span class='ocrx_word' id='word_1_640' title='bbox 371 2611 440 2633; x_wconf 89' lang='lat' dir='ltr'>non</span> <span class='ocrx_word' id='word_1_641' title='bbox 457 2602 560 2643; x_wconf 90' lang='lat' dir='ltr'>arguit</span> <span class='ocrx_word' id='word_1_642' title='bbox 576 2602 638 2632; x_wconf 89' lang='lat' dir='ltr'>nisi</span> <span class='ocrx_word' id='word_1_643' title='bbox 654 2602 853 2642; x_wconf 88' lang='lat' dir='ltr'>prioritatem</span> <span class='ocrx_word' id='word_1_644' title='bbox 868 2601 1100 2642; x_wconf 82' lang='lat' dir='ltr'>generationis;</span> <span class='ocrx_word' id='word_1_645' title='bbox 1126 2601 1215 2641; x_wconf 88' lang='lat' dir='ltr'>prius</span> <span class='ocrx_word' id='word_1_646' title='bbox 1231 2606 1340 2632; x_wconf 90' lang='lat' dir='ltr'>autem</span> 
     </span>
     <span class='ocr_line' id='line_1_74' title="bbox 265 2645 796 2688; baseline -0.004 -10"><span class='ocrx_word' id='word_1_647' title='bbox 265 2647 472 2688; x_wconf 86' lang='lat' dir='ltr'>generatione</span> <span class='ocrx_word' id='word_1_648' title='bbox 496 2652 543 2677; x_wconf 92' lang='lat' dir='ltr'>est</span> <span class='ocrx_word' id='word_1_649' title='bbox 566 2645 796 2687; x_wconf 86' lang='lat' dir='ltr'>imperfectius.</span> 
     </span>
    </p>

    <p class='ocr_par' dir='ltr' id='par_1_29' title="bbox 266 2689 1341 2956">
     <span class='ocr_line' id='line_1_75' title="bbox 321 2689 1340 2733; baseline -0.001 -11"><span class='ocrx_word' id='word_1_650' title='bbox 321 2691 548 2733; x_wconf 89' lang='lat' dir='ltr'>Respondetur</span> <span class='ocrx_word' id='word_1_651' title='bbox 571 2689 662 2732; x_wconf 91' lang='lat' dir='ltr'>quod</span> <span class='ocrx_word' id='word_1_652' title='bbox 684 2689 871 2731; x_wconf 88' lang='lat' dir='ltr'>intelligitur</span> <span class='ocrx_word' id='word_1_653' title='bbox 894 2689 933 2720; x_wconf 91' lang='lat' dir='ltr'>de</span> <span class='ocrx_word' id='word_1_654' title='bbox 957 2690 1121 2730; x_wconf 89' lang='lat' dir='ltr'>prioritate</span> <span class='ocrx_word' id='word_1_655' title='bbox 1152 2695 1284 2721; x_wconf 88' lang='lat' dir='ltr'>naturae</span> <span class='ocrx_word' id='word_1_656' title='bbox 1308 2695 1340 2721; x_wconf 89' lang='lat' dir='ltr'>et</span> 
     </span>
     <span class='ocr_line' id='line_1_76' title="bbox 267 2733 1339 2777; baseline -0.001 -10"><span class='ocrx_word' id='word_1_657' title='bbox 267 2736 483 2777; x_wconf 83' lang='lat' dir='ltr'>perfectionis.</span> <span class='ocrx_word' id='word_1_658' title='bbox 500 2735 542 2766; x_wconf 86' lang='lat' dir='ltr'>Et</span> <span class='ocrx_word' id='word_1_659' title='bbox 557 2735 673 2767; x_wconf 88' lang='lat' dir='ltr'>dicitur</span> <span class='ocrx_word' id='word_1_660' title='bbox 689 2734 779 2776; x_wconf 92' lang='lat' dir='ltr'>quod</span> <span class='ocrx_word' id='word_1_661' title='bbox 795 2735 879 2766; x_wconf 89' lang='lat' dir='ltr'>bene</span> <span class='ocrx_word' id='word_1_662' title='bbox 895 2734 1104 2765; x_wconf 87' lang='lat' dir='ltr'>subsumitur.</span> <span class='ocrx_word' id='word_1_663' title='bbox 1117 2733 1204 2773; x_wconf 89' lang='lat' dir='ltr'>Quia</span> <span class='ocrx_word' id='word_1_664' title='bbox 1220 2735 1339 2766; x_wconf 85' lang='lat' dir='ltr'>creatio</span> 
     </span>
     <span class='ocr_line' id='line_1_77' title="bbox 266 2779 1340 2822; baseline -0.001 -10"><span class='ocrx_word' id='word_1_665' title='bbox 266 2791 333 2812; x_wconf 94' lang='lat' dir='ltr'>non</span> <span class='ocrx_word' id='word_1_666' title='bbox 357 2781 465 2812; x_wconf 88' lang='lat' dir='ltr'>solum</span> <span class='ocrx_word' id='word_1_667' title='bbox 489 2786 536 2812; x_wconf 86' lang='lat' dir='ltr'>est</span> <span class='ocrx_word' id='word_1_668' title='bbox 559 2781 647 2822; x_wconf 88' lang='lat' dir='ltr'>prior</span> <span class='ocrx_word' id='word_1_669' title='bbox 670 2779 851 2811; x_wconf 83' lang='lat' dir='ltr'>secundum</span> <span class='ocrx_word' id='word_1_670' title='bbox 874 2779 1023 2810; x_wconf 88' lang='lat' dir='ltr'>ordinem</span> <span class='ocrx_word' id='word_1_671' title='bbox 1041 2780 1267 2820; x_wconf 82' lang='lat' dir='ltr'>generationis,</span> <span class='ocrx_word' id='word_1_672' title='bbox 1284 2779 1340 2811; x_wconf 82' lang='lat' dir='ltr'>sed</span> 
     </span>
     <span class='ocr_line' id='line_1_78' title="bbox 267 2824 1340 2866; baseline -0.001 -9"><span class='ocrx_word' id='word_1_673' title='bbox 267 2826 364 2857; x_wconf 87' lang='lat' dir='ltr'>etiam</span> <span class='ocrx_word' id='word_1_674' title='bbox 379 2825 560 2857; x_wconf 89' lang='lat' dir='ltr'>secundum</span> <span class='ocrx_word' id='word_1_675' title='bbox 575 2824 826 2866; x_wconf 79' lang='lat' dir='ltr'>perfectionem:</span> <span class='ocrx_word' id='word_1_676' title='bbox 849 2833 936 2860; x_wconf 87' lang='lat' dir='ltr'>cum,</span> <span class='ocrx_word' id='word_1_677' title='bbox 953 2829 989 2854; x_wconf 90' lang='lat' dir='ltr'>ut</span> <span class='ocrx_word' id='word_1_678' title='bbox 1005 2830 1172 2859; x_wconf 85' lang='lat' dir='ltr'>ostensum</span> <span class='ocrx_word' id='word_1_679' title='bbox 1188 2830 1235 2855; x_wconf 90' lang='lat' dir='ltr'>est</span> <span class='ocrx_word' id='word_1_680' title='bbox 1247 2825 1275 2861; x_wconf 55' lang='lat'>⁹,</span> <span class='ocrx_word' id='word_1_681' title='bbox 1291 2834 1340 2856; x_wconf 87' lang='lat' dir='ltr'>re-</span> 
     </span>
     <span class='ocr_line' id='line_1_79' title="bbox 268 2868 1341 2912; baseline -0.001 -11"><span class='ocrx_word' id='word_1_682' title='bbox 268 2871 373 2912; x_wconf 88' lang='lat' dir='ltr'>quirat</span> <span class='ocrx_word' id='word_1_683' title='bbox 395 2871 546 2901; x_wconf 72' lang='lat' dir='ltr'>virtutem</span> <span class='ocrx_word' id='word_1_684' title='bbox 570 2869 728 2901; x_wconf 88' lang='lat' dir='ltr'>infinitam</span> <span class='ocrx_word' id='word_1_685' title='bbox 751 2870 784 2900; x_wconf 94' lang='lat' dir='ltr'>in</span> <span class='ocrx_word' id='word_1_686' title='bbox 809 2874 941 2910; x_wconf 87' lang='lat' dir='ltr'>agente;</span> <span class='ocrx_word' id='word_1_687' title='bbox 966 2868 1056 2909; x_wconf 90' lang='lat' dir='ltr'>quod</span> <span class='ocrx_word' id='word_1_688' title='bbox 1087 2869 1166 2900; x_wconf 87' lang='lat' dir='ltr'>aliae</span> <span class='ocrx_word' id='word_1_689' title='bbox 1197 2870 1341 2900; x_wconf 88' lang='lat' dir='ltr'>actiones</span> 
     </span>
     <span class='ocr_line' id='line_1_80' title="bbox 267 2914 990 2956; baseline -0.003 -10"><span class='ocrx_word' id='word_1_690' title='bbox 267 2915 508 2956; x_wconf 89' lang='lat' dir='ltr'>particularium</span> <span class='ocrx_word' id='word_1_691' title='bbox 532 2916 696 2955; x_wconf 83' lang='lat' dir='ltr'>agentium</span> <span class='ocrx_word' id='word_1_692' title='bbox 719 2923 788 2945; x_wconf 91' lang='lat' dir='ltr'>non</span> <span class='ocrx_word' id='word_1_693' title='bbox 811 2914 990 2955; x_wconf 91' lang='lat' dir='ltr'>requirunt.</span> 
     </span>
    </p>

    <p class='ocr_par' dir='ltr' id='par_1_30' title="bbox 269 2957 1341 3401">
     <span class='ocr_line' id='line_1_81' title="bbox 323 2957 1340 3000; baseline -0.003 -9"><span class='ocrx_word' id='word_1_694' title='bbox 323 2959 409 2991; x_wconf 87' lang='lat' dir='ltr'>Cum</span> <span class='ocrx_word' id='word_1_695' title='bbox 426 2965 535 2990; x_wconf 87' lang='lat' dir='ltr'>autem</span> <span class='ocrx_word' id='word_1_696' title='bbox 551 2961 695 2995; x_wconf 86' lang='lat' dir='ltr'>instatur,</span> <span class='ocrx_word' id='word_1_697' title='bbox 709 2960 785 2999; x_wconf 90' lang='lat' dir='ltr'>quia</span> <span class='ocrx_word' id='word_1_698' title='bbox 800 2959 889 3000; x_wconf 89' lang='lat' dir='ltr'>prius</span> <span class='ocrx_word' id='word_1_699' title='bbox 905 2957 1085 2989; x_wconf 89' lang='lat' dir='ltr'>secundum</span> <span class='ocrx_word' id='word_1_700' title='bbox 1097 2959 1340 2998; x_wconf 88' lang='lat' dir='ltr'>generationem</span> 
     </span>
     <span class='ocr_line' id='line_1_82' title="bbox 269 3003 1339 3045; baseline -0.001 -10"><span class='ocrx_word' id='word_1_701' title='bbox 269 3010 315 3035; x_wconf 89' lang='lat' dir='ltr'>est</span> <span class='ocrx_word' id='word_1_702' title='bbox 338 3003 573 3045; x_wconf 83' lang='lat' dir='ltr'>imperfectius:</span> <span class='ocrx_word' id='word_1_703' title='bbox 590 3023 613 3026; x_wconf 98' lang='lat'><strong>—</strong></span> <span class='ocrx_word' id='word_1_704' title='bbox 629 3003 745 3035; x_wconf 88' lang='lat' dir='ltr'>dicitur</span> <span class='ocrx_word' id='word_1_705' title='bbox 769 3003 859 3044; x_wconf 89' lang='lat' dir='ltr'>quod</span> <span class='ocrx_word' id='word_1_706' title='bbox 883 3012 996 3033; x_wconf 87' lang='lat' dir='ltr'>verum</span> <span class='ocrx_word' id='word_1_707' title='bbox 1021 3008 1068 3033; x_wconf 88' lang='lat' dir='ltr'>est</span> <span class='ocrx_word' id='word_1_708' title='bbox 1091 3003 1123 3033; x_wconf 91' lang='lat' dir='ltr'>in</span> <span class='ocrx_word' id='word_1_709' title='bbox 1147 3012 1215 3033; x_wconf 90' lang='lat' dir='ltr'>uno</span> <span class='ocrx_word' id='word_1_710' title='bbox 1237 3009 1268 3034; x_wconf 89' lang='lat' dir='ltr'>et</span> <span class='ocrx_word' id='word_1_711' title='bbox 1284 3012 1339 3034; x_wconf 90' lang='lat' dir='ltr'>eo-</span> 
     </span>
     <span class='ocr_line' id='line_1_83' title="bbox 269 3047 1340 3090; baseline -0.001 -10"><span class='ocrx_word' id='word_1_712' title='bbox 269 3049 342 3080; x_wconf 91' lang='lat' dir='ltr'>dem</span> <span class='ocrx_word' id='word_1_713' title='bbox 366 3048 562 3090; x_wconf 89' lang='lat' dir='ltr'>procedente</span> <span class='ocrx_word' id='word_1_714' title='bbox 594 3049 632 3080; x_wconf 91' lang='lat' dir='ltr'>de</span> <span class='ocrx_word' id='word_1_715' title='bbox 666 3049 811 3089; x_wconf 89' lang='lat' dir='ltr'>potentia</span> <span class='ocrx_word' id='word_1_716' title='bbox 842 3047 881 3078; x_wconf 93' lang='lat' dir='ltr'>ad</span> <span class='ocrx_word' id='word_1_717' title='bbox 912 3053 1031 3083; x_wconf 88' lang='lat' dir='ltr'>actum,</span> <span class='ocrx_word' id='word_1_718' title='bbox 1055 3048 1144 3087; x_wconf 90' lang='lat' dir='ltr'>prius</span> <span class='ocrx_word' id='word_1_719' title='bbox 1168 3048 1255 3078; x_wconf 89' lang='lat' dir='ltr'>enim</span> <span class='ocrx_word' id='word_1_720' title='bbox 1278 3048 1340 3079; x_wconf 88' lang='lat' dir='ltr'>tale</span> 
     </span>
     <span class='ocr_line' id='line_1_84' title="bbox 269 3091 1340 3134; baseline 0 -10"><span class='ocrx_word' id='word_1_721' title='bbox 269 3094 413 3134; x_wconf 88' lang='lat' dir='ltr'>pervenit</span> <span class='ocrx_word' id='word_1_722' title='bbox 443 3093 484 3124; x_wconf 92' lang='lat' dir='ltr'>ad</span> <span class='ocrx_word' id='word_1_723' title='bbox 513 3103 583 3125; x_wconf 85' lang='lat' dir='ltr'>esse</span> <span class='ocrx_word' id='word_1_724' title='bbox 613 3093 843 3134; x_wconf 87' lang='lat' dir='ltr'>imperfectum</span> <span class='ocrx_word' id='word_1_725' title='bbox 866 3101 965 3132; x_wconf 87' lang='lat' dir='ltr'>quam</span> <span class='ocrx_word' id='word_1_726' title='bbox 988 3091 1029 3123; x_wconf 88' lang='lat' dir='ltr'>ad</span> <span class='ocrx_word' id='word_1_727' title='bbox 1052 3101 1120 3122; x_wconf 87' lang='lat' dir='ltr'>esse</span> <span class='ocrx_word' id='word_1_728' title='bbox 1149 3091 1340 3132; x_wconf 84' lang='lat' dir='ltr'>perfectum,</span> 
     </span>
     <span class='ocr_line' id='line_1_85' title="bbox 269 3135 1340 3179; baseline -0.001 -10"><span class='ocrx_word' id='word_1_729' title='bbox 269 3138 309 3168; x_wconf 90' lang='lat' dir='ltr'>ad</span> <span class='ocrx_word' id='word_1_730' title='bbox 331 3138 364 3169; x_wconf 93' lang='lat' dir='ltr'>id</span> <span class='ocrx_word' id='word_1_731' title='bbox 387 3138 478 3179; x_wconf 89' lang='lat' dir='ltr'>quod</span> <span class='ocrx_word' id='word_1_732' title='bbox 501 3144 549 3169; x_wconf 90' lang='lat' dir='ltr'>est</span> <span class='ocrx_word' id='word_1_733' title='bbox 572 3138 748 3179; x_wconf 87' lang='lat' dir='ltr'>potentiale</span> <span class='ocrx_word' id='word_1_734' title='bbox 771 3146 871 3178; x_wconf 81' lang='lat' dir='ltr'>quam</span> <span class='ocrx_word' id='word_1_735' title='bbox 894 3135 935 3168; x_wconf 90' lang='lat' dir='ltr'>ad</span> <span class='ocrx_word' id='word_1_736' title='bbox 957 3135 991 3167; x_wconf 89' lang='lat' dir='ltr'>id</span> <span class='ocrx_word' id='word_1_737' title='bbox 1014 3135 1105 3177; x_wconf 89' lang='lat' dir='ltr'>quod</span> <span class='ocrx_word' id='word_1_738' title='bbox 1128 3142 1175 3167; x_wconf 89' lang='lat' dir='ltr'>est</span> <span class='ocrx_word' id='word_1_739' title='bbox 1199 3137 1340 3175; x_wconf 86' lang='lat' dir='ltr'>actuale;</span> 
     </span>
     <span class='ocr_line' id='line_1_86' title="bbox 270 3181 1341 3218; baseline 0 -6"><span class='ocrx_word' id='word_1_740' title='bbox 270 3182 326 3213; x_wconf 87' lang='lat' dir='ltr'>sed</span> <span class='ocrx_word' id='word_1_741' title='bbox 348 3183 381 3213; x_wconf 90' lang='lat' dir='ltr'>in</span> <span class='ocrx_word' id='word_1_742' title='bbox 405 3182 536 3214; x_wconf 87' lang='lat' dir='ltr'>diversis</span> <span class='ocrx_word' id='word_1_743' title='bbox 560 3192 627 3214; x_wconf 92' lang='lat' dir='ltr'>non</span> <span class='ocrx_word' id='word_1_744' title='bbox 651 3188 698 3214; x_wconf 87' lang='lat' dir='ltr'>est</span> <span class='ocrx_word' id='word_1_745' title='bbox 721 3192 845 3218; x_wconf 82' lang='lat' dir='ltr'>verum,</span> <span class='ocrx_word' id='word_1_746' title='bbox 869 3182 1009 3212; x_wconf 86' lang='lat' dir='ltr'>maxime</span> <span class='ocrx_word' id='word_1_747' title='bbox 1032 3182 1065 3211; x_wconf 91' lang='lat' dir='ltr'>in</span> <span class='ocrx_word' id='word_1_748' title='bbox 1090 3182 1270 3212; x_wconf 86' lang='lat' dir='ltr'>actionibus</span> <span class='ocrx_word' id='word_1_749' title='bbox 1294 3181 1341 3212; x_wconf 90' lang='lat' dir='ltr'>di-</span> 
     </span>
     <span class='ocr_line' id='line_1_87' title="bbox 270 3225 1340 3268; baseline 0 -12"><span class='ocrx_word' id='word_1_750' title='bbox 270 3237 436 3258; x_wconf 88' lang='lat' dir='ltr'>versorum</span> <span class='ocrx_word' id='word_1_751' title='bbox 451 3227 615 3268; x_wconf 83' lang='lat' dir='ltr'>agentium</span> <span class='ocrx_word' id='word_1_752' title='bbox 631 3226 928 3258; x_wconf 88' lang='lat' dir='ltr'>subordinatorum.</span> <span class='ocrx_word' id='word_1_753' title='bbox 947 3225 1033 3264; x_wconf 86' lang='lat' dir='ltr'>Quia</span> <span class='ocrx_word' id='word_1_754' title='bbox 1050 3231 1179 3266; x_wconf 89' lang='lat' dir='ltr'>oportet</span> <span class='ocrx_word' id='word_1_755' title='bbox 1195 3231 1230 3256; x_wconf 90' lang='lat' dir='ltr'>ut</span> <span class='ocrx_word' id='word_1_756' title='bbox 1246 3227 1340 3267; x_wconf 91' lang='lat' dir='ltr'>primi</span> 
     </span>
     <span class='ocr_line' id='line_1_88' title="bbox 270 3270 1341 3312; baseline -0.001 -10"><span class='ocrx_word' id='word_1_757' title='bbox 270 3272 391 3311; x_wconf 83' lang='lat' dir='ltr'>agentis</span> <span class='ocrx_word' id='word_1_758' title='bbox 414 3272 509 3308; x_wconf 89' lang='lat' dir='ltr'>actio,</span> <span class='ocrx_word' id='word_1_759' title='bbox 534 3281 617 3312; x_wconf 88' lang='lat' dir='ltr'>quae</span> <span class='ocrx_word' id='word_1_760' title='bbox 641 3277 687 3302; x_wconf 87' lang='lat' dir='ltr'>est</span> <span class='ocrx_word' id='word_1_761' title='bbox 711 3270 952 3311; x_wconf 80' lang='lat' dir='ltr'>perfectissima,</span> <span class='ocrx_word' id='word_1_762' title='bbox 977 3271 1138 3301; x_wconf 89' lang='lat' dir='ltr'>actionem</span> <span class='ocrx_word' id='word_1_763' title='bbox 1162 3270 1341 3301; x_wconf 87' lang='lat' dir='ltr'>secundarii</span> 
     </span>
     <span class='ocr_line' id='line_1_89' title="bbox 271 3314 1341 3357; baseline 0.001 -12"><span class='ocrx_word' id='word_1_764' title='bbox 271 3317 391 3356; x_wconf 86' lang='lat' dir='ltr'>agentis</span> <span class='ocrx_word' id='word_1_765' title='bbox 407 3315 585 3356; x_wconf 71' lang='lat' dir='ltr'>praecedat,</span> <span class='ocrx_word' id='word_1_766' title='bbox 602 3317 685 3347; x_wconf 87' lang='lat' dir='ltr'>sicut</span> <span class='ocrx_word' id='word_1_767' title='bbox 708 3322 739 3346; x_wconf 90' lang='lat' dir='ltr'>et</span> <span class='ocrx_word' id='word_1_768' title='bbox 762 3317 830 3357; x_wconf 87' lang='lat' dir='ltr'>ipsa</span> <span class='ocrx_word' id='word_1_769' title='bbox 854 3314 1041 3346; x_wconf 89' lang='lat' dir='ltr'>secundaria</span> <span class='ocrx_word' id='word_1_770' title='bbox 1065 3315 1188 3355; x_wconf 82' lang='lat' dir='ltr'>agentia</span> <span class='ocrx_word' id='word_1_771' title='bbox 1205 3325 1222 3345; x_wconf 89' lang='lat' dir='ltr'>a</span> <span class='ocrx_word' id='word_1_772' title='bbox 1238 3316 1341 3355; x_wconf 90' lang='lat' dir='ltr'>prima</span> 
     </span>
     <span class='ocr_line' id='line_1_90' title="bbox 272 3360 830 3401; baseline 0.002 -11"><span class='ocrx_word' id='word_1_773' title='bbox 272 3370 365 3391; x_wconf 89' lang='lat' dir='ltr'>causa</span> <span class='ocrx_word' id='word_1_774' title='bbox 389 3361 539 3391; x_wconf 92' lang='lat' dir='ltr'>virtutem</span> <span class='ocrx_word' id='word_1_775' title='bbox 563 3360 678 3401; x_wconf 84' lang='lat' dir='ltr'>agendi</span> <span class='ocrx_word' id='word_1_776' title='bbox 702 3361 830 3391; x_wconf 83' lang='lat' dir='ltr'>habent.</span> 
     </span>
    </p>

    <p class='ocr_par' dir='ltr' id='par_1_31' title="bbox 274 3404 1343 3708">
     <span class='ocr_line' id='line_1_91' title="bbox 327 3404 1341 3446; baseline 0 -12"><span class='ocrx_word' id='word_1_777' title='bbox 327 3404 364 3435; x_wconf 91' lang='lat' dir='ltr'>Il.</span> <span class='ocrx_word' id='word_1_778' title='bbox 389 3404 546 3436; x_wconf 79' lang='lat' dir='ltr'>Secundo.</span> <span class='ocrx_word' id='word_1_779' title='bbox 571 3405 605 3436; x_wconf 89' lang='lat' dir='ltr'>Si</span> <span class='ocrx_word' id='word_1_780' title='bbox 628 3405 750 3446; x_wconf 88' lang='lat' dir='ltr'>aliquid</span> <span class='ocrx_word' id='word_1_781' title='bbox 773 3404 859 3436; x_wconf 88' lang='lat' dir='ltr'>aliud</span> <span class='ocrx_word' id='word_1_782' title='bbox 884 3414 901 3434; x_wconf 89' lang='lat' dir='ltr'>a</span> <span class='ocrx_word' id='word_1_783' title='bbox 925 3404 996 3434; x_wconf 92' lang='lat' dir='ltr'>Deo</span> <span class='ocrx_word' id='word_1_784' title='bbox 1021 3409 1130 3444; x_wconf 87' lang='lat' dir='ltr'>posset</span> <span class='ocrx_word' id='word_1_785' title='bbox 1146 3413 1261 3440; x_wconf 88' lang='lat' dir='ltr'>creare,</span> <span class='ocrx_word' id='word_1_786' title='bbox 1278 3404 1341 3435; x_wconf 90' lang='lat' dir='ltr'>hoc</span> 
     </span>
     <span class='ocr_line' id='line_1_92' title="bbox 274 3447 1342 3489; baseline 0.001 -11"><span class='ocrx_word' id='word_1_787' title='bbox 274 3454 355 3479; x_wconf 88' lang='lat' dir='ltr'>esset</span> <span class='ocrx_word' id='word_1_788' title='bbox 377 3450 453 3489; x_wconf 88' lang='lat' dir='ltr'>quia</span> <span class='ocrx_word' id='word_1_789' title='bbox 476 3449 555 3480; x_wconf 90' lang='lat' dir='ltr'>illud</span> <span class='ocrx_word' id='word_1_790' title='bbox 579 3455 661 3480; x_wconf 91' lang='lat' dir='ltr'>esset</span> <span class='ocrx_word' id='word_1_791' title='bbox 684 3449 871 3480; x_wconf 86' lang='lat' dir='ltr'>universalis</span> <span class='ocrx_word' id='word_1_792' title='bbox 895 3458 991 3480; x_wconf 88' lang='lat' dir='ltr'>causa</span> <span class='ocrx_word' id='word_1_793' title='bbox 1014 3447 1156 3479; x_wconf 89' lang='lat' dir='ltr'>essendi:</span> <span class='ocrx_word' id='word_1_794' title='bbox 1181 3449 1258 3488; x_wconf 91' lang='lat' dir='ltr'>quia</span> <span class='ocrx_word' id='word_1_795' title='bbox 1281 3449 1342 3479; x_wconf 82' lang='lat' dir='ltr'>sci-</span> 
     </span>
     <span class='ocr_line' id='line_1_93' title="bbox 274 3493 1342 3534; baseline 0.001 -12"><span class='ocrx_word' id='word_1_796' title='bbox 274 3493 347 3523; x_wconf 88' lang='lat' dir='ltr'>licet</span> <span class='ocrx_word' id='word_1_797' title='bbox 368 3493 448 3524; x_wconf 90' lang='lat' dir='ltr'>nihil</span> <span class='ocrx_word' id='word_1_798' title='bbox 470 3499 579 3534; x_wconf 86' lang='lat' dir='ltr'>posset</span> <span class='ocrx_word' id='word_1_799' title='bbox 603 3503 670 3525; x_wconf 87' lang='lat' dir='ltr'>esse</span> <span class='ocrx_word' id='word_1_800' title='bbox 695 3493 785 3534; x_wconf 88' lang='lat' dir='ltr'>quod</span> <span class='ocrx_word' id='word_1_801' title='bbox 808 3494 847 3524; x_wconf 85' lang='lat' dir='ltr'>ab</span> <span class='ocrx_word' id='word_1_802' title='bbox 872 3494 943 3534; x_wconf 90' lang='lat' dir='ltr'>ipso</span> <span class='ocrx_word' id='word_1_803' title='bbox 968 3498 1135 3524; x_wconf 89' lang='lat' dir='ltr'>causatum</span> <span class='ocrx_word' id='word_1_804' title='bbox 1158 3502 1226 3523; x_wconf 89' lang='lat' dir='ltr'>non</span> <span class='ocrx_word' id='word_1_805' title='bbox 1249 3498 1342 3523; x_wconf 86' lang='lat' dir='ltr'>esset.</span> 
     </span>
     <span class='ocr_line' id='line_1_94' title="bbox 275 3536 1342 3578; baseline 0 -11"><span class='ocrx_word' id='word_1_806' title='bbox 275 3536 337 3567; x_wconf 90' lang='lat' dir='ltr'>Sed</span> <span class='ocrx_word' id='word_1_807' title='bbox 352 3537 415 3568; x_wconf 86' lang='lat' dir='ltr'>hoc</span> <span class='ocrx_word' id='word_1_808' title='bbox 431 3543 478 3568; x_wconf 88' lang='lat' dir='ltr'>est</span> <span class='ocrx_word' id='word_1_809' title='bbox 494 3537 625 3568; x_wconf 89' lang='lat' dir='ltr'>falsum:</span> <span class='ocrx_word' id='word_1_810' title='bbox 651 3539 727 3578; x_wconf 91' lang='lat' dir='ltr'>quia</span> <span class='ocrx_word' id='word_1_811' title='bbox 750 3538 838 3569; x_wconf 86' lang='lat' dir='ltr'>solus</span> <span class='ocrx_word' id='word_1_812' title='bbox 862 3538 950 3568; x_wconf 89' lang='lat' dir='ltr'>Deus</span> <span class='ocrx_word' id='word_1_813' title='bbox 974 3542 1021 3568; x_wconf 92' lang='lat' dir='ltr'>est</span> <span class='ocrx_word' id='word_1_814' title='bbox 1045 3537 1231 3567; x_wconf 89' lang='lat' dir='ltr'>universalis</span> <span class='ocrx_word' id='word_1_815' title='bbox 1248 3546 1342 3567; x_wconf 89' lang='lat' dir='ltr'>causa</span> 
     </span>
     <span class='ocr_line' id='line_1_95' title="bbox 276 3580 1341 3623; baseline 0.002 -13"><span class='ocrx_word' id='word_1_816' title='bbox 276 3580 410 3611; x_wconf 88' lang='lat' dir='ltr'>essendi.</span> <span class='ocrx_word' id='word_1_817' title='bbox 435 3581 519 3621; x_wconf 87' lang='lat' dir='ltr'>Ergo</span> <span class='ocrx_word' id='word_1_818' title='bbox 536 3588 596 3612; x_wconf 88' lang='lat' dir='ltr'>etc.</span> <span class='ocrx_word' id='word_1_819' title='bbox 613 3600 635 3605; x_wconf 86' lang='lat'>—</span> <span class='ocrx_word' id='word_1_820' title='bbox 650 3582 740 3613; x_wconf 87' lang='lat' dir='ltr'>Patet</span> <span class='ocrx_word' id='word_1_821' title='bbox 756 3582 897 3623; x_wconf 84' lang='lat' dir='ltr'>sequela.</span> <span class='ocrx_word' id='word_1_822' title='bbox 921 3581 1005 3620; x_wconf 87' lang='lat' dir='ltr'>Quia</span> <span class='ocrx_word' id='word_1_823' title='bbox 1023 3590 1080 3622; x_wconf 91' lang='lat' dir='ltr'>per</span> <span class='ocrx_word' id='word_1_824' title='bbox 1095 3580 1159 3611; x_wconf 89' lang='lat' dir='ltr'>hoc</span> <span class='ocrx_word' id='word_1_825' title='bbox 1175 3586 1341 3612; x_wconf 90' lang='lat' dir='ltr'>ostensum</span> 
     </span>
     <span class='ocr_line' id='line_1_96' title="bbox 277 3625 1343 3667; baseline 0.002 -13"><span class='ocrx_word' id='word_1_826' title='bbox 277 3630 323 3654; x_wconf 90' lang='lat' dir='ltr'>est</span> <span class='ocrx_word' id='word_1_827' title='bbox 346 3625 435 3664; x_wconf 90' lang='lat' dir='ltr'>quod</span> <span class='ocrx_word' id='word_1_828' title='bbox 459 3625 546 3656; x_wconf 91' lang='lat' dir='ltr'>Deus</span> <span class='ocrx_word' id='word_1_829' title='bbox 563 3632 656 3662; x_wconf 88' lang='lat' dir='ltr'>creat,</span> <span class='ocrx_word' id='word_1_830' title='bbox 674 3628 749 3667; x_wconf 83' lang='lat' dir='ltr'>quia</span> <span class='ocrx_word' id='word_1_831' title='bbox 773 3626 852 3657; x_wconf 90' lang='lat' dir='ltr'>nihil</span> <span class='ocrx_word' id='word_1_832' title='bbox 876 3632 983 3667; x_wconf 82' lang='lat' dir='ltr'>potest</span> <span class='ocrx_word' id='word_1_833' title='bbox 1007 3630 1132 3666; x_wconf 89' lang='lat' dir='ltr'>praeter</span> <span class='ocrx_word' id='word_1_834' title='bbox 1151 3626 1257 3666; x_wconf 89' lang='lat' dir='ltr'>ipsum</span> <span class='ocrx_word' id='word_1_835' title='bbox 1274 3635 1343 3656; x_wconf 89' lang='lat' dir='ltr'>esse</span> 
     </span>
     <span class='ocr_line' id='line_1_97' title="bbox 277 3669 701 3708; baseline 0.009 -11"><span class='ocrx_word' id='word_1_836' title='bbox 277 3677 343 3698; x_wconf 91' lang='lat' dir='ltr'>non</span> <span class='ocrx_word' id='word_1_837' title='bbox 367 3669 405 3698; x_wconf 91' lang='lat' dir='ltr'>ab</span> <span class='ocrx_word' id='word_1_838' title='bbox 431 3670 500 3708; x_wconf 90' lang='lat' dir='ltr'>ipso</span> <span class='ocrx_word' id='word_1_839' title='bbox 526 3676 701 3701; x_wconf 85' lang='lat' dir='ltr'>causatum.</span> 
     </span>
    </p>
   </div>
   <div class='ocr_carea' id='block_1_27' title="bbox 1393 1842 2474 3711">
    <p class='ocr_par' dir='ltr' id='par_1_32' title="bbox 1395 1842 2474 2096">
     <span class='ocr_line' id='line_1_98' title="bbox 1450 1842 2472 1884; baseline 0.002 -11"><span class='ocrx_word' id='word_1_840' title='bbox 1450 1842 1694 1874; x_wconf 88' lang='lat' dir='ltr'>Attendendum</span> <span class='ocrx_word' id='word_1_841' title='bbox 1719 1843 1810 1884; x_wconf 91' lang='lat' dir='ltr'>quod</span> <span class='ocrx_word' id='word_1_842' title='bbox 1833 1852 1891 1883; x_wconf 90' lang='lat' dir='ltr'>per</span> <span class='ocrx_word' id='word_1_843' title='bbox 1914 1843 1977 1874; x_wconf 91' lang='lat' dir='ltr'>hoc</span> <span class='ocrx_word' id='word_1_844' title='bbox 1993 1842 2084 1884; x_wconf 92' lang='lat' dir='ltr'>quod</span> <span class='ocrx_word' id='word_1_845' title='bbox 2099 1842 2180 1874; x_wconf 87' lang='lat' dir='ltr'>nihil</span> <span class='ocrx_word' id='word_1_846' title='bbox 2195 1847 2304 1884; x_wconf 88' lang='lat' dir='ltr'>potest</span> <span class='ocrx_word' id='word_1_847' title='bbox 2319 1853 2387 1875; x_wconf 89' lang='lat' dir='ltr'>esse</span> <span class='ocrx_word' id='word_1_848' title='bbox 2403 1852 2472 1876; x_wconf 90' lang='lat' dir='ltr'>non</span> 
     </span>
     <span class='ocr_line' id='line_1_99' title="bbox 1396 1887 2472 1929; baseline 0.002 -11"><span class='ocrx_word' id='word_1_849' title='bbox 1396 1893 1563 1918; x_wconf 89' lang='lat' dir='ltr'>causatum</span> <span class='ocrx_word' id='word_1_850' title='bbox 1580 1897 1598 1918; x_wconf 95' lang='lat' dir='ltr'>a</span> <span class='ocrx_word' id='word_1_851' title='bbox 1613 1887 1696 1924; x_wconf 89' lang='lat' dir='ltr'>Deo,</span> <span class='ocrx_word' id='word_1_852' title='bbox 1713 1887 1782 1918; x_wconf 87' lang='lat' dir='ltr'>vult</span> <span class='ocrx_word' id='word_1_853' title='bbox 1805 1887 1922 1918; x_wconf 88' lang='lat' dir='ltr'>habere</span> <span class='ocrx_word' id='word_1_854' title='bbox 1947 1887 2083 1918; x_wconf 85' lang='lat' dir='ltr'>Sanctus</span> <span class='ocrx_word' id='word_1_855' title='bbox 2098 1887 2245 1918; x_wconf 87' lang='lat' dir='ltr'>Thomas</span> <span class='ocrx_word' id='word_1_856' title='bbox 2269 1887 2360 1929; x_wconf 87' lang='lat' dir='ltr'>quod</span> <span class='ocrx_word' id='word_1_857' title='bbox 2383 1888 2472 1920; x_wconf 86' lang='lat' dir='ltr'>solus</span> 
     </span>
     <span class='ocr_line' id='line_1_100' title="bbox 1395 1931 2474 1972; baseline 0.002 -10"><span class='ocrx_word' id='word_1_858' title='bbox 1395 1931 1484 1962; x_wconf 91' lang='lat' dir='ltr'>Deus</span> <span class='ocrx_word' id='word_1_859' title='bbox 1508 1937 1618 1962; x_wconf 87' lang='lat' dir='ltr'>causat</span> <span class='ocrx_word' id='word_1_860' title='bbox 1641 1931 1799 1972; x_wconf 91' lang='lat' dir='ltr'>quicquid</span> <span class='ocrx_word' id='word_1_861' title='bbox 1822 1937 1870 1962; x_wconf 88' lang='lat' dir='ltr'>est</span> <span class='ocrx_word' id='word_1_862' title='bbox 1892 1932 1927 1962; x_wconf 91' lang='lat' dir='ltr'>in</span> <span class='ocrx_word' id='word_1_863' title='bbox 1949 1941 2000 1962; x_wconf 88' lang='lat' dir='ltr'>re:</span> <span class='ocrx_word' id='word_1_864' title='bbox 2025 1941 2093 1962; x_wconf 92' lang='lat' dir='ltr'>non</span> <span class='ocrx_word' id='word_1_865' title='bbox 2109 1936 2219 1963; x_wconf 87' lang='lat' dir='ltr'>autem</span> <span class='ocrx_word' id='word_1_866' title='bbox 2235 1931 2370 1972; x_wconf 82' lang='lat' dir='ltr'>aliquod</span> <span class='ocrx_word' id='word_1_867' title='bbox 2385 1931 2474 1964; x_wconf 80' lang='lat' dir='ltr'>aliud</span> 
     </span>
     <span class='ocr_line' id='line_1_101' title="bbox 1395 1975 2473 2016; baseline 0.001 -9"><span class='ocrx_word' id='word_1_868' title='bbox 1395 1985 1503 2016; x_wconf 85' lang='lat' dir='ltr'>agens,</span> <span class='ocrx_word' id='word_1_869' title='bbox 1528 1985 1604 2007; x_wconf 89' lang='lat' dir='ltr'>cum</span> <span class='ocrx_word' id='word_1_870' title='bbox 1628 1977 1794 2007; x_wconf 85' lang='lat' dir='ltr'>materiam</span> <span class='ocrx_word' id='word_1_871' title='bbox 1818 1985 1887 2007; x_wconf 91' lang='lat' dir='ltr'>non</span> <span class='ocrx_word' id='word_1_872' title='bbox 1911 1981 2031 2007; x_wconf 86' lang='lat' dir='ltr'>causet.</span> <span class='ocrx_word' id='word_1_873' title='bbox 2056 1975 2098 2007; x_wconf 90' lang='lat' dir='ltr'>Et</span> <span class='ocrx_word' id='word_1_874' title='bbox 2119 1975 2196 2007; x_wconf 87' lang='lat' dir='ltr'>ideo</span> <span class='ocrx_word' id='word_1_875' title='bbox 2218 1976 2320 2007; x_wconf 83' lang='lat' dir='ltr'>solius</span> <span class='ocrx_word' id='word_1_876' title='bbox 2343 1976 2405 2008; x_wconf 82' lang='lat' dir='ltr'>Dei</span> <span class='ocrx_word' id='word_1_877' title='bbox 2424 1981 2473 2008; x_wconf 74' lang='lat' dir='ltr'>est</span> 
     </span>
     <span class='ocr_line' id='line_1_102' title="bbox 1395 2019 2474 2062; baseline 0.002 -11"><span class='ocrx_word' id='word_1_878' title='bbox 1395 2030 1519 2051; x_wconf 88' lang='lat' dir='ltr'>creare:</span> <span class='ocrx_word' id='word_1_879' title='bbox 1549 2029 1625 2051; x_wconf 87' lang='lat' dir='ltr'>curn</span> <span class='ocrx_word' id='word_1_880' title='bbox 1656 2030 1764 2052; x_wconf 86' lang='lat' dir='ltr'>creare</span> <span class='ocrx_word' id='word_1_881' title='bbox 1793 2021 1833 2051; x_wconf 87' lang='lat' dir='ltr'>sit</span> <span class='ocrx_word' id='word_1_882' title='bbox 1864 2019 2046 2061; x_wconf 89' lang='lat' dir='ltr'>producere</span> <span class='ocrx_word' id='word_1_883' title='bbox 2075 2019 2235 2062; x_wconf 88' lang='lat' dir='ltr'>quicquid</span> <span class='ocrx_word' id='word_1_884' title='bbox 2263 2021 2402 2062; x_wconf 82' lang='lat' dir='ltr'>pertinet</span> <span class='ocrx_word' id='word_1_885' title='bbox 2431 2020 2474 2055; x_wconf 71' lang='lat' dir='ltr'>ad</span> 
     </span>
     <span class='ocr_line' id='line_1_103' title="bbox 1395 2074 1543 2096; baseline 0 0"><span class='ocrx_word' id='word_1_886' title='bbox 1395 2074 1463 2096; x_wconf 88' lang='lat' dir='ltr'>esse</span> <span class='ocrx_word' id='word_1_887' title='bbox 1486 2074 1543 2096; x_wconf 78' lang='lat' dir='ltr'>rei.</span> 
     </span>
    </p>

    <p class='ocr_par' dir='ltr' id='par_1_33' title="bbox 1393 2103 2473 2508">
     <span class='ocr_line' id='line_1_104' title="bbox 1451 2103 2473 2152; baseline 0.002 -12"><span class='ocrx_word' id='word_1_888' title='bbox 1451 2109 1502 2140; x_wconf 88' lang='lat'>111.</span> <span class='ocrx_word' id='word_1_889' title='bbox 1523 2110 1633 2141; x_wconf 86' lang='lat' dir='ltr'>Tertio</span> <span class='ocrx_word' id='word_1_890' title='bbox 1646 2111 1672 2141; x_wconf 68' lang='lat'>*.</span> <span class='ocrx_word' id='word_1_891' title='bbox 1697 2109 1777 2141; x_wconf 92' lang='lat' dir='ltr'>Esse</span> <span class='ocrx_word' id='word_1_892' title='bbox 1801 2114 1849 2141; x_wconf 90' lang='lat' dir='ltr'>est</span> <span class='ocrx_word' id='word_1_893' title='bbox 1871 2109 2014 2151; x_wconf 89' lang='lat' dir='ltr'>primum</span> <span class='ocrx_word' id='word_1_894' title='bbox 2034 2114 2213 2142; x_wconf 88' lang='lat' dir='ltr'>causatum.</span> <span class='ocrx_word' id='word_1_895' title='bbox 2238 2109 2325 2151; x_wconf 82' lang='lat' dir='ltr'>Ergo</span> <span class='ocrx_word' id='word_1_896' title='bbox 2341 2103 2473 2152; x_wconf 77' lang='lat' dir='ltr'>propria</span> 
     </span>
     <span class='ocr_line' id='line_1_105' title="bbox 1394 2154 2470 2196; baseline 0.001 -11"><span class='ocrx_word' id='word_1_897' title='bbox 1394 2163 1490 2186; x_wconf 84' lang='lat' dir='ltr'>causa</span> <span class='ocrx_word' id='word_1_898' title='bbox 1513 2154 1639 2186; x_wconf 85' lang='lat' dir='ltr'>essendi</span> <span class='ocrx_word' id='word_1_899' title='bbox 1663 2154 1851 2196; x_wconf 86' lang='lat' dir='ltr'>simpliciter</span> <span class='ocrx_word' id='word_1_900' title='bbox 1874 2159 1922 2186; x_wconf 88' lang='lat' dir='ltr'>est</span> <span class='ocrx_word' id='word_1_901' title='bbox 1945 2163 2042 2195; x_wconf 85' lang='lat' dir='ltr'>agens</span> <span class='ocrx_word' id='word_1_902' title='bbox 2065 2155 2209 2196; x_wconf 85' lang='lat' dir='ltr'>primum</span> <span class='ocrx_word' id='word_1_903' title='bbox 2233 2159 2266 2186; x_wconf 91' lang='lat' dir='ltr'>et</span> <span class='ocrx_word' id='word_1_904' title='bbox 2280 2154 2470 2194; x_wconf 86' lang='lat' dir='ltr'>universale,</span> 
     </span>
     <span class='ocr_line' id='line_1_106' title="bbox 1394 2198 2472 2241; baseline 0 -11"><span class='ocrx_word' id='word_1_905' title='bbox 1394 2198 1484 2239; x_wconf 90' lang='lat' dir='ltr'>quod</span> <span class='ocrx_word' id='word_1_906' title='bbox 1508 2204 1555 2230; x_wconf 81' lang='lat' dir='ltr'>est</span> <span class='ocrx_word' id='word_1_907' title='bbox 1578 2199 1677 2231; x_wconf 88' lang='lat' dir='ltr'>Deus.</span> <span class='ocrx_word' id='word_1_908' title='bbox 1703 2198 1776 2231; x_wconf 89' lang='lat' dir='ltr'>Sed·</span> <span class='ocrx_word' id='word_1_909' title='bbox 1790 2208 1859 2230; x_wconf 82' lang='lat' dir='ltr'>esse</span> <span class='ocrx_word' id='word_1_910' title='bbox 1883 2199 2072 2241; x_wconf 87' lang='lat' dir='ltr'>simpliciter</span> <span class='ocrx_word' id='word_1_911' title='bbox 2093 2207 2152 2240; x_wconf 86' lang='lat' dir='ltr'>per</span> <span class='ocrx_word' id='word_1_912' title='bbox 2174 2199 2373 2231; x_wconf 80' lang='lat' dir='ltr'>creationem</span> <span class='ocrx_word' id='word_1_913' title='bbox 2395 2209 2472 2231; x_wconf 86' lang='lat' dir='ltr'>cau-</span> 
     </span>
     <span class='ocr_line' id='line_1_107' title="bbox 1393 2243 2472 2286; baseline 0.002 -12"><span class='ocrx_word' id='word_1_914' title='bbox 1393 2249 1496 2274; x_wconf 87' lang='lat' dir='ltr'>satur:</span> <span class='ocrx_word' id='word_1_915' title='bbox 1521 2243 1598 2284; x_wconf 85' lang='lat' dir='ltr'>quia</span> <span class='ocrx_word' id='word_1_916' title='bbox 1621 2254 1689 2276; x_wconf 92' lang='lat' dir='ltr'>non</span> <span class='ocrx_word' id='word_1_917' title='bbox 1712 2250 1822 2286; x_wconf 86' lang='lat' dir='ltr'>potest</span> <span class='ocrx_word' id='word_1_918' title='bbox 1843 2243 1967 2285; x_wconf 89' lang='lat' dir='ltr'>aliquid</span> <span class='ocrx_word' id='word_1_919' title='bbox 1989 2243 2203 2285; x_wconf 75' lang='lat' dir='ltr'>praeexistere</span> <span class='ocrx_word' id='word_1_920' title='bbox 2218 2243 2310 2285; x_wconf 81' lang='lat' dir='ltr'>quod</span> <span class='ocrx_word' id='word_1_921' title='bbox 2328 2245 2369 2276; x_wconf 84' lang='lat' dir='ltr'>sit</span> <span class='ocrx_word' id='word_1_922' title='bbox 2385 2249 2472 2276; x_wconf 80' lang='lat' dir='ltr'>extra</span> 
     </span>
     <span class='ocr_line' id='line_1_108' title="bbox 1394 2287 2472 2330; baseline 0.002 -11"><span class='ocrx_word' id='word_1_923' title='bbox 1394 2297 1451 2319; x_wconf 84' lang='lat' dir='ltr'>ens</span> <span class='ocrx_word' id='word_1_924' title='bbox 1466 2288 1662 2329; x_wconf 85' lang='lat' dir='ltr'>simpliciter.</span> <span class='ocrx_word' id='word_1_925' title='bbox 1679 2289 1765 2330; x_wconf 82' lang='lat' dir='ltr'>Ergo</span> <span class='ocrx_word' id='word_1_926' title='bbox 1782 2294 1844 2320; x_wconf 86' lang='lat' dir='ltr'>etc.</span> <span class='ocrx_word' id='word_1_927' title='bbox 1860 2307 1883 2312; x_wconf 93' lang='lat'><em>-</em></span> <span class='ocrx_word' id='word_1_928' title='bbox 1898 2288 2056 2320; x_wconf 83' lang='lat' dir='ltr'>Probatur</span> <span class='ocrx_word' id='word_1_929' title='bbox 2071 2288 2276 2320; x_wconf 72' lang='lat' dir='ltr'>antecedens.</span> <span class='ocrx_word' id='word_1_930' title='bbox 2300 2287 2387 2327; x_wconf 84' lang='lat' dir='ltr'>Quia</span> <span class='ocrx_word' id='word_1_931' title='bbox 2401 2298 2472 2321; x_wconf 68' lang='lat' dir='ltr'>ene</span> 
     </span>
     <span class='ocr_line' id='line_1_109' title="bbox 1394 2333 2471 2375; baseline 0.002 -12"><span class='ocrx_word' id='word_1_932' title='bbox 1394 2338 1442 2363; x_wconf 88' lang='lat' dir='ltr'>est</span> <span class='ocrx_word' id='word_1_933' title='bbox 1465 2334 1753 2365; x_wconf 84' lang='lat' dir='ltr'>communissimus</span> <span class='ocrx_word' id='word_1_934' title='bbox 1777 2333 1920 2365; x_wconf 82' lang='lat' dir='ltr'>effectus.</span> <span class='ocrx_word' id='word_1_935' title='bbox 1937 2352 1959 2356; x_wconf 91' lang='lat'><em>-</em></span> <span class='ocrx_word' id='word_1_936' title='bbox 1976 2333 2222 2375; x_wconf 82' lang='lat' dir='ltr'>Consequentia</span> <span class='ocrx_word' id='word_1_937' title='bbox 2240 2333 2338 2365; x_wconf 89' lang='lat' dir='ltr'>etiam</span> <span class='ocrx_word' id='word_1_938' title='bbox 2353 2334 2471 2374; x_wconf 82' lang='lat' dir='ltr'>proba-</span> 
     </span>
     <span class='ocr_line' id='line_1_110' title="bbox 1394 2377 2471 2421; baseline 0.002 -14"><span class='ocrx_word' id='word_1_939' title='bbox 1394 2383 1455 2408; x_wconf 88' lang='lat' dir='ltr'>tur.</span> <span class='ocrx_word' id='word_1_940' title='bbox 1479 2377 1565 2416; x_wconf 87' lang='lat' dir='ltr'>Quia</span> <span class='ocrx_word' id='word_1_941' title='bbox 1589 2384 1719 2419; x_wconf 87' lang='lat' dir='ltr'>oportet</span> <span class='ocrx_word' id='word_1_942' title='bbox 1743 2377 1876 2410; x_wconf 89' lang='lat' dir='ltr'>effectus</span> <span class='ocrx_word' id='word_1_943' title='bbox 1906 2378 2011 2410; x_wconf 81' lang='lat' dir='ltr'>causis</span> <span class='ocrx_word' id='word_1_944' title='bbox 2039 2387 2108 2409; x_wconf 86' lang='lat' dir='ltr'>esse</span> <span class='ocrx_word' id='word_1_945' title='bbox 2135 2378 2412 2421; x_wconf 86' lang='lat' dir='ltr'>proportionatos,</span> <span class='ocrx_word' id='word_1_946' title='bbox 2434 2383 2471 2410; x_wconf 88' lang='lat' dir='ltr'>ut</span> 
     </span>
     <span class='ocr_line' id='line_1_111' title="bbox 1394 2422 2470 2464; baseline 0.003 -12"><span class='ocrx_word' id='word_1_947' title='bbox 1394 2422 1600 2462; x_wconf 88' lang='lat' dir='ltr'>particulares</span> <span class='ocrx_word' id='word_1_948' title='bbox 1616 2422 1749 2454; x_wconf 85' lang='lat' dir='ltr'>effectus</span> <span class='ocrx_word' id='word_1_949' title='bbox 1762 2423 1866 2454; x_wconf 81' lang='lat' dir='ltr'>causis</span> <span class='ocrx_word' id='word_1_950' title='bbox 1882 2422 2137 2464; x_wconf 86' lang='lat' dir='ltr'>particularibus,</span> <span class='ocrx_word' id='word_1_951' title='bbox 2150 2422 2344 2454; x_wconf 76' lang='lat' dir='ltr'>universales</span> <span class='ocrx_word' id='word_1_952' title='bbox 2361 2427 2470 2455; x_wconf 83' lang='lat' dir='ltr'>autem</span> 
     </span>
     <span class='ocr_line' id='line_1_112' title="bbox 1394 2466 1935 2508; baseline 0.002 -11"><span class='ocrx_word' id='word_1_953' title='bbox 1394 2466 1626 2498; x_wconf 87' lang='lat' dir='ltr'>universalibus</span> <span class='ocrx_word' id='word_1_954' title='bbox 1650 2467 1935 2508; x_wconf 83' lang='lat' dir='ltr'>correspondeant.</span> 
     </span>
    </p>

    <p class='ocr_par' dir='ltr' id='par_1_34' title="bbox 1395 2511 2472 2766">
     <span class='ocr_line' id='line_1_113' title="bbox 1450 2511 2471 2553; baseline 0.001 -11"><span class='ocrx_word' id='word_1_955' title='bbox 1450 2511 1536 2550; x_wconf 91' lang='lat' dir='ltr'>Quia</span> <span class='ocrx_word' id='word_1_956' title='bbox 1560 2517 1670 2543; x_wconf 88' lang='lat' dir='ltr'>autem</span> <span class='ocrx_word' id='word_1_957' title='bbox 1685 2512 1802 2553; x_wconf 82' lang='lat' dir='ltr'>aliquis</span> <span class='ocrx_word' id='word_1_958' title='bbox 1817 2517 1928 2553; x_wconf 81' lang='lat' dir='ltr'>posset</span> <span class='ocrx_word' id='word_1_959' title='bbox 1942 2513 2061 2543; x_wconf 85' lang='lat' dir='ltr'>instare</span> <span class='ocrx_word' id='word_1_960' title='bbox 2076 2516 2189 2543; x_wconf 85' lang='lat' dir='ltr'>contra</span> <span class='ocrx_word' id='word_1_961' title='bbox 2204 2511 2288 2542; x_wconf 87' lang='lat' dir='ltr'>hanc</span> <span class='ocrx_word' id='word_1_962' title='bbox 2310 2512 2471 2543; x_wconf 76' lang='lat' dir='ltr'>rationem</span> 
     </span>
     <span class='ocr_line' id='line_1_114' title="bbox 1395 2555 2470 2598; baseline 0.001 -11"><span class='ocrx_word' id='word_1_963' title='bbox 1395 2555 1535 2587; x_wconf 88' lang='lat' dir='ltr'>dicendo</span> <span class='ocrx_word' id='word_1_964' title='bbox 1551 2555 1643 2597; x_wconf 87' lang='lat' dir='ltr'>quod</span> <span class='ocrx_word' id='word_1_965' title='bbox 1658 2565 1727 2588; x_wconf 87' lang='lat' dir='ltr'>esse</span> <span class='ocrx_word' id='word_1_966' title='bbox 1750 2566 1818 2588; x_wconf 90' lang='lat' dir='ltr'>non</span> <span class='ocrx_word' id='word_1_967' title='bbox 1841 2556 1950 2588; x_wconf 81' lang='lat' dir='ltr'>solum</span> <span class='ocrx_word' id='word_1_968' title='bbox 1966 2556 2158 2598; x_wconf 88' lang='lat' dir='ltr'>producitur</span> <span class='ocrx_word' id='word_1_969' title='bbox 2180 2565 2238 2597; x_wconf 88' lang='lat' dir='ltr'>per</span> <span class='ocrx_word' id='word_1_970' title='bbox 2261 2556 2470 2594; x_wconf 63' lang='lat' dir='ltr'>creationem,</span> 
     </span>
     <span class='ocr_line' id='line_1_115' title="bbox 1395 2600 2471 2642; baseline 0.002 -11"><span class='ocrx_word' id='word_1_971' title='bbox 1395 2600 1452 2631; x_wconf 91' lang='lat' dir='ltr'>sed</span> <span class='ocrx_word' id='word_1_972' title='bbox 1468 2601 1564 2632; x_wconf 86' lang='lat' dir='ltr'>etiam</span> <span class='ocrx_word' id='word_1_973' title='bbox 1580 2611 1638 2642; x_wconf 88' lang='lat' dir='ltr'>per</span> <span class='ocrx_word' id='word_1_974' title='bbox 1653 2602 1816 2633; x_wconf 89' lang='lat' dir='ltr'>actionem</span> <span class='ocrx_word' id='word_1_975' title='bbox 1831 2600 1966 2633; x_wconf 87' lang='lat' dir='ltr'>aliarum</span> <span class='ocrx_word' id='word_1_976' title='bbox 1982 2610 2168 2633; x_wconf 88' lang='lat' dir='ltr'>causarum:</span> <span class='ocrx_word' id='word_1_977' title='bbox 2189 2600 2265 2632; x_wconf 76' lang='lat' dir='ltr'>ideo</span> <span class='ocrx_word' id='word_1_978' title='bbox 2281 2601 2366 2632; x_wconf 83' lang='lat' dir='ltr'>hanc</span> <span class='ocrx_word' id='word_1_979' title='bbox 2380 2601 2471 2633; x_wconf 81' lang='lat' dir='ltr'>obie-</span> 
     </span>
     <span class='ocr_line' id='line_1_116' title="bbox 1395 2645 2472 2687; baseline 0 -11"><span class='ocrx_word' id='word_1_980' title='bbox 1395 2645 1538 2676; x_wconf 89' lang='lat' dir='ltr'>ctionem</span> <span class='ocrx_word' id='word_1_981' title='bbox 1568 2651 1725 2682; x_wconf 84' lang='lat' dir='ltr'>removet,</span> <span class='ocrx_word' id='word_1_982' title='bbox 1749 2646 1900 2687; x_wconf 87' lang='lat' dir='ltr'>inquiens</span> <span class='ocrx_word' id='word_1_983' title='bbox 1930 2645 2022 2687; x_wconf 89' lang='lat' dir='ltr'>quod</span> <span class='ocrx_word' id='word_1_984' title='bbox 2047 2646 2112 2677; x_wconf 84' lang='lat' dir='ltr'>alia</span> <span class='ocrx_word' id='word_1_985' title='bbox 2142 2646 2269 2686; x_wconf 84' lang='lat' dir='ltr'>agentia</span> <span class='ocrx_word' id='word_1_986' title='bbox 2297 2655 2366 2677; x_wconf 88' lang='lat' dir='ltr'>non</span> <span class='ocrx_word' id='word_1_987' title='bbox 2396 2650 2472 2677; x_wconf 85' lang='lat' dir='ltr'>sunt</span> 
     </span>
     <span class='ocr_line' id='line_1_117' title="bbox 1395 2689 2471 2731; baseline 0.001 -11"><span class='ocrx_word' id='word_1_988' title='bbox 1395 2699 1491 2720; x_wconf 86' lang='lat' dir='ltr'>causa</span> <span class='ocrx_word' id='word_1_989' title='bbox 1515 2690 1641 2722; x_wconf 89' lang='lat' dir='ltr'>essendi</span> <span class='ocrx_word' id='word_1_990' title='bbox 1664 2690 1862 2731; x_wconf 87' lang='lat' dir='ltr'>simpliciter,</span> <span class='ocrx_word' id='word_1_991' title='bbox 1886 2690 1942 2722; x_wconf 86' lang='lat' dir='ltr'>sed</span> <span class='ocrx_word' id='word_1_992' title='bbox 1965 2696 2041 2722; x_wconf 90' lang='lat' dir='ltr'>sunt</span> <span class='ocrx_word' id='word_1_993' title='bbox 2064 2700 2159 2722; x_wconf 85' lang='lat' dir='ltr'>causa</span> <span class='ocrx_word' id='word_1_994' title='bbox 2182 2689 2309 2722; x_wconf 77' lang='lat' dir='ltr'>essendi</span> <span class='ocrx_word' id='word_1_995' title='bbox 2323 2690 2393 2727; x_wconf 85' lang='lat' dir='ltr'>hoc,</span> <span class='ocrx_word' id='word_1_996' title='bbox 2409 2689 2471 2721; x_wconf 85' lang='lat' dir='ltr'>sci·</span> 
     </span>
     <span class='ocr_line' id='line_1_118' title="bbox 1396 2735 1880 2766; baseline 0 -1"><span class='ocrx_word' id='word_1_997' title='bbox 1396 2735 1470 2766; x_wconf 89' lang='lat' dir='ltr'>licet</span> <span class='ocrx_word' id='word_1_998' title='bbox 1493 2735 1662 2766; x_wconf 88' lang='lat' dir='ltr'>hominem</span> <span class='ocrx_word' id='word_1_999' title='bbox 1686 2735 1736 2766; x_wconf 91' lang='lat' dir='ltr'>vel</span> <span class='ocrx_word' id='word_1_1000' title='bbox 1761 2735 1880 2766; x_wconf 87' lang='lat' dir='ltr'>album.</span> 
     </span>
    </p>

    <p class='ocr_par' dir='ltr' id='par_1_35' title="bbox 1394 2779 2473 3489">
     <span class='ocr_line' id='line_1_119' title="bbox 1452 2779 2469 2820; baseline 0.001 -10"><span class='ocrx_word' id='word_1_1001' title='bbox 1452 2789 1482 2810; x_wconf 86' lang='lat'>2.</span> <span class='ocrx_word' id='word_1_1002' title='bbox 1507 2779 1602 2811; x_wconf 88' lang='lat' dir='ltr'>Circa</span> <span class='ocrx_word' id='word_1_1003' title='bbox 1625 2779 1819 2811; x_wconf 86' lang='lat' dir='ltr'>antecedens</span> <span class='ocrx_word' id='word_1_1004' title='bbox 1842 2779 1939 2811; x_wconf 82' lang='lat' dir='ltr'>huius</span> <span class='ocrx_word' id='word_1_1005' title='bbox 1959 2780 2102 2817; x_wconf 84' lang='lat' dir='ltr'>rationis,</span> <span class='ocrx_word' id='word_1_1006' title='bbox 2118 2779 2352 2811; x_wconf 86' lang='lat' dir='ltr'>advertendum</span> <span class='ocrx_word' id='word_1_1007' title='bbox 2369 2779 2469 2820; x_wconf 83' lang='lat' dir='ltr'>quod,</span> 
     </span>
     <span class='ocr_line' id='line_1_120' title="bbox 1396 2823 2471 2866; baseline 0.001 -12"><span class='ocrx_word' id='word_1_1008' title='bbox 1396 2834 1471 2855; x_wconf 85' lang='lat' dir='ltr'>cum</span> <span class='ocrx_word' id='word_1_1009' title='bbox 1490 2824 1634 2865; x_wconf 81' lang='lat' dir='ltr'>primum</span> <span class='ocrx_word' id='word_1_1010' title='bbox 1658 2824 1879 2866; x_wconf 87' lang='lat' dir='ltr'>multipliciter</span> <span class='ocrx_word' id='word_1_1011' title='bbox 1901 2824 2005 2865; x_wconf 89' lang='lat' dir='ltr'>accipi</span> <span class='ocrx_word' id='word_1_1012' title='bbox 2028 2824 2140 2865; x_wconf 84' lang='lat' dir='ltr'>possit,</span> <span class='ocrx_word' id='word_1_1013' title='bbox 2156 2823 2239 2855; x_wconf 82' lang='lat' dir='ltr'>sicut</span> <span class='ocrx_word' id='word_1_1014' title='bbox 2255 2829 2287 2856; x_wconf 85' lang='lat' dir='ltr'>et</span> <span class='ocrx_word' id='word_1_1015' title='bbox 2301 2823 2471 2866; x_wconf 69' lang='lat' dir='ltr'>multiplex</span> 
     </span>
     <span class='ocr_line' id='line_1_121' title="bbox 1396 2868 2470 2910; baseline -0.001 -10"><span class='ocrx_word' id='word_1_1016' title='bbox 1396 2875 1442 2900; x_wconf 87' lang='lat' dir='ltr'>est</span> <span class='ocrx_word' id='word_1_1017' title='bbox 1459 2868 1557 2905; x_wconf 90' lang='lat' dir='ltr'>ordo;</span> <span class='ocrx_word' id='word_1_1018' title='bbox 1583 2870 1646 2900; x_wconf 87' lang='lat' dir='ltr'>hoc</span> <span class='ocrx_word' id='word_1_1019' title='bbox 1671 2869 1745 2900; x_wconf 90' lang='lat' dir='ltr'>loco</span> <span class='ocrx_word' id='word_1_1020' title='bbox 1769 2869 1957 2910; x_wconf 80' lang='lat' dir='ltr'>intelligitur</span> <span class='ocrx_word' id='word_1_1021' title='bbox 1980 2869 2122 2910; x_wconf 88' lang='lat' dir='ltr'>primum</span> <span class='ocrx_word' id='word_1_1022' title='bbox 2140 2868 2302 2910; x_wconf 80' lang='lat' dir='ltr'>primitate</span> <span class='ocrx_word' id='word_1_1023' title='bbox 2322 2877 2470 2901; x_wconf 81' lang='lat' dir='ltr'>commu-</span> 
     </span>
     <span class='ocr_line' id='line_1_122' title="bbox 1394 2913 2471 2955; baseline 0.001 -11"><span class='ocrx_word' id='word_1_1024' title='bbox 1394 2914 1502 2944; x_wconf 90' lang='lat' dir='ltr'>nitatis</span> <span class='ocrx_word' id='word_1_1025' title='bbox 1526 2920 1557 2945; x_wconf 91' lang='lat' dir='ltr'>et</span> <span class='ocrx_word' id='word_1_1026' title='bbox 1579 2913 1902 2955; x_wconf 87' lang='lat' dir='ltr'>praesuppositionis.</span> <span class='ocrx_word' id='word_1_1027' title='bbox 1922 2913 1979 2944; x_wconf 90' lang='lat' dir='ltr'>Est</span> <span class='ocrx_word' id='word_1_1028' title='bbox 1995 2913 2083 2945; x_wconf 86' lang='lat' dir='ltr'>enim</span> <span class='ocrx_word' id='word_1_1029' title='bbox 2099 2923 2168 2945; x_wconf 87' lang='lat' dir='ltr'>esse</span> <span class='ocrx_word' id='word_1_1030' title='bbox 2184 2914 2471 2947; x_wconf 79' lang='lat' dir='ltr'>communissimus</span> 
     </span>
     <span class='ocr_line' id='line_1_123' title="bbox 1396 2957 2471 2999; baseline -0.001 -10"><span class='ocrx_word' id='word_1_1031' title='bbox 1396 2957 1544 2989; x_wconf 81' lang='lat' dir='ltr'>effectus:</span> <span class='ocrx_word' id='word_1_1032' title='bbox 1570 2968 1611 2989; x_wconf 90' lang='lat' dir='ltr'>eo</span> <span class='ocrx_word' id='word_1_1033' title='bbox 1635 2957 1726 2999; x_wconf 90' lang='lat' dir='ltr'>quod</span> <span class='ocrx_word' id='word_1_1034' title='bbox 1749 2958 1829 2989; x_wconf 87' lang='lat' dir='ltr'>nihil</span> <span class='ocrx_word' id='word_1_1035' title='bbox 1853 2957 2051 2999; x_wconf 87' lang='lat' dir='ltr'>producatur</span> <span class='ocrx_word' id='word_1_1036' title='bbox 2078 2958 2139 2988; x_wconf 88' lang='lat' dir='ltr'>nisi</span> <span class='ocrx_word' id='word_1_1037' title='bbox 2166 2957 2303 2999; x_wconf 87' lang='lat' dir='ltr'>accipiat</span> <span class='ocrx_word' id='word_1_1038' title='bbox 2330 2967 2414 2995; x_wconf 86' lang='lat' dir='ltr'>esse;</span> <span class='ocrx_word' id='word_1_1039' title='bbox 2439 2963 2471 2989; x_wconf 84' lang='lat' dir='ltr'>et</span> 
     </span>
     <span class='ocr_line' id='line_1_124' title="bbox 1395 3001 2473 3044; baseline 0 -11"><span class='ocrx_word' id='word_1_1040' title='bbox 1395 3004 1502 3034; x_wconf 86' lang='lat' dir='ltr'>omnis</span> <span class='ocrx_word' id='word_1_1041' title='bbox 1526 3003 1586 3034; x_wconf 89' lang='lat' dir='ltr'>alia</span> <span class='ocrx_word' id='word_1_1042' title='bbox 1609 3001 1767 3043; x_wconf 82' lang='lat' dir='ltr'>perfectio</span> <span class='ocrx_word' id='word_1_1043' title='bbox 1786 3001 1960 3034; x_wconf 81' lang='lat' dir='ltr'>adveniens</span> <span class='ocrx_word' id='word_1_1044' title='bbox 1977 3002 2073 3033; x_wconf 85' lang='lat' dir='ltr'>alicui</span> <span class='ocrx_word' id='word_1_1045' title='bbox 2088 3002 2122 3033; x_wconf 89' lang='lat' dir='ltr'>in</span> <span class='ocrx_word' id='word_1_1046' title='bbox 2139 3007 2212 3034; x_wconf 89' lang='lat' dir='ltr'>actu</span> <span class='ocrx_word' id='word_1_1047' title='bbox 2229 3007 2473 3044; x_wconf 78' lang='lat' dir='ltr'>praesupponat</span> 
     </span>
     <span class='ocr_line' id='line_1_125' title="bbox 1395 3047 2471 3088; baseline 0 -10"><span class='ocrx_word' id='word_1_1048' title='bbox 1395 3056 1464 3078; x_wconf 91' lang='lat' dir='ltr'>rem</span> <span class='ocrx_word' id='word_1_1049' title='bbox 1489 3057 1574 3085; x_wconf 85' lang='lat' dir='ltr'>esse;</span> <span class='ocrx_word' id='word_1_1050' title='bbox 1598 3047 1677 3078; x_wconf 89' lang='lat' dir='ltr'>nihil</span> <span class='ocrx_word' id='word_1_1051' title='bbox 1701 3048 1788 3078; x_wconf 88' lang='lat' dir='ltr'>enim</span> <span class='ocrx_word' id='word_1_1052' title='bbox 1805 3052 1912 3088; x_wconf 84' lang='lat' dir='ltr'>potest</span> <span class='ocrx_word' id='word_1_1053' title='bbox 1926 3056 1997 3078; x_wconf 81' lang='lat' dir='ltr'>esse</span> <span class='ocrx_word' id='word_1_1054' title='bbox 2012 3048 2115 3078; x_wconf 88' lang='lat' dir='ltr'>homo</span> <span class='ocrx_word' id='word_1_1055' title='bbox 2131 3051 2187 3078; x_wconf 84' lang='lat' dir='ltr'>aut</span> <span class='ocrx_word' id='word_1_1056' title='bbox 2202 3047 2311 3078; x_wconf 78' lang='lat' dir='ltr'>album</span> <span class='ocrx_word' id='word_1_1057' title='bbox 2327 3052 2383 3078; x_wconf 74' lang='lat' dir='ltr'>aut</span> <span class='ocrx_word' id='word_1_1058' title='bbox 2397 3055 2471 3078; x_wconf 90' lang='lat' dir='ltr'>mu-</span> 
     </span>
     <span class='ocr_line' id='line_1_126' title="bbox 1395 3091 2469 3128; baseline 0 -5"><span class='ocrx_word' id='word_1_1059' title='bbox 1395 3093 1500 3124; x_wconf 86' lang='lat' dir='ltr'>sicum</span> <span class='ocrx_word' id='word_1_1060' title='bbox 1523 3093 1558 3123; x_wconf 89' lang='lat' dir='ltr'>in</span> <span class='ocrx_word' id='word_1_1061' title='bbox 1580 3101 1688 3123; x_wconf 83' lang='lat' dir='ltr'>rerum</span> <span class='ocrx_word' id='word_1_1062' title='bbox 1712 3097 1824 3123; x_wconf 85' lang='lat' dir='ltr'>natura</span> <span class='ocrx_word' id='word_1_1063' title='bbox 1848 3092 1909 3124; x_wconf 78' lang='lat' dir='ltr'>nisi</span> <span class='ocrx_word' id='word_1_1064' title='bbox 1931 3092 1972 3123; x_wconf 80' lang='lat' dir='ltr'>sit</span> <span class='ocrx_word' id='word_1_1065' title='bbox 1994 3101 2062 3128; x_wconf 81' lang='lat' dir='ltr'>ens,</span> <span class='ocrx_word' id='word_1_1066' title='bbox 2085 3092 2169 3123; x_wconf 79' lang='lat' dir='ltr'>sicut</span> <span class='ocrx_word' id='word_1_1067' title='bbox 2191 3091 2272 3123; x_wconf 85' lang='lat' dir='ltr'>nihil</span> <span class='ocrx_word' id='word_1_1068' title='bbox 2295 3097 2343 3123; x_wconf 83' lang='lat' dir='ltr'>est</span> <span class='ocrx_word' id='word_1_1069' title='bbox 2365 3092 2469 3123; x_wconf 77' lang='lat' dir='ltr'>homo</span> 
     </span>
     <span class='ocr_line' id='line_1_127' title="bbox 1395 3135 2469 3175; baseline 0 -8"><span class='ocrx_word' id='word_1_1070' title='bbox 1395 3137 1456 3168; x_wconf 91' lang='lat' dir='ltr'>nisi</span> <span class='ocrx_word' id='word_1_1071' title='bbox 1479 3137 1519 3167; x_wconf 91' lang='lat' dir='ltr'>sit</span> <span class='ocrx_word' id='word_1_1072' title='bbox 1542 3137 1728 3168; x_wconf 84' lang='lat' dir='ltr'>substantia.</span> <span class='ocrx_word' id='word_1_1073' title='bbox 1753 3136 1830 3174; x_wconf 89' lang='lat' dir='ltr'>Quo</span> <span class='ocrx_word' id='word_1_1074' title='bbox 1854 3135 1957 3168; x_wconf 90' lang='lat' dir='ltr'>modo</span> <span class='ocrx_word' id='word_1_1075' title='bbox 1981 3137 2069 3167; x_wconf 87' lang='lat' dir='ltr'>enim</span> <span class='ocrx_word' id='word_1_1076' title='bbox 2091 3135 2230 3168; x_wconf 83' lang='lat' dir='ltr'>dicimus</span> <span class='ocrx_word' id='word_1_1077' title='bbox 2260 3136 2469 3175; x_wconf 76' lang='lat' dir='ltr'>substantiam</span> 
     </span>
     <span class='ocr_line' id='line_1_128' title="bbox 1396 3179 2468 3222; baseline -0.001 -10"><span class='ocrx_word' id='word_1_1078' title='bbox 1396 3191 1464 3212; x_wconf 88' lang='lat' dir='ltr'>esse</span> <span class='ocrx_word' id='word_1_1079' title='bbox 1488 3182 1630 3222; x_wconf 88' lang='lat' dir='ltr'>primum</span> <span class='ocrx_word' id='word_1_1080' title='bbox 1654 3182 1687 3212; x_wconf 92' lang='lat' dir='ltr'>in</span> <span class='ocrx_word' id='word_1_1081' title='bbox 1709 3190 1827 3222; x_wconf 83' lang='lat' dir='ltr'>genere</span> <span class='ocrx_word' id='word_1_1082' title='bbox 1851 3181 2046 3212; x_wconf 87' lang='lat' dir='ltr'>substantiae</span> <span class='ocrx_word' id='word_1_1083' title='bbox 2062 3181 2140 3221; x_wconf 88' lang='lat' dir='ltr'>quia</span> <span class='ocrx_word' id='word_1_1084' title='bbox 2155 3179 2195 3212; x_wconf 92' lang='lat' dir='ltr'>de</span> <span class='ocrx_word' id='word_1_1085' title='bbox 2211 3180 2363 3212; x_wconf 82' lang='lat' dir='ltr'>omnibus</span> <span class='ocrx_word' id='word_1_1086' title='bbox 2377 3188 2468 3221; x_wconf 85' lang='lat' dir='ltr'>prae-</span> 
     </span>
     <span class='ocr_line' id='line_1_129' title="bbox 1396 3224 2470 3267; baseline -0.002 -11"><span class='ocrx_word' id='word_1_1087' title='bbox 1396 3225 1520 3257; x_wconf 92' lang='lat' dir='ltr'>dicatur</span> <span class='ocrx_word' id='word_1_1088' title='bbox 1543 3235 1626 3267; x_wconf 91' lang='lat' dir='ltr'>quae</span> <span class='ocrx_word' id='word_1_1089' title='bbox 1650 3226 1683 3256; x_wconf 91' lang='lat' dir='ltr'>in</span> <span class='ocrx_word' id='word_1_1090' title='bbox 1707 3224 1968 3266; x_wconf 88' lang='lat' dir='ltr'>praedicamento</span> <span class='ocrx_word' id='word_1_1091' title='bbox 1991 3225 2190 3257; x_wconf 80' lang='lat' dir='ltr'>substantiae</span> <span class='ocrx_word' id='word_1_1092' title='bbox 2205 3224 2420 3260; x_wconf 84' lang='lat' dir='ltr'>continentur,</span> <span class='ocrx_word' id='word_1_1093' title='bbox 2437 3229 2470 3255; x_wconf 90' lang='lat' dir='ltr'>et</span> 
     </span>
     <span class='ocr_line' id='line_1_130' title="bbox 1395 3268 2468 3311; baseline -0.001 -11"><span class='ocrx_word' id='word_1_1094' title='bbox 1395 3270 1471 3311; x_wconf 88' lang='lat' dir='ltr'>quia</span> <span class='ocrx_word' id='word_1_1095' title='bbox 1487 3270 1615 3302; x_wconf 87' lang='lat' dir='ltr'>nullum</span> <span class='ocrx_word' id='word_1_1096' title='bbox 1630 3269 1822 3302; x_wconf 88' lang='lat' dir='ltr'>inferiorum</span> <span class='ocrx_word' id='word_1_1097' title='bbox 1845 3269 2104 3311; x_wconf 88' lang='lat' dir='ltr'>praedicatorum</span> <span class='ocrx_word' id='word_1_1098' title='bbox 2128 3268 2223 3300; x_wconf 83' lang='lat' dir='ltr'>alicui</span> <span class='ocrx_word' id='word_1_1099' title='bbox 2239 3268 2392 3299; x_wconf 87' lang='lat' dir='ltr'>convenit</span> <span class='ocrx_word' id='word_1_1100' title='bbox 2406 3269 2468 3299; x_wconf 89' lang='lat' dir='ltr'>nisi</span> 
     </span>
     <span class='ocr_line' id='line_1_131' title="bbox 1396 3312 2468 3356; baseline -0.004 -10"><span class='ocrx_word' id='word_1_1101' title='bbox 1396 3316 1566 3356; x_wconf 85' lang='lat' dir='ltr'>supposito</span> <span class='ocrx_word' id='word_1_1102' title='bbox 1591 3314 1682 3356; x_wconf 90' lang='lat' dir='ltr'>quod</span> <span class='ocrx_word' id='word_1_1103' title='bbox 1713 3315 1752 3345; x_wconf 89' lang='lat' dir='ltr'>sit</span> <span class='ocrx_word' id='word_1_1104' title='bbox 1781 3315 1972 3351; x_wconf 81' lang='lat' dir='ltr'>substantia3</span> <span class='ocrx_word' id='word_1_1105' title='bbox 1997 3315 2040 3345; x_wconf 78' lang='lat' dir='ltr'>ita</span> <span class='ocrx_word' id='word_1_1106' title='bbox 2062 3315 2096 3345; x_wconf 86' lang='lat' dir='ltr'>in</span> <span class='ocrx_word' id='word_1_1107' title='bbox 2118 3321 2236 3354; x_wconf 79' lang='lat' dir='ltr'>genere</span> <span class='ocrx_word' id='word_1_1108' title='bbox 2262 3312 2468 3343; x_wconf 84' lang='lat' dir='ltr'>existentium</span> 
     </span>
     <span class='ocr_line' id='line_1_132' title="bbox 1396 3357 2468 3400; baseline -0.002 -10"><span class='ocrx_word' id='word_1_1109' title='bbox 1396 3369 1464 3390; x_wconf 89' lang='lat' dir='ltr'>esse</span> <span class='ocrx_word' id='word_1_1110' title='bbox 1482 3366 1528 3390; x_wconf 88' lang='lat' dir='ltr'>est</span> <span class='ocrx_word' id='word_1_1111' title='bbox 1545 3361 1696 3400; x_wconf 89' lang='lat' dir='ltr'>primum,</span> <span class='ocrx_word' id='word_1_1112' title='bbox 1713 3360 1790 3400; x_wconf 90' lang='lat' dir='ltr'>quia</span> <span class='ocrx_word' id='word_1_1113' title='bbox 1805 3359 1845 3390; x_wconf 92' lang='lat' dir='ltr'>de</span> <span class='ocrx_word' id='word_1_1114' title='bbox 1862 3359 2013 3390; x_wconf 90' lang='lat' dir='ltr'>omnibus</span> <span class='ocrx_word' id='word_1_1115' title='bbox 2036 3367 2120 3399; x_wconf 84' lang='lat' dir='ltr'>quae</span> <span class='ocrx_word' id='word_1_1116' title='bbox 2142 3357 2176 3388; x_wconf 89' lang='lat' dir='ltr'>in</span> <span class='ocrx_word' id='word_1_1117' title='bbox 2198 3365 2315 3396; x_wconf 85' lang='lat' dir='ltr'>genere</span> <span class='ocrx_word' id='word_1_1118' title='bbox 2332 3358 2468 3388; x_wconf 88' lang='lat' dir='ltr'>existen-</span> 
     </span>
     <span class='ocr_line' id='line_1_133' title="bbox 1396 3400 2468 3445; baseline -0.002 -10"><span class='ocrx_word' id='word_1_1119' title='bbox 1396 3405 1478 3435; x_wconf 88' lang='lat' dir='ltr'>tium</span> <span class='ocrx_word' id='word_1_1120' title='bbox 1501 3410 1576 3435; x_wconf 91' lang='lat' dir='ltr'>sunt</span> <span class='ocrx_word' id='word_1_1121' title='bbox 1599 3403 1800 3445; x_wconf 88' lang='lat' dir='ltr'>praedicatur</span> <span class='ocrx_word' id='word_1_1122' title='bbox 1822 3404 1856 3435; x_wconf 90' lang='lat' dir='ltr'>in</span> <span class='ocrx_word' id='word_1_1123' title='bbox 1879 3408 2044 3439; x_wconf 86' lang='lat' dir='ltr'>concreto,</span> <span class='ocrx_word' id='word_1_1124' title='bbox 2067 3406 2100 3433; x_wconf 89' lang='lat' dir='ltr'>et</span> <span class='ocrx_word' id='word_1_1125' title='bbox 2121 3400 2250 3432; x_wconf 87' lang='lat' dir='ltr'>nullum</span> <span class='ocrx_word' id='word_1_1126' title='bbox 2273 3410 2342 3432; x_wconf 77' lang='lat' dir='ltr'>esse</span> <span class='ocrx_word' id='word_1_1127' title='bbox 2372 3402 2468 3443; x_wconf 87' lang='lat' dir='ltr'>parti-</span> 
     </span>
     <span class='ocr_line' id='line_1_134' title="bbox 1397 3444 2288 3489; baseline -0.003 -10"><span class='ocrx_word' id='word_1_1128' title='bbox 1397 3448 1503 3480; x_wconf 87' lang='lat' dir='ltr'>culare</span> <span class='ocrx_word' id='word_1_1129' title='bbox 1527 3450 1572 3480; x_wconf 87' lang='lat' dir='ltr'>rei</span> <span class='ocrx_word' id='word_1_1130' title='bbox 1595 3449 1750 3480; x_wconf 85' lang='lat' dir='ltr'>convenit</span> <span class='ocrx_word' id='word_1_1131' title='bbox 1771 3448 1833 3479; x_wconf 85' lang='lat' dir='ltr'>nisi</span> <span class='ocrx_word' id='word_1_1132' title='bbox 1855 3446 2102 3489; x_wconf 75' lang='lat' dir='ltr'>praesupposito</span> <span class='ocrx_word' id='word_1_1133' title='bbox 2126 3444 2217 3486; x_wconf 91' lang='lat' dir='ltr'>quod</span> <span class='ocrx_word' id='word_1_1134' title='bbox 2238 3445 2288 3476; x_wconf 88' lang='lat' dir='ltr'>sit.</span> 
     </span>
    </p>

    <p class='ocr_par' dir='ltr' id='par_1_36' title="bbox 1396 3489 2468 3711">
     <span class='ocr_line' id='line_1_135' title="bbox 1455 3489 2468 3534; baseline -0.004 -10"><span class='ocrx_word' id='word_1_1135' title='bbox 1455 3493 1507 3524; x_wconf 90' lang='lat' dir='ltr'>lV.</span> <span class='ocrx_word' id='word_1_1136' title='bbox 1533 3493 1627 3524; x_wconf 89' lang='lat' dir='ltr'>Circa</span> <span class='ocrx_word' id='word_1_1137' title='bbox 1650 3493 1734 3524; x_wconf 88' lang='lat' dir='ltr'>hanc</span> <span class='ocrx_word' id='word_1_1138' title='bbox 1757 3491 2026 3534; x_wconf 84' lang='lat' dir='ltr'>propositionem,</span> <span class='ocrx_word' id='word_1_1139' title='bbox 2053 3489 2162 3521; x_wconf 75' lang='lat' dir='ltr'>Causa</span> <span class='ocrx_word' id='word_1_1140' title='bbox 2191 3490 2318 3521; x_wconf 77' lang='lat' dir='ltr'>essendi</span> <span class='ocrx_word' id='word_1_1141' title='bbox 2345 3490 2468 3532; x_wconf 74' lang='lat' dir='ltr'>simpli-</span> 
     </span>
     <span class='ocr_line' id='line_1_136' title="bbox 1396 3534 2468 3580; baseline -0.002 -13"><span class='ocrx_word' id='word_1_1142' title='bbox 1396 3537 1476 3568; x_wconf 75' lang='lat' dir='ltr'>citer</span> <span class='ocrx_word' id='word_1_1143' title='bbox 1495 3543 1542 3568; x_wconf 85' lang='lat' dir='ltr'>est</span> <span class='ocrx_word' id='word_1_1144' title='bbox 1557 3546 1660 3580; x_wconf 80' lang='lat' dir='ltr'>agens</span> <span class='ocrx_word' id='word_1_1145' title='bbox 1678 3537 1831 3578; x_wconf 76' lang='lat' dir='ltr'>primum,</span> <span class='ocrx_word' id='word_1_1146' title='bbox 1848 3535 1916 3566; x_wconf 76' lang='lat' dir='ltr'>atta</span> <span class='ocrx_word' id='word_1_1147' title='bbox 1933 3544 2010 3565; x_wconf 74' lang='lat' dir='ltr'>vero</span> <span class='ocrx_word' id='word_1_1148' title='bbox 2026 3534 2159 3576; x_wconf 79' lang='lat' dir='ltr'>agentia</span> <span class='ocrx_word' id='word_1_1149' title='bbox 2177 3543 2242 3565; x_wconf 85' lang='lat' dir='ltr'>non</span> <span class='ocrx_word' id='word_1_1150' title='bbox 2258 3540 2335 3566; x_wconf 76' lang='lat' dir='ltr'>sunt</span> <span class='ocrx_word' id='word_1_1151' title='bbox 2349 3543 2468 3566; x_wconf 72' lang='lat' dir='ltr'>causae</span> 
     </span>
     <span class='ocr_line' id='line_1_137' title="bbox 1396 3577 2468 3623; baseline -0.001 -12"><span class='ocrx_word' id='word_1_1152' title='bbox 1396 3581 1521 3621; x_wconf 71' lang='lat' dir='ltr'>essendi</span> <span class='ocrx_word' id='word_1_1153' title='bbox 1543 3580 1740 3623; x_wconf 79' lang='lat' dir='ltr'>simpliciter,</span> <span class='ocrx_word' id='word_1_1154' title='bbox 1763 3579 1820 3612; x_wconf 82' lang='lat' dir='ltr'>sed</span> <span class='ocrx_word' id='word_1_1155' title='bbox 1842 3578 1967 3610; x_wconf 79' lang='lat' dir='ltr'>essendi</span> <span class='ocrx_word' id='word_1_1156' title='bbox 1988 3578 2058 3614; x_wconf 83' lang='lat' dir='ltr'>hoc,</span> <span class='ocrx_word' id='word_1_1157' title='bbox 2084 3577 2354 3610; x_wconf 86' lang='lat' dir='ltr'>considerandum</span> <span class='ocrx_word' id='word_1_1158' title='bbox 2378 3578 2468 3620; x_wconf 91' lang='lat' dir='ltr'>quod</span> 
     </span>
     <span class='ocr_line' id='line_1_138' title="bbox 1396 3622 2466 3667; baseline -0.003 -10"><span class='ocrx_word' id='word_1_1159' title='bbox 1396 3626 1428 3666; x_wconf 83' lang='lat' dir='ltr'>ly</span> <span class='ocrx_word' id='word_1_1160' title='bbox 1452 3626 1642 3667; x_wconf 79' lang='lat' dir='ltr'>simpliciter</span> <span class='ocrx_word' id='word_1_1161' title='bbox 1664 3630 1771 3666; x_wconf 80' lang='lat' dir='ltr'>potest</span> <span class='ocrx_word' id='word_1_1162' title='bbox 1794 3623 2004 3655; x_wconf 89' lang='lat' dir='ltr'>determinare</span> <span class='ocrx_word' id='word_1_1163' title='bbox 2029 3623 2061 3664; x_wconf 84' lang='lat' dir='ltr'>ly</span> <span class='ocrx_word' id='word_1_1164' title='bbox 2085 3629 2141 3659; x_wconf 85' lang='lat' dir='ltr'>est,</span> <span class='ocrx_word' id='word_1_1165' title='bbox 2166 3629 2197 3655; x_wconf 90' lang='lat' dir='ltr'>et</span> <span class='ocrx_word' id='word_1_1166' title='bbox 2227 3629 2334 3665; x_wconf 79' lang='lat' dir='ltr'>potest</span> <span class='ocrx_word' id='word_1_1167' title='bbox 2364 3622 2466 3654; x_wconf 86' lang='lat' dir='ltr'>deter-</span> 
     </span>
     <span class='ocr_line' id='line_1_139' title="bbox 1397 3667 2468 3711; baseline -0.003 -10"><span class='ocrx_word' id='word_1_1168' title='bbox 1397 3672 1519 3701; x_wconf 86' lang='lat' dir='ltr'>minare</span> <span class='ocrx_word' id='word_1_1169' title='bbox 1543 3671 1575 3711; x_wconf 90' lang='lat' dir='ltr'>ly</span> <span class='ocrx_word' id='word_1_1170' title='bbox 1599 3668 1734 3710; x_wconf 75' lang='lat' dir='ltr'>essendi.</span> <span class='ocrx_word' id='word_1_1171' title='bbox 1758 3668 1867 3699; x_wconf 83' lang='lat' dir='ltr'>Primo</span> <span class='ocrx_word' id='word_1_1172' title='bbox 1891 3667 2003 3704; x_wconf 88' lang='lat' dir='ltr'>modo,</span> <span class='ocrx_word' id='word_1_1173' title='bbox 2020 3677 2133 3698; x_wconf 84' lang='lat' dir='ltr'>sensus</span> <span class='ocrx_word' id='word_1_1174' title='bbox 2149 3673 2196 3699; x_wconf 82' lang='lat' dir='ltr'>est</span> <span class='ocrx_word' id='word_1_1175' title='bbox 2212 3667 2301 3708; x_wconf 90' lang='lat' dir='ltr'>quod</span> <span class='ocrx_word' id='word_1_1176' title='bbox 2317 3669 2376 3698; x_wconf 86' lang='lat' dir='ltr'>ista</span> <span class='ocrx_word' id='word_1_1177' title='bbox 2391 3677 2468 3708; x_wconf 89' lang='lat' dir='ltr'>pro-</span> 
     </span>
    </p>
   </div>
   <div class='ocr_carea' id='block_1_28' title="bbox 2499 960 2715 1015">
    <p class='ocr_par' dir='ltr' id='par_1_37' title="bbox 2499 960 2715 1015">
     <span class='ocr_line' id='line_1_140' title="bbox 2499 960 2715 988; baseline 0.005 -5"><span class='ocrx_word' id='word_1_1178' title='bbox 2499 962 2510 971; x_wconf 87' lang='lat'><strong>·</strong></span> <span class='ocrx_word' id='word_1_1179' title='bbox 2523 961 2558 983; x_wconf 85' lang='lat' dir='ltr'>De</span> <span class='ocrx_word' id='word_1_1180' title='bbox 2569 960 2715 988; x_wconf 71' lang='lat' dir='ltr'>Fideomn..</span> 
     </span>
     <span class='ocr_line' id='line_1_141' title="bbox 2500 987 2696 1015; baseline 0.005 -6"><span class='ocrx_word' id='word_1_1181' title='bbox 2500 988 2539 1010; x_wconf 82' lang='lat' dir='ltr'>lib.</span> <span class='ocrx_word' id='word_1_1182' title='bbox 2550 987 2580 1015; x_wconf 87' lang='lat'>11,</span> <span class='ocrx_word' id='word_1_1183' title='bbox 2595 993 2648 1015; x_wconf 72' lang='lat' dir='ltr'>etp.</span> <span class='ocrx_word' id='word_1_1184' title='bbox 2660 993 2696 1010; x_wconf 83' lang='lat' dir='ltr'>m.</span> 
     </span>
    </p>
   </div>
   <div class='ocr_carea' id='block_1_29' title="bbox 2500 1315 2714 1425">
    <p class='ocr_par' dir='ltr' id='par_1_38' title="bbox 2500 1315 2714 1425">
     <span class='ocr_line' id='line_1_142' title="bbox 2500 1315 2714 1343; baseline 0 -5"><span class='ocrx_word' id='word_1_1185' title='bbox 2500 1317 2510 1327; x_wconf 91' lang='grc'><em>·</em></span> <span class='ocrx_word' id='word_1_1186' title='bbox 2534 1315 2572 1338; x_wconf 73' lang='lat' dir='ltr'>ef.</span> <span class='ocrx_word' id='word_1_1187' title='bbox 2589 1315 2714 1343; x_wconf 64' lang='lat' dir='ltr'>Avium..</span> 
     </span>
     <span class='ocr_line' id='line_1_143' title="bbox 2500 1341 2714 1371; baseline 0 -6"><span class='ocrx_word' id='word_1_1188' title='bbox 2500 1341 2606 1371; x_wconf 70' lang='lat' dir='ltr'>ueupta.</span> <span class='ocrx_word' id='word_1_1189' title='bbox 2627 1346 2655 1365; x_wconf 78' lang='lat' dir='ltr'>tr.</span> <span class='ocrx_word' id='word_1_1190' title='bbox 2673 1341 2714 1368; x_wconf 75' lang='lat'>1¹.</span> 
     </span>
     <span class='ocr_line' id='line_1_144' title="bbox 2500 1368 2714 1398; baseline -0.005 -6"><span class='ocrx_word' id='word_1_1191' title='bbox 2500 1368 2714 1398; x_wconf 70' lang='grc' dir='ltr'>οιρΛνςοιίΡιι-τ..</span> 
     </span>
     <span class='ocr_line' id='line_1_145' title="bbox 2500 1401 2584 1425; baseline 0 -7"><span class='ocrx_word' id='word_1_1192' title='bbox 2500 1403 2554 1424; x_wconf 70' lang='lat' dir='ltr'>nv,</span> <span class='ocrx_word' id='word_1_1193' title='bbox 2563 1401 2584 1425; x_wconf 75' lang='grc'>5.</span> 
     </span>
    </p>
   </div>
   <div class='ocr_carea' id='block_1_30' title="bbox 2498 2106 2644 2131">
    <p class='ocr_par' dir='ltr' id='par_1_39' title="bbox 2498 2106 2644 2131">
     <span class='ocr_line' id='line_1_146' title="bbox 2498 2106 2644 2131; baseline 0.007 -1"><span class='ocrx_word' id='word_1_1194' title='bbox 2498 2106 2644 2131; x_wconf 72' lang='lat' dir='ltr'>·ct.n.n.</span> 
     </span>
    </p>
   </div>
  </div>
 </body>
</html>
