<?xml version="1.0" encoding="UTF-8"?>
<!DOCTYPE html PUBLIC "-//W3C//DTD XHTML 1.0 Transitional//EN"
    "http://www.w3.org/TR/xhtml1/DTD/xhtml1-transitional.dtd">
<html xmlns="http://www.w3.org/1999/xhtml" xml:lang="en" lang="en">
 <head>
  <title>
</title>
<meta http-equiv="Content-Type" content="text/html;charset=utf-8" />
  <meta name='ocr-system' content='tesseract 3.04.00' />
  <meta name='ocr-capabilities' content='ocr_page ocr_carea ocr_par ocr_line ocrx_word'/>
</head>
<body>
  <div class='ocr_page' id='page_1' title='image "./operaomniaiussui13thom/operaomniaiussui13thom_0157.png"; bbox 0 0 2768 4134; ppageno 0'>
   <div class='ocr_carea' id='block_1_1' title="bbox 0 595 259 680">
    <p class='ocr_par' dir='ltr' id='par_1_1' title="bbox 0 595 259 680">
     <span class='ocr_line' id='line_1_1' title="bbox 0 595 259 628; baseline 0.004 -11"><span class='ocrx_word' id='word_1_1' title='bbox 0 598 5 628; x_wconf 67' lang='lat' dir='ltr'>j.</span> <span class='ocrx_word' id='word_1_2' title='bbox 46 599 57 610; x_wconf 89' lang='grc'><em>·</em></span> <span class='ocrx_word' id='word_1_3' title='bbox 71 596 108 621; x_wconf 70' lang='grc' dir='ltr'>α’.</span> <span class='ocrx_word' id='word_1_4' title='bbox 125 595 259 628; x_wconf 68' lang='lat' dir='ltr'>Qommeut.</span> 
     </span>
     <span class='ocr_line' id='line_1_2' title="bbox 0 626 188 680; baseline -0.016 -32"><span class='ocrx_word' id='word_1_5' title='bbox 0 631 8 680; x_wconf 46' lang='lat'>›</span> <span class='ocrx_word' id='word_1_6' title='bbox 47 630 68 648; x_wconf 84' lang='lat' dir='ltr'>e.</span> <span class='ocrx_word' id='word_1_7' title='bbox 82 629 122 651; x_wconf 77' lang='lat' dir='ltr'>xx,</span> <span class='ocrx_word' id='word_1_8' title='bbox 136 626 188 646; x_wconf 78' lang='lat' dir='ltr'>mit.</span> 
     </span>
    </p>
   </div>
   <div class='ocr_carea' id='block_1_2' title="bbox 0 744 235 3640">
    <p class='ocr_par' dir='ltr' id='par_1_2' title="bbox 0 744 235 3640">
     <span class='ocr_line' id='line_1_3' title="bbox 0 744 235 3640; baseline 0 0"><span class='ocrx_word' id='word_1_9' title='bbox 0 744 235 3640; x_wconf 95' lang='lat' dir='ltr'> </span> 
     </span>
    </p>
   </div>
   <div class='ocr_carea' id='block_1_3' title="bbox 862 283 2481 332">
    <p class='ocr_par' dir='ltr' id='par_1_3' title="bbox 862 283 2481 332">
     <span class='ocr_line' id='line_1_4' title="bbox 862 283 2481 332; baseline 0.004 -11"><span class='ocrx_word' id='word_1_10' title='bbox 862 283 1051 321; x_wconf 89' lang='lat' dir='ltr'>SUMMA</span> <span class='ocrx_word' id='word_1_11' title='bbox 1081 284 1301 322; x_wconf 90' lang='lat' dir='ltr'><strong>CONTRA</strong></span> <span class='ocrx_word' id='word_1_12' title='bbox 1331 285 1607 332; x_wconf 88' lang='lat' dir='ltr'>GENTILES,</span> <span class='ocrx_word' id='word_1_13' title='bbox 1638 287 1748 324; x_wconf 89' lang='lat' dir='ltr'>CAP.</span> <span class='ocrx_word' id='word_1_14' title='bbox 1771 287 1905 325; x_wconf 88' lang='lat' dir='ltr'>XXVI.</span> <span class='ocrx_word' id='word_1_15' title='bbox 2433 289 2481 327; x_wconf 88' lang='lat'>83</span> 
     </span>
    </p>
   </div>
   <div class='ocr_carea' id='block_1_4' title="bbox 1051 407 1727 442">
    <p class='ocr_par' dir='ltr' id='par_1_4' title="bbox 1051 407 1727 442">
     <span class='ocr_line' id='line_1_5' title="bbox 1051 407 1727 442; baseline 0.003 -2"><span class='ocrx_word' id='word_1_16' title='bbox 1051 407 1388 442; x_wconf 74' lang='lat' dir='ltr'>Commentaria</span> <span class='ocrx_word' id='word_1_17' title='bbox 1417 409 1727 442; x_wconf 77' lang='lat' dir='ltr'>Fen-ariensis</span> 
     </span>
    </p>
   </div>
   <div class='ocr_carea' id='block_1_5' title="bbox 247 505 1380 3714">
    <p class='ocr_par' dir='ltr' id='par_1_5' title="bbox 344 505 1363 537">
     <span class='ocr_line' id='line_1_6' title="bbox 344 505 1363 537; baseline 0.001 -1"><span class='ocrx_word' id='word_1_18' title='bbox 344 515 492 537; x_wconf 67' lang='lat' dir='ltr'>osmum</span> <span class='ocrx_word' id='word_1_19' title='bbox 511 505 652 536; x_wconf 82' lang='lat' dir='ltr'>ostendit</span> <span class='ocrx_word' id='word_1_20' title='bbox 671 505 807 536; x_wconf 89' lang='lat' dir='ltr'>Sanctus</span> <span class='ocrx_word' id='word_1_21' title='bbox 820 505 964 536; x_wconf 89' lang='lat' dir='ltr'>Thomas</span> <span class='ocrx_word' id='word_1_22' title='bbox 980 506 1014 536; x_wconf 91' lang='lat' dir='ltr'>in</span> <span class='ocrx_word' id='word_1_23' title='bbox 1026 506 1098 537; x_wconf 92' lang='lat' dir='ltr'>Deo</span> <span class='ocrx_word' id='word_1_24' title='bbox 1110 516 1179 537; x_wconf 94' lang='lat' dir='ltr'>non</span> <span class='ocrx_word' id='word_1_25' title='bbox 1192 516 1260 537; x_wconf 90' lang='lat' dir='ltr'>esse</span> <span class='ocrx_word' id='word_1_26' title='bbox 1273 516 1363 537; x_wconf 92' lang='lat' dir='ltr'>com-</span> 
     </span>
    </p>

    <p class='ocr_par' dir='ltr' id='par_1_6' title="bbox 288 550 1363 725">
     <span class='ocr_line' id='line_1_7' title="bbox 343 550 1363 592; baseline 0.001 -11"><span class='ocrx_word' id='word_1_27' title='bbox 343 551 542 592; x_wconf 89' lang='lat' dir='ltr'>positionem</span> <span class='ocrx_word' id='word_1_28' title='bbox 560 560 602 581; x_wconf 82' lang='lat' dir='ltr'>ex</span> <span class='ocrx_word' id='word_1_29' title='bbox 617 550 788 591; x_wconf 82' lang='lat' dir='ltr'>aliquibus,</span> <span class='ocrx_word' id='word_1_30' title='bbox 800 559 889 580; x_wconf 91' lang='lat' dir='ltr'>nunc</span> <span class='ocrx_word' id='word_1_31' title='bbox 905 550 1045 581; x_wconf 90' lang='lat' dir='ltr'>ostendit</span> <span class='ocrx_word' id='word_1_32' title='bbox 1059 560 1126 581; x_wconf 90' lang='lat' dir='ltr'>non</span> <span class='ocrx_word' id='word_1_33' title='bbox 1144 561 1212 582; x_wconf 90' lang='lat' dir='ltr'>esse</span> <span class='ocrx_word' id='word_1_34' title='bbox 1234 552 1268 582; x_wconf 93' lang='lat' dir='ltr'>in</span> <span class='ocrx_word' id='word_1_35' title='bbox 1290 552 1363 592; x_wconf 91' lang='lat' dir='ltr'>ipso</span> 
     </span>
     <span class='ocr_line' id='line_1_8' title="bbox 289 594 1362 636; baseline 0 -10"><span class='ocrx_word' id='word_1_36' title='bbox 289 596 564 636; x_wconf 89' lang='lat' dir='ltr'>compositionem</span> <span class='ocrx_word' id='word_1_37' title='bbox 587 604 659 625; x_wconf 88' lang='lat' dir='ltr'>cum</span> <span class='ocrx_word' id='word_1_38' title='bbox 684 595 795 635; x_wconf 83' lang='lat' dir='ltr'>aliquo</span> <span class='ocrx_word' id='word_1_39' title='bbox 811 595 838 625; x_wconf 70' lang='grc'>“.</span> <span class='ocrx_word' id='word_1_40' title='bbox 865 594 959 626; x_wconf 92' lang='lat' dir='ltr'>Circa</span> <span class='ocrx_word' id='word_1_41' title='bbox 978 595 1043 626; x_wconf 90' lang='lat' dir='ltr'>hoc</span> <span class='ocrx_word' id='word_1_42' title='bbox 1059 601 1168 626; x_wconf 89' lang='lat' dir='ltr'>autem</span> <span class='ocrx_word' id='word_1_43' title='bbox 1184 595 1250 626; x_wconf 89' lang='lat' dir='ltr'>duo</span> <span class='ocrx_word' id='word_1_44' title='bbox 1272 595 1362 626; x_wconf 89' lang='lat' dir='ltr'>facit:</span> 
     </span>
     <span class='ocr_line' id='line_1_9' title="bbox 288 638 1363 681; baseline -0.001 -10"><span class='ocrx_word' id='word_1_45' title='bbox 288 641 406 681; x_wconf 91' lang='lat' dir='ltr'>primo,</span> <span class='ocrx_word' id='word_1_46' title='bbox 430 638 572 670; x_wconf 88' lang='lat' dir='ltr'>ostendit</span> <span class='ocrx_word' id='word_1_47' title='bbox 595 639 703 680; x_wconf 89' lang='lat' dir='ltr'>ipsum</span> <span class='ocrx_word' id='word_1_48' title='bbox 735 649 803 670; x_wconf 91' lang='lat' dir='ltr'>non</span> <span class='ocrx_word' id='word_1_49' title='bbox 834 649 903 670; x_wconf 87' lang='lat' dir='ltr'>esse</span> <span class='ocrx_word' id='word_1_50' title='bbox 933 640 1082 670; x_wconf 91' lang='lat' dir='ltr'>omnium</span> <span class='ocrx_word' id='word_1_51' title='bbox 1113 639 1248 671; x_wconf 90' lang='lat' dir='ltr'>formale</span> <span class='ocrx_word' id='word_1_52' title='bbox 1279 649 1363 676; x_wconf 84' lang='lat' dir='ltr'>esse;</span> 
     </span>
     <span class='ocr_line' id='line_1_10' title="bbox 288 683 1363 725; baseline 0 -10"><span class='ocrx_word' id='word_1_53' title='bbox 288 683 447 720; x_wconf 82' lang='lat' dir='ltr'>secunde,</span> <span class='ocrx_word' id='word_1_54' title='bbox 464 683 554 725; x_wconf 92' lang='lat' dir='ltr'>quod</span> <span class='ocrx_word' id='word_1_55' title='bbox 577 693 646 714; x_wconf 93' lang='lat' dir='ltr'>non</span> <span class='ocrx_word' id='word_1_56' title='bbox 670 689 717 714; x_wconf 89' lang='lat' dir='ltr'>est</span> <span class='ocrx_word' id='word_1_57' title='bbox 740 684 926 724; x_wconf 90' lang='lat' dir='ltr'>aliquorum</span> <span class='ocrx_word' id='word_1_58' title='bbox 946 683 1059 720; x_wconf 89' lang='lat' dir='ltr'>forma,</span> <span class='ocrx_word' id='word_1_59' title='bbox 1076 685 1180 725; x_wconf 91' lang='lat' dir='ltr'>capite</span> <span class='ocrx_word' id='word_1_60' title='bbox 1204 684 1363 725; x_wconf 84' lang='lat' dir='ltr'>sequenti.</span> 
     </span>
    </p>

    <p class='ocr_par' dir='ltr' id='par_1_7' title="bbox 289 727 1364 903">
     <span class='ocr_line' id='line_1_11' title="bbox 334 727 1364 770; baseline 0 -11"><span class='ocrx_word' id='word_1_61' title='bbox 334 728 505 768; x_wconf 89' lang='lat' dir='ltr'>Quantum</span> <span class='ocrx_word' id='word_1_62' title='bbox 529 727 570 759; x_wconf 89' lang='lat' dir='ltr'>ad</span> <span class='ocrx_word' id='word_1_63' title='bbox 592 728 746 769; x_wconf 82' lang='lat' dir='ltr'>primum,</span> <span class='ocrx_word' id='word_1_64' title='bbox 763 728 903 760; x_wconf 90' lang='lat' dir='ltr'>ostendit</span> <span class='ocrx_word' id='word_1_65' title='bbox 926 738 1044 760; x_wconf 90' lang='lat' dir='ltr'>errasse</span> <span class='ocrx_word' id='word_1_66' title='bbox 1068 729 1141 760; x_wconf 92' lang='lat' dir='ltr'>illos</span> <span class='ocrx_word' id='word_1_67' title='bbox 1164 730 1221 770; x_wconf 90' lang='lat' dir='ltr'>qui</span> <span class='ocrx_word' id='word_1_68' title='bbox 1244 738 1364 769; x_wconf 89' lang='lat' dir='ltr'>posue—</span> 
     </span>
     <span class='ocr_line' id='line_1_12' title="bbox 289 772 1364 804; baseline -0.001 0"><span class='ocrx_word' id='word_1_69' title='bbox 289 779 365 804; x_wconf 90' lang='lat' dir='ltr'>runt</span> <span class='ocrx_word' id='word_1_70' title='bbox 387 773 496 804; x_wconf 89' lang='lat' dir='ltr'>Deum</span> <span class='ocrx_word' id='word_1_71' title='bbox 520 772 656 804; x_wconf 89' lang='lat' dir='ltr'>formale</span> <span class='ocrx_word' id='word_1_72' title='bbox 681 782 749 804; x_wconf 88' lang='lat' dir='ltr'>esse</span> <span class='ocrx_word' id='word_1_73' title='bbox 774 773 933 804; x_wconf 90' lang='lat' dir='ltr'>omnium.</span> <span class='ocrx_word' id='word_1_74' title='bbox 959 773 1053 804; x_wconf 91' lang='lat' dir='ltr'>Circa</span> <span class='ocrx_word' id='word_1_75' title='bbox 1075 774 1140 804; x_wconf 89' lang='lat' dir='ltr'>hoc</span> <span class='ocrx_word' id='word_1_76' title='bbox 1163 779 1273 804; x_wconf 91' lang='lat' dir='ltr'>autem</span> <span class='ocrx_word' id='word_1_77' title='bbox 1297 772 1364 803; x_wconf 92' lang='lat' dir='ltr'>duo</span> 
     </span>
     <span class='ocr_line' id='line_1_13' title="bbox 289 816 1364 859; baseline -0.001 -10"><span class='ocrx_word' id='word_1_78' title='bbox 289 818 380 850; x_wconf 86' lang='lat' dir='ltr'>facit:</span> <span class='ocrx_word' id='word_1_79' title='bbox 397 818 504 859; x_wconf 88' lang='lat' dir='ltr'>primo</span> <span class='ocrx_word' id='word_1_80' title='bbox 521 818 609 848; x_wconf 90' lang='lat' dir='ltr'>enim</span> <span class='ocrx_word' id='word_1_81' title='bbox 625 818 713 848; x_wconf 91' lang='lat' dir='ltr'>hunc</span> <span class='ocrx_word' id='word_1_82' title='bbox 725 827 867 849; x_wconf 89' lang='lat' dir='ltr'>errorem</span> <span class='ocrx_word' id='word_1_83' title='bbox 878 819 1063 859; x_wconf 88' lang='lat' dir='ltr'>impugnat;</span> <span class='ocrx_word' id='word_1_84' title='bbox 1079 816 1236 853; x_wconf 91' lang='lat' dir='ltr'>secundo,</span> <span class='ocrx_word' id='word_1_85' title='bbox 1249 826 1364 848; x_wconf 91' lang='lat' dir='ltr'>eorum</span> 
     </span>
     <span class='ocr_line' id='line_1_14' title="bbox 289 862 1037 903; baseline -0.001 -10"><span class='ocrx_word' id='word_1_86' title='bbox 289 862 501 894; x_wconf 82' lang='lat' dir='ltr'>fundamenta</span> <span class='ocrx_word' id='word_1_87' title='bbox 523 863 617 903; x_wconf 89' lang='lat' dir='ltr'>ponit</span> <span class='ocrx_word' id='word_1_88' title='bbox 640 868 672 893; x_wconf 92' lang='lat' dir='ltr'>et</span> <span class='ocrx_word' id='word_1_89' title='bbox 695 862 735 893; x_wconf 88' lang='lat' dir='ltr'>ad</span> <span class='ocrx_word' id='word_1_90' title='bbox 759 872 796 894; x_wconf 92' lang='lat' dir='ltr'>ea</span> <span class='ocrx_word' id='word_1_91' title='bbox 819 862 995 903; x_wconf 90' lang='lat' dir='ltr'>respondet</span> <span class='ocrx_word' id='word_1_92' title='bbox 1009 863 1037 892; x_wconf 58' lang='lat'>³.</span> 
     </span>
    </p>

    <p class='ocr_par' dir='ltr' id='par_1_8' title="bbox 289 905 1365 1082">
     <span class='ocr_line' id='line_1_15' title="bbox 346 905 1365 948; baseline -0.003 -10"><span class='ocrx_word' id='word_1_93' title='bbox 346 907 369 938; x_wconf 90' lang='lat'>1.</span> <span class='ocrx_word' id='word_1_94' title='bbox 394 906 564 945; x_wconf 87' lang='lat' dir='ltr'>Quantum</span> <span class='ocrx_word' id='word_1_95' title='bbox 588 907 628 938; x_wconf 91' lang='lat' dir='ltr'>ad</span> <span class='ocrx_word' id='word_1_96' title='bbox 651 908 804 948; x_wconf 89' lang='lat' dir='ltr'>primum,</span> <span class='ocrx_word' id='word_1_97' title='bbox 829 907 987 948; x_wconf 79' lang='lat' dir='ltr'>arguitur</span> <span class='ocrx_word' id='word_1_98' title='bbox 995 906 1107 947; x_wconf 81' lang='lat' dir='ltr'>primo</span> <span class='ocrx_word' id='word_1_99' title='bbox 1123 906 1179 937; x_wconf 84' lang='lat' dir='ltr'>sic.</span> <span class='ocrx_word' id='word_1_100' title='bbox 1204 905 1284 936; x_wconf 89' lang='lat' dir='ltr'>Esse</span> <span class='ocrx_word' id='word_1_101' title='bbox 1300 905 1365 936; x_wconf 84' lang='lat' dir='ltr'>for-</span> 
     </span>
     <span class='ocr_line' id='line_1_16' title="bbox 289 949 1365 993; baseline -0.003 -10"><span class='ocrx_word' id='word_1_102' title='bbox 289 952 374 983; x_wconf 89' lang='lat' dir='ltr'>male</span> <span class='ocrx_word' id='word_1_103' title='bbox 399 951 550 983; x_wconf 88' lang='lat' dir='ltr'>dividitur</span> <span class='ocrx_word' id='word_1_104' title='bbox 573 961 631 993; x_wconf 88' lang='lat' dir='ltr'>per</span> <span class='ocrx_word' id='word_1_105' title='bbox 655 961 724 983; x_wconf 91' lang='lat' dir='ltr'>esse</span> <span class='ocrx_word' id='word_1_106' title='bbox 747 952 943 982; x_wconf 89' lang='lat' dir='ltr'>substantiae</span> <span class='ocrx_word' id='word_1_107' title='bbox 967 955 999 981; x_wconf 90' lang='lat' dir='ltr'>et</span> <span class='ocrx_word' id='word_1_108' title='bbox 1022 959 1091 981; x_wconf 92' lang='lat' dir='ltr'>esse</span> <span class='ocrx_word' id='word_1_109' title='bbox 1107 949 1291 980; x_wconf 89' lang='lat' dir='ltr'>accidentis.</span> <span class='ocrx_word' id='word_1_110' title='bbox 1309 950 1365 980; x_wconf 90' lang='lat' dir='ltr'>Di-</span> 
     </span>
     <span class='ocr_line' id='line_1_17' title="bbox 289 994 1365 1035; baseline -0.003 -8"><span class='ocrx_word' id='word_1_111' title='bbox 289 997 404 1027; x_wconf 90' lang='lat' dir='ltr'>vinum</span> <span class='ocrx_word' id='word_1_112' title='bbox 427 1002 537 1027; x_wconf 84' lang='lat' dir='ltr'>autem</span> <span class='ocrx_word' id='word_1_113' title='bbox 561 1005 629 1027; x_wconf 90' lang='lat' dir='ltr'>esse</span> <span class='ocrx_word' id='word_1_114' title='bbox 653 998 721 1027; x_wconf 82' lang='lat' dir='ltr'>nori</span> <span class='ocrx_word' id='word_1_115' title='bbox 744 1001 792 1027; x_wconf 91' lang='lat' dir='ltr'>est</span> <span class='ocrx_word' id='word_1_116' title='bbox 815 1004 884 1026; x_wconf 88' lang='lat' dir='ltr'>esse</span> <span class='ocrx_word' id='word_1_117' title='bbox 907 995 1102 1025; x_wconf 88' lang='lat' dir='ltr'>substantiae</span> <span class='ocrx_word' id='word_1_118' title='bbox 1127 994 1262 1034; x_wconf 89' lang='lat' dir='ltr'>(scilicet</span> <span class='ocrx_word' id='word_1_119' title='bbox 1281 1004 1365 1035; x_wconf 91' lang='lat' dir='ltr'>quae</span> 
     </span>
     <span class='ocr_line' id='line_1_18' title="bbox 290 1038 1364 1082; baseline -0.003 -10"><span class='ocrx_word' id='word_1_120' title='bbox 290 1047 338 1072; x_wconf 88' lang='lat' dir='ltr'>est</span> <span class='ocrx_word' id='word_1_121' title='bbox 348 1041 465 1082; x_wconf 88' lang='lat' dir='ltr'>genus)</span> <span class='ocrx_word' id='word_1_122' title='bbox 483 1050 591 1082; x_wconf 91' lang='lat' dir='ltr'>neque</span> <span class='ocrx_word' id='word_1_123' title='bbox 610 1040 794 1076; x_wconf 84' lang='lat' dir='ltr'>accidentis,</span> <span class='ocrx_word' id='word_1_124' title='bbox 807 1045 844 1070; x_wconf 90' lang='lat' dir='ltr'>ut</span> <span class='ocrx_word' id='word_1_125' title='bbox 855 1049 894 1070; x_wconf 87' lang='lat' dir='ltr'>ex</span> <span class='ocrx_word' id='word_1_126' title='bbox 910 1038 1080 1079; x_wconf 90' lang='lat' dir='ltr'>praedictis</span> <span class='ocrx_word' id='word_1_127' title='bbox 1091 1044 1189 1079; x_wconf 90' lang='lat' dir='ltr'>patet.</span> <span class='ocrx_word' id='word_1_128' title='bbox 1202 1039 1290 1080; x_wconf 89' lang='lat' dir='ltr'>Ergo</span> <span class='ocrx_word' id='word_1_129' title='bbox 1303 1044 1364 1070; x_wconf 90' lang='lat' dir='ltr'>etc.</span> 
     </span>
    </p>

    <p class='ocr_par' dir='ltr' id='par_1_9' title="bbox 247 1082 1371 2240">
     <span class='ocr_line' id='line_1_19' title="bbox 345 1082 1365 1126; baseline -0.002 -10"><span class='ocrx_word' id='word_1_130' title='bbox 345 1085 590 1117; x_wconf 88' lang='lat' dir='ltr'>Advertendum</span> <span class='ocrx_word' id='word_1_131' title='bbox 613 1085 666 1116; x_wconf 90' lang='lat' dir='ltr'>hic</span> <span class='ocrx_word' id='word_1_132' title='bbox 689 1083 791 1126; x_wconf 92' lang='lat' dir='ltr'>quod,</span> <span class='ocrx_word' id='word_1_133' title='bbox 807 1084 891 1114; x_wconf 89' lang='lat' dir='ltr'>sicut</span> <span class='ocrx_word' id='word_1_134' title='bbox 906 1092 963 1114; x_wconf 90' lang='lat' dir='ltr'>ens</span> <span class='ocrx_word' id='word_1_135' title='bbox 979 1082 1130 1114; x_wconf 87' lang='lat' dir='ltr'>dividitur</span> <span class='ocrx_word' id='word_1_136' title='bbox 1145 1093 1203 1124; x_wconf 92' lang='lat' dir='ltr'>per</span> <span class='ocrx_word' id='word_1_137' title='bbox 1218 1084 1365 1114; x_wconf 90' lang='lat' dir='ltr'>substan-</span> 
     </span>
     <span class='ocr_line' id='line_1_20' title="bbox 289 1127 1364 1168; baseline -0.003 -6"><span class='ocrx_word' id='word_1_138' title='bbox 289 1131 368 1161; x_wconf 89' lang='lat' dir='ltr'>tiam</span> <span class='ocrx_word' id='word_1_139' title='bbox 391 1136 424 1162; x_wconf 94' lang='lat' dir='ltr'>et</span> <span class='ocrx_word' id='word_1_140' title='bbox 446 1129 606 1166; x_wconf 88' lang='lat' dir='ltr'>accidens,</span> <span class='ocrx_word' id='word_1_141' title='bbox 621 1130 665 1160; x_wconf 87' lang='lat' dir='ltr'>ita</span> <span class='ocrx_word' id='word_1_142' title='bbox 681 1134 713 1160; x_wconf 93' lang='lat' dir='ltr'>et</span> <span class='ocrx_word' id='word_1_143' title='bbox 729 1137 798 1159; x_wconf 90' lang='lat' dir='ltr'>esse</span> <span class='ocrx_word' id='word_1_144' title='bbox 814 1127 966 1159; x_wconf 89' lang='lat' dir='ltr'>dividitur</span> <span class='ocrx_word' id='word_1_145' title='bbox 981 1137 1040 1168; x_wconf 91' lang='lat' dir='ltr'>per</span> <span class='ocrx_word' id='word_1_146' title='bbox 1055 1137 1124 1159; x_wconf 87' lang='lat' dir='ltr'>esse</span> <span class='ocrx_word' id='word_1_147' title='bbox 1147 1128 1364 1165; x_wconf 90' lang='lat' dir='ltr'>substantiale,</span> 
     </span>
     <span class='ocr_line' id='line_1_21' title="bbox 290 1172 1365 1216; baseline -0.002 -10"><span class='ocrx_word' id='word_1_148' title='bbox 290 1184 358 1216; x_wconf 89' lang='lat' dir='ltr'>quo</span> <span class='ocrx_word' id='word_1_149' title='bbox 381 1174 504 1206; x_wconf 89' lang='lat' dir='ltr'>scilicet</span> <span class='ocrx_word' id='word_1_150' title='bbox 526 1183 577 1205; x_wconf 66' lang='lat' dir='ltr'>res</span> <span class='ocrx_word' id='word_1_151' title='bbox 599 1173 747 1204; x_wconf 89' lang='lat' dir='ltr'>absolute</span> <span class='ocrx_word' id='word_1_152' title='bbox 762 1172 880 1203; x_wconf 89' lang='lat' dir='ltr'>dicitur</span> <span class='ocrx_word' id='word_1_153' title='bbox 894 1173 1028 1203; x_wconf 85' lang='lat' dir='ltr'>existere</span> <span class='ocrx_word' id='word_1_154' title='bbox 1042 1173 1075 1203; x_wconf 91' lang='lat' dir='ltr'>in</span> <span class='ocrx_word' id='word_1_155' title='bbox 1091 1178 1219 1210; x_wconf 87' lang='lat' dir='ltr'>natura;</span> <span class='ocrx_word' id='word_1_156' title='bbox 1244 1178 1276 1203; x_wconf 91' lang='lat' dir='ltr'>et</span> <span class='ocrx_word' id='word_1_157' title='bbox 1296 1182 1365 1204; x_wconf 89' lang='lat' dir='ltr'>esse</span> 
     </span>
     <span class='ocr_line' id='line_1_22' title="bbox 290 1217 1366 1259; baseline -0.003 -8"><span class='ocrx_word' id='word_1_158' title='bbox 290 1218 498 1255; x_wconf 87' lang='lat' dir='ltr'>accidentale,</span> <span class='ocrx_word' id='word_1_159' title='bbox 522 1227 591 1259; x_wconf 93' lang='lat' dir='ltr'>quo</span> <span class='ocrx_word' id='word_1_160' title='bbox 623 1217 746 1248; x_wconf 89' lang='lat' dir='ltr'>scilicet</span> <span class='ocrx_word' id='word_1_161' title='bbox 775 1226 825 1248; x_wconf 88' lang='lat' dir='ltr'>res</span> <span class='ocrx_word' id='word_1_162' title='bbox 855 1217 971 1247; x_wconf 90' lang='lat' dir='ltr'>dicitur</span> <span class='ocrx_word' id='word_1_163' title='bbox 994 1226 1063 1248; x_wconf 92' lang='lat' dir='ltr'>esse</span> <span class='ocrx_word' id='word_1_164' title='bbox 1086 1217 1167 1253; x_wconf 88' lang='lat' dir='ltr'>talis,</span> <span class='ocrx_word' id='word_1_165' title='bbox 1191 1222 1271 1258; x_wconf 86' lang='lat' dir='ltr'>puta</span> <span class='ocrx_word' id='word_1_166' title='bbox 1294 1218 1366 1248; x_wconf 88' lang='lat' dir='ltr'>alba</span> 
     </span>
     <span class='ocr_line' id='line_1_23' title="bbox 289 1261 1366 1304; baseline -0.002 -9"><span class='ocrx_word' id='word_1_167' title='bbox 289 1269 346 1295; x_wconf 83' lang='lat' dir='ltr'>aut</span> <span class='ocrx_word' id='word_1_168' title='bbox 367 1264 468 1304; x_wconf 82' lang='lat' dir='ltr'>nigra.</span> <span class='ocrx_word' id='word_1_169' title='bbox 493 1262 558 1294; x_wconf 92' lang='lat' dir='ltr'>Sed</span> <span class='ocrx_word' id='word_1_170' title='bbox 580 1263 664 1293; x_wconf 87' lang='lat' dir='ltr'>sicut</span> <span class='ocrx_word' id='word_1_171' title='bbox 686 1261 802 1293; x_wconf 91' lang='lat' dir='ltr'>divisio</span> <span class='ocrx_word' id='word_1_172' title='bbox 826 1262 908 1292; x_wconf 91' lang='lat' dir='ltr'>entis</span> <span class='ocrx_word' id='word_1_173' title='bbox 930 1262 964 1292; x_wconf 91' lang='lat' dir='ltr'>in</span> <span class='ocrx_word' id='word_1_174' title='bbox 988 1262 1199 1292; x_wconf 84' lang='lat' dir='ltr'>substantiam</span> <span class='ocrx_word' id='word_1_175' title='bbox 1223 1268 1254 1293; x_wconf 94' lang='lat' dir='ltr'>et</span> <span class='ocrx_word' id='word_1_176' title='bbox 1282 1263 1366 1293; x_wconf 92' lang='lat' dir='ltr'>acci-</span> 
     </span>
     <span class='ocr_line' id='line_1_24' title="bbox 289 1306 1365 1349; baseline -0.002 -10"><span class='ocrx_word' id='word_1_177' title='bbox 289 1308 369 1340; x_wconf 88' lang='lat' dir='ltr'>dens</span> <span class='ocrx_word' id='word_1_178' title='bbox 384 1312 513 1349; x_wconf 69' lang='lat' dir='ltr'>potest</span> <span class='ocrx_word' id='word_1_179' title='bbox 523 1306 695 1348; x_wconf 85' lang='lat' dir='ltr'>dupliciter</span> <span class='ocrx_word' id='word_1_180' title='bbox 717 1306 832 1347; x_wconf 82' lang='lat' dir='ltr'>accipi,</span> <span class='ocrx_word' id='word_1_181' title='bbox 855 1324 879 1328; x_wconf 96' lang='lat'><strong>—</strong></span> <span class='ocrx_word' id='word_1_182' title='bbox 901 1306 1023 1337; x_wconf 89' lang='lat' dir='ltr'>scilicet</span> <span class='ocrx_word' id='word_1_183' title='bbox 1050 1312 1087 1337; x_wconf 90' lang='lat' dir='ltr'>ut</span> <span class='ocrx_word' id='word_1_184' title='bbox 1115 1311 1163 1337; x_wconf 90' lang='lat' dir='ltr'>est</span> <span class='ocrx_word' id='word_1_185' title='bbox 1193 1306 1307 1338; x_wconf 91' lang='lat' dir='ltr'>divisio</span> <span class='ocrx_word' id='word_1_186' title='bbox 1330 1307 1365 1337; x_wconf 91' lang='lat' dir='ltr'>in</span> 
     </span>
     <span class='ocr_line' id='line_1_25' title="bbox 247 1350 1366 1394; baseline -0.002 -10"><span class='ocrx_word' id='word_1_187' title='bbox 247 1363 255 1365; x_wconf 40' lang='lat' dir='ltr'><em>s</em></span> <span class='ocrx_word' id='word_1_188' title='bbox 286 1350 408 1394; x_wconf 45' lang='lat' dir='ltr'>§nera</span> <span class='ocrx_word' id='word_1_189' title='bbox 421 1357 563 1388; x_wconf 89' lang='lat' dir='ltr'>tantum;</span> <span class='ocrx_word' id='word_1_190' title='bbox 581 1357 613 1382; x_wconf 92' lang='lat' dir='ltr'>et</span> <span class='ocrx_word' id='word_1_191' title='bbox 628 1356 665 1382; x_wconf 91' lang='lat' dir='ltr'>ut</span> <span class='ocrx_word' id='word_1_192' title='bbox 681 1356 728 1382; x_wconf 91' lang='lat' dir='ltr'>est</span> <span class='ocrx_word' id='word_1_193' title='bbox 744 1350 859 1382; x_wconf 87' lang='lat' dir='ltr'>divisio</span> <span class='ocrx_word' id='word_1_194' title='bbox 875 1351 909 1381; x_wconf 92' lang='lat' dir='ltr'>in</span> <span class='ocrx_word' id='word_1_195' title='bbox 925 1351 1135 1382; x_wconf 86' lang='lat' dir='ltr'>substantiam</span> <span class='ocrx_word' id='word_1_196' title='bbox 1152 1361 1236 1392; x_wconf 92' lang='lat' dir='ltr'>quae</span> <span class='ocrx_word' id='word_1_197' title='bbox 1249 1351 1366 1382; x_wconf 88' lang='lat' dir='ltr'>dicitur</span> 
     </span>
     <span class='ocr_line' id='line_1_26' title="bbox 290 1395 1366 1438; baseline -0.003 -9"><span class='ocrx_word' id='word_1_198' title='bbox 290 1402 323 1429; x_wconf 89' lang='lat' dir='ltr'>et</span> <span class='ocrx_word' id='word_1_199' title='bbox 345 1396 386 1429; x_wconf 89' lang='lat' dir='ltr'>de</span> <span class='ocrx_word' id='word_1_200' title='bbox 409 1405 528 1438; x_wconf 81' lang='lat' dir='ltr'>genere</span> <span class='ocrx_word' id='word_1_201' title='bbox 551 1396 746 1427; x_wconf 88' lang='lat' dir='ltr'>substantiae</span> <span class='ocrx_word' id='word_1_202' title='bbox 766 1401 798 1426; x_wconf 92' lang='lat' dir='ltr'>et</span> <span class='ocrx_word' id='word_1_203' title='bbox 812 1395 852 1427; x_wconf 94' lang='lat' dir='ltr'>de</span> <span class='ocrx_word' id='word_1_204' title='bbox 868 1405 906 1426; x_wconf 90' lang='lat' dir='ltr'>ea</span> <span class='ocrx_word' id='word_1_205' title='bbox 929 1396 1105 1426; x_wconf 90' lang='lat' dir='ltr'>substantia</span> <span class='ocrx_word' id='word_1_206' title='bbox 1129 1405 1213 1436; x_wconf 89' lang='lat' dir='ltr'>quae</span> <span class='ocrx_word' id='word_1_207' title='bbox 1231 1405 1301 1427; x_wconf 91' lang='lat' dir='ltr'>non</span> <span class='ocrx_word' id='word_1_208' title='bbox 1318 1401 1366 1426; x_wconf 90' lang='lat' dir='ltr'>est</span> 
     </span>
     <span class='ocr_line' id='line_1_27' title="bbox 289 1439 1366 1483; baseline -0.003 -9"><span class='ocrx_word' id='word_1_209' title='bbox 289 1442 324 1474; x_wconf 86' lang='lat' dir='ltr'>in</span> <span class='ocrx_word' id='word_1_210' title='bbox 346 1450 476 1483; x_wconf 82' lang='lat' dir='ltr'>genere,</span> <span class='ocrx_word' id='word_1_211' title='bbox 501 1446 533 1472; x_wconf 85' lang='lat' dir='ltr'>et</span> <span class='ocrx_word' id='word_1_212' title='bbox 555 1441 590 1472; x_wconf 90' lang='lat' dir='ltr'>in</span> <span class='ocrx_word' id='word_1_213' title='bbox 612 1439 873 1481; x_wconf 88' lang='lat' dir='ltr'>praedicamenta</span> <span class='ocrx_word' id='word_1_214' title='bbox 899 1439 1116 1471; x_wconf 90' lang='lat' dir='ltr'>accidentium</span> <span class='ocrx_word' id='word_1_215' title='bbox 1139 1458 1162 1463; x_wconf 90' lang='lat'>—</span> <span class='ocrx_word' id='word_1_216' title='bbox 1183 1441 1227 1471; x_wconf 90' lang='lat' dir='ltr'>ita</span> <span class='ocrx_word' id='word_1_217' title='bbox 1251 1446 1283 1471; x_wconf 87' lang='lat' dir='ltr'>et</span> <span class='ocrx_word' id='word_1_218' title='bbox 1306 1440 1366 1471; x_wconf 95' lang='lat' dir='ltr'>du-</span> 
     </span>
     <span class='ocr_line' id='line_1_28' title="bbox 289 1484 1365 1530; baseline -0.003 -12"><span class='ocrx_word' id='word_1_219' title='bbox 289 1486 417 1530; x_wconf 86' lang='lat' dir='ltr'>pliciter</span> <span class='ocrx_word' id='word_1_220' title='bbox 440 1495 509 1517; x_wconf 87' lang='lat' dir='ltr'>esse</span> <span class='ocrx_word' id='word_1_221' title='bbox 533 1484 633 1516; x_wconf 90' lang='lat' dir='ltr'>dividi</span> <span class='ocrx_word' id='word_1_222' title='bbox 656 1490 764 1526; x_wconf 89' lang='lat' dir='ltr'>potest</span> <span class='ocrx_word' id='word_1_223' title='bbox 787 1494 845 1526; x_wconf 90' lang='lat' dir='ltr'>per</span> <span class='ocrx_word' id='word_1_224' title='bbox 868 1485 1076 1516; x_wconf 83' lang='lat' dir='ltr'>substantiale</span> <span class='ocrx_word' id='word_1_225' title='bbox 1104 1490 1136 1516; x_wconf 88' lang='lat' dir='ltr'>et</span> <span class='ocrx_word' id='word_1_226' title='bbox 1158 1484 1365 1516; x_wconf 85' lang='lat' dir='ltr'>accidentale.</span> 
     </span>
     <span class='ocr_line' id='line_1_29' title="bbox 290 1529 1366 1568; baseline -0.004 -4"><span class='ocrx_word' id='word_1_227' title='bbox 290 1530 365 1568; x_wconf 89' lang='lat' dir='ltr'>Sed,</span> <span class='ocrx_word' id='word_1_228' title='bbox 389 1539 466 1562; x_wconf 87' lang='lat' dir='ltr'>cum</span> <span class='ocrx_word' id='word_1_229' title='bbox 498 1539 567 1561; x_wconf 85' lang='lat' dir='ltr'>esse</span> <span class='ocrx_word' id='word_1_230' title='bbox 594 1529 801 1561; x_wconf 85' lang='lat' dir='ltr'>substantiale</span> <span class='ocrx_word' id='word_1_231' title='bbox 829 1529 995 1560; x_wconf 88' lang='lat' dir='ltr'>contineat</span> <span class='ocrx_word' id='word_1_232' title='bbox 1018 1534 1050 1560; x_wconf 89' lang='lat' dir='ltr'>et</span> <span class='ocrx_word' id='word_1_233' title='bbox 1079 1538 1147 1560; x_wconf 89' lang='lat' dir='ltr'>esse</span> <span class='ocrx_word' id='word_1_234' title='bbox 1171 1530 1366 1560; x_wconf 90' lang='lat' dir='ltr'>substantiae</span> 
     </span>
     <span class='ocr_line' id='line_1_30' title="bbox 290 1574 1367 1618; baseline -0.004 -11"><span class='ocrx_word' id='word_1_235' title='bbox 290 1585 376 1618; x_wconf 84' lang='lat' dir='ltr'>quae</span> <span class='ocrx_word' id='word_1_236' title='bbox 398 1581 447 1607; x_wconf 85' lang='lat' dir='ltr'>est</span> <span class='ocrx_word' id='word_1_237' title='bbox 469 1580 557 1606; x_wconf 85' lang='lat' dir='ltr'>extra</span> <span class='ocrx_word' id='word_1_238' title='bbox 579 1584 682 1616; x_wconf 91' lang='lat' dir='ltr'>genus</span> <span class='ocrx_word' id='word_1_239' title='bbox 706 1579 739 1605; x_wconf 92' lang='lat' dir='ltr'>et</span> <span class='ocrx_word' id='word_1_240' title='bbox 761 1584 830 1605; x_wconf 90' lang='lat' dir='ltr'>esse</span> <span class='ocrx_word' id='word_1_241' title='bbox 853 1574 1049 1605; x_wconf 87' lang='lat' dir='ltr'>substantiae</span> <span class='ocrx_word' id='word_1_242' title='bbox 1073 1583 1157 1615; x_wconf 88' lang='lat' dir='ltr'>quae</span> <span class='ocrx_word' id='word_1_243' title='bbox 1181 1579 1229 1604; x_wconf 88' lang='lat' dir='ltr'>est</span> <span class='ocrx_word' id='word_1_244' title='bbox 1251 1574 1285 1604; x_wconf 93' lang='lat' dir='ltr'>in</span> <span class='ocrx_word' id='word_1_245' title='bbox 1311 1583 1367 1615; x_wconf 86' lang='lat' dir='ltr'>ge-</span> 
     </span>
     <span class='ocr_line' id='line_1_31' title="bbox 289 1618 1367 1657; baseline -0.003 -5"><span class='ocrx_word' id='word_1_246' title='bbox 289 1629 377 1657; x_wconf 83' lang='lat' dir='ltr'>nere,</span> <span class='ocrx_word' id='word_1_247' title='bbox 393 1621 420 1651; x_wconf 81' lang='lat' dir='ltr'>si</span> <span class='ocrx_word' id='word_1_248' title='bbox 434 1619 491 1651; x_wconf 81' lang='lat' dir='ltr'>fiat</span> <span class='ocrx_word' id='word_1_249' title='bbox 505 1618 622 1651; x_wconf 87' lang='lat' dir='ltr'>divisio</span> <span class='ocrx_word' id='word_1_250' title='bbox 641 1620 675 1650; x_wconf 91' lang='lat' dir='ltr'>in</span> <span class='ocrx_word' id='word_1_251' title='bbox 691 1628 761 1650; x_wconf 86' lang='lat' dir='ltr'>esse</span> <span class='ocrx_word' id='word_1_252' title='bbox 777 1618 984 1650; x_wconf 85' lang='lat' dir='ltr'>substantiale</span> <span class='ocrx_word' id='word_1_253' title='bbox 1006 1618 1040 1649; x_wconf 91' lang='lat' dir='ltr'>in</span> <span class='ocrx_word' id='word_1_254' title='bbox 1064 1619 1234 1649; x_wconf 88' lang='lat' dir='ltr'>communi</span> <span class='ocrx_word' id='word_1_255' title='bbox 1250 1624 1282 1649; x_wconf 89' lang='lat' dir='ltr'>et</span> <span class='ocrx_word' id='word_1_256' title='bbox 1298 1628 1367 1649; x_wconf 93' lang='lat' dir='ltr'>esse</span> 
     </span>
     <span class='ocr_line' id='line_1_32' title="bbox 290 1662 1367 1706; baseline -0.002 -10"><span class='ocrx_word' id='word_1_257' title='bbox 290 1664 498 1702; x_wconf 84' lang='lat' dir='ltr'>accidentale,</span> <span class='ocrx_word' id='word_1_258' title='bbox 521 1664 678 1706; x_wconf 89' lang='lat' dir='ltr'>implicite</span> <span class='ocrx_word' id='word_1_259' title='bbox 701 1663 738 1695; x_wconf 89' lang='lat' dir='ltr'>fit</span> <span class='ocrx_word' id='word_1_260' title='bbox 761 1665 858 1695; x_wconf 88' lang='lat' dir='ltr'>etiam</span> <span class='ocrx_word' id='word_1_261' title='bbox 882 1662 997 1694; x_wconf 83' lang='lat' dir='ltr'>divisio</span> <span class='ocrx_word' id='word_1_262' title='bbox 1021 1663 1054 1693; x_wconf 93' lang='lat' dir='ltr'>in</span> <span class='ocrx_word' id='word_1_263' title='bbox 1079 1672 1148 1694; x_wconf 88' lang='lat' dir='ltr'>esse</span> <span class='ocrx_word' id='word_1_264' title='bbox 1172 1663 1367 1694; x_wconf 88' lang='lat' dir='ltr'>substantiae</span> 
     </span>
     <span class='ocr_line' id='line_1_33' title="bbox 291 1707 1368 1751; baseline -0.003 -10"><span class='ocrx_word' id='word_1_265' title='bbox 291 1719 376 1751; x_wconf 81' lang='lat' dir='ltr'>quae</span> <span class='ocrx_word' id='word_1_266' title='bbox 399 1715 447 1741; x_wconf 87' lang='lat' dir='ltr'>est</span> <span class='ocrx_word' id='word_1_267' title='bbox 469 1709 504 1740; x_wconf 90' lang='lat' dir='ltr'>in</span> <span class='ocrx_word' id='word_1_268' title='bbox 527 1718 645 1750; x_wconf 86' lang='lat' dir='ltr'>genere</span> <span class='ocrx_word' id='word_1_269' title='bbox 662 1714 694 1740; x_wconf 87' lang='lat' dir='ltr'>et</span> <span class='ocrx_word' id='word_1_270' title='bbox 716 1718 786 1740; x_wconf 88' lang='lat' dir='ltr'>esse</span> <span class='ocrx_word' id='word_1_271' title='bbox 809 1707 1017 1739; x_wconf 89' lang='lat' dir='ltr'>accidentale.</span> <span class='ocrx_word' id='word_1_272' title='bbox 1041 1707 1143 1746; x_wconf 93' lang='lat' dir='ltr'>Quod</span> <span class='ocrx_word' id='word_1_273' title='bbox 1164 1717 1241 1748; x_wconf 86' lang='lat' dir='ltr'>ergo</span> <span class='ocrx_word' id='word_1_274' title='bbox 1262 1708 1368 1748; x_wconf 88' lang='lat' dir='ltr'>inquit</span> 
     </span>
     <span class='ocr_line' id='line_1_34' title="bbox 290 1752 1370 1795; baseline -0.004 -8"><span class='ocrx_word' id='word_1_275' title='bbox 290 1754 428 1787; x_wconf 77' lang='lat' dir='ltr'>Sanctus</span> <span class='ocrx_word' id='word_1_276' title='bbox 451 1753 597 1785; x_wconf 83' lang='lat' dir='ltr'>Thomas</span> <span class='ocrx_word' id='word_1_277' title='bbox 620 1763 689 1785; x_wconf 88' lang='lat' dir='ltr'>esse</span> <span class='ocrx_word' id='word_1_278' title='bbox 702 1753 855 1795; x_wconf 86' lang='lat' dir='ltr'>formaIe</span> <span class='ocrx_word' id='word_1_279' title='bbox 877 1752 979 1783; x_wconf 73' lang='lat' dir='ltr'>dividi</span> <span class='ocrx_word' id='word_1_280' title='bbox 995 1762 1061 1794; x_wconf 82' lang='lat' dir='ltr'>per</span> <span class='ocrx_word' id='word_1_281' title='bbox 1082 1762 1151 1783; x_wconf 85' lang='lat' dir='ltr'>esse</span> <span class='ocrx_word' id='word_1_282' title='bbox 1169 1753 1370 1783; x_wconf 82' lang='lat' dir='ltr'>substantiae</span> 
     </span>
     <span class='ocr_line' id='line_1_35' title="bbox 292 1797 1368 1841; baseline -0.002 -11"><span class='ocrx_word' id='word_1_283' title='bbox 292 1799 438 1841; x_wconf 84' lang='lat' dir='ltr'>(scilicet,</span> <span class='ocrx_word' id='word_1_284' title='bbox 454 1807 538 1840; x_wconf 88' lang='lat' dir='ltr'>quae</span> <span class='ocrx_word' id='word_1_285' title='bbox 555 1803 603 1829; x_wconf 91' lang='lat' dir='ltr'>est</span> <span class='ocrx_word' id='word_1_286' title='bbox 617 1807 734 1839; x_wconf 89' lang='lat' dir='ltr'>genus:</span> <span class='ocrx_word' id='word_1_287' title='bbox 759 1799 806 1829; x_wconf 91' lang='lat' dir='ltr'>sic</span> <span class='ocrx_word' id='word_1_288' title='bbox 829 1798 916 1829; x_wconf 86' lang='lat' dir='ltr'>enim</span> <span class='ocrx_word' id='word_1_289' title='bbox 941 1802 1071 1838; x_wconf 89' lang='lat' dir='ltr'>oportet</span> <span class='ocrx_word' id='word_1_290' title='bbox 1086 1797 1275 1838; x_wconf 88' lang='lat' dir='ltr'>intelligere,</span> <span class='ocrx_word' id='word_1_291' title='bbox 1292 1798 1368 1838; x_wconf 90' lang='lat' dir='ltr'>quia</span> 
     </span>
     <span class='ocr_line' id='line_1_36' title="bbox 291 1842 1369 1885; baseline -0.003 -10"><span class='ocrx_word' id='word_1_292' title='bbox 291 1844 337 1875; x_wconf 82' lang='lat' dir='ltr'>sic</span> <span class='ocrx_word' id='word_1_293' title='bbox 359 1848 487 1875; x_wconf 79' lang='lat' dir='ltr'>tantum</span> <span class='ocrx_word' id='word_1_294' title='bbox 513 1843 687 1885; x_wconf 89' lang='lat' dir='ltr'>probatum</span> <span class='ocrx_word' id='word_1_295' title='bbox 718 1848 766 1874; x_wconf 88' lang='lat' dir='ltr'>est</span> <span class='ocrx_word' id='word_1_296' title='bbox 797 1843 945 1884; x_wconf 91' lang='lat' dir='ltr'>superius</span> <span class='ocrx_word' id='word_1_297' title='bbox 975 1842 1083 1873; x_wconf 91' lang='lat' dir='ltr'>Deum</span> <span class='ocrx_word' id='word_1_298' title='bbox 1112 1851 1182 1872; x_wconf 93' lang='lat' dir='ltr'>non</span> <span class='ocrx_word' id='word_1_299' title='bbox 1205 1851 1275 1873; x_wconf 88' lang='lat' dir='ltr'>esse</span> <span class='ocrx_word' id='word_1_300' title='bbox 1299 1851 1369 1873; x_wconf 90' lang='lat' dir='ltr'>esse</span> 
     </span>
     <span class='ocr_line' id='line_1_37' title="bbox 291 1886 1368 1929; baseline -0.003 -9"><span class='ocrx_word' id='word_1_301' title='bbox 291 1888 498 1924; x_wconf 79' lang='lat' dir='ltr'>substantiae,</span> <span class='ocrx_word' id='word_1_302' title='bbox 523 1887 603 1919; x_wconf 89' lang='lat' dir='ltr'>dum</span> <span class='ocrx_word' id='word_1_303' title='bbox 626 1888 801 1929; x_wconf 88' lang='lat' dir='ltr'>probatum</span> <span class='ocrx_word' id='word_1_304' title='bbox 824 1893 872 1918; x_wconf 90' lang='lat' dir='ltr'>est</span> <span class='ocrx_word' id='word_1_305' title='bbox 890 1887 998 1918; x_wconf 90' lang='lat' dir='ltr'>Deum</span> <span class='ocrx_word' id='word_1_306' title='bbox 1014 1887 1048 1917; x_wconf 92' lang='lat' dir='ltr'>in</span> <span class='ocrx_word' id='word_1_307' title='bbox 1066 1895 1184 1927; x_wconf 87' lang='lat' dir='ltr'>genere</span> <span class='ocrx_word' id='word_1_308' title='bbox 1199 1896 1269 1918; x_wconf 90' lang='lat' dir='ltr'>non</span> <span class='ocrx_word' id='word_1_309' title='bbox 1285 1886 1368 1927; x_wconf 91' lang='lat' dir='ltr'>esse)</span> 
     </span>
     <span class='ocr_line' id='line_1_38' title="bbox 291 1931 1369 1973; baseline -0.002 -9"><span class='ocrx_word' id='word_1_310' title='bbox 291 1938 324 1965; x_wconf 80' lang='lat' dir='ltr'>et</span> <span class='ocrx_word' id='word_1_311' title='bbox 338 1942 407 1964; x_wconf 84' lang='lat' dir='ltr'>esse</span> <span class='ocrx_word' id='word_1_312' title='bbox 421 1932 608 1969; x_wconf 80' lang='lat' dir='ltr'>accidentis,</span> <span class='ocrx_word' id='word_1_313' title='bbox 620 1931 868 1973; x_wconf 89' lang='lat' dir='ltr'>intelligendum</span> <span class='ocrx_word' id='word_1_314' title='bbox 884 1937 932 1962; x_wconf 90' lang='lat' dir='ltr'>est</span> <span class='ocrx_word' id='word_1_315' title='bbox 946 1940 1015 1962; x_wconf 92' lang='lat' dir='ltr'>non</span> <span class='ocrx_word' id='word_1_316' title='bbox 1031 1931 1072 1962; x_wconf 90' lang='lat' dir='ltr'>de</span> <span class='ocrx_word' id='word_1_317' title='bbox 1087 1931 1191 1972; x_wconf 89' lang='lat' dir='ltr'>prima</span> <span class='ocrx_word' id='word_1_318' title='bbox 1207 1937 1239 1962; x_wconf 92' lang='lat' dir='ltr'>et</span> <span class='ocrx_word' id='word_1_319' title='bbox 1253 1932 1369 1962; x_wconf 85' lang='lat' dir='ltr'>imme·</span> 
     </span>
     <span class='ocr_line' id='line_1_39' title="bbox 293 1975 1369 2016; baseline -0.003 -7"><span class='ocrx_word' id='word_1_320' title='bbox 293 1977 378 2010; x_wconf 79' lang='lat' dir='ltr'>diata</span> <span class='ocrx_word' id='word_1_321' title='bbox 401 1977 560 2008; x_wconf 89' lang='lat' dir='ltr'>divisione</span> <span class='ocrx_word' id='word_1_322' title='bbox 583 1986 663 2013; x_wconf 89' lang='lat' dir='ltr'>esse,</span> <span class='ocrx_word' id='word_1_323' title='bbox 687 1976 743 2008; x_wconf 91' lang='lat' dir='ltr'>sed</span> <span class='ocrx_word' id='word_1_324' title='bbox 776 1976 817 2008; x_wconf 92' lang='lat' dir='ltr'>de</span> <span class='ocrx_word' id='word_1_325' title='bbox 846 1975 1035 2007; x_wconf 88' lang='lat' dir='ltr'>secundaria</span> <span class='ocrx_word' id='word_1_326' title='bbox 1065 1981 1098 2006; x_wconf 90' lang='lat' dir='ltr'>et</span> <span class='ocrx_word' id='word_1_327' title='bbox 1128 1976 1294 2016; x_wconf 83' lang='lat' dir='ltr'>implicita,</span> <span class='ocrx_word' id='word_1_328' title='bbox 1319 1976 1369 2007; x_wconf 90' lang='lat' dir='ltr'>in-</span> 
     </span>
     <span class='ocr_line' id='line_1_40' title="bbox 293 2019 1371 2064; baseline -0.002 -11"><span class='ocrx_word' id='word_1_329' title='bbox 293 2027 452 2064; x_wconf 80' lang='lat' dir='ltr'>quantum</span> <span class='ocrx_word' id='word_1_330' title='bbox 478 2031 547 2052; x_wconf 87' lang='lat' dir='ltr'>esse</span> <span class='ocrx_word' id='word_1_331' title='bbox 570 2021 777 2052; x_wconf 86' lang='lat' dir='ltr'>substantiale</span> <span class='ocrx_word' id='word_1_332' title='bbox 800 2019 1048 2062; x_wconf 89' lang='lat' dir='ltr'>comprehendit</span> <span class='ocrx_word' id='word_1_333' title='bbox 1070 2025 1103 2051; x_wconf 91' lang='lat' dir='ltr'>et</span> <span class='ocrx_word' id='word_1_334' title='bbox 1126 2029 1195 2051; x_wconf 89' lang='lat' dir='ltr'>esse</span> <span class='ocrx_word' id='word_1_335' title='bbox 1215 2020 1307 2061; x_wconf 92' lang='lat' dir='ltr'>quod</span> <span class='ocrx_word' id='word_1_336' title='bbox 1323 2026 1371 2051; x_wconf 90' lang='lat' dir='ltr'>est</span> 
     </span>
     <span class='ocr_line' id='line_1_41' title="bbox 292 2065 1370 2108; baseline -0.003 -10"><span class='ocrx_word' id='word_1_337' title='bbox 292 2067 328 2098; x_wconf 91' lang='lat' dir='ltr'>in</span> <span class='ocrx_word' id='word_1_338' title='bbox 350 2075 469 2108; x_wconf 78' lang='lat' dir='ltr'>genere</span> <span class='ocrx_word' id='word_1_339' title='bbox 493 2071 525 2097; x_wconf 88' lang='lat' dir='ltr'>et</span> <span class='ocrx_word' id='word_1_340' title='bbox 548 2075 617 2097; x_wconf 91' lang='lat' dir='ltr'>esse</span> <span class='ocrx_word' id='word_1_341' title='bbox 648 2065 739 2106; x_wconf 90' lang='lat' dir='ltr'>quod</span> <span class='ocrx_word' id='word_1_342' title='bbox 769 2070 817 2096; x_wconf 91' lang='lat' dir='ltr'>est</span> <span class='ocrx_word' id='word_1_343' title='bbox 846 2071 933 2097; x_wconf 87' lang='lat' dir='ltr'>extra</span> <span class='ocrx_word' id='word_1_344' title='bbox 955 2074 1068 2105; x_wconf 90' lang='lat' dir='ltr'>genus.</span> <span class='ocrx_word' id='word_1_345' title='bbox 1100 2065 1133 2096; x_wconf 91' lang='lat' dir='ltr'>Si</span> <span class='ocrx_word' id='word_1_346' title='bbox 1163 2065 1251 2096; x_wconf 91' lang='lat' dir='ltr'>enim</span> <span class='ocrx_word' id='word_1_347' title='bbox 1281 2065 1370 2096; x_wconf 88' lang='lat' dir='ltr'>Deus</span> 
     </span>
     <span class='ocr_line' id='line_1_42' title="bbox 295 2109 1371 2151; baseline -0.003 -8"><span class='ocrx_word' id='word_1_348' title='bbox 295 2116 378 2143; x_wconf 86' lang='lat' dir='ltr'>esset</span> <span class='ocrx_word' id='word_1_349' title='bbox 401 2110 536 2142; x_wconf 86' lang='lat' dir='ltr'>formale</span> <span class='ocrx_word' id='word_1_350' title='bbox 560 2111 711 2141; x_wconf 91' lang='lat' dir='ltr'>omnium</span> <span class='ocrx_word' id='word_1_351' title='bbox 734 2119 814 2147; x_wconf 87' lang='lat' dir='ltr'>esse,</span> <span class='ocrx_word' id='word_1_352' title='bbox 839 2115 1004 2151; x_wconf 86' lang='lat' dir='ltr'>oporteret</span> <span class='ocrx_word' id='word_1_353' title='bbox 1027 2109 1118 2150; x_wconf 93' lang='lat' dir='ltr'>quod</span> <span class='ocrx_word' id='word_1_354' title='bbox 1141 2115 1224 2140; x_wconf 88' lang='lat' dir='ltr'>esset</span> <span class='ocrx_word' id='word_1_355' title='bbox 1247 2115 1279 2141; x_wconf 92' lang='lat' dir='ltr'>et</span> <span class='ocrx_word' id='word_1_356' title='bbox 1302 2119 1371 2140; x_wconf 90' lang='lat' dir='ltr'>esse</span> 
     </span>
     <span class='ocr_line' id='line_1_43' title="bbox 295 2154 1371 2196; baseline -0.003 -8"><span class='ocrx_word' id='word_1_357' title='bbox 295 2156 492 2188; x_wconf 86' lang='lat' dir='ltr'>substantiae</span> <span class='ocrx_word' id='word_1_358' title='bbox 515 2164 599 2196; x_wconf 86' lang='lat' dir='ltr'>quae</span> <span class='ocrx_word' id='word_1_359' title='bbox 623 2160 672 2186; x_wconf 87' lang='lat' dir='ltr'>est</span> <span class='ocrx_word' id='word_1_360' title='bbox 693 2155 726 2186; x_wconf 86' lang='lat' dir='ltr'>in</span> <span class='ocrx_word' id='word_1_361' title='bbox 750 2164 868 2195; x_wconf 88' lang='lat' dir='ltr'>genere</span> <span class='ocrx_word' id='word_1_362' title='bbox 891 2160 924 2185; x_wconf 93' lang='lat' dir='ltr'>et</span> <span class='ocrx_word' id='word_1_363' title='bbox 947 2163 1016 2185; x_wconf 86' lang='lat' dir='ltr'>esse</span> <span class='ocrx_word' id='word_1_364' title='bbox 1039 2154 1224 2191; x_wconf 84' lang='lat' dir='ltr'>accidentis,</span> <span class='ocrx_word' id='word_1_365' title='bbox 1248 2160 1280 2185; x_wconf 92' lang='lat' dir='ltr'>et</span> <span class='ocrx_word' id='word_1_366' title='bbox 1302 2164 1371 2185; x_wconf 92' lang='lat' dir='ltr'>non</span> 
     </span>
     <span class='ocr_line' id='line_1_44' title="bbox 294 2199 1213 2240; baseline -0.002 -8"><span class='ocrx_word' id='word_1_367' title='bbox 294 2206 422 2232; x_wconf 76' lang='lat' dir='ltr'>tannim</span> <span class='ocrx_word' id='word_1_368' title='bbox 445 2209 515 2231; x_wconf 87' lang='lat' dir='ltr'>esse</span> <span class='ocrx_word' id='word_1_369' title='bbox 537 2200 734 2231; x_wconf 86' lang='lat' dir='ltr'>substantiae</span> <span class='ocrx_word' id='word_1_370' title='bbox 758 2209 842 2240; x_wconf 91' lang='lat' dir='ltr'>quae</span> <span class='ocrx_word' id='word_1_371' title='bbox 865 2209 934 2230; x_wconf 91' lang='lat' dir='ltr'>non</span> <span class='ocrx_word' id='word_1_372' title='bbox 958 2204 1006 2229; x_wconf 90' lang='lat' dir='ltr'>est</span> <span class='ocrx_word' id='word_1_373' title='bbox 1028 2199 1062 2229; x_wconf 90' lang='lat' dir='ltr'>in</span> <span class='ocrx_word' id='word_1_374' title='bbox 1085 2208 1213 2239; x_wconf 89' lang='lat' dir='ltr'>genere.</span> 
     </span>
    </p>

    <p class='ocr_par' dir='ltr' id='par_1_10' title="bbox 294 2243 1375 2733">
     <span class='ocr_line' id='line_1_45' title="bbox 352 2243 1372 2285; baseline -0.002 -9"><span class='ocrx_word' id='word_1_375' title='bbox 352 2245 391 2276; x_wconf 93' lang='lat'>11.</span> <span class='ocrx_word' id='word_1_376' title='bbox 414 2244 575 2276; x_wconf 85' lang='lat' dir='ltr'>Secundo.</span> <span class='ocrx_word' id='word_1_377' title='bbox 599 2244 796 2285; x_wconf 90' lang='lat' dir='ltr'>Sequeretur</span> <span class='ocrx_word' id='word_1_378' title='bbox 819 2243 911 2285; x_wconf 93' lang='lat' dir='ltr'>quod</span> <span class='ocrx_word' id='word_1_379' title='bbox 926 2243 1038 2274; x_wconf 81' lang='lat' dir='ltr'>omnia</span> <span class='ocrx_word' id='word_1_380' title='bbox 1054 2249 1160 2274; x_wconf 89' lang='lat' dir='ltr'>essent</span> <span class='ocrx_word' id='word_1_381' title='bbox 1175 2253 1279 2274; x_wconf 91' lang='lat' dir='ltr'>unum</span> <span class='ocrx_word' id='word_1_382' title='bbox 1296 2244 1372 2274; x_wconf 89' lang='lat' dir='ltr'>sim-</span> 
     </span>
     <span class='ocr_line' id='line_1_46' title="bbox 294 2288 1373 2332; baseline -0.004 -10"><span class='ocrx_word' id='word_1_383' title='bbox 294 2289 430 2332; x_wconf 84' lang='lat' dir='ltr'>pliciter.</span> <span class='ocrx_word' id='word_1_384' title='bbox 455 2290 531 2321; x_wconf 87' lang='lat' dir='ltr'>Hoc</span> <span class='ocrx_word' id='word_1_385' title='bbox 563 2295 611 2320; x_wconf 89' lang='lat' dir='ltr'>est</span> <span class='ocrx_word' id='word_1_386' title='bbox 637 2289 848 2330; x_wconf 86' lang='lat' dir='ltr'>impossibile.</span> <span class='ocrx_word' id='word_1_387' title='bbox 872 2288 960 2329; x_wconf 86' lang='lat' dir='ltr'>Ergo</span> <span class='ocrx_word' id='word_1_388' title='bbox 984 2293 1045 2318; x_wconf 89' lang='lat' dir='ltr'>etc.</span> <span class='ocrx_word' id='word_1_389' title='bbox 1067 2306 1092 2311; x_wconf 87' lang='lat'>—</span> <span class='ocrx_word' id='word_1_390' title='bbox 1113 2288 1271 2319; x_wconf 87' lang='lat' dir='ltr'>Probatur</span> <span class='ocrx_word' id='word_1_391' title='bbox 1294 2297 1373 2319; x_wconf 92' lang='lat' dir='ltr'>con-</span> 
     </span>
     <span class='ocr_line' id='line_1_47' title="bbox 295 2332 1373 2376; baseline -0.003 -10"><span class='ocrx_word' id='word_1_392' title='bbox 295 2335 475 2376; x_wconf 85' lang='lat' dir='ltr'>sequentia.</span> <span class='ocrx_word' id='word_1_393' title='bbox 506 2334 593 2373; x_wconf 91' lang='lat' dir='ltr'>Quia</span> <span class='ocrx_word' id='word_1_394' title='bbox 616 2335 728 2365; x_wconf 82' lang='lat' dir='ltr'>omnia</span> <span class='ocrx_word' id='word_1_395' title='bbox 750 2334 906 2364; x_wconf 89' lang='lat' dir='ltr'>haberent</span> <span class='ocrx_word' id='word_1_396' title='bbox 934 2341 1040 2364; x_wconf 89' lang='lat' dir='ltr'>unum</span> <span class='ocrx_word' id='word_1_397' title='bbox 1063 2342 1142 2364; x_wconf 90' lang='lat' dir='ltr'>esse.</span> <span class='ocrx_word' id='word_1_398' title='bbox 1174 2332 1261 2364; x_wconf 92' lang='lat' dir='ltr'>Cum</span> <span class='ocrx_word' id='word_1_399' title='bbox 1285 2333 1373 2363; x_wconf 92' lang='lat' dir='ltr'>enim</span> 
     </span>
     <span class='ocr_line' id='line_1_48' title="bbox 295 2378 1374 2419; baseline -0.003 -8"><span class='ocrx_word' id='word_1_400' title='bbox 295 2389 346 2411; x_wconf 89' lang='lat' dir='ltr'>res</span> <span class='ocrx_word' id='word_1_401' title='bbox 367 2389 439 2411; x_wconf 91' lang='lat' dir='ltr'>non</span> <span class='ocrx_word' id='word_1_402' title='bbox 461 2378 699 2419; x_wconf 88' lang='lat' dir='ltr'>distinguantur</span> <span class='ocrx_word' id='word_1_403' title='bbox 721 2379 917 2419; x_wconf 89' lang='lat' dir='ltr'>inquantum</span> <span class='ocrx_word' id='word_1_404' title='bbox 935 2378 1055 2408; x_wconf 90' lang='lat' dir='ltr'>habent</span> <span class='ocrx_word' id='word_1_405' title='bbox 1071 2387 1150 2414; x_wconf 88' lang='lat' dir='ltr'>esse,</span> <span class='ocrx_word' id='word_1_406' title='bbox 1168 2387 1244 2409; x_wconf 92' lang='lat' dir='ltr'>cum</span> <span class='ocrx_word' id='word_1_407' title='bbox 1259 2378 1293 2408; x_wconf 90' lang='lat' dir='ltr'>in</span> <span class='ocrx_word' id='word_1_408' title='bbox 1309 2378 1374 2408; x_wconf 91' lang='lat' dir='ltr'>hoc</span> 
     </span>
     <span class='ocr_line' id='line_1_49' title="bbox 297 2421 1374 2464; baseline -0.003 -8"><span class='ocrx_word' id='word_1_409' title='bbox 297 2425 409 2456; x_wconf 85' lang='lat' dir='ltr'>omnia</span> <span class='ocrx_word' id='word_1_410' title='bbox 431 2424 638 2460; x_wconf 87' lang='lat' dir='ltr'>conveniant,</span> <span class='ocrx_word' id='word_1_411' title='bbox 662 2428 802 2464; x_wconf 89' lang='lat' dir='ltr'>oportet,</span> <span class='ocrx_word' id='word_1_412' title='bbox 828 2423 854 2453; x_wconf 88' lang='lat' dir='ltr'>si</span> <span class='ocrx_word' id='word_1_413' title='bbox 877 2422 1016 2453; x_wconf 88' lang='lat' dir='ltr'>debeant</span> <span class='ocrx_word' id='word_1_414' title='bbox 1031 2422 1213 2453; x_wconf 90' lang='lat' dir='ltr'>secundum</span> <span class='ocrx_word' id='word_1_415' title='bbox 1229 2431 1298 2454; x_wconf 92' lang='lat' dir='ltr'>esse</span> <span class='ocrx_word' id='word_1_416' title='bbox 1314 2421 1374 2453; x_wconf 83' lang='lat' dir='ltr'>dif-</span> 
     </span>
     <span class='ocr_line' id='line_1_50' title="bbox 297 2466 1374 2510; baseline -0.004 -9"><span class='ocrx_word' id='word_1_417' title='bbox 297 2468 390 2506; x_wconf 83' lang='lat' dir='ltr'>ferre,</span> <span class='ocrx_word' id='word_1_418' title='bbox 415 2468 506 2510; x_wconf 92' lang='lat' dir='ltr'>quod</span> <span class='ocrx_word' id='word_1_419' title='bbox 528 2468 581 2499; x_wconf 89' lang='lat' dir='ltr'>vel</span> <span class='ocrx_word' id='word_1_420' title='bbox 610 2469 719 2509; x_wconf 91' lang='lat' dir='ltr'>ipsum</span> <span class='ocrx_word' id='word_1_421' title='bbox 750 2477 820 2499; x_wconf 85' lang='lat' dir='ltr'>esse</span> <span class='ocrx_word' id='word_1_422' title='bbox 850 2476 908 2508; x_wconf 93' lang='lat' dir='ltr'>per</span> <span class='ocrx_word' id='word_1_423' title='bbox 937 2466 1132 2498; x_wconf 70' lang='lat' dir='ltr'>differendas</span> <span class='ocrx_word' id='word_1_424' title='bbox 1155 2466 1374 2508; x_wconf 88' lang='lat' dir='ltr'>specificetur;</span> 
     </span>
     <span class='ocr_line' id='line_1_51' title="bbox 297 2511 1375 2555; baseline -0.003 -10"><span class='ocrx_word' id='word_1_425' title='bbox 297 2514 349 2545; x_wconf 90' lang='lat' dir='ltr'>vel</span> <span class='ocrx_word' id='word_1_426' title='bbox 365 2513 456 2555; x_wconf 92' lang='lat' dir='ltr'>quod</span> <span class='ocrx_word' id='word_1_427' title='bbox 479 2514 513 2544; x_wconf 92' lang='lat' dir='ltr'>in</span> <span class='ocrx_word' id='word_1_428' title='bbox 538 2512 670 2544; x_wconf 87' lang='lat' dir='ltr'>diversis</span> <span class='ocrx_word' id='word_1_429' title='bbox 685 2513 806 2543; x_wconf 89' lang='lat' dir='ltr'>naturis</span> <span class='ocrx_word' id='word_1_430' title='bbox 822 2512 1003 2553; x_wconf 89' lang='lat' dir='ltr'>recipiatur.</span> <span class='ocrx_word' id='word_1_431' title='bbox 1027 2511 1104 2542; x_wconf 94' lang='lat' dir='ltr'>Non</span> <span class='ocrx_word' id='word_1_432' title='bbox 1120 2512 1276 2552; x_wconf 89' lang='lat' dir='ltr'>primum:</span> <span class='ocrx_word' id='word_1_433' title='bbox 1299 2512 1375 2552; x_wconf 91' lang='lat' dir='ltr'>quia</span> 
     </span>
     <span class='ocr_line' id='line_1_52' title="bbox 298 2557 1374 2598; baseline -0.003 -8"><span class='ocrx_word' id='word_1_434' title='bbox 298 2559 365 2590; x_wconf 89' lang='lat' dir='ltr'>enti</span> <span class='ocrx_word' id='word_1_435' title='bbox 388 2557 567 2590; x_wconf 83' lang='lat' dir='ltr'>differentia</span> <span class='ocrx_word' id='word_1_436' title='bbox 589 2557 663 2589; x_wconf 91' lang='lat' dir='ltr'>addi</span> <span class='ocrx_word' id='word_1_437' title='bbox 685 2567 753 2588; x_wconf 90' lang='lat' dir='ltr'>non</span> <span class='ocrx_word' id='word_1_438' title='bbox 778 2562 896 2598; x_wconf 90' lang='lat' dir='ltr'>potest,</span> <span class='ocrx_word' id='word_1_439' title='bbox 913 2562 950 2587; x_wconf 91' lang='lat' dir='ltr'>ut</span> <span class='ocrx_word' id='word_1_440' title='bbox 964 2557 1112 2597; x_wconf 88' lang='lat' dir='ltr'>superius</span> <span class='ocrx_word' id='word_1_441' title='bbox 1128 2562 1176 2587; x_wconf 91' lang='lat' dir='ltr'>est</span> <span class='ocrx_word' id='word_1_442' title='bbox 1196 2562 1374 2587; x_wconf 88' lang='lat' dir='ltr'>ostensum.</span> 
     </span>
     <span class='ocr_line' id='line_1_53' title="bbox 297 2600 1374 2639; baseline -0.004 -4"><span class='ocrx_word' id='word_1_443' title='bbox 297 2603 368 2635; x_wconf 92' lang='lat' dir='ltr'>Nec</span> <span class='ocrx_word' id='word_1_444' title='bbox 390 2602 583 2639; x_wconf 89' lang='lat' dir='ltr'>secundum,</span> <span class='ocrx_word' id='word_1_445' title='bbox 607 2603 633 2633; x_wconf 91' lang='lat' dir='ltr'>si</span> <span class='ocrx_word' id='word_1_446' title='bbox 656 2611 725 2633; x_wconf 89' lang='lat' dir='ltr'>esse</span> <span class='ocrx_word' id='word_1_447' title='bbox 748 2601 896 2633; x_wconf 88' lang='lat' dir='ltr'>divinum</span> <span class='ocrx_word' id='word_1_448' title='bbox 911 2601 952 2632; x_wconf 88' lang='lat' dir='ltr'>sit</span> <span class='ocrx_word' id='word_1_449' title='bbox 972 2610 1041 2632; x_wconf 90' lang='lat' dir='ltr'>esse</span> <span class='ocrx_word' id='word_1_450' title='bbox 1057 2600 1192 2632; x_wconf 88' lang='lat' dir='ltr'>formale</span> <span class='ocrx_word' id='word_1_451' title='bbox 1209 2602 1374 2632; x_wconf 87' lang='lat' dir='ltr'>omnium:</span> 
     </span>
     <span class='ocr_line' id='line_1_54' title="bbox 298 2645 1374 2690; baseline -0.003 -11"><span class='ocrx_word' id='word_1_452' title='bbox 298 2649 376 2690; x_wconf 90' lang='lat' dir='ltr'>quia</span> <span class='ocrx_word' id='word_1_453' title='bbox 397 2657 467 2679; x_wconf 92' lang='lat' dir='ltr'>non</span> <span class='ocrx_word' id='word_1_454' title='bbox 489 2652 538 2678; x_wconf 93' lang='lat' dir='ltr'>est</span> <span class='ocrx_word' id='word_1_455' title='bbox 560 2656 630 2678; x_wconf 89' lang='lat' dir='ltr'>esse</span> <span class='ocrx_word' id='word_1_456' title='bbox 653 2652 822 2688; x_wconf 89' lang='lat' dir='ltr'>receptum</span> <span class='ocrx_word' id='word_1_457' title='bbox 845 2647 879 2677; x_wconf 90' lang='lat' dir='ltr'>in</span> <span class='ocrx_word' id='word_1_458' title='bbox 901 2651 1025 2682; x_wconf 86' lang='lat' dir='ltr'>natura,</span> <span class='ocrx_word' id='word_1_459' title='bbox 1042 2645 1098 2676; x_wconf 87' lang='lat' dir='ltr'>sed</span> <span class='ocrx_word' id='word_1_460' title='bbox 1114 2651 1162 2677; x_wconf 90' lang='lat' dir='ltr'>est</span> <span class='ocrx_word' id='word_1_461' title='bbox 1176 2647 1246 2686; x_wconf 91' lang='lat' dir='ltr'>ipsa</span> <span class='ocrx_word' id='word_1_462' title='bbox 1261 2651 1374 2676; x_wconf 89' lang='lat' dir='ltr'>natura</span> 
     </span>
     <span class='ocr_line' id='line_1_55' title="bbox 299 2691 1292 2733; baseline -0.004 -9"><span class='ocrx_word' id='word_1_463' title='bbox 299 2692 416 2724; x_wconf 88' lang='lat' dir='ltr'>divina.</span> <span class='ocrx_word' id='word_1_464' title='bbox 441 2692 529 2733; x_wconf 89' lang='lat' dir='ltr'>Ergo</span> <span class='ocrx_word' id='word_1_465' title='bbox 553 2692 664 2723; x_wconf 87' lang='lat' dir='ltr'>omnia</span> <span class='ocrx_word' id='word_1_466' title='bbox 686 2692 852 2722; x_wconf 90' lang='lat' dir='ltr'>habebunt</span> <span class='ocrx_word' id='word_1_467' title='bbox 874 2700 978 2722; x_wconf 91' lang='lat' dir='ltr'>unum</span> <span class='ocrx_word' id='word_1_468' title='bbox 1003 2699 1072 2721; x_wconf 90' lang='lat' dir='ltr'>esse</span> <span class='ocrx_word' id='word_1_469' title='bbox 1095 2691 1292 2732; x_wconf 89' lang='lat' dir='ltr'>simpliciter.</span> 
     </span>
    </p>

    <p class='ocr_par' dir='ltr' id='par_1_11' title="bbox 297 2734 1379 3393">
     <span class='ocr_line' id='line_1_56' title="bbox 355 2734 1375 2778; baseline -0.004 -10"><span class='ocrx_word' id='word_1_470' title='bbox 355 2736 451 2769; x_wconf 91' lang='lat' dir='ltr'>Circa</span> <span class='ocrx_word' id='word_1_471' title='bbox 472 2737 561 2768; x_wconf 89' lang='lat' dir='ltr'>illam</span> <span class='ocrx_word' id='word_1_472' title='bbox 584 2737 856 2778; x_wconf 80' lang='lat' dir='ltr'>proposifionem,</span> <span class='ocrx_word' id='word_1_473' title='bbox 879 2735 944 2766; x_wconf 90' lang='lat' dir='ltr'>Res</span> <span class='ocrx_word' id='word_1_474' title='bbox 959 2734 1003 2766; x_wconf 83' lang='lat' dir='ltr'>ad</span> <span class='ocrx_word' id='word_1_475' title='bbox 1019 2735 1154 2766; x_wconf 84' lang='lat' dir='ltr'>invicem</span> <span class='ocrx_word' id='word_1_476' title='bbox 1179 2745 1244 2765; x_wconf 87' lang='lat' dir='ltr'>non</span> <span class='ocrx_word' id='word_1_477' title='bbox 1261 2734 1375 2765; x_wconf 85' lang='lat' dir='ltr'>distin-</span> 
     </span>
     <span class='ocr_line' id='line_1_57' title="bbox 297 2777 1376 2825; baseline -0.004 -12"><span class='ocrx_word' id='word_1_478' title='bbox 297 2787 450 2825; x_wconf 77' lang='lat' dir='ltr'>guuntur</span> <span class='ocrx_word' id='word_1_479' title='bbox 471 2781 649 2813; x_wconf 82' lang='lat' dir='ltr'>secundum</span> <span class='ocrx_word' id='word_1_480' title='bbox 665 2780 753 2822; x_wconf 83' lang='lat' dir='ltr'>quod</span> <span class='ocrx_word' id='word_1_481' title='bbox 767 2780 887 2811; x_wconf 84' lang='lat' dir='ltr'>habent</span> <span class='ocrx_word' id='word_1_482' title='bbox 901 2789 978 2815; x_wconf 80' lang='lat' dir='ltr'>esse,</span> <span class='ocrx_word' id='word_1_483' title='bbox 996 2779 1267 2811; x_wconf 89' lang='lat' dir='ltr'>considerandum</span> <span class='ocrx_word' id='word_1_484' title='bbox 1285 2777 1376 2819; x_wconf 90' lang='lat' dir='ltr'>quod</span> 
     </span>
     <span class='ocr_line' id='line_1_58' title="bbox 299 2822 1375 2868; baseline -0.005 -10"><span class='ocrx_word' id='word_1_485' title='bbox 299 2826 465 2868; x_wconf 88' lang='lat' dir='ltr'>duplicem</span> <span class='ocrx_word' id='word_1_486' title='bbox 488 2835 620 2857; x_wconf 91' lang='lat' dir='ltr'>sensum</span> <span class='ocrx_word' id='word_1_487' title='bbox 643 2826 761 2866; x_wconf 71' lang='lat' dir='ltr'>habere</span> <span class='ocrx_word' id='word_1_488' title='bbox 784 2829 901 2865; x_wconf 89' lang='lat' dir='ltr'>potest.</span> <span class='ocrx_word' id='word_1_489' title='bbox 926 2825 1052 2856; x_wconf 90' lang='lat' dir='ltr'>Primus</span> <span class='ocrx_word' id='word_1_490' title='bbox 1077 2829 1133 2860; x_wconf 89' lang='lat' dir='ltr'>est,</span> <span class='ocrx_word' id='word_1_491' title='bbox 1153 2829 1190 2854; x_wconf 90' lang='lat' dir='ltr'>ut</span> <span class='ocrx_word' id='word_1_492' title='bbox 1212 2824 1293 2854; x_wconf 77' lang='lat' dir='ltr'>ratio</span> <span class='ocrx_word' id='word_1_493' title='bbox 1309 2822 1375 2853; x_wconf 89' lang='lat' dir='ltr'>for-</span> 
     </span>
     <span class='ocr_line' id='line_1_59' title="bbox 298 2867 1375 2911; baseline -0.006 -8"><span class='ocrx_word' id='word_1_494' title='bbox 298 2871 392 2903; x_wconf 89' lang='lat' dir='ltr'>malis</span> <span class='ocrx_word' id='word_1_495' title='bbox 414 2871 496 2902; x_wconf 89' lang='lat' dir='ltr'>entis</span> <span class='ocrx_word' id='word_1_496' title='bbox 519 2869 737 2911; x_wconf 87' lang='lat' dir='ltr'>specificetur:</span> <span class='ocrx_word' id='word_1_497' title='bbox 762 2875 794 2900; x_wconf 90' lang='lat' dir='ltr'>et</span> <span class='ocrx_word' id='word_1_498' title='bbox 817 2874 865 2900; x_wconf 89' lang='lat' dir='ltr'>est</span> <span class='ocrx_word' id='word_1_499' title='bbox 887 2878 1010 2906; x_wconf 91' lang='lat' dir='ltr'>sensus,</span> <span class='ocrx_word' id='word_1_500' title='bbox 1034 2869 1135 2899; x_wconf 81' lang='lat' dir='ltr'>Entia</span> <span class='ocrx_word' id='word_1_501' title='bbox 1165 2878 1231 2898; x_wconf 88' lang='lat' dir='ltr'>non</span> <span class='ocrx_word' id='word_1_502' title='bbox 1262 2867 1375 2898; x_wconf 84' lang='lat' dir='ltr'>distin-</span> 
     </span>
     <span class='ocr_line' id='line_1_60' title="bbox 298 2912 1376 2958; baseline -0.006 -10"><span class='ocrx_word' id='word_1_503' title='bbox 298 2921 451 2958; x_wconf 77' lang='lat' dir='ltr'>guuntur</span> <span class='ocrx_word' id='word_1_504' title='bbox 473 2915 507 2946; x_wconf 84' lang='lat' dir='ltr'>in</span> <span class='ocrx_word' id='word_1_505' title='bbox 530 2915 594 2945; x_wconf 85' lang='lat' dir='ltr'>hoc</span> <span class='ocrx_word' id='word_1_506' title='bbox 616 2914 704 2955; x_wconf 82' lang='lat' dir='ltr'>quod</span> <span class='ocrx_word' id='word_1_507' title='bbox 719 2919 767 2945; x_wconf 88' lang='lat' dir='ltr'>est</span> <span class='ocrx_word' id='word_1_508' title='bbox 780 2914 899 2944; x_wconf 83' lang='lat' dir='ltr'>habere</span> <span class='ocrx_word' id='word_1_509' title='bbox 922 2923 1000 2950; x_wconf 83' lang='lat' dir='ltr'>esse,</span> <span class='ocrx_word' id='word_1_510' title='bbox 1020 2914 1097 2954; x_wconf 82' lang='lat' dir='ltr'>quia</span> <span class='ocrx_word' id='word_1_511' title='bbox 1122 2913 1232 2943; x_wconf 89' lang='lat' dir='ltr'>omnia</span> <span class='ocrx_word' id='word_1_512' title='bbox 1257 2912 1290 2942; x_wconf 84' lang='lat' dir='ltr'>in</span> <span class='ocrx_word' id='word_1_513' title='bbox 1314 2912 1376 2942; x_wconf 86' lang='lat' dir='ltr'>hoc</span> 
     </span>
     <span class='ocr_line' id='line_1_61' title="bbox 299 2957 1376 3002; baseline -0.004 -11"><span class='ocrx_word' id='word_1_514' title='bbox 299 2960 388 3002; x_wconf 81' lang='lat' dir='ltr'>quod</span> <span class='ocrx_word' id='word_1_515' title='bbox 409 2965 458 2991; x_wconf 85' lang='lat' dir='ltr'>est</span> <span class='ocrx_word' id='word_1_516' title='bbox 478 2959 597 2990; x_wconf 83' lang='lat' dir='ltr'>habere</span> <span class='ocrx_word' id='word_1_517' title='bbox 627 2968 696 2990; x_wconf 85' lang='lat' dir='ltr'>esse</span> <span class='ocrx_word' id='word_1_518' title='bbox 725 2958 932 2989; x_wconf 81' lang='lat' dir='ltr'>conveniunt.</span> <span class='ocrx_word' id='word_1_519' title='bbox 963 2958 1056 2988; x_wconf 87' lang='lat' dir='ltr'>Alius</span> <span class='ocrx_word' id='word_1_520' title='bbox 1085 2963 1133 2988; x_wconf 87' lang='lat' dir='ltr'>est</span> <span class='ocrx_word' id='word_1_521' title='bbox 1162 2962 1198 2987; x_wconf 87' lang='lat' dir='ltr'>ut</span> <span class='ocrx_word' id='word_1_522' title='bbox 1225 2957 1376 2997; x_wconf 91' lang='lat' dir='ltr'>proprius</span> 
     </span>
     <span class='ocr_line' id='line_1_62' title="bbox 299 3000 1376 3043; baseline -0.005 -7"><span class='ocrx_word' id='word_1_523' title='bbox 299 3004 419 3036; x_wconf 90' lang='lat' dir='ltr'>modus</span> <span class='ocrx_word' id='word_1_524' title='bbox 442 3004 656 3035; x_wconf 84' lang='lat' dir='ltr'>distinctionis</span> <span class='ocrx_word' id='word_1_525' title='bbox 680 3003 749 3033; x_wconf 89' lang='lat' dir='ltr'>eius</span> <span class='ocrx_word' id='word_1_526' title='bbox 773 3002 864 3043; x_wconf 91' lang='lat' dir='ltr'>quod</span> <span class='ocrx_word' id='word_1_527' title='bbox 894 3002 990 3032; x_wconf 88' lang='lat' dir='ltr'>habet</span> <span class='ocrx_word' id='word_1_528' title='bbox 1019 3011 1088 3033; x_wconf 91' lang='lat' dir='ltr'>esse</span> <span class='ocrx_word' id='word_1_529' title='bbox 1116 3000 1319 3032; x_wconf 85' lang='lat' dir='ltr'>excludatur:</span> <span class='ocrx_word' id='word_1_530' title='bbox 1345 3006 1376 3031; x_wconf 91' lang='lat' dir='ltr'>et</span> 
     </span>
     <span class='ocr_line' id='line_1_63' title="bbox 300 3045 1376 3089; baseline -0.005 -9"><span class='ocrx_word' id='word_1_531' title='bbox 300 3054 348 3080; x_wconf 91' lang='lat' dir='ltr'>est</span> <span class='ocrx_word' id='word_1_532' title='bbox 370 3058 494 3084; x_wconf 67' lang='lat' dir='ltr'>sensus»,</span> <span class='ocrx_word' id='word_1_533' title='bbox 519 3048 595 3078; x_wconf 84' lang='lat' dir='ltr'>Non</span> <span class='ocrx_word' id='word_1_534' title='bbox 619 3047 869 3089; x_wconf 81' lang='lat' dir='ltr'>distinguuntur</span> <span class='ocrx_word' id='word_1_535' title='bbox 890 3046 1067 3077; x_wconf 82' lang='lat' dir='ltr'>secundum</span> <span class='ocrx_word' id='word_1_536' title='bbox 1087 3046 1228 3086; x_wconf 85' lang='lat' dir='ltr'>aliquem</span> <span class='ocrx_word' id='word_1_537' title='bbox 1243 3045 1376 3076; x_wconf 84' lang='lat' dir='ltr'>modum</span> 
     </span>
     <span class='ocr_line' id='line_1_64' title="bbox 301 3089 1377 3130; baseline -0.005 -5"><span class='ocrx_word' id='word_1_538' title='bbox 301 3093 438 3130; x_wconf 83' lang='lat' dir='ltr'>essendi,</span> <span class='ocrx_word' id='word_1_539' title='bbox 461 3092 554 3128; x_wconf 87' lang='lat' dir='ltr'>idest,</span> <span class='ocrx_word' id='word_1_540' title='bbox 579 3092 655 3122; x_wconf 91' lang='lat' dir='ltr'>Non</span> <span class='ocrx_word' id='word_1_541' title='bbox 679 3092 798 3122; x_wconf 80' lang='lat' dir='ltr'>habent</span> <span class='ocrx_word' id='word_1_542' title='bbox 826 3090 919 3121; x_wconf 85' lang='lat' dir='ltr'>aliud</span> <span class='ocrx_word' id='word_1_543' title='bbox 941 3096 973 3121; x_wconf 86' lang='lat' dir='ltr'>et</span> <span class='ocrx_word' id='word_1_544' title='bbox 994 3090 1087 3121; x_wconf 84' lang='lat' dir='ltr'>aliud</span> <span class='ocrx_word' id='word_1_545' title='bbox 1116 3099 1194 3121; x_wconf 88' lang='lat' dir='ltr'>esse.</span> <span class='ocrx_word' id='word_1_546' title='bbox 1225 3089 1325 3126; x_wconf 91' lang='lat' dir='ltr'>Sicut,</span> <span class='ocrx_word' id='word_1_547' title='bbox 1350 3090 1377 3120; x_wconf 91' lang='lat' dir='ltr'>si</span> 
     </span>
     <span class='ocr_line' id='line_1_65' title="bbox 302 3134 1378 3178; baseline -0.006 -8"><span class='ocrx_word' id='word_1_548' title='bbox 302 3138 447 3170; x_wconf 84' lang='lat' dir='ltr'>dicamus</span> <span class='ocrx_word' id='word_1_549' title='bbox 464 3137 555 3178; x_wconf 91' lang='lat' dir='ltr'>quod</span> <span class='ocrx_word' id='word_1_550' title='bbox 571 3136 730 3167; x_wconf 84' lang='lat' dir='ltr'>animalia</span> <span class='ocrx_word' id='word_1_551' title='bbox 747 3145 812 3166; x_wconf 88' lang='lat' dir='ltr'>non</span> <span class='ocrx_word' id='word_1_552' title='bbox 829 3135 1079 3176; x_wconf 81' lang='lat' dir='ltr'>distinguuntur</span> <span class='ocrx_word' id='word_1_553' title='bbox 1093 3134 1269 3165; x_wconf 84' lang='lat' dir='ltr'>secundum</span> <span class='ocrx_word' id='word_1_554' title='bbox 1290 3134 1378 3175; x_wconf 84' lang='lat' dir='ltr'>quod</span> 
     </span>
     <span class='ocr_line' id='line_1_66' title="bbox 301 3178 1377 3222; baseline -0.006 -7"><span class='ocrx_word' id='word_1_555' title='bbox 301 3188 379 3215; x_wconf 83' lang='lat' dir='ltr'>sunt</span> <span class='ocrx_word' id='word_1_556' title='bbox 400 3182 569 3218; x_wconf 85' lang='lat' dir='ltr'>animalia,</span> <span class='ocrx_word' id='word_1_557' title='bbox 593 3186 702 3222; x_wconf 89' lang='lat' dir='ltr'>potest</span> <span class='ocrx_word' id='word_1_558' title='bbox 725 3190 794 3211; x_wconf 90' lang='lat' dir='ltr'>esse</span> <span class='ocrx_word' id='word_1_559' title='bbox 822 3189 934 3211; x_wconf 90' lang='lat' dir='ltr'>sensus</span> <span class='ocrx_word' id='word_1_560' title='bbox 964 3185 1020 3210; x_wconf 90' lang='lat' dir='ltr'>aut</span> <span class='ocrx_word' id='word_1_561' title='bbox 1049 3179 1140 3220; x_wconf 94' lang='lat' dir='ltr'>quod</span> <span class='ocrx_word' id='word_1_562' title='bbox 1169 3189 1238 3210; x_wconf 92' lang='lat' dir='ltr'>non</span> <span class='ocrx_word' id='word_1_563' title='bbox 1265 3178 1377 3210; x_wconf 86' lang='lat' dir='ltr'>distin-</span> 
     </span>
     <span class='ocr_line' id='line_1_67' title="bbox 301 3223 1377 3269; baseline -0.006 -10"><span class='ocrx_word' id='word_1_564' title='bbox 301 3233 447 3269; x_wconf 89' lang='lat' dir='ltr'>guuntur</span> <span class='ocrx_word' id='word_1_565' title='bbox 461 3228 496 3258; x_wconf 92' lang='lat' dir='ltr'>in</span> <span class='ocrx_word' id='word_1_566' title='bbox 513 3226 683 3257; x_wconf 88' lang='lat' dir='ltr'>communi</span> <span class='ocrx_word' id='word_1_567' title='bbox 698 3226 823 3256; x_wconf 91' lang='lat' dir='ltr'>ratione</span> <span class='ocrx_word' id='word_1_568' title='bbox 839 3224 999 3261; x_wconf 80' lang='lat' dir='ltr'>animalis3</span> <span class='ocrx_word' id='word_1_569' title='bbox 1016 3229 1071 3255; x_wconf 90' lang='lat' dir='ltr'>aut</span> <span class='ocrx_word' id='word_1_570' title='bbox 1084 3223 1174 3265; x_wconf 92' lang='lat' dir='ltr'>quod</span> <span class='ocrx_word' id='word_1_571' title='bbox 1185 3233 1254 3254; x_wconf 91' lang='lat' dir='ltr'>non</span> <span class='ocrx_word' id='word_1_572' title='bbox 1267 3223 1377 3254; x_wconf 89' lang='lat' dir='ltr'>distin-</span> 
     </span>
     <span class='ocr_line' id='line_1_68' title="bbox 301 3267 1377 3314; baseline -0.006 -10"><span class='ocrx_word' id='word_1_573' title='bbox 301 3277 446 3314; x_wconf 86' lang='lat' dir='ltr'>guuntur</span> <span class='ocrx_word' id='word_1_574' title='bbox 469 3270 654 3302; x_wconf 87' lang='lat' dir='ltr'>differentiis</span> <span class='ocrx_word' id='word_1_575' title='bbox 677 3269 833 3306; x_wconf 89' lang='lat' dir='ltr'>animalis,</span> <span class='ocrx_word' id='word_1_576' title='bbox 858 3274 890 3300; x_wconf 94' lang='lat' dir='ltr'>et</span> <span class='ocrx_word' id='word_1_577' title='bbox 912 3269 958 3299; x_wconf 88' lang='lat' dir='ltr'>sic</span> <span class='ocrx_word' id='word_1_578' title='bbox 980 3278 1049 3299; x_wconf 92' lang='lat' dir='ltr'>non</span> <span class='ocrx_word' id='word_1_579' title='bbox 1073 3274 1148 3299; x_wconf 89' lang='lat' dir='ltr'>sunt</span> <span class='ocrx_word' id='word_1_580' title='bbox 1171 3267 1293 3299; x_wconf 93' lang='lat' dir='ltr'>diversa</span> <span class='ocrx_word' id='word_1_581' title='bbox 1309 3268 1377 3298; x_wconf 92' lang='lat' dir='ltr'>ani-</span> 
     </span>
     <span class='ocr_line' id='line_1_69' title="bbox 302 3312 1379 3355; baseline -0.006 -7"><span class='ocrx_word' id='word_1_582' title='bbox 302 3317 408 3348; x_wconf 90' lang='lat' dir='ltr'>malia.</span> <span class='ocrx_word' id='word_1_583' title='bbox 425 3317 553 3347; x_wconf 88' lang='lat' dir='ltr'>Primus</span> <span class='ocrx_word' id='word_1_584' title='bbox 569 3325 682 3347; x_wconf 88' lang='lat' dir='ltr'>sensus</span> <span class='ocrx_word' id='word_1_585' title='bbox 697 3315 731 3345; x_wconf 92' lang='lat' dir='ltr'>in</span> <span class='ocrx_word' id='word_1_586' title='bbox 746 3319 884 3355; x_wconf 91' lang='lat' dir='ltr'>utraque</span> <span class='ocrx_word' id='word_1_587' title='bbox 899 3322 993 3344; x_wconf 89' lang='lat' dir='ltr'>verus</span> <span class='ocrx_word' id='word_1_588' title='bbox 1010 3318 1071 3344; x_wconf 90' lang='lat' dir='ltr'>est:</span> <span class='ocrx_word' id='word_1_589' title='bbox 1090 3318 1123 3343; x_wconf 93' lang='lat' dir='ltr'>et</span> <span class='ocrx_word' id='word_1_590' title='bbox 1137 3313 1225 3343; x_wconf 91' lang='lat' dir='ltr'>hunc</span> <span class='ocrx_word' id='word_1_591' title='bbox 1241 3312 1379 3343; x_wconf 89' lang='lat' dir='ltr'>intendit</span> 
     </span>
     <span class='ocr_line' id='line_1_70' title="bbox 303 3356 1107 3393; baseline -0.007 0"><span class='ocrx_word' id='word_1_592' title='bbox 303 3362 440 3393; x_wconf 88' lang='lat' dir='ltr'>Sanctus</span> <span class='ocrx_word' id='word_1_593' title='bbox 455 3361 611 3391; x_wconf 87' lang='lat' dir='ltr'>Thomas.</span> <span class='ocrx_word' id='word_1_594' title='bbox 636 3358 805 3391; x_wconf 92' lang='lat' dir='ltr'>Secundus</span> <span class='ocrx_word' id='word_1_595' title='bbox 827 3368 905 3389; x_wconf 88' lang='lat' dir='ltr'>vero</span> <span class='ocrx_word' id='word_1_596' title='bbox 930 3363 977 3388; x_wconf 93' lang='lat' dir='ltr'>est</span> <span class='ocrx_word' id='word_1_597' title='bbox 1000 3356 1107 3388; x_wconf 88' lang='lat' dir='ltr'>falsus.</span> 
     </span>
    </p>

    <p class='ocr_par' dir='ltr' id='par_1_12' title="bbox 304 3401 1380 3714">
     <span class='ocr_line' id='line_1_71' title="bbox 359 3401 1378 3443; baseline -0.006 -6"><span class='ocrx_word' id='word_1_598' title='bbox 359 3406 412 3437; x_wconf 90' lang='lat'>111.</span> <span class='ocrx_word' id='word_1_599' title='bbox 433 3405 554 3436; x_wconf 82' lang='lat' dir='ltr'>Tertio.</span> <span class='ocrx_word' id='word_1_600' title='bbox 571 3406 661 3436; x_wconf 91' lang='lat' dir='ltr'>Deus</span> <span class='ocrx_word' id='word_1_601' title='bbox 676 3413 745 3435; x_wconf 91' lang='lat' dir='ltr'>non</span> <span class='ocrx_word' id='word_1_602' title='bbox 760 3404 857 3434; x_wconf 91' lang='lat' dir='ltr'>habet</span> <span class='ocrx_word' id='word_1_603' title='bbox 872 3403 1014 3443; x_wconf 89' lang='lat' dir='ltr'>aliquam</span> <span class='ocrx_word' id='word_1_604' title='bbox 1038 3411 1178 3432; x_wconf 83' lang='lat' dir='ltr'>causam.</span> <span class='ocrx_word' id='word_1_605' title='bbox 1202 3401 1289 3442; x_wconf 89' lang='lat' dir='ltr'>Ergo</span> <span class='ocrx_word' id='word_1_606' title='bbox 1309 3410 1378 3431; x_wconf 92' lang='lat' dir='ltr'>non</span> 
     </span>
     <span class='ocr_line' id='line_1_72' title="bbox 305 3445 1378 3486; baseline -0.007 -4"><span class='ocrx_word' id='word_1_607' title='bbox 305 3456 352 3482; x_wconf 90' lang='lat' dir='ltr'>est</span> <span class='ocrx_word' id='word_1_608' title='bbox 375 3460 445 3482; x_wconf 92' lang='lat' dir='ltr'>esse</span> <span class='ocrx_word' id='word_1_609' title='bbox 468 3449 604 3481; x_wconf 86' lang='lat' dir='ltr'>formale</span> <span class='ocrx_word' id='word_1_610' title='bbox 629 3449 789 3480; x_wconf 90' lang='lat' dir='ltr'>omnium.</span> <span class='ocrx_word' id='word_1_611' title='bbox 811 3467 835 3471; x_wconf 87' lang='lat'>—</span> <span class='ocrx_word' id='word_1_612' title='bbox 857 3448 947 3478; x_wconf 87' lang='lat' dir='ltr'>Patet</span> <span class='ocrx_word' id='word_1_613' title='bbox 977 3445 1184 3477; x_wconf 86' lang='lat' dir='ltr'>antecedens:</span> <span class='ocrx_word' id='word_1_614' title='bbox 1209 3446 1285 3486; x_wconf 91' lang='lat' dir='ltr'>quia</span> <span class='ocrx_word' id='word_1_615' title='bbox 1309 3455 1378 3476; x_wconf 91' lang='lat' dir='ltr'>esse</span> 
     </span>
     <span class='ocr_line' id='line_1_73' title="bbox 304 3489 1380 3536; baseline -0.007 -10"><span class='ocrx_word' id='word_1_616' title='bbox 304 3495 366 3526; x_wconf 91' lang='lat' dir='ltr'>Dei</span> <span class='ocrx_word' id='word_1_617' title='bbox 390 3501 438 3526; x_wconf 91' lang='lat' dir='ltr'>est</span> <span class='ocrx_word' id='word_1_618' title='bbox 459 3495 529 3536; x_wconf 89' lang='lat' dir='ltr'>ipse</span> <span class='ocrx_word' id='word_1_619' title='bbox 552 3495 653 3530; x_wconf 87' lang='lat' dir='ltr'>Deus,</span> <span class='ocrx_word' id='word_1_620' title='bbox 678 3494 732 3534; x_wconf 92' lang='lat' dir='ltr'>qui</span> <span class='ocrx_word' id='word_1_621' title='bbox 756 3493 880 3524; x_wconf 91' lang='lat' dir='ltr'>nullam</span> <span class='ocrx_word' id='word_1_622' title='bbox 909 3492 1006 3522; x_wconf 91' lang='lat' dir='ltr'>habet</span> <span class='ocrx_word' id='word_1_623' title='bbox 1036 3500 1175 3527; x_wconf 90' lang='lat' dir='ltr'>causam,</span> <span class='ocrx_word' id='word_1_624' title='bbox 1200 3499 1276 3521; x_wconf 92' lang='lat' dir='ltr'>cum</span> <span class='ocrx_word' id='word_1_625' title='bbox 1298 3489 1380 3520; x_wconf 88' lang='lat' dir='ltr'>nihil</span> 
     </span>
     <span class='ocr_line' id='line_1_74' title="bbox 305 3534 1380 3580; baseline -0.007 -9"><span class='ocrx_word' id='word_1_626' title='bbox 305 3549 346 3571; x_wconf 94' lang='lat' dir='ltr'>eo</span> <span class='ocrx_word' id='word_1_627' title='bbox 370 3541 410 3570; x_wconf 93' lang='lat' dir='ltr'>sit</span> <span class='ocrx_word' id='word_1_628' title='bbox 432 3540 532 3580; x_wconf 91' lang='lat' dir='ltr'>prius.</span> <span class='ocrx_word' id='word_1_629' title='bbox 549 3558 572 3561; x_wconf 97' lang='lat'><strong>—</strong></span> <span class='ocrx_word' id='word_1_630' title='bbox 587 3538 833 3578; x_wconf 89' lang='lat' dir='ltr'>Consequentia</span> <span class='ocrx_word' id='word_1_631' title='bbox 855 3546 933 3567; x_wconf 92' lang='lat' dir='ltr'>vero</span> <span class='ocrx_word' id='word_1_632' title='bbox 956 3536 1120 3576; x_wconf 88' lang='lat' dir='ltr'>probatur.</span> <span class='ocrx_word' id='word_1_633' title='bbox 1145 3534 1231 3573; x_wconf 90' lang='lat' dir='ltr'>Quia</span> <span class='ocrx_word' id='word_1_634' title='bbox 1255 3543 1324 3565; x_wconf 87' lang='lat' dir='ltr'>esse</span> <span class='ocrx_word' id='word_1_635' title='bbox 1345 3536 1380 3565; x_wconf 94' lang='lat' dir='ltr'>in</span> 
     </span>
     <span class='ocr_line' id='line_1_75' title="bbox 306 3579 1380 3625; baseline -0.007 -10"><span class='ocrx_word' id='word_1_636' title='bbox 306 3583 501 3625; x_wconf 90' lang='lat' dir='ltr'>quibusdam</span> <span class='ocrx_word' id='word_1_637' title='bbox 524 3584 620 3614; x_wconf 90' lang='lat' dir='ltr'>rebus</span> <span class='ocrx_word' id='word_1_638' title='bbox 643 3583 740 3614; x_wconf 90' lang='lat' dir='ltr'>habet</span> <span class='ocrx_word' id='word_1_639' title='bbox 763 3591 903 3618; x_wconf 89' lang='lat' dir='ltr'>causam,</span> <span class='ocrx_word' id='word_1_640' title='bbox 920 3582 986 3611; x_wconf 89' lang='lat' dir='ltr'>sive</span> <span class='ocrx_word' id='word_1_641' title='bbox 1003 3579 1124 3620; x_wconf 90' lang='lat' dir='ltr'>aliquid</span> <span class='ocrx_word' id='word_1_642' title='bbox 1148 3579 1238 3620; x_wconf 89' lang='lat' dir='ltr'>quasi</span> <span class='ocrx_word' id='word_1_643' title='bbox 1261 3579 1380 3620; x_wconf 89' lang='lat' dir='ltr'>princi-</span> 
     </span>
     <span class='ocr_line' id='line_1_76' title="bbox 306 3623 1379 3670; baseline -0.007 -10"><span class='ocrx_word' id='word_1_644' title='bbox 306 3630 408 3669; x_wconf 89' lang='lat' dir='ltr'>pium,</span> <span class='ocrx_word' id='word_1_645' title='bbox 425 3629 529 3670; x_wconf 86' lang='lat' dir='ltr'>ipsam</span> <span class='ocrx_word' id='word_1_646' title='bbox 552 3628 674 3659; x_wconf 89' lang='lat' dir='ltr'>scilicet</span> <span class='ocrx_word' id='word_1_647' title='bbox 698 3627 847 3663; x_wconf 88' lang='lat' dir='ltr'>formam,</span> <span class='ocrx_word' id='word_1_648' title='bbox 864 3636 948 3668; x_wconf 93' lang='lat' dir='ltr'>quae</span> <span class='ocrx_word' id='word_1_649' title='bbox 964 3630 1011 3656; x_wconf 92' lang='lat' dir='ltr'>est</span> <span class='ocrx_word' id='word_1_650' title='bbox 1026 3624 1222 3666; x_wconf 91' lang='lat' dir='ltr'>principium</span> <span class='ocrx_word' id='word_1_651' title='bbox 1243 3623 1379 3660; x_wconf 92' lang='lat' dir='ltr'>essendi,</span> 
     </span>
     <span class='ocr_line' id='line_1_77' title="bbox 307 3674 600 3714; baseline -0.003 -10"><span class='ocrx_word' id='word_1_652' title='bbox 307 3679 339 3704; x_wconf 92' lang='lat' dir='ltr'>et</span> <span class='ocrx_word' id='word_1_653' title='bbox 361 3674 470 3714; x_wconf 91' lang='lat' dir='ltr'>ipsum</span> <span class='ocrx_word' id='word_1_654' title='bbox 494 3682 600 3714; x_wconf 88' lang='lat' dir='ltr'>agens.</span> 
     </span>
    </p>
   </div>
   <div class='ocr_carea' id='block_1_6' title="bbox 1416 506 2490 1307">
    <p class='ocr_par' dir='ltr' id='par_1_13' title="bbox 1416 506 2486 726">
     <span class='ocr_line' id='line_1_78' title="bbox 1471 506 2486 553; baseline 0.007 -17"><span class='ocrx_word' id='word_1_655' title='bbox 1471 506 1716 538; x_wconf 86' lang='lat' dir='ltr'>Advertendum</span> <span class='ocrx_word' id='word_1_656' title='bbox 1733 508 1833 548; x_wconf 91' lang='lat' dir='ltr'>quod,</span> <span class='ocrx_word' id='word_1_657' title='bbox 1851 518 1926 539; x_wconf 91' lang='lat' dir='ltr'>curn</span> <span class='ocrx_word' id='word_1_658' title='bbox 1943 519 2010 540; x_wconf 88' lang='lat' dir='ltr'>esse</span> <span class='ocrx_word' id='word_1_659' title='bbox 2026 511 2059 540; x_wconf 91' lang='lat' dir='ltr'>in</span> <span class='ocrx_word' id='word_1_660' title='bbox 2074 511 2169 541; x_wconf 90' lang='lat' dir='ltr'>rebus</span> <span class='ocrx_word' id='word_1_661' title='bbox 2185 512 2223 541; x_wconf 90' lang='lat' dir='ltr'>ab</span> <span class='ocrx_word' id='word_1_662' title='bbox 2240 512 2303 543; x_wconf 90' lang='lat' dir='ltr'>alio</span> <span class='ocrx_word' id='word_1_663' title='bbox 2320 511 2486 553; x_wconf 87' lang='lat' dir='ltr'>productis</span> 
     </span>
     <span class='ocr_line' id='line_1_79' title="bbox 1417 550 2486 598; baseline 0.007 -18"><span class='ocrx_word' id='word_1_664' title='bbox 1417 550 1534 581; x_wconf 91' lang='lat' dir='ltr'>dicitur</span> <span class='ocrx_word' id='word_1_665' title='bbox 1556 551 1674 582; x_wconf 90' lang='lat' dir='ltr'>habere</span> <span class='ocrx_word' id='word_1_666' title='bbox 1697 552 1819 592; x_wconf 91' lang='lat' dir='ltr'>aliquid</span> <span class='ocrx_word' id='word_1_667' title='bbox 1844 554 1934 593; x_wconf 90' lang='lat' dir='ltr'>quasi</span> <span class='ocrx_word' id='word_1_668' title='bbox 1957 554 2163 595; x_wconf 86' lang='lat' dir='ltr'>principium,</span> <span class='ocrx_word' id='word_1_669' title='bbox 2187 565 2255 586; x_wconf 91' lang='lat' dir='ltr'>non</span> <span class='ocrx_word' id='word_1_670' title='bbox 2279 557 2434 598; x_wconf 89' lang='lat' dir='ltr'>accipitur</span> <span class='ocrx_word' id='word_1_671' title='bbox 2453 557 2486 598; x_wconf 90' lang='lat' dir='ltr'>ly</span> 
     </span>
     <span class='ocr_line' id='line_1_80' title="bbox 1416 595 2486 641; baseline 0.007 -16"><span class='ocrx_word' id='word_1_672' title='bbox 1416 595 1511 636; x_wconf 82' lang='lat' dir='ltr'>quasi</span> <span class='ocrx_word' id='word_1_673' title='bbox 1541 595 1806 633; x_wconf 86' lang='lat' dir='ltr'>similitudinarie,</span> <span class='ocrx_word' id='word_1_674' title='bbox 1831 597 1887 627; x_wconf 92' lang='lat' dir='ltr'>sed</span> <span class='ocrx_word' id='word_1_675' title='bbox 1910 603 1946 628; x_wconf 92' lang='lat' dir='ltr'>ut</span> <span class='ocrx_word' id='word_1_676' title='bbox 1970 604 2016 628; x_wconf 92' lang='lat' dir='ltr'>est</span> <span class='ocrx_word' id='word_1_677' title='bbox 2045 599 2183 630; x_wconf 88' lang='lat' dir='ltr'>veritatis</span> <span class='ocrx_word' id='word_1_678' title='bbox 2213 601 2439 641; x_wconf 87' lang='lat' dir='ltr'>expressivum.</span> <span class='ocrx_word' id='word_1_679' title='bbox 2463 620 2486 624; x_wconf 94' lang='lat'>—</span> 
     </span>
     <span class='ocr_line' id='line_1_81' title="bbox 1417 639 2486 681; baseline 0.007 -12"><span class='ocrx_word' id='word_1_680' title='bbox 1417 639 1597 677; x_wconf 90' lang='lat' dir='ltr'>Quomodo</span> <span class='ocrx_word' id='word_1_681' title='bbox 1623 645 1731 670; x_wconf 90' lang='lat' dir='ltr'>autem</span> <span class='ocrx_word' id='word_1_682' title='bbox 1755 650 1852 681; x_wconf 86' lang='lat' dir='ltr'>agens</span> <span class='ocrx_word' id='word_1_683' title='bbox 1876 647 1907 672; x_wconf 89' lang='lat' dir='ltr'>et</span> <span class='ocrx_word' id='word_1_684' title='bbox 1930 641 2034 672; x_wconf 89' lang='lat' dir='ltr'>forma</span> <span class='ocrx_word' id='word_1_685' title='bbox 2066 644 2128 674; x_wconf 88' lang='lat' dir='ltr'>sint</span> <span class='ocrx_word' id='word_1_686' title='bbox 2156 644 2367 677; x_wconf 90' lang='lat' dir='ltr'>diversimode</span> <span class='ocrx_word' id='word_1_687' title='bbox 2391 655 2486 676; x_wconf 87' lang='lat' dir='ltr'>causa</span> 
     </span>
     <span class='ocr_line' id='line_1_82' title="bbox 1417 683 1984 726; baseline 0.005 -12"><span class='ocrx_word' id='word_1_688' title='bbox 1417 683 1553 720; x_wconf 90' lang='lat' dir='ltr'>essendi,</span> <span class='ocrx_word' id='word_1_689' title='bbox 1578 683 1701 715; x_wconf 90' lang='lat' dir='ltr'>dictum</span> <span class='ocrx_word' id='word_1_690' title='bbox 1726 691 1773 715; x_wconf 89' lang='lat' dir='ltr'>est</span> <span class='ocrx_word' id='word_1_691' title='bbox 1796 687 1942 726; x_wconf 83' lang='lat' dir='ltr'>superius</span> <span class='ocrx_word' id='word_1_692' title='bbox 1958 687 1984 717; x_wconf 47' lang='grc' dir='ltr'>ἢ</span> 
     </span>
    </p>

    <p class='ocr_par' dir='ltr' id='par_1_14' title="bbox 1417 727 2489 1161">
     <span class='ocr_line' id='line_1_83' title="bbox 1473 727 2486 773; baseline 0.008 -16"><span class='ocrx_word' id='word_1_693' title='bbox 1473 728 1527 758; x_wconf 94' lang='lat' dir='ltr'>IV.</span> <span class='ocrx_word' id='word_1_694' title='bbox 1555 727 1694 765; x_wconf 87' lang='lat' dir='ltr'>Quarto.</span> <span class='ocrx_word' id='word_1_695' title='bbox 1719 729 1815 760; x_wconf 91' lang='lat' dir='ltr'>Tunc</span> <span class='ocrx_word' id='word_1_696' title='bbox 1839 730 1928 761; x_wconf 91' lang='lat' dir='ltr'>Deus</span> <span class='ocrx_word' id='word_1_697' title='bbox 1950 741 2018 762; x_wconf 92' lang='lat' dir='ltr'>non</span> <span class='ocrx_word' id='word_1_698' title='bbox 2042 737 2124 762; x_wconf 90' lang='lat' dir='ltr'>esset</span> <span class='ocrx_word' id='word_1_699' title='bbox 2146 733 2253 773; x_wconf 88' lang='lat' dir='ltr'>aliqua</span> <span class='ocrx_word' id='word_1_700' title='bbox 2274 743 2324 764; x_wconf 92' lang='lat' dir='ltr'>res</span> <span class='ocrx_word' id='word_1_701' title='bbox 2351 735 2486 765; x_wconf 86' lang='lat' dir='ltr'>existens</span> 
     </span>
     <span class='ocr_line' id='line_1_84' title="bbox 1417 772 2486 818; baseline 0.007 -16"><span class='ocrx_word' id='word_1_702' title='bbox 1417 772 1478 803; x_wconf 90' lang='lat' dir='ltr'>nisi</span> <span class='ocrx_word' id='word_1_703' title='bbox 1494 773 1528 803; x_wconf 93' lang='lat' dir='ltr'>in</span> <span class='ocrx_word' id='word_1_704' title='bbox 1544 773 1718 804; x_wconf 90' lang='lat' dir='ltr'>intellectu.</span> <span class='ocrx_word' id='word_1_705' title='bbox 1737 773 1800 805; x_wconf 91' lang='lat' dir='ltr'>Sed</span> <span class='ocrx_word' id='word_1_706' title='bbox 1815 775 1912 805; x_wconf 93' lang='lat' dir='ltr'>huius</span> <span class='ocrx_word' id='word_1_707' title='bbox 1932 776 2120 816; x_wconf 89' lang='lat' dir='ltr'>oppositum</span> <span class='ocrx_word' id='word_1_708' title='bbox 2139 778 2285 818; x_wconf 88' lang='lat' dir='ltr'>superius</span> <span class='ocrx_word' id='word_1_709' title='bbox 2310 783 2357 808; x_wconf 92' lang='lat' dir='ltr'>est</span> <span class='ocrx_word' id='word_1_710' title='bbox 2379 784 2486 809; x_wconf 90' lang='lat' dir='ltr'>osten-</span> 
     </span>
     <span class='ocr_line' id='line_1_85' title="bbox 1418 817 2487 861; baseline 0.006 -14"><span class='ocrx_word' id='word_1_711' title='bbox 1418 826 1501 847; x_wconf 89' lang='lat' dir='ltr'>sum.</span> <span class='ocrx_word' id='word_1_712' title='bbox 1527 817 1613 858; x_wconf 90' lang='lat' dir='ltr'>Ergo</span> <span class='ocrx_word' id='word_1_713' title='bbox 1638 823 1698 849; x_wconf 89' lang='lat' dir='ltr'>etc.</span> <span class='ocrx_word' id='word_1_714' title='bbox 1714 836 1738 841; x_wconf 95' lang='lat'><em>-</em></span> <span class='ocrx_word' id='word_1_715' title='bbox 1757 818 1915 850; x_wconf 90' lang='lat' dir='ltr'>Probatur</span> <span class='ocrx_word' id='word_1_716' title='bbox 1938 821 2179 861; x_wconf 86' lang='lat' dir='ltr'>consequentia.</span> <span class='ocrx_word' id='word_1_717' title='bbox 2204 821 2290 860; x_wconf 90' lang='lat' dir='ltr'>Quia</span> <span class='ocrx_word' id='word_1_718' title='bbox 2312 831 2487 854; x_wconf 90' lang='lat' dir='ltr'>commune</span> 
     </span>
     <span class='ocr_line' id='line_1_86' title="bbox 1418 861 2488 903; baseline 0.006 -11"><span class='ocrx_word' id='word_1_719' title='bbox 1418 861 1528 892; x_wconf 91' lang='lat' dir='ltr'>multis</span> <span class='ocrx_word' id='word_1_720' title='bbox 1551 871 1619 893; x_wconf 92' lang='lat' dir='ltr'>non</span> <span class='ocrx_word' id='word_1_721' title='bbox 1643 868 1690 893; x_wconf 91' lang='lat' dir='ltr'>est</span> <span class='ocrx_word' id='word_1_722' title='bbox 1712 869 1837 903; x_wconf 91' lang='lat' dir='ltr'>praeter</span> <span class='ocrx_word' id='word_1_723' title='bbox 1859 864 1961 894; x_wconf 90' lang='lat' dir='ltr'>multa</span> <span class='ocrx_word' id='word_1_724' title='bbox 1984 865 2045 895; x_wconf 90' lang='lat' dir='ltr'>nisi</span> <span class='ocrx_word' id='word_1_725' title='bbox 2069 865 2248 896; x_wconf 90' lang='lat' dir='ltr'>secundum</span> <span class='ocrx_word' id='word_1_726' title='bbox 2263 867 2435 897; x_wconf 85' lang='lat' dir='ltr'>rationem:</span> <span class='ocrx_word' id='word_1_727' title='bbox 2452 873 2488 898; x_wconf 92' lang='lat' dir='ltr'>ut</span> 
     </span>
     <span class='ocr_line' id='line_1_87' title="bbox 1418 905 2487 951; baseline 0.006 -15"><span class='ocrx_word' id='word_1_728' title='bbox 1418 911 1506 946; x_wconf 87' lang='lat' dir='ltr'>patet</span> <span class='ocrx_word' id='word_1_729' title='bbox 1530 905 1570 937; x_wconf 92' lang='lat' dir='ltr'>de</span> <span class='ocrx_word' id='word_1_730' title='bbox 1593 907 1740 938; x_wconf 86' lang='lat' dir='ltr'>animali.</span> <span class='ocrx_word' id='word_1_731' title='bbox 1765 907 1799 939; x_wconf 90' lang='lat' dir='ltr'>Si</span> <span class='ocrx_word' id='word_1_732' title='bbox 1822 909 1910 939; x_wconf 90' lang='lat' dir='ltr'>enim</span> <span class='ocrx_word' id='word_1_733' title='bbox 1933 909 2051 940; x_wconf 90' lang='lat' dir='ltr'>animal</span> <span class='ocrx_word' id='word_1_734' title='bbox 2067 919 2242 941; x_wconf 90' lang='lat' dir='ltr'>commune</span> <span class='ocrx_word' id='word_1_735' title='bbox 2259 916 2341 941; x_wconf 91' lang='lat' dir='ltr'>esset</span> <span class='ocrx_word' id='word_1_736' title='bbox 2357 911 2487 951; x_wconf 90' lang='lat' dir='ltr'>aliquid,</span> 
     </span>
     <span class='ocr_line' id='line_1_88' title="bbox 1420 951 2488 993; baseline 0.006 -13"><span class='ocrx_word' id='word_1_737' title='bbox 1420 956 1525 981; x_wconf 90' lang='lat' dir='ltr'>essent</span> <span class='ocrx_word' id='word_1_738' title='bbox 1548 951 1582 981; x_wconf 93' lang='lat' dir='ltr'>in</span> <span class='ocrx_word' id='word_1_739' title='bbox 1605 951 1739 983; x_wconf 92' lang='lat' dir='ltr'>Platone</span> <span class='ocrx_word' id='word_1_740' title='bbox 1762 952 1855 993; x_wconf 92' lang='lat' dir='ltr'>plura</span> <span class='ocrx_word' id='word_1_741' title='bbox 1874 953 2037 984; x_wconf 82' lang='lat' dir='ltr'>animalia:</span> <span class='ocrx_word' id='word_1_742' title='bbox 2061 954 2163 985; x_wconf 92' lang='lat' dir='ltr'>homo</span> <span class='ocrx_word' id='word_1_743' title='bbox 2180 955 2267 985; x_wconf 92' lang='lat' dir='ltr'>enim</span> <span class='ocrx_word' id='word_1_744' title='bbox 2283 956 2488 986; x_wconf 85' lang='lat' dir='ltr'>essentialiter</span> 
     </span>
     <span class='ocr_line' id='line_1_89' title="bbox 1420 995 2489 1034; baseline 0.005 -8"><span class='ocrx_word' id='word_1_745' title='bbox 1420 1001 1467 1026; x_wconf 87' lang='lat' dir='ltr'>est</span> <span class='ocrx_word' id='word_1_746' title='bbox 1491 995 1609 1026; x_wconf 89' lang='lat' dir='ltr'>animal</span> <span class='ocrx_word' id='word_1_747' title='bbox 1633 1001 1664 1027; x_wconf 90' lang='lat' dir='ltr'>et</span> <span class='ocrx_word' id='word_1_748' title='bbox 1686 996 1793 1034; x_wconf 90' lang='lat' dir='ltr'>Plato;</span> <span class='ocrx_word' id='word_1_749' title='bbox 1819 1003 1850 1028; x_wconf 92' lang='lat' dir='ltr'>et</span> <span class='ocrx_word' id='word_1_750' title='bbox 1873 998 1918 1028; x_wconf 92' lang='lat' dir='ltr'>sic</span> <span class='ocrx_word' id='word_1_751' title='bbox 1941 998 1975 1028; x_wconf 90' lang='lat' dir='ltr'>in</span> <span class='ocrx_word' id='word_1_752' title='bbox 1998 998 2131 1029; x_wconf 92' lang='lat' dir='ltr'>Platone</span> <span class='ocrx_word' id='word_1_753' title='bbox 2156 1005 2238 1030; x_wconf 91' lang='lat' dir='ltr'>esset</span> <span class='ocrx_word' id='word_1_754' title='bbox 2261 999 2378 1030; x_wconf 90' lang='lat' dir='ltr'>animal</span> <span class='ocrx_word' id='word_1_755' title='bbox 2399 1009 2489 1031; x_wconf 91' lang='lat' dir='ltr'>com-</span> 
     </span>
     <span class='ocr_line' id='line_1_90' title="bbox 1419 1041 2487 1084; baseline 0.005 -14"><span class='ocrx_word' id='word_1_756' title='bbox 1419 1049 1530 1077; x_wconf 91' lang='lat' dir='ltr'>mune,</span> <span class='ocrx_word' id='word_1_757' title='bbox 1548 1045 1579 1071; x_wconf 90' lang='lat' dir='ltr'>et</span> <span class='ocrx_word' id='word_1_758' title='bbox 1603 1041 1720 1071; x_wconf 92' lang='lat' dir='ltr'>animal</span> <span class='ocrx_word' id='word_1_759' title='bbox 1741 1041 1831 1082; x_wconf 93' lang='lat' dir='ltr'>quod</span> <span class='ocrx_word' id='word_1_760' title='bbox 1847 1047 1894 1073; x_wconf 92' lang='lat' dir='ltr'>est</span> <span class='ocrx_word' id='word_1_761' title='bbox 1909 1042 2021 1079; x_wconf 86' lang='lat' dir='ltr'>homo,</span> <span class='ocrx_word' id='word_1_762' title='bbox 2040 1048 2071 1073; x_wconf 93' lang='lat' dir='ltr'>et</span> <span class='ocrx_word' id='word_1_763' title='bbox 2087 1043 2204 1074; x_wconf 91' lang='lat' dir='ltr'>animal</span> <span class='ocrx_word' id='word_1_764' title='bbox 2220 1043 2310 1084; x_wconf 93' lang='lat' dir='ltr'>quod</span> <span class='ocrx_word' id='word_1_765' title='bbox 2325 1049 2372 1075; x_wconf 92' lang='lat' dir='ltr'>est</span> <span class='ocrx_word' id='word_1_766' title='bbox 2386 1044 2487 1075; x_wconf 90' lang='lat' dir='ltr'>Plato.</span> 
     </span>
     <span class='ocr_line' id='line_1_91' title="bbox 1419 1084 2489 1126; baseline 0.004 -10"><span class='ocrx_word' id='word_1_767' title='bbox 1419 1084 1453 1116; x_wconf 82' lang='lat' dir='ltr'>Si</span> <span class='ocrx_word' id='word_1_768' title='bbox 1477 1094 1554 1125; x_wconf 91' lang='lat' dir='ltr'>ergo</span> <span class='ocrx_word' id='word_1_769' title='bbox 1577 1084 1666 1116; x_wconf 92' lang='lat' dir='ltr'>Deus</span> <span class='ocrx_word' id='word_1_770' title='bbox 1689 1086 1728 1116; x_wconf 91' lang='lat' dir='ltr'>sit</span> <span class='ocrx_word' id='word_1_771' title='bbox 1752 1095 1820 1117; x_wconf 92' lang='lat' dir='ltr'>esse</span> <span class='ocrx_word' id='word_1_772' title='bbox 1848 1096 2025 1118; x_wconf 91' lang='lat' dir='ltr'>commune</span> <span class='ocrx_word' id='word_1_773' title='bbox 2055 1086 2190 1119; x_wconf 85' lang='lat' dir='ltr'>formale</span> <span class='ocrx_word' id='word_1_774' title='bbox 2218 1089 2377 1126; x_wconf 90' lang='lat' dir='ltr'>omnium,</span> <span class='ocrx_word' id='word_1_775' title='bbox 2401 1089 2489 1120; x_wconf 90' lang='lat' dir='ltr'>Deus</span> 
     </span>
     <span class='ocr_line' id='line_1_92' title="bbox 1419 1129 1830 1161; baseline 0.005 -2"><span class='ocrx_word' id='word_1_776' title='bbox 1419 1129 1453 1160; x_wconf 93' lang='lat' dir='ltr'>in</span> <span class='ocrx_word' id='word_1_777' title='bbox 1477 1129 1549 1160; x_wconf 87' lang='lat' dir='ltr'>solo</span> <span class='ocrx_word' id='word_1_778' title='bbox 1573 1129 1738 1161; x_wconf 91' lang='lat' dir='ltr'>intellectu</span> <span class='ocrx_word' id='word_1_779' title='bbox 1762 1131 1830 1161; x_wconf 90' lang='lat' dir='ltr'>erit.</span> 
     </span>
    </p>

    <p class='ocr_par' dir='ltr' id='par_1_15' title="bbox 1419 1173 2490 1307">
     <span class='ocr_line' id='line_1_93' title="bbox 1475 1173 2490 1216; baseline 0.004 -12"><span class='ocrx_word' id='word_1_780' title='bbox 1475 1173 1755 1206; x_wconf 88' lang='lat' dir='ltr'>Considerandum</span> <span class='ocrx_word' id='word_1_781' title='bbox 1779 1175 1842 1206; x_wconf 89' lang='lat' dir='ltr'>hoc</span> <span class='ocrx_word' id='word_1_782' title='bbox 1866 1175 1942 1206; x_wconf 93' lang='lat' dir='ltr'>loco</span> <span class='ocrx_word' id='word_1_783' title='bbox 1966 1176 2056 1216; x_wconf 94' lang='lat' dir='ltr'>quod</span> <span class='ocrx_word' id='word_1_784' title='bbox 2079 1176 2166 1207; x_wconf 91' lang='lat' dir='ltr'>aliud</span> <span class='ocrx_word' id='word_1_785' title='bbox 2189 1182 2236 1207; x_wconf 92' lang='lat' dir='ltr'>est</span> <span class='ocrx_word' id='word_1_786' title='bbox 2259 1176 2374 1214; x_wconf 90' lang='lat' dir='ltr'>dicere,</span> <span class='ocrx_word' id='word_1_787' title='bbox 2394 1177 2490 1214; x_wconf 85' lang='lat' dir='ltr'>Quod</span> 
     </span>
     <span class='ocr_line' id='line_1_94' title="bbox 1419 1219 2488 1257; baseline 0.004 -9"><span class='ocrx_word' id='word_1_788' title='bbox 1419 1223 1467 1249; x_wconf 87' lang='lat' dir='ltr'>est</span> <span class='ocrx_word' id='word_1_789' title='bbox 1489 1228 1658 1250; x_wconf 87' lang='lat' dir='ltr'>commune</span> <span class='ocrx_word' id='word_1_790' title='bbox 1681 1219 1800 1257; x_wconf 84' lang='lat' dir='ltr'>multis,</span> <span class='ocrx_word' id='word_1_791' title='bbox 1825 1220 1893 1251; x_wconf 79' lang='lat' dir='ltr'>sive</span> <span class='ocrx_word' id='word_1_792' title='bbox 1917 1221 2109 1257; x_wconf 81' lang='lat' dir='ltr'>universale,</span> <span class='ocrx_word' id='word_1_793' title='bbox 2135 1231 2201 1252; x_wconf 88' lang='lat' dir='ltr'>non</span> <span class='ocrx_word' id='word_1_794' title='bbox 2225 1227 2273 1252; x_wconf 86' lang='lat' dir='ltr'>est</span> <span class='ocrx_word' id='word_1_795' title='bbox 2295 1231 2350 1253; x_wconf 87' lang='lat' dir='ltr'>ens</span> <span class='ocrx_word' id='word_1_796' title='bbox 2374 1221 2436 1252; x_wconf 87' lang='lat' dir='ltr'>nisi</span> <span class='ocrx_word' id='word_1_797' title='bbox 2455 1222 2488 1252; x_wconf 89' lang='lat' dir='ltr'>in</span> 
     </span>
     <span class='ocr_line' id='line_1_95' title="bbox 1419 1263 2490 1307; baseline 0.004 -14"><span class='ocrx_word' id='word_1_798' title='bbox 1419 1263 1602 1300; x_wconf 60' lang='lat' dir='ltr'>intellectus</span> <span class='ocrx_word' id='word_1_799' title='bbox 1634 1269 1665 1294; x_wconf 88' lang='lat' dir='ltr'>et</span> <span class='ocrx_word' id='word_1_800' title='bbox 1698 1264 1783 1295; x_wconf 87' lang='lat' dir='ltr'>aliud</span> <span class='ocrx_word' id='word_1_801' title='bbox 1816 1264 1935 1301; x_wconf 90' lang='lat' dir='ltr'>dicere,</span> <span class='ocrx_word' id='word_1_802' title='bbox 1968 1265 2158 1296; x_wconf 79' lang='lat' dir='ltr'>Universale</span> <span class='ocrx_word' id='word_1_803' title='bbox 2191 1276 2256 1296; x_wconf 90' lang='lat' dir='ltr'>non</span> <span class='ocrx_word' id='word_1_804' title='bbox 2289 1271 2335 1297; x_wconf 86' lang='lat' dir='ltr'>est</span> <span class='ocrx_word' id='word_1_805' title='bbox 2366 1266 2490 1307; x_wconf 81' lang='lat' dir='ltr'>aliquid</span> 
     </span>
    </p>
   </div>
   <div class='ocr_carea' id='block_1_7' title="bbox 1413 1309 2489 1348">
    <p class='ocr_par' dir='ltr' id='par_1_16' title="bbox 1413 1309 2489 1348">
     <span class='ocr_line' id='line_1_96' title="bbox 1413 1309 2489 1348; baseline 0.004 -11"><span class='ocrx_word' id='word_1_806' title='bbox 1413 1313 1550 1348; x_wconf 80' lang='lat' dir='ltr'>praeter</span> <span class='ocrx_word' id='word_1_807' title='bbox 1572 1309 1674 1339; x_wconf 86' lang='lat' dir='ltr'>multa</span> <span class='ocrx_word' id='word_1_808' title='bbox 1699 1309 1763 1340; x_wconf 85' lang='lat' dir='ltr'>nisi</span> <span class='ocrx_word' id='word_1_809' title='bbox 1786 1309 1819 1339; x_wconf 85' lang='lat' dir='ltr'>in</span> <span class='ocrx_word' id='word_1_810' title='bbox 1840 1309 2012 1340; x_wconf 83' lang='lat' dir='ltr'>intellectu.</span> <span class='ocrx_word' id='word_1_811' title='bbox 2036 1310 2181 1341; x_wconf 88' lang='lat' dir='ltr'>Primum</span> <span class='ocrx_word' id='word_1_812' title='bbox 2198 1313 2284 1341; x_wconf 89' lang='lat' dir='ltr'>enim</span> <span class='ocrx_word' id='word_1_813' title='bbox 2301 1316 2347 1341; x_wconf 93' lang='lat' dir='ltr'>est</span> <span class='ocrx_word' id='word_1_814' title='bbox 2362 1310 2489 1347; x_wconf 87' lang='lat' dir='ltr'>falsum,</span> 
     </span>
    </p>
   </div>
   <div class='ocr_carea' id='block_1_8' title="bbox 1419 1352 2502 3706">
    <p class='ocr_par' dir='ltr' id='par_1_17' title="bbox 1419 1352 2495 1973">
     <span class='ocr_line' id='line_1_97' title="bbox 1420 1352 2491 1394; baseline 0.003 -11"><span class='ocrx_word' id='word_1_815' title='bbox 1420 1357 1452 1383; x_wconf 92' lang='lat' dir='ltr'>et</span> <span class='ocrx_word' id='word_1_816' title='bbox 1474 1352 1654 1383; x_wconf 90' lang='lat' dir='ltr'>secundum</span> <span class='ocrx_word' id='word_1_817' title='bbox 1679 1359 1726 1384; x_wconf 90' lang='lat' dir='ltr'>est</span> <span class='ocrx_word' id='word_1_818' title='bbox 1748 1363 1871 1384; x_wconf 90' lang='lat' dir='ltr'>verum.</span> <span class='ocrx_word' id='word_1_819' title='bbox 1903 1354 2013 1394; x_wconf 91' lang='lat' dir='ltr'>Ipsum</span> <span class='ocrx_word' id='word_1_820' title='bbox 2041 1355 2127 1385; x_wconf 91' lang='lat' dir='ltr'>enim</span> <span class='ocrx_word' id='word_1_821' title='bbox 2150 1355 2328 1386; x_wconf 91' lang='lat' dir='ltr'>universale</span> <span class='ocrx_word' id='word_1_822' title='bbox 2351 1364 2419 1386; x_wconf 92' lang='lat' dir='ltr'>non</span> <span class='ocrx_word' id='word_1_823' title='bbox 2443 1361 2491 1386; x_wconf 90' lang='lat' dir='ltr'>est</span> 
     </span>
     <span class='ocr_line' id='line_1_98' title="bbox 1420 1397 2490 1439; baseline 0.003 -12"><span class='ocrx_word' id='word_1_824' title='bbox 1420 1406 1477 1427; x_wconf 93' lang='lat' dir='ltr'>ens</span> <span class='ocrx_word' id='word_1_825' title='bbox 1500 1397 1641 1434; x_wconf 89' lang='lat' dir='ltr'>rationis,</span> <span class='ocrx_word' id='word_1_826' title='bbox 1666 1398 1692 1428; x_wconf 90' lang='lat' dir='ltr'>si</span> <span class='ocrx_word' id='word_1_827' title='bbox 1714 1398 1917 1429; x_wconf 89' lang='lat' dir='ltr'>materialiter</span> <span class='ocrx_word' id='word_1_828' title='bbox 1940 1404 1972 1429; x_wconf 91' lang='lat' dir='ltr'>et</span> <span class='ocrx_word' id='word_1_829' title='bbox 1995 1405 2153 1439; x_wconf 89' lang='lat' dir='ltr'>quantum</span> <span class='ocrx_word' id='word_1_830' title='bbox 2177 1399 2217 1430; x_wconf 88' lang='lat' dir='ltr'>ad</span> <span class='ocrx_word' id='word_1_831' title='bbox 2245 1409 2314 1430; x_wconf 91' lang='lat' dir='ltr'>rem</span> <span class='ocrx_word' id='word_1_832' title='bbox 2344 1399 2490 1430; x_wconf 91' lang='lat' dir='ltr'>denomi-</span> 
     </span>
     <span class='ocr_line' id='line_1_99' title="bbox 1419 1442 2492 1479; baseline 0.002 -7"><span class='ocrx_word' id='word_1_833' title='bbox 1419 1446 1527 1472; x_wconf 86' lang='lat' dir='ltr'>natam</span> <span class='ocrx_word' id='word_1_834' title='bbox 1551 1448 1705 1479; x_wconf 90' lang='lat' dir='ltr'>sumatur,</span> <span class='ocrx_word' id='word_1_835' title='bbox 1722 1442 1778 1473; x_wconf 91' lang='lat' dir='ltr'>sed</span> <span class='ocrx_word' id='word_1_836' title='bbox 1794 1448 1841 1473; x_wconf 91' lang='lat' dir='ltr'>est</span> <span class='ocrx_word' id='word_1_837' title='bbox 1857 1452 1914 1473; x_wconf 90' lang='lat' dir='ltr'>ens</span> <span class='ocrx_word' id='word_1_838' title='bbox 1929 1443 2013 1474; x_wconf 88' lang='lat' dir='ltr'>reale</span> <span class='ocrx_word' id='word_1_839' title='bbox 2028 1444 2062 1474; x_wconf 93' lang='lat' dir='ltr'>in</span> <span class='ocrx_word' id='word_1_840' title='bbox 2077 1444 2172 1474; x_wconf 88' lang='lat' dir='ltr'>rebus</span> <span class='ocrx_word' id='word_1_841' title='bbox 2196 1444 2346 1475; x_wconf 84' lang='lat' dir='ltr'>existens:</span> <span class='ocrx_word' id='word_1_842' title='bbox 2367 1444 2492 1475; x_wconf 86' lang='lat' dir='ltr'>animal</span> 
     </span>
     <span class='ocr_line' id='line_1_100' title="bbox 1420 1486 2490 1528; baseline 0.003 -12"><span class='ocrx_word' id='word_1_843' title='bbox 1420 1486 1508 1517; x_wconf 91' lang='lat' dir='ltr'>enim</span> <span class='ocrx_word' id='word_1_844' title='bbox 1532 1496 1588 1517; x_wconf 92' lang='lat' dir='ltr'>ens</span> <span class='ocrx_word' id='word_1_845' title='bbox 1612 1487 1696 1517; x_wconf 90' lang='lat' dir='ltr'>reale</span> <span class='ocrx_word' id='word_1_846' title='bbox 1721 1492 1768 1518; x_wconf 91' lang='lat' dir='ltr'>est</span> <span class='ocrx_word' id='word_1_847' title='bbox 1791 1487 1824 1518; x_wconf 90' lang='lat' dir='ltr'>in</span> <span class='ocrx_word' id='word_1_848' title='bbox 1848 1487 2091 1528; x_wconf 87' lang='lat' dir='ltr'>particularibus</span> <span class='ocrx_word' id='word_1_849' title='bbox 2122 1488 2312 1519; x_wconf 89' lang='lat' dir='ltr'>animalibus</span> <span class='ocrx_word' id='word_1_850' title='bbox 2343 1489 2490 1519; x_wconf 75' lang='lat' dir='ltr'>existens,</span> 
     </span>
     <span class='ocr_line' id='line_1_101' title="bbox 1421 1530 2492 1572; baseline 0.001 -10"><span class='ocrx_word' id='word_1_851' title='bbox 1421 1530 1485 1562; x_wconf 89' lang='lat' dir='ltr'>Sed</span> <span class='ocrx_word' id='word_1_852' title='bbox 1508 1540 1622 1562; x_wconf 88' lang='lat' dir='ltr'>verum</span> <span class='ocrx_word' id='word_1_853' title='bbox 1646 1537 1693 1562; x_wconf 88' lang='lat' dir='ltr'>est</span> <span class='ocrx_word' id='word_1_854' title='bbox 1717 1531 1807 1572; x_wconf 92' lang='lat' dir='ltr'>quod</span> <span class='ocrx_word' id='word_1_855' title='bbox 1837 1532 1906 1572; x_wconf 90' lang='lat' dir='ltr'>ipsa</span> <span class='ocrx_word' id='word_1_856' title='bbox 1936 1532 2106 1563; x_wconf 87' lang='lat' dir='ltr'>abstractio</span> <span class='ocrx_word' id='word_1_857' title='bbox 2131 1538 2162 1563; x_wconf 88' lang='lat' dir='ltr'>et</span> <span class='ocrx_word' id='word_1_858' title='bbox 2184 1532 2402 1563; x_wconf 90' lang='lat' dir='ltr'>universalitas</span> <span class='ocrx_word' id='word_1_859' title='bbox 2432 1533 2492 1563; x_wconf 89' lang='lat' dir='ltr'>sibi</span> 
     </span>
     <span class='ocr_line' id='line_1_102' title="bbox 1420 1576 2492 1607; baseline 0.001 -1"><span class='ocrx_word' id='word_1_860' title='bbox 1420 1584 1489 1606; x_wconf 92' lang='lat' dir='ltr'>non</span> <span class='ocrx_word' id='word_1_861' title='bbox 1506 1576 1658 1607; x_wconf 91' lang='lat' dir='ltr'>convenit</span> <span class='ocrx_word' id='word_1_862' title='bbox 1673 1576 1735 1606; x_wconf 90' lang='lat' dir='ltr'>nisi</span> <span class='ocrx_word' id='word_1_863' title='bbox 1758 1576 1791 1606; x_wconf 90' lang='lat' dir='ltr'>in</span> <span class='ocrx_word' id='word_1_864' title='bbox 1814 1576 1993 1607; x_wconf 90' lang='lat' dir='ltr'>intellectu:</span> <span class='ocrx_word' id='word_1_865' title='bbox 2010 1586 2079 1607; x_wconf 93' lang='lat' dir='ltr'>non</span> <span class='ocrx_word' id='word_1_866' title='bbox 2094 1577 2257 1607; x_wconf 91' lang='lat' dir='ltr'>invenitur</span> <span class='ocrx_word' id='word_1_867' title='bbox 2272 1577 2359 1607; x_wconf 93' lang='lat' dir='ltr'>enim</span> <span class='ocrx_word' id='word_1_868' title='bbox 2375 1577 2492 1607; x_wconf 86' lang='lat' dir='ltr'>animal</span> 
     </span>
     <span class='ocr_line' id='line_1_103' title="bbox 1422 1620 2492 1662; baseline 0.002 -12"><span class='ocrx_word' id='word_1_869' title='bbox 1422 1629 1599 1651; x_wconf 90' lang='lat' dir='ltr'>commune</span> <span class='ocrx_word' id='word_1_870' title='bbox 1623 1630 1641 1650; x_wconf 91' lang='lat' dir='ltr'>a</span> <span class='ocrx_word' id='word_1_871' title='bbox 1663 1620 1906 1661; x_wconf 84' lang='lat' dir='ltr'>particularibus</span> <span class='ocrx_word' id='word_1_872' title='bbox 1930 1621 2121 1652; x_wconf 91' lang='lat' dir='ltr'>animalibus</span> <span class='ocrx_word' id='word_1_873' title='bbox 2140 1626 2321 1662; x_wconf 90' lang='lat' dir='ltr'>separatum</span> <span class='ocrx_word' id='word_1_874' title='bbox 2335 1622 2370 1652; x_wconf 92' lang='lat' dir='ltr'>in</span> <span class='ocrx_word' id='word_1_875' title='bbox 2385 1631 2492 1652; x_wconf 90' lang='lat' dir='ltr'>rerum</span> 
     </span>
     <span class='ocr_line' id='line_1_104' title="bbox 1421 1663 2493 1706; baseline 0.001 -11"><span class='ocrx_word' id='word_1_876' title='bbox 1421 1669 1544 1701; x_wconf 88' lang='lat' dir='ltr'>natura,</span> <span class='ocrx_word' id='word_1_877' title='bbox 1569 1663 1626 1695; x_wconf 90' lang='lat' dir='ltr'>sed</span> <span class='ocrx_word' id='word_1_878' title='bbox 1648 1665 1731 1696; x_wconf 90' lang='lat' dir='ltr'>bene</span> <span class='ocrx_word' id='word_1_879' title='bbox 1761 1674 1820 1706; x_wconf 93' lang='lat' dir='ltr'>per</span> <span class='ocrx_word' id='word_1_880' title='bbox 1848 1665 2048 1696; x_wconf 90' lang='lat' dir='ltr'>intellectum</span> <span class='ocrx_word' id='word_1_881' title='bbox 2078 1665 2271 1696; x_wconf 90' lang='lat' dir='ltr'>considerari</span> <span class='ocrx_word' id='word_1_882' title='bbox 2300 1671 2408 1706; x_wconf 90' lang='lat' dir='ltr'>potest</span> <span class='ocrx_word' id='word_1_883' title='bbox 2435 1675 2493 1706; x_wconf 91' lang='lat' dir='ltr'>per</span> 
     </span>
     <span class='ocr_line' id='line_1_105' title="bbox 1422 1709 2493 1750; baseline 0 -10"><span class='ocrx_word' id='word_1_884' title='bbox 1422 1709 1670 1740; x_wconf 85' lang='lat' dir='ltr'>abstractionem</span> <span class='ocrx_word' id='word_1_885' title='bbox 1693 1710 1733 1740; x_wconf 88' lang='lat' dir='ltr'>ab</span> <span class='ocrx_word' id='word_1_886' title='bbox 1756 1710 1909 1740; x_wconf 88' lang='lat' dir='ltr'>omnibus</span> <span class='ocrx_word' id='word_1_887' title='bbox 1932 1710 2184 1750; x_wconf 75' lang='lat' dir='ltr'>particularibus.</span> <span class='ocrx_word' id='word_1_888' title='bbox 2215 1710 2276 1741; x_wconf 91' lang='lat' dir='ltr'>Per</span> <span class='ocrx_word' id='word_1_889' title='bbox 2304 1710 2392 1740; x_wconf 93' lang='lat' dir='ltr'>hunc</span> <span class='ocrx_word' id='word_1_890' title='bbox 2416 1719 2493 1750; x_wconf 89' lang='lat' dir='ltr'>ergo</span> 
     </span>
     <span class='ocr_line' id='line_1_106' title="bbox 1422 1753 2492 1794; baseline 0.001 -10"><span class='ocrx_word' id='word_1_891' title='bbox 1422 1753 1560 1785; x_wconf 91' lang='lat' dir='ltr'>modum</span> <span class='ocrx_word' id='word_1_892' title='bbox 1575 1754 1763 1794; x_wconf 87' lang='lat' dir='ltr'>intelligitur</span> <span class='ocrx_word' id='word_1_893' title='bbox 1779 1764 1983 1794; x_wconf 91' lang='lat' dir='ltr'>consequens</span> <span class='ocrx_word' id='word_1_894' title='bbox 2000 1764 2018 1784; x_wconf 94' lang='lat' dir='ltr'>a</span> <span class='ocrx_word' id='word_1_895' title='bbox 2034 1754 2152 1785; x_wconf 91' lang='lat' dir='ltr'>Sancto</span> <span class='ocrx_word' id='word_1_896' title='bbox 2169 1755 2298 1785; x_wconf 90' lang='lat' dir='ltr'>Thoma</span> <span class='ocrx_word' id='word_1_897' title='bbox 2313 1754 2492 1791; x_wconf 88' lang='lat' dir='ltr'>inductum,</span> 
     </span>
     <span class='ocr_line' id='line_1_107' title="bbox 1422 1798 2493 1840; baseline 0 -11"><span class='ocrx_word' id='word_1_898' title='bbox 1422 1799 1513 1829; x_wconf 87' lang='lat' dir='ltr'>Deus</span> <span class='ocrx_word' id='word_1_899' title='bbox 1528 1808 1594 1829; x_wconf 86' lang='lat' dir='ltr'>non</span> <span class='ocrx_word' id='word_1_900' title='bbox 1611 1798 1674 1829; x_wconf 85' lang='lat' dir='ltr'>erit</span> <span class='ocrx_word' id='word_1_901' title='bbox 1696 1799 1807 1840; x_wconf 88' lang='lat' dir='ltr'>aliqua</span> <span class='ocrx_word' id='word_1_902' title='bbox 1824 1808 1876 1829; x_wconf 87' lang='lat' dir='ltr'>res</span> <span class='ocrx_word' id='word_1_903' title='bbox 1892 1799 2032 1830; x_wconf 84' lang='lat' dir='ltr'>existens</span> <span class='ocrx_word' id='word_1_904' title='bbox 2048 1799 2111 1830; x_wconf 89' lang='lat' dir='ltr'>nisi</span> <span class='ocrx_word' id='word_1_905' title='bbox 2126 1809 2209 1840; x_wconf 81' lang='lat' dir='ltr'>quae</span> <span class='ocrx_word' id='word_1_906' title='bbox 2223 1800 2266 1830; x_wconf 85' lang='lat' dir='ltr'>sit</span> <span class='ocrx_word' id='word_1_907' title='bbox 2281 1799 2313 1829; x_wconf 89' lang='lat' dir='ltr'>in</span> <span class='ocrx_word' id='word_1_908' title='bbox 2331 1799 2493 1830; x_wconf 83' lang='lat' dir='ltr'>intellectu</span> 
     </span>
     <span class='ocr_line' id='line_1_108' title="bbox 1423 1842 2495 1884; baseline 0.001 -11"><span class='ocrx_word' id='word_1_909' title='bbox 1423 1847 1560 1880; x_wconf 82' lang='lat' dir='ltr'>tantum,</span> <span class='ocrx_word' id='word_1_910' title='bbox 1576 1842 1671 1874; x_wconf 90' lang='lat' dir='ltr'>idest:</span> <span class='ocrx_word' id='word_1_911' title='bbox 1697 1843 1785 1874; x_wconf 92' lang='lat' dir='ltr'>Deus</span> <span class='ocrx_word' id='word_1_912' title='bbox 1808 1853 1876 1874; x_wconf 93' lang='lat' dir='ltr'>non</span> <span class='ocrx_word' id='word_1_913' title='bbox 1901 1843 1959 1874; x_wconf 91' lang='lat' dir='ltr'>erit</span> <span class='ocrx_word' id='word_1_914' title='bbox 1975 1843 2096 1884; x_wconf 92' lang='lat' dir='ltr'>aliquid</span> <span class='ocrx_word' id='word_1_915' title='bbox 2119 1854 2176 1884; x_wconf 92' lang='lat' dir='ltr'>per</span> <span class='ocrx_word' id='word_1_916' title='bbox 2199 1853 2232 1874; x_wconf 90' lang='lat' dir='ltr'>se</span> <span class='ocrx_word' id='word_1_917' title='bbox 2256 1844 2392 1874; x_wconf 84' lang='lat' dir='ltr'>existens</span> <span class='ocrx_word' id='word_1_918' title='bbox 2408 1849 2495 1874; x_wconf 86' lang='lat' dir='ltr'>extra</span> 
     </span>
     <span class='ocr_line' id='line_1_109' title="bbox 1422 1887 2493 1929; baseline 0.001 -11"><span class='ocrx_word' id='word_1_919' title='bbox 1422 1888 1623 1919; x_wconf 87' lang='lat' dir='ltr'>intellectum</span> <span class='ocrx_word' id='word_1_920' title='bbox 1638 1888 1678 1918; x_wconf 93' lang='lat' dir='ltr'>ab</span> <span class='ocrx_word' id='word_1_921' title='bbox 1691 1888 1843 1919; x_wconf 91' lang='lat' dir='ltr'>omnibus</span> <span class='ocrx_word' id='word_1_922' title='bbox 1859 1887 1927 1919; x_wconf 89' lang='lat' dir='ltr'>aliis</span> <span class='ocrx_word' id='word_1_923' title='bbox 1941 1888 2037 1919; x_wconf 92' lang='lat' dir='ltr'>rebus</span> <span class='ocrx_word' id='word_1_924' title='bbox 2053 1887 2238 1919; x_wconf 89' lang='lat' dir='ltr'>distinctum</span> <span class='ocrx_word' id='word_1_925' title='bbox 2255 1894 2286 1919; x_wconf 92' lang='lat' dir='ltr'>et</span> <span class='ocrx_word' id='word_1_926' title='bbox 2301 1893 2493 1929; x_wconf 88' lang='lat' dir='ltr'>separatum,</span> 
     </span>
     <span class='ocr_line' id='line_1_110' title="bbox 1423 1931 2493 1973; baseline 0 -10"><span class='ocrx_word' id='word_1_927' title='bbox 1423 1931 1479 1964; x_wconf 92' lang='lat' dir='ltr'>sed</span> <span class='ocrx_word' id='word_1_928' title='bbox 1495 1933 1554 1963; x_wconf 91' lang='lat' dir='ltr'>erit</span> <span class='ocrx_word' id='word_1_929' title='bbox 1569 1937 1695 1963; x_wconf 89' lang='lat' dir='ltr'>tantum</span> <span class='ocrx_word' id='word_1_930' title='bbox 1716 1932 1912 1973; x_wconf 86' lang='lat' dir='ltr'>cogitatione</span> <span class='ocrx_word' id='word_1_931' title='bbox 1935 1938 1966 1963; x_wconf 91' lang='lat' dir='ltr'>et</span> <span class='ocrx_word' id='word_1_932' title='bbox 1988 1933 2153 1964; x_wconf 91' lang='lat' dir='ltr'>intellectu</span> <span class='ocrx_word' id='word_1_933' title='bbox 2176 1938 2339 1973; x_wconf 89' lang='lat' dir='ltr'>separatus</span> <span class='ocrx_word' id='word_1_934' title='bbox 2355 1942 2373 1963; x_wconf 91' lang='lat' dir='ltr'>a</span> <span class='ocrx_word' id='word_1_935' title='bbox 2387 1933 2493 1963; x_wconf 88' lang='lat' dir='ltr'>rebus.</span> 
     </span>
    </p>

    <p class='ocr_par' dir='ltr' id='par_1_18' title="bbox 1424 1976 2495 2284">
     <span class='ocr_line' id='line_1_111' title="bbox 1478 1976 2494 2018; baseline 0.001 -11"><span class='ocrx_word' id='word_1_936' title='bbox 1478 1977 1517 2007; x_wconf 94' lang='lat' dir='ltr'>V.</span> <span class='ocrx_word' id='word_1_937' title='bbox 1534 1976 1667 2013; x_wconf 85' lang='lat' dir='ltr'>Quinto.</span> <span class='ocrx_word' id='word_1_938' title='bbox 1681 1977 1770 2007; x_wconf 89' lang='lat' dir='ltr'>Deus</span> <span class='ocrx_word' id='word_1_939' title='bbox 1785 1982 1868 2008; x_wconf 91' lang='lat' dir='ltr'>esset</span> <span class='ocrx_word' id='word_1_940' title='bbox 1882 1977 2038 2008; x_wconf 90' lang='lat' dir='ltr'>terminus</span> <span class='ocrx_word' id='word_1_941' title='bbox 2053 1977 2278 2018; x_wconf 86' lang='lat' dir='ltr'>generationis.</span> <span class='ocrx_word' id='word_1_942' title='bbox 2295 1977 2369 2007; x_wconf 91' lang='lat' dir='ltr'>Hoc</span> <span class='ocrx_word' id='word_1_943' title='bbox 2385 1982 2494 2008; x_wconf 91' lang='lat' dir='ltr'>autem</span> 
     </span>
     <span class='ocr_line' id='line_1_112' title="bbox 1425 2021 2493 2062; baseline -0.001 -10"><span class='ocrx_word' id='word_1_944' title='bbox 1425 2027 1473 2052; x_wconf 88' lang='lat' dir='ltr'>est</span> <span class='ocrx_word' id='word_1_945' title='bbox 1495 2021 1626 2052; x_wconf 87' lang='lat' dir='ltr'>falsum:</span> <span class='ocrx_word' id='word_1_946' title='bbox 1651 2031 1727 2053; x_wconf 87' lang='lat' dir='ltr'>cum</span> <span class='ocrx_word' id='word_1_947' title='bbox 1751 2022 1791 2052; x_wconf 87' lang='lat' dir='ltr'>sit</span> <span class='ocrx_word' id='word_1_948' title='bbox 1813 2026 1971 2052; x_wconf 91' lang='lat' dir='ltr'>aeternus.</span> <span class='ocrx_word' id='word_1_949' title='bbox 1995 2021 2082 2062; x_wconf 91' lang='lat' dir='ltr'>Ergo</span> <span class='ocrx_word' id='word_1_950' title='bbox 2106 2026 2166 2052; x_wconf 90' lang='lat' dir='ltr'>etc.</span> <span class='ocrx_word' id='word_1_951' title='bbox 2190 2040 2213 2044; x_wconf 98' lang='lat'><em>-</em></span> <span class='ocrx_word' id='word_1_952' title='bbox 2235 2021 2392 2052; x_wconf 89' lang='lat' dir='ltr'>Probatur</span> <span class='ocrx_word' id='word_1_953' title='bbox 2414 2031 2493 2052; x_wconf 86' lang='lat' dir='ltr'>con-</span> 
     </span>
     <span class='ocr_line' id='line_1_113' title="bbox 1424 2065 2494 2106; baseline 0 -10"><span class='ocrx_word' id='word_1_954' title='bbox 1424 2066 1601 2106; x_wconf 89' lang='lat' dir='ltr'>sequentia.</span> <span class='ocrx_word' id='word_1_955' title='bbox 1626 2065 1712 2104; x_wconf 88' lang='lat' dir='ltr'>Quia</span> <span class='ocrx_word' id='word_1_956' title='bbox 1735 2066 1898 2106; x_wconf 90' lang='lat' dir='ltr'>generatio</span> <span class='ocrx_word' id='word_1_957' title='bbox 1922 2075 1980 2106; x_wconf 90' lang='lat' dir='ltr'>per</span> <span class='ocrx_word' id='word_1_958' title='bbox 2002 2075 2036 2096; x_wconf 92' lang='lat' dir='ltr'>se</span> <span class='ocrx_word' id='word_1_959' title='bbox 2060 2071 2107 2096; x_wconf 89' lang='lat' dir='ltr'>est</span> <span class='ocrx_word' id='word_1_960' title='bbox 2129 2066 2180 2096; x_wconf 94' lang='lat' dir='ltr'>via</span> <span class='ocrx_word' id='word_1_961' title='bbox 2202 2066 2236 2096; x_wconf 95' lang='lat' dir='ltr'>in</span> <span class='ocrx_word' id='word_1_962' title='bbox 2260 2075 2338 2103; x_wconf 90' lang='lat' dir='ltr'>esse,</span> <span class='ocrx_word' id='word_1_963' title='bbox 2363 2071 2395 2096; x_wconf 91' lang='lat' dir='ltr'>et</span> <span class='ocrx_word' id='word_1_964' title='bbox 2423 2075 2494 2096; x_wconf 94' lang='lat' dir='ltr'>cor-</span> 
     </span>
     <span class='ocr_line' id='line_1_114' title="bbox 1424 2109 2494 2151; baseline -0.001 -9"><span class='ocrx_word' id='word_1_965' title='bbox 1424 2111 1533 2151; x_wconf 89' lang='lat' dir='ltr'>ruptio</span> <span class='ocrx_word' id='word_1_966' title='bbox 1556 2111 1607 2140; x_wconf 86' lang='lat' dir='ltr'>via</span> <span class='ocrx_word' id='word_1_967' title='bbox 1638 2111 1672 2141; x_wconf 92' lang='lat' dir='ltr'>in</span> <span class='ocrx_word' id='word_1_968' title='bbox 1701 2120 1769 2141; x_wconf 92' lang='lat' dir='ltr'>non</span> <span class='ocrx_word' id='word_1_969' title='bbox 1800 2120 1882 2141; x_wconf 91' lang='lat' dir='ltr'>esse:</span> <span class='ocrx_word' id='word_1_970' title='bbox 1914 2109 2018 2141; x_wconf 87' lang='lat' dir='ltr'>forma</span> <span class='ocrx_word' id='word_1_971' title='bbox 2048 2111 2135 2141; x_wconf 88' lang='lat' dir='ltr'>enim</span> <span class='ocrx_word' id='word_1_972' title='bbox 2164 2120 2232 2141; x_wconf 90' lang='lat' dir='ltr'>non</span> <span class='ocrx_word' id='word_1_973' title='bbox 2263 2116 2310 2141; x_wconf 89' lang='lat' dir='ltr'>est</span> <span class='ocrx_word' id='word_1_974' title='bbox 2338 2110 2494 2141; x_wconf 80' lang='lat' dir='ltr'>terminus</span> 
     </span>
     <span class='ocr_line' id='line_1_115' title="bbox 1424 2155 2493 2196; baseline -0.001 -10"><span class='ocrx_word' id='word_1_975' title='bbox 1424 2155 1651 2196; x_wconf 87' lang='lat' dir='ltr'>generationis,</span> <span class='ocrx_word' id='word_1_976' title='bbox 1674 2164 1736 2186; x_wconf 92' lang='lat' dir='ltr'>nec</span> <span class='ocrx_word' id='word_1_977' title='bbox 1758 2155 1895 2195; x_wconf 85' lang='lat' dir='ltr'>privatio</span> <span class='ocrx_word' id='word_1_978' title='bbox 1920 2155 2146 2195; x_wconf 91' lang='lat' dir='ltr'>corruptionis,</span> <span class='ocrx_word' id='word_1_979' title='bbox 2169 2155 2231 2185; x_wconf 91' lang='lat' dir='ltr'>nisi</span> <span class='ocrx_word' id='word_1_980' title='bbox 2253 2155 2329 2196; x_wconf 88' lang='lat' dir='ltr'>quia</span> <span class='ocrx_word' id='word_1_981' title='bbox 2357 2155 2493 2195; x_wconf 88' lang='lat' dir='ltr'>privatio</span> 
     </span>
     <span class='ocr_line' id='line_1_116' title="bbox 1426 2198 2495 2236; baseline -0.001 -6"><span class='ocrx_word' id='word_1_982' title='bbox 1426 2199 1501 2230; x_wconf 86' lang='lat' dir='ltr'>facit</span> <span class='ocrx_word' id='word_1_983' title='bbox 1523 2209 1592 2230; x_wconf 93' lang='lat' dir='ltr'>non</span> <span class='ocrx_word' id='word_1_984' title='bbox 1617 2209 1684 2230; x_wconf 87' lang='lat' dir='ltr'>esse</span> <span class='ocrx_word' id='word_1_985' title='bbox 1709 2205 1740 2230; x_wconf 91' lang='lat' dir='ltr'>et</span> <span class='ocrx_word' id='word_1_986' title='bbox 1763 2198 1867 2230; x_wconf 91' lang='lat' dir='ltr'>forma</span> <span class='ocrx_word' id='word_1_987' title='bbox 1891 2209 1969 2230; x_wconf 91' lang='lat' dir='ltr'>esse.</span> <span class='ocrx_word' id='word_1_988' title='bbox 1994 2199 2098 2236; x_wconf 92' lang='lat' dir='ltr'>Unde,</span> <span class='ocrx_word' id='word_1_989' title='bbox 2123 2200 2149 2230; x_wconf 91' lang='lat' dir='ltr'>si</span> <span class='ocrx_word' id='word_1_990' title='bbox 2172 2198 2276 2229; x_wconf 88' lang='lat' dir='ltr'>forma</span> <span class='ocrx_word' id='word_1_991' title='bbox 2294 2208 2363 2230; x_wconf 93' lang='lat' dir='ltr'>non</span> <span class='ocrx_word' id='word_1_992' title='bbox 2378 2198 2495 2230; x_wconf 90' lang='lat' dir='ltr'>faceret</span> 
     </span>
     <span class='ocr_line' id='line_1_117' title="bbox 1427 2242 2494 2284; baseline -0.002 -9"><span class='ocrx_word' id='word_1_993' title='bbox 1427 2253 1506 2280; x_wconf 92' lang='lat' dir='ltr'>esse,</span> <span class='ocrx_word' id='word_1_994' title='bbox 1522 2253 1591 2275; x_wconf 90' lang='lat' dir='ltr'>non</span> <span class='ocrx_word' id='word_1_995' title='bbox 1607 2243 1765 2275; x_wconf 89' lang='lat' dir='ltr'>diceretur</span> <span class='ocrx_word' id='word_1_996' title='bbox 1779 2244 1924 2284; x_wconf 90' lang='lat' dir='ltr'>generari</span> <span class='ocrx_word' id='word_1_997' title='bbox 1940 2243 2030 2284; x_wconf 90' lang='lat' dir='ltr'>quod</span> <span class='ocrx_word' id='word_1_998' title='bbox 2045 2244 2142 2274; x_wconf 89' lang='lat' dir='ltr'>talem</span> <span class='ocrx_word' id='word_1_999' title='bbox 2165 2242 2303 2274; x_wconf 87' lang='lat' dir='ltr'>formam</span> <span class='ocrx_word' id='word_1_1000' title='bbox 2327 2244 2494 2284; x_wconf 88' lang='lat' dir='ltr'>acciperet.</span> 
     </span>
    </p>

    <p class='ocr_par' dir='ltr' id='par_1_19' title="bbox 1427 2287 2497 2773">
     <span class='ocr_line' id='line_1_118' title="bbox 1482 2287 2496 2329; baseline -0.001 -10"><span class='ocrx_word' id='word_1_1001' title='bbox 1482 2288 1545 2319; x_wconf 93' lang='lat' dir='ltr'>Pro</span> <span class='ocrx_word' id='word_1_1002' title='bbox 1568 2289 1683 2319; x_wconf 85' lang='lat' dir='ltr'>notitia</span> <span class='ocrx_word' id='word_1_1003' title='bbox 1706 2297 1821 2319; x_wconf 92' lang='lat' dir='ltr'>eorum</span> <span class='ocrx_word' id='word_1_1004' title='bbox 1852 2297 1936 2329; x_wconf 92' lang='lat' dir='ltr'>quae</span> <span class='ocrx_word' id='word_1_1005' title='bbox 1966 2288 2018 2318; x_wconf 88' lang='lat' dir='ltr'>hic</span> <span class='ocrx_word' id='word_1_1006' title='bbox 2042 2287 2202 2324; x_wconf 91' lang='lat' dir='ltr'>dicuntur,</span> <span class='ocrx_word' id='word_1_1007' title='bbox 2227 2287 2496 2318; x_wconf 90' lang='lat' dir='ltr'>considerandum</span> 
     </span>
     <span class='ocr_line' id='line_1_119' title="bbox 1428 2331 2497 2374; baseline -0.002 -10"><span class='ocrx_word' id='word_1_1008' title='bbox 1428 2338 1475 2364; x_wconf 91' lang='lat' dir='ltr'>est</span> <span class='ocrx_word' id='word_1_1009' title='bbox 1498 2332 1589 2374; x_wconf 92' lang='lat' dir='ltr'>quod</span> <span class='ocrx_word' id='word_1_1010' title='bbox 1619 2338 1651 2363; x_wconf 95' lang='lat' dir='ltr'>et</span> <span class='ocrx_word' id='word_1_1011' title='bbox 1682 2333 1901 2373; x_wconf 89' lang='lat' dir='ltr'>compositum</span> <span class='ocrx_word' id='word_1_1012' title='bbox 1933 2338 1964 2363; x_wconf 90' lang='lat' dir='ltr'>et</span> <span class='ocrx_word' id='word_1_1013' title='bbox 1993 2331 2097 2363; x_wconf 89' lang='lat' dir='ltr'>forma</span> <span class='ocrx_word' id='word_1_1014' title='bbox 2121 2338 2152 2363; x_wconf 93' lang='lat' dir='ltr'>et</span> <span class='ocrx_word' id='word_1_1015' title='bbox 2175 2342 2244 2363; x_wconf 89' lang='lat' dir='ltr'>esse</span> <span class='ocrx_word' id='word_1_1016' title='bbox 2272 2338 2347 2363; x_wconf 91' lang='lat' dir='ltr'>sunt</span> <span class='ocrx_word' id='word_1_1017' title='bbox 2369 2332 2497 2363; x_wconf 91' lang='lat' dir='ltr'>termini</span> 
     </span>
     <span class='ocr_line' id='line_1_120' title="bbox 1427 2376 2497 2419; baseline -0.002 -11"><span class='ocrx_word' id='word_1_1018' title='bbox 1427 2378 1653 2419; x_wconf 85' lang='lat' dir='ltr'>generationis,</span> <span class='ocrx_word' id='word_1_1019' title='bbox 1677 2377 1733 2408; x_wconf 92' lang='lat' dir='ltr'>sed</span> <span class='ocrx_word' id='word_1_1020' title='bbox 1757 2376 1985 2408; x_wconf 88' lang='lat' dir='ltr'>diversimode:</span> <span class='ocrx_word' id='word_1_1021' title='bbox 2011 2377 2231 2418; x_wconf 90' lang='lat' dir='ltr'>compositum</span> <span class='ocrx_word' id='word_1_1022' title='bbox 2255 2377 2342 2407; x_wconf 92' lang='lat' dir='ltr'>enim</span> <span class='ocrx_word' id='word_1_1023' title='bbox 2366 2382 2412 2407; x_wconf 89' lang='lat' dir='ltr'>est</span> <span class='ocrx_word' id='word_1_1024' title='bbox 2434 2382 2497 2407; x_wconf 90' lang='lat' dir='ltr'>ter-</span> 
     </span>
     <span class='ocr_line' id='line_1_121' title="bbox 1427 2420 2497 2462; baseline -0.001 -10"><span class='ocrx_word' id='word_1_1025' title='bbox 1427 2423 1536 2453; x_wconf 87' lang='lat' dir='ltr'>minus</span> <span class='ocrx_word' id='word_1_1026' title='bbox 1558 2428 1714 2462; x_wconf 89' lang='lat' dir='ltr'>tanquam</span> <span class='ocrx_word' id='word_1_1027' title='bbox 1729 2421 1762 2452; x_wconf 92' lang='lat' dir='ltr'>id</span> <span class='ocrx_word' id='word_1_1028' title='bbox 1778 2421 1869 2462; x_wconf 92' lang='lat' dir='ltr'>quod</span> <span class='ocrx_word' id='word_1_1029' title='bbox 1891 2427 2060 2462; x_wconf 88' lang='lat' dir='ltr'>generatur</span> <span class='ocrx_word' id='word_1_1030' title='bbox 2074 2422 2180 2462; x_wconf 90' lang='lat' dir='ltr'>primo</span> <span class='ocrx_word' id='word_1_1031' title='bbox 2198 2427 2229 2452; x_wconf 91' lang='lat' dir='ltr'>et</span> <span class='ocrx_word' id='word_1_1032' title='bbox 2243 2431 2302 2462; x_wconf 91' lang='lat' dir='ltr'>per</span> <span class='ocrx_word' id='word_1_1033' title='bbox 2321 2431 2370 2458; x_wconf 86' lang='lat' dir='ltr'>se;</span> <span class='ocrx_word' id='word_1_1034' title='bbox 2393 2420 2497 2451; x_wconf 87' lang='lat' dir='ltr'>forma</span> 
     </span>
     <span class='ocr_line' id='line_1_122' title="bbox 1428 2465 2496 2507; baseline -0.003 -9"><span class='ocrx_word' id='word_1_1035' title='bbox 1428 2472 1583 2507; x_wconf 91' lang='lat' dir='ltr'>tanquam</span> <span class='ocrx_word' id='word_1_1036' title='bbox 1607 2466 1886 2507; x_wconf 91' lang='lat' dir='ltr'>complementum</span> <span class='ocrx_word' id='word_1_1037' title='bbox 1909 2466 2063 2497; x_wconf 88' lang='lat' dir='ltr'>essentiae</span> <span class='ocrx_word' id='word_1_1038' title='bbox 2094 2466 2162 2496; x_wconf 89' lang='lat' dir='ltr'>eius</span> <span class='ocrx_word' id='word_1_1039' title='bbox 2192 2465 2281 2506; x_wconf 91' lang='lat' dir='ltr'>quod</span> <span class='ocrx_word' id='word_1_1040' title='bbox 2311 2471 2496 2506; x_wconf 62' lang='lat' dir='ltr'>generatum</span> 
     </span>
     <span class='ocr_line' id='line_1_123' title="bbox 1429 2510 2497 2552; baseline -0.002 -10"><span class='ocrx_word' id='word_1_1041' title='bbox 1429 2521 1498 2542; x_wconf 86' lang='lat' dir='ltr'>esse</span> <span class='ocrx_word' id='word_1_1042' title='bbox 1521 2521 1598 2542; x_wconf 91' lang='lat' dir='ltr'>vero</span> <span class='ocrx_word' id='word_1_1043' title='bbox 1622 2517 1774 2552; x_wconf 91' lang='lat' dir='ltr'>tanquam</span> <span class='ocrx_word' id='word_1_1044' title='bbox 1799 2511 1913 2541; x_wconf 88' lang='lat' dir='ltr'>ultima</span> <span class='ocrx_word' id='word_1_1045' title='bbox 1936 2511 2099 2541; x_wconf 91' lang='lat' dir='ltr'>actualitas</span> <span class='ocrx_word' id='word_1_1046' title='bbox 2123 2511 2202 2541; x_wconf 90' lang='lat' dir='ltr'>eius.</span> <span class='ocrx_word' id='word_1_1047' title='bbox 2227 2510 2312 2548; x_wconf 92' lang='lat' dir='ltr'>Quia</span> <span class='ocrx_word' id='word_1_1048' title='bbox 2336 2519 2412 2550; x_wconf 89' lang='lat' dir='ltr'>ergo</span> <span class='ocrx_word' id='word_1_1049' title='bbox 2429 2519 2497 2540; x_wconf 90' lang='lat' dir='ltr'>esse</span> 
     </span>
     <span class='ocr_line' id='line_1_124' title="bbox 1430 2554 2497 2596; baseline -0.003 -9"><span class='ocrx_word' id='word_1_1050' title='bbox 1430 2562 1478 2587; x_wconf 90' lang='lat' dir='ltr'>est</span> <span class='ocrx_word' id='word_1_1051' title='bbox 1499 2555 1643 2587; x_wconf 89' lang='lat' dir='ltr'>formalis</span> <span class='ocrx_word' id='word_1_1052' title='bbox 1665 2555 1821 2586; x_wconf 89' lang='lat' dir='ltr'>terminus</span> <span class='ocrx_word' id='word_1_1053' title='bbox 1843 2555 2068 2596; x_wconf 89' lang='lat' dir='ltr'>generationis,</span> <span class='ocrx_word' id='word_1_1054' title='bbox 2092 2565 2160 2585; x_wconf 92' lang='lat' dir='ltr'>non</span> <span class='ocrx_word' id='word_1_1055' title='bbox 2183 2560 2337 2595; x_wconf 90' lang='lat' dir='ltr'>tanquam</span> <span class='ocrx_word' id='word_1_1056' title='bbox 2353 2554 2497 2595; x_wconf 87' lang='lat' dir='ltr'>comple-</span> 
     </span>
     <span class='ocr_line' id='line_1_125' title="bbox 1429 2599 2497 2640; baseline -0.002 -9"><span class='ocrx_word' id='word_1_1057' title='bbox 1429 2606 1577 2631; x_wconf 89' lang='lat' dir='ltr'>mentum</span> <span class='ocrx_word' id='word_1_1058' title='bbox 1601 2600 1756 2630; x_wconf 88' lang='lat' dir='ltr'>essentiae</span> <span class='ocrx_word' id='word_1_1059' title='bbox 1780 2600 1844 2630; x_wconf 89' lang='lat' dir='ltr'>alio</span> <span class='ocrx_word' id='word_1_1060' title='bbox 1863 2605 1937 2630; x_wconf 91' lang='lat' dir='ltr'>actu</span> <span class='ocrx_word' id='word_1_1061' title='bbox 1953 2604 2127 2636; x_wconf 89' lang='lat' dir='ltr'>actuatum,</span> <span class='ocrx_word' id='word_1_1062' title='bbox 2145 2599 2201 2629; x_wconf 92' lang='lat' dir='ltr'>sed</span> <span class='ocrx_word' id='word_1_1063' title='bbox 2216 2605 2370 2640; x_wconf 88' lang='lat' dir='ltr'>tanquam</span> <span class='ocrx_word' id='word_1_1064' title='bbox 2385 2599 2497 2629; x_wconf 89' lang='lat' dir='ltr'>ultima</span> 
     </span>
     <span class='ocr_line' id='line_1_126' title="bbox 1429 2642 2495 2684; baseline -0.002 -9"><span class='ocrx_word' id='word_1_1065' title='bbox 1429 2645 1594 2676; x_wconf 89' lang='lat' dir='ltr'>actualitas</span> <span class='ocrx_word' id='word_1_1066' title='bbox 1618 2645 1686 2674; x_wconf 88' lang='lat' dir='ltr'>eius</span> <span class='ocrx_word' id='word_1_1067' title='bbox 1710 2643 1800 2684; x_wconf 91' lang='lat' dir='ltr'>quod</span> <span class='ocrx_word' id='word_1_1068' title='bbox 1822 2643 1859 2674; x_wconf 92' lang='lat' dir='ltr'>fit</span> <span class='ocrx_word' id='word_1_1069' title='bbox 1881 2644 2014 2674; x_wconf 90' lang='lat' dir='ltr'>ulterius</span> <span class='ocrx_word' id='word_1_1070' title='bbox 2029 2653 2097 2674; x_wconf 90' lang='lat' dir='ltr'>non</span> <span class='ocrx_word' id='word_1_1071' title='bbox 2115 2643 2290 2679; x_wconf 89' lang='lat' dir='ltr'>actuabilis,</span> <span class='ocrx_word' id='word_1_1072' title='bbox 2306 2642 2380 2673; x_wconf 91' lang='lat' dir='ltr'>ideo</span> <span class='ocrx_word' id='word_1_1073' title='bbox 2401 2653 2495 2684; x_wconf 88' lang='lat' dir='ltr'>gene-</span> 
     </span>
     <span class='ocr_line' id='line_1_127' title="bbox 1428 2687 2497 2728; baseline -0.002 -9"><span class='ocrx_word' id='word_1_1074' title='bbox 1428 2690 1509 2720; x_wconf 91' lang='lat' dir='ltr'>ratio</span> <span class='ocrx_word' id='word_1_1075' title='bbox 1533 2688 1649 2719; x_wconf 90' lang='lat' dir='ltr'>dicitur</span> <span class='ocrx_word' id='word_1_1076' title='bbox 1670 2688 1722 2718; x_wconf 90' lang='lat' dir='ltr'>via</span> <span class='ocrx_word' id='word_1_1077' title='bbox 1745 2687 1785 2718; x_wconf 92' lang='lat' dir='ltr'>ad</span> <span class='ocrx_word' id='word_1_1078' title='bbox 1809 2697 1891 2718; x_wconf 87' lang='lat' dir='ltr'>esse:</span> <span class='ocrx_word' id='word_1_1079' title='bbox 1915 2688 1966 2718; x_wconf 89' lang='lat' dir='ltr'>via</span> <span class='ocrx_word' id='word_1_1080' title='bbox 1990 2688 2076 2718; x_wconf 84' lang='lat' dir='ltr'>enim</span> <span class='ocrx_word' id='word_1_1081' title='bbox 2103 2687 2231 2728; x_wconf 90' lang='lat' dir='ltr'>respicit</span> <span class='ocrx_word' id='word_1_1082' title='bbox 2261 2687 2412 2718; x_wconf 90' lang='lat' dir='ltr'>ultimum</span> <span class='ocrx_word' id='word_1_1083' title='bbox 2435 2693 2497 2717; x_wconf 90' lang='lat' dir='ltr'>ter-</span> 
     </span>
     <span class='ocr_line' id='line_1_128' title="bbox 1429 2731 2329 2773; baseline -0.002 -9"><span class='ocrx_word' id='word_1_1084' title='bbox 1429 2734 1556 2764; x_wconf 89' lang='lat' dir='ltr'>minum</span> <span class='ocrx_word' id='word_1_1085' title='bbox 1579 2742 1638 2773; x_wconf 92' lang='lat' dir='ltr'>per</span> <span class='ocrx_word' id='word_1_1086' title='bbox 1660 2742 1704 2769; x_wconf 91' lang='lat' dir='ltr'>se,</span> <span class='ocrx_word' id='word_1_1087' title='bbox 1729 2737 1761 2763; x_wconf 93' lang='lat' dir='ltr'>et</span> <span class='ocrx_word' id='word_1_1088' title='bbox 1783 2733 1822 2762; x_wconf 93' lang='lat' dir='ltr'>ab</span> <span class='ocrx_word' id='word_1_1089' title='bbox 1847 2741 1887 2762; x_wconf 91' lang='lat' dir='ltr'>eo</span> <span class='ocrx_word' id='word_1_1090' title='bbox 1911 2731 2211 2762; x_wconf 89' lang='lat' dir='ltr'>determinationem</span> <span class='ocrx_word' id='word_1_1091' title='bbox 2235 2732 2329 2772; x_wconf 84' lang='lat' dir='ltr'>capit.</span> 
     </span>
    </p>

    <p class='ocr_par' dir='ltr' id='par_1_20' title="bbox 1429 2775 2498 3086">
     <span class='ocr_line' id='line_1_129' title="bbox 1488 2775 2497 2808; baseline -0.002 0"><span class='ocrx_word' id='word_1_1092' title='bbox 1488 2787 1517 2808; x_wconf 92' lang='lat'>2.</span> <span class='ocrx_word' id='word_1_1093' title='bbox 1532 2776 1596 2808; x_wconf 91' lang='lat' dir='ltr'>Sed</span> <span class='ocrx_word' id='word_1_1094' title='bbox 1608 2777 1690 2807; x_wconf 92' lang='lat' dir='ltr'>circa</span> <span class='ocrx_word' id='word_1_1095' title='bbox 1703 2777 1786 2807; x_wconf 91' lang='lat' dir='ltr'>hanc</span> <span class='ocrx_word' id='word_1_1096' title='bbox 1797 2777 1956 2807; x_wconf 91' lang='lat' dir='ltr'>rationem</span> <span class='ocrx_word' id='word_1_1097' title='bbox 1968 2775 2034 2807; x_wconf 96' lang='lat' dir='ltr'>duo</span> <span class='ocrx_word' id='word_1_1098' title='bbox 2047 2781 2222 2807; x_wconf 88' lang='lat' dir='ltr'>occurrunt</span> <span class='ocrx_word' id='word_1_1099' title='bbox 2233 2775 2339 2806; x_wconf 91' lang='lat' dir='ltr'>dubia.</span> <span class='ocrx_word' id='word_1_1100' title='bbox 2352 2775 2497 2806; x_wconf 90' lang='lat' dir='ltr'>Primum</span> 
     </span>
     <span class='ocr_line' id='line_1_130' title="bbox 1430 2819 2498 2862; baseline -0.002 -10"><span class='ocrx_word' id='word_1_1101' title='bbox 1430 2827 1486 2858; x_wconf 91' lang='lat' dir='ltr'>est,</span> <span class='ocrx_word' id='word_1_1102' title='bbox 1511 2822 1587 2862; x_wconf 89' lang='lat' dir='ltr'>quia</span> <span class='ocrx_word' id='word_1_1103' title='bbox 1609 2831 1679 2852; x_wconf 91' lang='lat' dir='ltr'>non</span> <span class='ocrx_word' id='word_1_1104' title='bbox 1701 2820 1827 2852; x_wconf 89' lang='lat' dir='ltr'>videtur</span> <span class='ocrx_word' id='word_1_1105' title='bbox 1849 2821 2081 2851; x_wconf 89' lang='lat' dir='ltr'>inconveniens</span> <span class='ocrx_word' id='word_1_1106' title='bbox 2104 2820 2194 2861; x_wconf 93' lang='lat' dir='ltr'>quod</span> <span class='ocrx_word' id='word_1_1107' title='bbox 2210 2829 2278 2851; x_wconf 91' lang='lat' dir='ltr'>esse</span> <span class='ocrx_word' id='word_1_1108' title='bbox 2297 2819 2441 2850; x_wconf 87' lang='lat' dir='ltr'>divinum</span> <span class='ocrx_word' id='word_1_1109' title='bbox 2458 2820 2498 2850; x_wconf 90' lang='lat' dir='ltr'>sit</span> 
     </span>
     <span class='ocr_line' id='line_1_131' title="bbox 1429 2864 2498 2906; baseline -0.003 -9"><span class='ocrx_word' id='word_1_1110' title='bbox 1429 2867 1585 2897; x_wconf 90' lang='lat' dir='ltr'>terminus</span> <span class='ocrx_word' id='word_1_1111' title='bbox 1607 2866 1832 2906; x_wconf 87' lang='lat' dir='ltr'>generationis.</span> <span class='ocrx_word' id='word_1_1112' title='bbox 1865 2864 2010 2896; x_wconf 88' lang='lat' dir='ltr'>Christus</span> <span class='ocrx_word' id='word_1_1113' title='bbox 2041 2866 2128 2896; x_wconf 88' lang='lat' dir='ltr'>enim</span> <span class='ocrx_word' id='word_1_1114' title='bbox 2151 2874 2224 2895; x_wconf 90' lang='lat' dir='ltr'>vere</span> <span class='ocrx_word' id='word_1_1115' title='bbox 2246 2864 2372 2904; x_wconf 87' lang='lat' dir='ltr'>genitus</span> <span class='ocrx_word' id='word_1_1116' title='bbox 2396 2870 2443 2894; x_wconf 91' lang='lat' dir='ltr'>est</span> <span class='ocrx_word' id='word_1_1117' title='bbox 2466 2869 2498 2894; x_wconf 93' lang='lat' dir='ltr'>et</span> 
     </span>
     <span class='ocr_line' id='line_1_132' title="bbox 1429 2908 2497 2951; baseline -0.002 -10"><span class='ocrx_word' id='word_1_1118' title='bbox 1429 2920 1504 2942; x_wconf 91' lang='lat' dir='ltr'>vere</span> <span class='ocrx_word' id='word_1_1119' title='bbox 1527 2910 1623 2947; x_wconf 87' lang='lat' dir='ltr'>filius,</span> <span class='ocrx_word' id='word_1_1120' title='bbox 1647 2916 1679 2941; x_wconf 86' lang='lat' dir='ltr'>et</span> <span class='ocrx_word' id='word_1_1121' title='bbox 1702 2920 1759 2941; x_wconf 93' lang='lat' dir='ltr'>sua</span> <span class='ocrx_word' id='word_1_1122' title='bbox 1781 2910 1945 2951; x_wconf 89' lang='lat' dir='ltr'>generatio</span> <span class='ocrx_word' id='word_1_1123' title='bbox 1970 2909 2010 2940; x_wconf 94' lang='lat' dir='ltr'>ad</span> <span class='ocrx_word' id='word_1_1124' title='bbox 2032 2909 2159 2941; x_wconf 90' lang='lat' dir='ltr'>nullum</span> <span class='ocrx_word' id='word_1_1125' title='bbox 2182 2908 2268 2939; x_wconf 91' lang='lat' dir='ltr'>aliud</span> <span class='ocrx_word' id='word_1_1126' title='bbox 2295 2918 2363 2939; x_wconf 90' lang='lat' dir='ltr'>esse</span> <span class='ocrx_word' id='word_1_1127' title='bbox 2389 2908 2497 2939; x_wconf 89' lang='lat' dir='ltr'>termi-</span> 
     </span>
     <span class='ocr_line' id='line_1_133' title="bbox 1430 2954 2498 2996; baseline -0.003 -10"><span class='ocrx_word' id='word_1_1128' title='bbox 1430 2962 1525 2987; x_wconf 90' lang='lat' dir='ltr'>natur</span> <span class='ocrx_word' id='word_1_1129' title='bbox 1541 2964 1639 2996; x_wconf 90' lang='lat' dir='ltr'>quam</span> <span class='ocrx_word' id='word_1_1130' title='bbox 1657 2954 1696 2985; x_wconf 88' lang='lat' dir='ltr'>ad</span> <span class='ocrx_word' id='word_1_1131' title='bbox 1712 2964 1781 2985; x_wconf 90' lang='lat' dir='ltr'>esse</span> <span class='ocrx_word' id='word_1_1132' title='bbox 1797 2954 1956 2985; x_wconf 84' lang='lat' dir='ltr'>divinum:</span> <span class='ocrx_word' id='word_1_1133' title='bbox 1975 2963 2051 2985; x_wconf 89' lang='lat' dir='ltr'>cum</span> <span class='ocrx_word' id='word_1_1134' title='bbox 2066 2954 2100 2984; x_wconf 93' lang='lat' dir='ltr'>in</span> <span class='ocrx_word' id='word_1_1135' title='bbox 2115 2955 2186 2994; x_wconf 92' lang='lat' dir='ltr'>ipso</span> <span class='ocrx_word' id='word_1_1136' title='bbox 2200 2954 2239 2984; x_wconf 89' lang='lat' dir='ltr'>sit</span> <span class='ocrx_word' id='word_1_1137' title='bbox 2254 2958 2379 2984; x_wconf 90' lang='lat' dir='ltr'>tantum</span> <span class='ocrx_word' id='word_1_1138' title='bbox 2394 2962 2498 2984; x_wconf 91' lang='lat' dir='ltr'>unum</span> 
     </span>
     <span class='ocr_line' id='line_1_134' title="bbox 1431 2997 2496 3036; baseline -0.003 -5"><span class='ocrx_word' id='word_1_1139' title='bbox 1431 3010 1500 3031; x_wconf 90' lang='lat' dir='ltr'>esse</span> <span class='ocrx_word' id='word_1_1140' title='bbox 1523 2999 1740 3036; x_wconf 86' lang='lat' dir='ltr'>substantiale,</span> <span class='ocrx_word' id='word_1_1141' title='bbox 1764 2998 1944 3030; x_wconf 91' lang='lat' dir='ltr'>secundum</span> <span class='ocrx_word' id='word_1_1142' title='bbox 1968 2998 2146 3029; x_wconf 92' lang='lat' dir='ltr'>doctrinam</span> <span class='ocrx_word' id='word_1_1143' title='bbox 2171 2998 2278 3029; x_wconf 91' lang='lat' dir='ltr'>Sancti</span> <span class='ocrx_word' id='word_1_1144' title='bbox 2301 2997 2449 3028; x_wconf 91' lang='lat' dir='ltr'>Thomae</span> <span class='ocrx_word' id='word_1_1145' title='bbox 2469 2998 2496 3028; x_wconf 48' lang='grc' dir='ltr'>ἦ</span> 
     </span>
     <span class='ocr_line' id='line_1_135' title="bbox 1430 3043 2276 3086; baseline -0.005 -10"><span class='ocrx_word' id='word_1_1146' title='bbox 1430 3045 1517 3086; x_wconf 88' lang='lat' dir='ltr'>Ergo</span> <span class='ocrx_word' id='word_1_1147' title='bbox 1542 3053 1611 3075; x_wconf 93' lang='lat' dir='ltr'>esse</span> <span class='ocrx_word' id='word_1_1148' title='bbox 1634 3043 1779 3074; x_wconf 88' lang='lat' dir='ltr'>divinum</span> <span class='ocrx_word' id='word_1_1149' title='bbox 1803 3049 1850 3074; x_wconf 89' lang='lat' dir='ltr'>est</span> <span class='ocrx_word' id='word_1_1150' title='bbox 1873 3043 2029 3074; x_wconf 90' lang='lat' dir='ltr'>terminus</span> <span class='ocrx_word' id='word_1_1151' title='bbox 2051 3043 2276 3083; x_wconf 89' lang='lat' dir='ltr'>generationis.</span> 
     </span>
    </p>

    <p class='ocr_par' dir='ltr' id='par_1_21' title="bbox 1430 3086 2499 3298">
     <span class='ocr_line' id='line_1_136' title="bbox 1487 3086 2497 3128; baseline -0.004 -8"><span class='ocrx_word' id='word_1_1152' title='bbox 1487 3088 1674 3120; x_wconf 90' lang='lat' dir='ltr'>Secundum</span> <span class='ocrx_word' id='word_1_1153' title='bbox 1691 3094 1747 3124; x_wconf 83' lang='lat' dir='ltr'>est,</span> <span class='ocrx_word' id='word_1_1154' title='bbox 1761 3088 1836 3128; x_wconf 93' lang='lat' dir='ltr'>quia</span> <span class='ocrx_word' id='word_1_1155' title='bbox 1851 3097 1920 3118; x_wconf 90' lang='lat' dir='ltr'>non</span> <span class='ocrx_word' id='word_1_1156' title='bbox 1931 3087 2057 3118; x_wconf 91' lang='lat' dir='ltr'>videtur</span> <span class='ocrx_word' id='word_1_1157' title='bbox 2068 3087 2172 3118; x_wconf 91' lang='lat' dir='ltr'>valere</span> <span class='ocrx_word' id='word_1_1158' title='bbox 2186 3087 2244 3117; x_wconf 90' lang='lat' dir='ltr'>ista</span> <span class='ocrx_word' id='word_1_1159' title='bbox 2257 3086 2497 3127; x_wconf 90' lang='lat' dir='ltr'>consequentia,</span> 
     </span>
     <span class='ocr_line' id='line_1_137' title="bbox 1430 3130 2497 3174; baseline -0.004 -10"><span class='ocrx_word' id='word_1_1160' title='bbox 1430 3134 1521 3164; x_wconf 88' lang='lat' dir='ltr'>Deus</span> <span class='ocrx_word' id='word_1_1161' title='bbox 1544 3139 1591 3164; x_wconf 89' lang='lat' dir='ltr'>est</span> <span class='ocrx_word' id='word_1_1162' title='bbox 1612 3138 1774 3169; x_wconf 87' lang='lat' dir='ltr'>aeternus,</span> <span class='ocrx_word' id='word_1_1163' title='bbox 1798 3132 1892 3174; x_wconf 81' lang='lat' dir='ltr'>Ergo</span> <span class='ocrx_word' id='word_1_1164' title='bbox 1917 3141 1982 3162; x_wconf 88' lang='lat' dir='ltr'>non</span> <span class='ocrx_word' id='word_1_1165' title='bbox 2007 3137 2054 3162; x_wconf 89' lang='lat' dir='ltr'>est</span> <span class='ocrx_word' id='word_1_1166' title='bbox 2082 3131 2238 3162; x_wconf 84' lang='lat' dir='ltr'>terminus</span> <span class='ocrx_word' id='word_1_1167' title='bbox 2264 3130 2497 3172; x_wconf 83' lang='lat' dir='ltr'>generationis.</span> 
     </span>
     <span class='ocr_line' id='line_1_138' title="bbox 1431 3174 2499 3217; baseline -0.005 -8"><span class='ocrx_word' id='word_1_1168' title='bbox 1431 3178 1532 3209; x_wconf 91' lang='lat' dir='ltr'>Filius</span> <span class='ocrx_word' id='word_1_1169' title='bbox 1556 3178 1644 3208; x_wconf 90' lang='lat' dir='ltr'>enim</span> <span class='ocrx_word' id='word_1_1170' title='bbox 1666 3178 1700 3208; x_wconf 91' lang='lat' dir='ltr'>in</span> <span class='ocrx_word' id='word_1_1171' title='bbox 1723 3176 1838 3207; x_wconf 84' lang='lat' dir='ltr'>divinis</span> <span class='ocrx_word' id='word_1_1172' title='bbox 1859 3177 1988 3217; x_wconf 91' lang='lat' dir='ltr'>genitus</span> <span class='ocrx_word' id='word_1_1173' title='bbox 2004 3181 2060 3212; x_wconf 91' lang='lat' dir='ltr'>est,</span> <span class='ocrx_word' id='word_1_1174' title='bbox 2078 3181 2109 3206; x_wconf 92' lang='lat' dir='ltr'>et</span> <span class='ocrx_word' id='word_1_1175' title='bbox 2122 3185 2181 3216; x_wconf 88' lang='lat' dir='ltr'>per</span> <span class='ocrx_word' id='word_1_1176' title='bbox 2196 3184 2398 3214; x_wconf 89' lang='lat' dir='ltr'>consequens</span> <span class='ocrx_word' id='word_1_1177' title='bbox 2413 3174 2499 3205; x_wconf 88' lang='lat' dir='ltr'>illius</span> 
     </span>
     <span class='ocr_line' id='line_1_139' title="bbox 1431 3218 2499 3263; baseline -0.006 -9"><span class='ocrx_word' id='word_1_1178' title='bbox 1431 3223 1646 3263; x_wconf 87' lang='lat' dir='ltr'>generationis</span> <span class='ocrx_word' id='word_1_1179' title='bbox 1670 3230 1738 3252; x_wconf 90' lang='lat' dir='ltr'>esse</span> <span class='ocrx_word' id='word_1_1180' title='bbox 1762 3221 1908 3252; x_wconf 90' lang='lat' dir='ltr'>divinum</span> <span class='ocrx_word' id='word_1_1181' title='bbox 1932 3226 1979 3251; x_wconf 91' lang='lat' dir='ltr'>est</span> <span class='ocrx_word' id='word_1_1182' title='bbox 2000 3220 2165 3251; x_wconf 91' lang='lat' dir='ltr'>terminus.</span> <span class='ocrx_word' id='word_1_1183' title='bbox 2197 3219 2239 3249; x_wconf 92' lang='lat' dir='ltr'>Et</span> <span class='ocrx_word' id='word_1_1184' title='bbox 2267 3224 2376 3249; x_wconf 89' lang='lat' dir='ltr'>tamen</span> <span class='ocrx_word' id='word_1_1185' title='bbox 2399 3218 2499 3249; x_wconf 91' lang='lat' dir='ltr'>Filius</span> 
     </span>
     <span class='ocr_line' id='line_1_140' title="bbox 1432 3272 1660 3298; baseline -0.009 0"><span class='ocrx_word' id='word_1_1186' title='bbox 1432 3272 1479 3298; x_wconf 90' lang='lat' dir='ltr'>est</span> <span class='ocrx_word' id='word_1_1187' title='bbox 1502 3272 1660 3298; x_wconf 88' lang='lat' dir='ltr'>aeternus.</span> 
     </span>
    </p>

    <p class='ocr_par' dir='ltr' id='par_1_22' title="bbox 1432 3306 2502 3706">
     <span class='ocr_line' id='line_1_141' title="bbox 1489 3306 2499 3347; baseline -0.005 -5"><span class='ocrx_word' id='word_1_1188' title='bbox 1489 3312 1519 3342; x_wconf 85' lang='lat'>3.</span> <span class='ocrx_word' id='word_1_1189' title='bbox 1543 3311 1596 3342; x_wconf 88' lang='lat' dir='ltr'>Ad</span> <span class='ocrx_word' id='word_1_1190' title='bbox 1618 3311 1736 3341; x_wconf 87' lang='lat' dir='ltr'>horum</span> <span class='ocrx_word' id='word_1_1191' title='bbox 1760 3309 1952 3340; x_wconf 89' lang='lat' dir='ltr'>evidentiam</span> <span class='ocrx_word' id='word_1_1192' title='bbox 1976 3307 2244 3339; x_wconf 89' lang='lat' dir='ltr'>considerandum</span> <span class='ocrx_word' id='word_1_1193' title='bbox 2269 3312 2315 3338; x_wconf 92' lang='lat' dir='ltr'>est</span> <span class='ocrx_word' id='word_1_1194' title='bbox 2334 3306 2424 3347; x_wconf 91' lang='lat' dir='ltr'>quod</span> <span class='ocrx_word' id='word_1_1195' title='bbox 2446 3307 2499 3338; x_wconf 91' lang='lat' dir='ltr'>hic</span> 
     </span>
     <span class='ocr_line' id='line_1_142' title="bbox 1432 3352 2498 3397; baseline -0.006 -10"><span class='ocrx_word' id='word_1_1196' title='bbox 1432 3357 1578 3397; x_wconf 89' lang='lat' dir='ltr'>loquitur</span> <span class='ocrx_word' id='word_1_1197' title='bbox 1593 3355 1730 3386; x_wconf 89' lang='lat' dir='ltr'>Sanctus</span> <span class='ocrx_word' id='word_1_1198' title='bbox 1746 3354 1890 3384; x_wconf 91' lang='lat' dir='ltr'>Thomas</span> <span class='ocrx_word' id='word_1_1199' title='bbox 1908 3353 1947 3384; x_wconf 88' lang='lat' dir='ltr'>de</span> <span class='ocrx_word' id='word_1_1200' title='bbox 1962 3353 2168 3393; x_wconf 88' lang='lat' dir='ltr'>generatione</span> <span class='ocrx_word' id='word_1_1201' title='bbox 2186 3361 2268 3391; x_wconf 90' lang='lat' dir='ltr'>quae</span> <span class='ocrx_word' id='word_1_1202' title='bbox 2292 3357 2339 3382; x_wconf 87' lang='lat' dir='ltr'>est</span> <span class='ocrx_word' id='word_1_1203' title='bbox 2361 3352 2498 3381; x_wconf 92' lang='lat' dir='ltr'>mutatio</span> 
     </span>
     <span class='ocr_line' id='line_1_143' title="bbox 1433 3395 2499 3436; baseline -0.006 -5"><span class='ocrx_word' id='word_1_1204' title='bbox 1433 3401 1473 3432; x_wconf 95' lang='lat' dir='ltr'>de</span> <span class='ocrx_word' id='word_1_1205' title='bbox 1495 3410 1564 3431; x_wconf 91' lang='lat' dir='ltr'>non</span> <span class='ocrx_word' id='word_1_1206' title='bbox 1588 3409 1656 3430; x_wconf 92' lang='lat' dir='ltr'>esse</span> <span class='ocrx_word' id='word_1_1207' title='bbox 1680 3399 1719 3430; x_wconf 93' lang='lat' dir='ltr'>ad</span> <span class='ocrx_word' id='word_1_1208' title='bbox 1744 3408 1822 3435; x_wconf 91' lang='lat' dir='ltr'>esse,</span> <span class='ocrx_word' id='word_1_1209' title='bbox 1847 3408 1915 3429; x_wconf 92' lang='lat' dir='ltr'>non</span> <span class='ocrx_word' id='word_1_1210' title='bbox 1938 3403 2046 3428; x_wconf 88' lang='lat' dir='ltr'>autem</span> <span class='ocrx_word' id='word_1_1211' title='bbox 2070 3396 2110 3427; x_wconf 94' lang='lat' dir='ltr'>de</span> <span class='ocrx_word' id='word_1_1212' title='bbox 2134 3406 2170 3426; x_wconf 91' lang='lat' dir='ltr'>ea</span> <span class='ocrx_word' id='word_1_1213' title='bbox 2194 3405 2278 3436; x_wconf 91' lang='lat' dir='ltr'>quae</span> <span class='ocrx_word' id='word_1_1214' title='bbox 2301 3401 2349 3426; x_wconf 91' lang='lat' dir='ltr'>est</span> <span class='ocrx_word' id='word_1_1215' title='bbox 2364 3395 2499 3436; x_wconf 89' lang='lat' dir='ltr'>simplex</span> 
     </span>
     <span class='ocr_line' id='line_1_144' title="bbox 1432 3440 2500 3486; baseline -0.007 -10"><span class='ocrx_word' id='word_1_1216' title='bbox 1432 3444 1616 3486; x_wconf 89' lang='lat' dir='ltr'>productio.</span> <span class='ocrx_word' id='word_1_1217' title='bbox 1641 3443 1793 3484; x_wconf 91' lang='lat' dir='ltr'>Sequitur</span> <span class='ocrx_word' id='word_1_1218' title='bbox 1809 3443 1905 3479; x_wconf 88' lang='lat' dir='ltr'>enim,</span> <span class='ocrx_word' id='word_1_1219' title='bbox 1922 3443 1948 3473; x_wconf 91' lang='lat' dir='ltr'>si</span> <span class='ocrx_word' id='word_1_1220' title='bbox 1964 3451 2031 3472; x_wconf 90' lang='lat' dir='ltr'>esse</span> <span class='ocrx_word' id='word_1_1221' title='bbox 2051 3440 2195 3471; x_wconf 90' lang='lat' dir='ltr'>divinum</span> <span class='ocrx_word' id='word_1_1222' title='bbox 2211 3441 2251 3470; x_wconf 89' lang='lat' dir='ltr'>sit</span> <span class='ocrx_word' id='word_1_1223' title='bbox 2266 3440 2414 3470; x_wconf 90' lang='lat' dir='ltr'>omnium</span> <span class='ocrx_word' id='word_1_1224' title='bbox 2431 3449 2500 3470; x_wconf 91' lang='lat' dir='ltr'>esse</span> 
     </span>
     <span class='ocr_line' id='line_1_145' title="bbox 1433 3484 2501 3529; baseline -0.006 -9"><span class='ocrx_word' id='word_1_1225' title='bbox 1433 3489 1578 3526; x_wconf 90' lang='lat' dir='ltr'>formale,</span> <span class='ocrx_word' id='word_1_1226' title='bbox 1604 3488 1694 3529; x_wconf 92' lang='lat' dir='ltr'>quod</span> <span class='ocrx_word' id='word_1_1227' title='bbox 1717 3488 1756 3518; x_wconf 86' lang='lat' dir='ltr'>sit</span> <span class='ocrx_word' id='word_1_1228' title='bbox 1778 3487 1934 3518; x_wconf 89' lang='lat' dir='ltr'>terminus</span> <span class='ocrx_word' id='word_1_1229' title='bbox 1956 3486 2026 3516; x_wconf 90' lang='lat' dir='ltr'>talis</span> <span class='ocrx_word' id='word_1_1230' title='bbox 2048 3485 2275 3525; x_wconf 90' lang='lat' dir='ltr'>generationis:</span> <span class='ocrx_word' id='word_1_1231' title='bbox 2301 3494 2376 3515; x_wconf 92' lang='lat' dir='ltr'>cum</span> <span class='ocrx_word' id='word_1_1232' title='bbox 2398 3484 2501 3515; x_wconf 92' lang='lat' dir='ltr'>multa</span> 
     </span>
     <span class='ocr_line' id='line_1_146' title="bbox 1434 3528 2500 3574; baseline -0.006 -10"><span class='ocrx_word' id='word_1_1233' title='bbox 1434 3539 1538 3565; x_wconf 92' lang='lat' dir='ltr'>creata</span> <span class='ocrx_word' id='word_1_1234' title='bbox 1562 3543 1598 3564; x_wconf 89' lang='lat' dir='ltr'>ea</span> <span class='ocrx_word' id='word_1_1235' title='bbox 1621 3533 1828 3574; x_wconf 86' lang='lat' dir='ltr'>generatione</span> <span class='ocrx_word' id='word_1_1236' title='bbox 1851 3530 2079 3572; x_wconf 88' lang='lat' dir='ltr'>producantur.</span> <span class='ocrx_word' id='word_1_1237' title='bbox 2096 3547 2118 3551; x_wconf 91' lang='lat'>—</span> <span class='ocrx_word' id='word_1_1238' title='bbox 2135 3529 2285 3560; x_wconf 87' lang='lat' dir='ltr'>Similiter</span> <span class='ocrx_word' id='word_1_1239' title='bbox 2300 3529 2445 3569; x_wconf 91' lang='lat' dir='ltr'>loquitur</span> <span class='ocrx_word' id='word_1_1240' title='bbox 2461 3528 2500 3559; x_wconf 92' lang='lat' dir='ltr'>de</span> 
     </span>
     <span class='ocr_line' id='line_1_147' title="bbox 1433 3573 2502 3617; baseline -0.006 -8"><span class='ocrx_word' id='word_1_1241' title='bbox 1433 3579 1572 3609; x_wconf 89' lang='lat' dir='ltr'>termino</span> <span class='ocrx_word' id='word_1_1242' title='bbox 1596 3577 1810 3617; x_wconf 87' lang='lat' dir='ltr'>generationis</span> <span class='ocrx_word' id='word_1_1243' title='bbox 1826 3585 1884 3616; x_wconf 89' lang='lat' dir='ltr'>per</span> <span class='ocrx_word' id='word_1_1244' title='bbox 1900 3585 1970 3606; x_wconf 91' lang='lat' dir='ltr'>eam</span> <span class='ocrx_word' id='word_1_1245' title='bbox 1986 3574 2111 3604; x_wconf 87' lang='lat' dir='ltr'>noviter</span> <span class='ocrx_word' id='word_1_1246' title='bbox 2126 3573 2298 3614; x_wconf 88' lang='lat' dir='ltr'>producto,</span> <span class='ocrx_word' id='word_1_1247' title='bbox 2315 3583 2383 3614; x_wconf 91' lang='lat' dir='ltr'>quo</span> <span class='ocrx_word' id='word_1_1248' title='bbox 2398 3573 2502 3604; x_wconf 92' lang='lat' dir='ltr'>modo</span> 
     </span>
     <span class='ocr_line' id='line_1_148' title="bbox 1434 3617 2502 3664; baseline -0.006 -11"><span class='ocrx_word' id='word_1_1249' title='bbox 1434 3623 1621 3664; x_wconf 82' lang='lat' dir='ltr'>philosophi</span> <span class='ocrx_word' id='word_1_1250' title='bbox 1645 3621 1684 3652; x_wconf 94' lang='lat' dir='ltr'>de</span> <span class='ocrx_word' id='word_1_1251' title='bbox 1707 3621 1913 3661; x_wconf 88' lang='lat' dir='ltr'>generatione</span> <span class='ocrx_word' id='word_1_1252' title='bbox 1943 3618 2183 3649; x_wconf 89' lang='lat' dir='ltr'>subsistentium</span> <span class='ocrx_word' id='word_1_1253' title='bbox 2214 3623 2288 3648; x_wconf 90' lang='lat' dir='ltr'>sunt</span> <span class='ocrx_word' id='word_1_1254' title='bbox 2317 3617 2429 3654; x_wconf 87' lang='lat' dir='ltr'>locuti,</span> <span class='ocrx_word' id='word_1_1255' title='bbox 2454 3617 2502 3648; x_wconf 93' lang='lat' dir='ltr'>di-</span> 
     </span>
     <span class='ocr_line' id='line_1_149' title="bbox 1435 3662 2501 3706; baseline -0.006 -8"><span class='ocrx_word' id='word_1_1256' title='bbox 1435 3673 1543 3698; x_wconf 91' lang='lat' dir='ltr'>centes</span> <span class='ocrx_word' id='word_1_1257' title='bbox 1567 3676 1603 3697; x_wconf 92' lang='lat' dir='ltr'>ea</span> <span class='ocrx_word' id='word_1_1258' title='bbox 1626 3666 1769 3706; x_wconf 85' lang='lat' dir='ltr'>generari</span> <span class='ocrx_word' id='word_1_1259' title='bbox 1793 3674 1875 3705; x_wconf 90' lang='lat' dir='ltr'>quae</span> <span class='ocrx_word' id='word_1_1260' title='bbox 1900 3663 1939 3694; x_wconf 89' lang='lat' dir='ltr'>de</span> <span class='ocrx_word' id='word_1_1261' title='bbox 1962 3672 2028 3693; x_wconf 94' lang='lat' dir='ltr'>non</span> <span class='ocrx_word' id='word_1_1262' title='bbox 2054 3672 2121 3693; x_wconf 88' lang='lat' dir='ltr'>esse</span> <span class='ocrx_word' id='word_1_1263' title='bbox 2145 3662 2369 3703; x_wconf 89' lang='lat' dir='ltr'>producuntur</span> <span class='ocrx_word' id='word_1_1264' title='bbox 2383 3663 2416 3692; x_wconf 92' lang='lat' dir='ltr'>in</span> <span class='ocrx_word' id='word_1_1265' title='bbox 2433 3671 2501 3692; x_wconf 83' lang='lat' dir='ltr'>esse</span> 
     </span>
    </p>
   </div>
   <div class='ocr_carea' id='block_1_9' title="bbox 2513 690 2730 718">
    <p class='ocr_par' dir='ltr' id='par_1_23' title="bbox 2513 690 2730 718">
     <span class='ocr_line' id='line_1_150' title="bbox 2513 690 2730 718; baseline 0 -6"><span class='ocrx_word' id='word_1_1266' title='bbox 2513 691 2524 700; x_wconf 87' lang='grc'><em>·</em></span> <span class='ocrx_word' id='word_1_1267' title='bbox 2534 690 2663 718; x_wconf 49' lang='lat' dir='ltr'>Canum,</span> <span class='ocrx_word' id='word_1_1268' title='bbox 2671 695 2730 712; x_wconf 61' lang='lat' dir='ltr'>aaa.</span> 
     </span>
    </p>
   </div>
   <div class='ocr_carea' id='block_1_10' title="bbox 2525 2997 2739 3024">
    <p class='ocr_par' dir='ltr' id='par_1_24' title="bbox 2525 2997 2739 3024">
     <span class='ocr_line' id='line_1_151' title="bbox 2525 2997 2739 3024; baseline -0.014 -4"><span class='ocrx_word' id='word_1_1269' title='bbox 2525 2999 2536 3009; x_wconf 80' lang='lat'>&#39;¹</span> <span class='ocrx_word' id='word_1_1270' title='bbox 2549 2997 2581 3019; x_wconf 85' lang='lat'>111</span> <span class='ocrx_word' id='word_1_1271' title='bbox 2595 2997 2630 3024; x_wconf 85' lang='lat' dir='ltr'>P.,</span> <span class='ocrx_word' id='word_1_1272' title='bbox 2644 3002 2700 3023; x_wconf 82' lang='lat' dir='ltr'>xvn,</span> <span class='ocrx_word' id='word_1_1273' title='bbox 2717 3002 2739 3018; x_wconf 80' lang='lat'>2.</span> 
     </span>
    </p>
   </div>
  </div>
 </body>
</html>
