2768 4134
53 1105 62 1115 ·
77 1103 112 1125 Cf.
128 1109 151 1125 n.
162 1109 211 1124 xiv.

295 318 373 364 486

295 394 492 435 intelligendi
515 395 828 433 praesupponantur.
853 389 894 419 Et
917 388 992 419 ideo
1007 389 1090 418 bene
1106 388 1212 427 inquit
1229 386 1364 417 Sanctus

296 440 440 470 Thomas
455 436 546 478 quod
569 435 687 466 falsitas
702 444 771 465 non
788 439 835 464 est
850 434 884 463 in
902 433 1068 463 intellectu
1083 441 1126 462 ex
1141 441 1178 462 eo
1194 430 1282 472 quod
1299 430 1366 461 sint

295 485 327 513 in
353 483 421 523 ipso
445 482 556 522 aliqua
582 480 753 514 intellecta,
778 478 875 508 idest:
905 476 1021 507 falsum
1052 477 1188 507 existens
1211 476 1245 506 in
1271 475 1365 505 intel-

294 528 390 563 lectu,
408 526 499 566 quod
514 525 725 555 contrariatur
739 532 827 559 vero,
844 531 912 552 non
933 527 980 551 est
1002 521 1126 561 species
1142 520 1249 560 aliqua
1272 519 1365 549 intel-

294 571 436 611 ligibilis;
453 575 490 600 ut
513 573 662 609 oporteat
685 568 787 608 ipsam
798 564 963 597 'removeri
978 565 1019 596 ad
1041 566 1106 596 hoc
1129 570 1166 595 ut
1183 564 1365 595 intellectus

295 615 388 645 aliam
412 614 554 654 speciem
582 612 743 652 suscipiat,
772 612 854 641 sicut
884 615 1014 650 oportet
1037 609 1196 640 removeri
1226 607 1365 638 sormam

295 668 397 699 aquae
421 668 438 688 a
460 658 593 688 materia
610 662 641 687 et
657 656 826 696 qualitates
843 664 914 685 eam
931 659 1178 694 consequentes,
1195 653 1221 682 si
1241 653 1275 682 in
1297 660 1366 681 ma-

294 704 406 734 teriam
430 711 532 743 aquae
556 701 652 731 debet
666 700 771 730 forma
794 700 876 740 ignis
892 698 1064 729 introduci.
1091 698 1195 728 Immo
1220 696 1365 727 defectus

295 753 326 777 et
349 747 485 787 privatio
510 746 645 776 alicuius
669 745 799 785 speciei,
824 749 879 774 aut
902 744 1038 773 alicuius
1062 742 1190 772 alterius
1218 740 1363 780 requisiti

295 791 334 822 ad
349 792 413 821 hoe
429 796 465 821 ut
487 790 669 821 intellectus
685 798 793 819 veram
811 788 1085 828 compositionem
1101 786 1206 821 faciat,
1222 790 1269 815 est
1284 784 1364 814 ratio

295 845 393 875 quare
416 835 598 866 intellectus
621 833 738 863 falsum
761 832 881 863 iudicat
904 837 936 862 et
960 831 1147 871 componit:
1176 830 1258 860 sicut
1281 828 1364 859 iudi-

294 889 370 910 cans
392 880 561 910 hominem
585 887 653 909 esse
676 877 858 912 rudibilem‚
883 875 973 915 quod
996 880 1044 905 est
1070 874 1197 910 falsum,
1220 873 1296 904 ideo
1319 873 1365 902 sic

293 924 423 960 iudicat,
448 929 503 954 aut
519 924 595 963 quia
610 932 678 953 non
695 922 790 951 habet
805 921 947 960 speciem
966 919 1200 958 intelligibilem
1223 917 1366 948 hominis

294 974 348 999 aut
371 968 530 1004 rudibilis;
554 973 609 997 aut
628 967 704 1006 quia
727 963 906 995 secundum
928 963 996 994 illas
1019 963 1143 1003 species
1165 971 1234 993 non
1258 966 1366 1002 potest

293 1019 379 1044 recte
394 1012 545 1048 iudicare,
569 1016 701 1051 propter
716 1009 879 1039 defectum
895 1009 1011 1038 virium
1035 1007 1269 1042 sensitivarum,
1286 1015 1365 1046 qua-

293 1066 365 1088 rum
390 1057 578 1097 operatione
601 1054 782 1085 intellectus
805 1052 845 1083 ad
868 1052 1115 1092 intelligendum
1139 1056 1221 1091 eget.

347 1101 415 1131 XlI.
429 1101 569 1140 Septimo
578 1101 594 1115 ᾗ
600 1098 831 1139 principaliter
842 1097 1007 1138 arguitur.
1022 1096 1201 1136 Intelligere
1214 1101 1261 1126 est
1270 1095 1364 1126 nobi-

292 1146 430 1175 lissimus
443 1144 575 1175 effectus
587 1144 644 1183 qui
657 1148 703 1173 est
715 1143 747 1172 in
761 1143 827 1172 istis
839 1142 1055 1172 inferioribus.
1068 1141 1155 1181 Ergo
1167 1149 1235 1170 non
1247 1139 1364 1170 sufficit

292 1189 331 1219 ad
345 1190 454 1229 ipsum
469 1197 592 1228 ponere
608 1197 705 1227 agens
721 1192 894 1223 remotum,
915 1185 1005 1226 quod
1023 1186 1063 1216 sit
1081 1185 1257 1215 substantia
1272 1193 1364 1225 sepa-

291 1239 366 1270 rata,
383 1233 439 1264 sed
455 1237 586 1273 oportet
601 1232 697 1262 etiam
713 1240 836 1272 ponere
854 1240 952 1271 agens
967 1230 1153 1271 proximum
1166 1229 1215 1260 sui
1227 1229 1364 1269 generis.

291 1278 377 1318 Ergo
390 1283 450 1308 etc.
465 1295 489 1300 —
504 1277 660 1307 Probatur
676 1276 919 1315 consequentia.
937 1275 1023 1313 Quia
1039 1274 1172 1305 effectus
1187 1273 1364 1304 nobiliores

291 1323 324 1352 in
354 1323 421 1352 istis
446 1320 662 1357 inferioribus,
686 1326 812 1361 praeter
838 1320 965 1360 agentia
991 1319 1168 1359 superiora,
1195 1319 1365 1358 requirunt

291 1367 417 1407 agentia
441 1366 490 1396 sui
512 1366 653 1406 generis:
678 1370 715 1395 ut
734 1369 822 1405 patet
845 1365 877 1395 in
898 1364 1089 1395 animalibus
1112 1362 1272 1403 perfectis.

346 1410 445 1441 Addit
468 1416 576 1441 autem
600 1409 737 1440 Sanctus
761 1409 906 1439 Thomas
930 1407 1021 1449 quod
1043 1408 1124 1438 haec
1146 1408 1228 1438 ratio
1252 1412 1365 1438 contra

291 1455 491 1486 Avicennam
517 1463 585 1485 non
612 1453 774 1494 procedit:
803 1462 844 1483 eo
869 1452 959 1493 quod
986 1459 1088 1493 ponat
1119 1461 1218 1483 omne
1245 1452 1363 1482 animal

290 1509 387 1540 posse
410 1499 555 1539 generari
578 1498 701 1539 absque
724 1498 858 1528 semine.

347 1543 441 1574 Circa
463 1544 546 1574 hanc
570 1543 841 1583 propositionem,
863 1541 1054 1583 Intelligere
1076 1546 1124 1572 est
1146 1541 1365 1572 nobilissimus

292 1588 424 1629 effectus
448 1588 480 1618 in
505 1587 575 1618 istis
605 1587 828 1628 inferioribus,
860 1585 1093 1617 attendendum
1124 1585 1215 1625 quod
1241 1595 1364 1616 nomen

292 1632 424 1673 effectus
438 1633 503 1662 hoc
526 1632 602 1662 loco
619 1631 775 1671 accipitur
790 1637 827 1661 ut
850 1630 1032 1661 extenditur
1051 1639 1120 1660 non
1144 1630 1252 1660 solum
1276 1629 1316 1660 ad
1331 1629 1365 1660 id

293 1676 383 1717 quod
405 1686 463 1717 per
478 1677 641 1706 actionem
657 1675 858 1715 producitur,
882 1675 938 1705 sed
955 1675 1051 1705 etiam
1067 1674 1108 1705 ad
1122 1675 1226 1714 ipsam
1250 1683 1364 1714 opera-

292 1722 426 1752 tionem.
444 1720 568 1751 Dicitur
584 1726 693 1750 autem
708 1719 885 1759 intelligere
901 1728 970 1750 esse
985 1718 1206 1750 nobilissimus
1221 1718 1364 1756 effectus,

293 1774 362 1796 non
377 1764 558 1796 secundum
574 1765 740 1795 entitatem
756 1773 847 1794 suam
864 1763 1012 1794 absolute
1029 1768 1061 1794 et
1083 1763 1271 1803 simpliciter
1284 1772 1366 1794 con-

293 1810 473 1845 sideratam,
497 1809 573 1849 quia
601 1809 708 1839 omnis
736 1808 912 1839 substantia
941 1814 988 1838 est
1018 1808 1090 1847 ipso
1114 1807 1266 1844 nobilior,
1290 1808 1365 1838 sub-

294 1855 407 1884 stantia
430 1854 518 1884 enim
541 1853 649 1883 omnis
677 1858 724 1883 est
751 1853 892 1883 nobilior
916 1853 1007 1883 omni
1037 1851 1214 1888 accidente,
1242 1852 1365 1893 simpli-

295 1899 372 1928 citer
395 1897 579 1937 loquendo:
605 1897 660 1927 sed
693 1902 851 1936 quantum
882 1896 922 1926 ad
951 1895 1090 1926 modum
1114 1895 1251 1932 essendi,
1276 1902 1308 1926 et
1330 1896 1364 1926 in

293 1943 417 1972 ratione
433 1942 540 1981 operis
556 1947 587 1971 et
604 1940 751 1976 effectus3
769 1941 844 1981 quia
858 1946 889 1970 et
904 1940 1000 1971 habet
1015 1949 1085 1970 esse
1100 1940 1320 1976 immateriale,
1333 1945 1365 1970 et

293 1985 440 2027 procedit
463 1986 502 2015 ab
526 1986 633 2015 anima
648 1990 685 2015 ut
700 1984 826 2015 excedit
840 1985 992 2015 materiae
1012 1984 1232 2024 capacitatem,
1249 1993 1365 2015 secun-

294 2030 370 2061 dum
389 2029 478 2070 quod
494 2029 590 2060 habet
604 2035 641 2060 ut
657 2029 696 2059 sit
712 2029 978 2059 excellentissima
999 2027 1188 2058 formarum.
1208 2027 1364 2068 Operatio

293 2080 411 2110 autem,
428 2074 511 2104 sicut
526 2074 643 2114 accipit
660 2074 803 2114 speciem
820 2083 838 2103 a
854 2073 1015 2113 principio
1032 2073 1240 2112 operationis,
1265 2078 1302 2103 ut
1317 2072 1364 2103 di-

294 2120 375 2150 citur
396 2118 503 2154 Ver-it„
520 2127 552 2158 q.
569 2128 619 2154 xx,
642 2126 668 2154 ι,
685 2117 726 2148 ad
739 2126 768 2154 2,
785 2118 828 2148 ita
843 2117 883 2147 ab
899 2117 972 2157 ipso
988 2117 1084 2147 habet
1099 2116 1311 2147 nobilitatem.

348 2163 431 2194 xln.
444 2162 509 2194 Sed
520 2171 589 2193 non
600 2162 725 2193 videtur
738 2162 817 2193 haec
829 2162 910 2192 ratio
922 2160 1034 2191 efficax
1046 2170 1126 2197 esse,
1138 2166 1271 2202 propter
1285 2161 1363 2192 duo.

293 2208 413 2244 Primo,
430 2208 506 2248 quia
529 2212 639 2248 posset
661 2207 778 2247 aliquis
793 2206 899 2237 dicere
916 2205 1017 2246 quod,
1029 2211 1155 2246 praeter
1170 2215 1268 2246 agens
1291 2206 1364 2236 uni-

293 2253 414 2283 versale
437 2258 469 2284 et
491 2257 666 2288 remotum,
682 2251 776 2282 datur
794 2260 892 2291 agens
915 2250 1102 2291 proximum
1125 2250 1364 2287 intellectionis,

294 2297 415 2327 scilicet
429 2296 612 2327 intellectus
626 2296 798 2336 possibilis,
812 2296 879 2336 qui,
891 2300 1067 2335 postquam
1083 2295 1206 2335 recepit
1220 2295 1363 2335 speciem

294 2351 311 2371 a
335 2341 510 2371 substantia
527 2346 681 2381 separata,
698 2339 848 2381 producit
871 2339 1136 2370 intellectionem.
1163 2339 1203 2370 Et
1227 2340 1272 2370 sic
1294 2349 1363 2370 non

294 2390 424 2426 oportet
446 2394 569 2426 ponere
591 2385 792 2416 intellectum
816 2389 966 2425 agentem
989 2393 1057 2416 esse
1077 2389 1202 2424 partem
1225 2385 1363 2415 animae.

349 2429 502 2460 Secundo
525 2429 611 2469 quia,
636 2430 661 2459 si
685 2429 738 2460 illa
767 2429 949 2470 propositio
973 2430 1013 2459 sit
1036 2428 1256 2459 universaliter
1278 2438 1363 2465 vera,

294 2473 384 2514 quod
408 2473 555 2505 omnibus
578 2473 742 2515 effectibus
766 2473 980 2504 nobilioribus
996 2474 1029 2504 in
1049 2473 1120 2504 istis
1139 2473 1362 2515 inferioribus,

286 2523 422 2559 praeter
440 2519 574 2560 agentia
593 2518 803 2554 universalia,
828 2523 956 2559 oportet
978 2519 1151 2559 assignare
1169 2527 1272 2559 agens
1281 2527 1364 2558 pro-

314 2564 399 2593 rium
422 2562 563 2593 eiusdem
585 2563 736 2604 generis:
757 2572 833 2593 cum
857 2563 964 2593 anima
986 2562 1181 2593 intellectiva
1204 2563 1245 2593 sit
1268 2563 1363 2593 nobi-

285 2572 431 2638 {issimus
454 2606 587 2638 effectus
611 2608 667 2648 qui
690 2608 725 2638 in
749 2608 788 2637 iis
818 2606 1024 2638 inferioribus
1046 2607 1239 2643 inveniatur,
1263 2616 1363 2648 opor-

291 2651 379 2688 tebit,
402 2657 528 2692 praeter
543 2661 640 2692 agens
655 2652 844 2688 universale,
869 2652 926 2692 qui
943 2657 990 2682 est
1006 2652 1105 2688 Deus,
1122 2652 1282 2691 assignare
1301 2652 1361 2683 sibi

291 2705 387 2736 agens
410 2696 579 2736 proprium
602 2696 747 2727 eiusdem
770 2697 906 2736 generis,
930 2696 1053 2728 scilicet
1071 2696 1214 2728 animam
1236 2696 1361 2727 intelle·

291 2741 418 2771 ctivam.
443 2740 485 2771 Et
506 2741 553 2772 sic
575 2750 644 2771 non
668 2750 686 2771 a
709 2740 781 2771 solo
806 2741 878 2772 Deo
902 2741 962 2771 erit
983 2750 1042 2782 per·
1071 2741 1281 2778 creationem,
1304 2740 1362 2773 sed

290 2794 354 2815 una
373 2785 480 2815 anima
503 2785 562 2815 erit
584 2786 624 2815 ab
647 2785 725 2816 alia:
750 2785 832 2816 sicut
855 2794 941 2816 unus
965 2794 1069 2826 equus
1092 2786 1133 2816 ab
1148 2785 1212 2817 alio
1228 2794 1361 2826 genera-

290 2834 350 2859 tur.
371 2829 472 2867 Quod
487 2835 535 2860 est
557 2834 669 2860 contra
684 2838 818 2860 omnem
839 2830 1081 2870 philosophiam
1100 2835 1132 2860 et
1149 2829 1359 2870 theologiam.

348 2883 376 2904 2.
402 2873 591 2914 lncipiendo
615 2883 632 2904 a
655 2873 811 2910 secundo,
830 2883 869 2904 ex
893 2874 986 2904 cuius
1010 2874 1175 2906 solutione
1198 2873 1360 2915 dependet

290 2918 409 2949 solutio
432 2919 538 2958 primi,
555 2917 672 2949 dicitur
688 2919 805 2958 primo,
826 2918 916 2959 quod
932 2927 990 2959 per
1006 2918 1159 2950 effectum
1174 2919 1208 2950 in
1228 2919 1296 2950 istis
1311 2919 1359 2950 in-

289 2961 458 2993 ferioribus
481 2971 548 2993 non
571 2962 719 3002 intelligit
734 2962 870 2994 Sanctus
886 2963 1031 2994 Thomas
1047 2973 1146 2994 omne
1162 2963 1360 3004 productum

290 3007 329 3035 ab
352 3007 416 3037 alio
443 3006 775 3048 quomodocumque:
804 3007 860 3038 sed
890 3007 1089 3048 productum
1118 3018 1136 3038 a
1167 3017 1263 3039 causa
1285 3009 1360 3040 uni-

290 3051 401 3081 versali
425 3051 478 3081 cui
502 3060 567 3081 non
591 3057 754 3093 repugnat
770 3052 914 3092 produci
931 3053 1029 3083 etiam
1053 3053 1093 3084 ab
1115 3057 1235 3094 agente
1253 3052 1359 3093 parti-

290 3095 397 3125 culari
418 3095 471 3126 sui
491 3095 634 3137 generis.
659 3096 708 3126 De
734 3097 851 3127 talibus
875 3097 961 3127 enim
986 3096 1152 3128 effectibus
1174 3106 1288 3128 verum
1312 3103 1360 3128 est

291 3139 380 3178 quod
403 3139 579 3170 nobiliores
610 3140 693 3170 inter
721 3140 794 3171 illos
823 3140 1049 3181 producuntur
1078 3150 1147 3172 non
1178 3141 1286 3173 solum
1318 3142 1357 3172 ab

290 3184 458 3223 agentibus
480 3185 654 3224 superioris
677 3184 809 3221 ordinis,
833 3185 890 3216 sed
913 3186 1011 3216 etiam
1038 3186 1207 3226 requirunt
1233 3186 1359 3226 agentia

289 3228 339 3258 sui
362 3227 493 3259 ordinis.
519 3228 631 3265 Modo,
648 3229 754 3259 anima
768 3229 962 3261 intellectiva
977 3239 1045 3261 non
1061 3235 1110 3261 est
1124 3230 1195 3261 talis
1211 3229 1358 3262 effectus:

291 3272 366 3310 quia
389 3281 457 3303 non
480 3278 588 3312 potest
609 3273 747 3312 produci
769 3274 830 3305 nisi
854 3283 912 3315 per
935 3275 1142 3311 creationem,
1159 3280 1195 3305 ut
1219 3274 1360 3307 ostendit

291 3316 426 3347 Sanctus
449 3316 594 3347 Thomas
617 3317 732 3354 Prima,
750 3327 781 3358 q.
799 3329 848 3355 xe,
865 3329 893 3349 a.
913 3327 946 3356 2;
970 3318 1071 3350 solius
1095 3324 1203 3350 autern
1227 3319 1288 3351 Dei
1311 3325 1359 3351 est

292 3369 407 3397 creare,
431 3366 468 3391 ut
490 3362 666 3401 superius*
685 3367 732 3393 est
747 3367 926 3394 ostensum.
950 3363 1028 3394 Ideo
1051 3364 1199 3395 instantia
1222 3373 1291 3395 non
1311 3369 1359 3394 est

292 3403 332 3434 ad
354 3405 570 3445 propositum.
594 3423 616 3427 —
640 3406 819 3447 Intelligere
843 3413 952 3439 autem
975 3408 1057 3439 bene
1085 3414 1132 3439 est
1155 3408 1196 3439 de
1218 3417 1358 3440 numero

292 3448 403 3479 talium
419 3448 594 3480 effectuum
618 3451 736 3491 quibus
751 3460 820 3482 non
844 3457 1002 3492 repugnat
1024 3452 1144 3484 habere
1165 3462 1264 3494 agens
1282 3461 1358 3493 pro-

292 3492 399 3530 prium
421 3494 471 3523 sui
495 3494 625 3525 ordinis.
650 3494 772 3526 Idcirco
796 3496 879 3527 bene
902 3497 948 3528 illi
972 3502 1112 3537 oportet,
1135 3502 1261 3538 praeter
1283 3497 1358 3528 sub-

293 3537 421 3567 stantias
444 3543 612 3578 separatas,
637 3539 795 3579 assignare
825 3541 994 3581 proprium
1022 3542 1072 3572 sui
1094 3542 1221 3582 generis
1244 3550 1357 3582 agens:

294 3580 383 3618 quod
407 3581 527 3612 scilicet
542 3582 582 3613 ad
597 3582 748 3614 inferiora
762 3585 920 3624 pertineat
935 3591 1091 3626 tanquam
1113 3585 1215 3616 virtus
1233 3585 1359 3617 annuae

294 3623 463 3660 humanae,
487 3626 569 3657 sicut
591 3627 768 3667 intelligere
790 3633 938 3659 nostrum
956 3629 995 3660 ad
1017 3629 1194 3661 humanam
1218 3630 1358 3661 animam

294 3668 431 3706 pertinet
453 3675 490 3698 ut
513 3676 601 3700 actus
621 3671 653 3700 in
677 3672 746 3711 ipsa
768 3673 952 3704 naturaliter
976 3679 1134 3713 receptus.

763 309 950 347 SUMMA
980 307 1202 345 CONTRA
1231 305 1506 350 GENTILES,
1535 305 1630 342 LIB.
1650 305 1692 350 ΙΙ,
1723 304 1834 342 CAP.
1856 305 2025 342 LXXVI.

1474 386 1600 416 Dicitur
1615 384 1761 416 secundo
1777 385 1878 425 quod,
1895 385 1970 416 licet
1993 394 2061 416 non
2080 386 2279 426 producatur
2298 397 2364 418 una
2387 388 2494 420 anima

1419 430 1458 460 ab
1482 430 1552 466 alia,
1572 430 1675 460 homo
1691 434 1800 460 tamen
1817 428 1893 460 facit
1915 429 2020 470 ipsam
2038 430 2123 460 uniri
2146 432 2308 468 materiae,
2332 437 2364 462 et
2386 433 2432 463 sic
2447 438 2495 464 ost

1420 483 1515 504 causa
1535 474 1667 504 unionis
1691 474 1760 504 eius
1783 473 1824 504 ad
1847 474 2025 504 materiam.

1477 519 1506 549 3.
1523 517 1575 548 Ad
1591 518 1735 558 primum
1749 527 1829 548 vero
1846 523 2086 558 consequenter
2101 518 2217 549 dicitur
2233 518 2324 559 quod
2342 529 2411 551 non
2427 521 2494 551 suf-

1419 561 1486 592 ficit
1508 571 1632 602 ponere
1662 562 1863 593 intellectum
1895 562 2086 603 possibilem
2109 568 2265 604 tanquam
2295 572 2394 604 agens
2416 573 2492 604 pro-

1419 607 1537 646 prium.
1563 606 1651 636 Turn
1675 607 1752 646 quia
1779 607 1963 638 intellectus
1990 607 2153 647 possibilis
2176 617 2245 638 non
2270 613 2320 638 est
2349 610 2495 648 potentia

1420 652 1532 686 activa,
1556 650 1614 681 sed
1636 651 1772 691 passiva,
1792 660 1877 691 quae
1899 651 2022 692 indiget
2045 652 2084 682 ab
2108 652 2219 693 aliquo
2243 658 2359 692 agente
2382 652 2493 693 perfici

1420 695 1460 725 ad
1485 695 1549 725 hoc
1572 701 1610 725 ut
1632 695 1888 726 intellectionem
1913 696 2027 727 eliciat.
2051 714 2074 719 -
2097 696 2186 727 Tum
2213 697 2291 737 quia
2317 697 2496 737 intelligere

1418 744 1567 770 nostrum
1584 740 1738 779 co-exigit
1753 739 1858 770 facere
1873 740 2086 780 intelligibilia
2104 741 2138 771 in
2155 746 2246 772 actu:
2270 750 2347 772 cum
2362 746 2496 782 propter

1419 784 1483 814 hoc
1507 784 1614 814 anima
1636 789 1746 814 nostra
1769 785 1810 814 sit
1833 785 1923 815 unita
1946 785 2087 825 corpori,
2111 790 2148 816 ut
2170 795 2229 826 per
2251 795 2364 817 sensus
2387 795 2495 816 rerum

1419 828 1635 858 materialium
1651 828 1874 868 cognitionem
1896 829 2042 869 accipiat,
2061 829 2212 860 faciendo
2230 839 2288 870 per
2309 831 2495 861 abstractio—

1419 882 1496 903 nem
1519 882 1537 902 a
1558 872 1777 903 materialibus
1801 873 2045 904 conditionibus
2060 873 2272 914 intelligibilia
2293 875 2327 906 in
2349 875 2496 915 potentia

1421 926 1490 947 esse
1515 922 1590 948 actu
1612 917 1834 957 intelligibilia.
1859 918 1934 948 Hoc
1958 923 2068 948 autem
2089 927 2159 948 non
2182 923 2291 958 potest
2312 919 2495 950 intellectus

1419 961 1592 1001 possibilis,
1607 962 1663 1002 qui
1677 967 1724 992 est
1735 962 1883 1002 potentia
1897 962 2034 1002 passiva.
2050 961 2139 999 Ideo,
2155 967 2281 1002 praeter
2295 963 2496 995 intellectum

1419 1006 1618 1046 possibilem,
1635 1015 1703 1046 quo
1726 1006 1839 1037 anima
1849 1011 1960 1047 potest
1974 1007 2085 1037 omnia
2097 1006 2191 1047 fieri,
2214 1016 2348 1038 necesse
2363 1013 2412 1039 est
2426 1017 2496 1040 esse

1419 1051 1453 1080 in
1469 1051 1577 1081 anima
1588 1050 1791 1082 intellectum
1806 1056 1968 1091 agentem,
1981 1060 2049 1092 quo
2060 1051 2168 1091 possit
2183 1051 2295 1082 omnia
2309 1052 2496 1083 materialia

1409 1095 1531 1136 facere
1553 1100 1629 1125 actu
1654 1095 1876 1137 intelligibilia
1887 1096 1913 1126 ³.
1939 1095 2034 1126 Unde
2057 1096 2164 1136 inquit
2190 1095 2328 1127 Sanctus
2351 1096 2497 1128 Thomas

1419 1139 1459 1170 de
1475 1140 1603 1175 Anima,
1621 1145 1678 1170 art.
1694 1148 1726 1178 4,
1743 1139 1784 1170 ad
1800 1140 1831 1176 8,
1847 1139 1939 1181 quod
1958 1145 2051 1171 actus
2069 1140 2252 1171 intellectus
2268 1140 2436 1181 possibilis
2449 1145 2498 1172 est

1419 1184 1562 1224 recipere
1574 1184 1804 1226 intelligibilia,
1813 1185 1900 1215 actio
1911 1190 2020 1216 autem
2033 1185 2215 1216 intellectus
2226 1185 2356 1226 agentis
2367 1190 2415 1216 est
2424 1186 2496 1217 abts-

1418 1229 1549 1259 trahere
1566 1228 1804 1270 intelligibilia‚·
1827 1235 1859 1259 et
1881 1229 1974 1270 quod
1992 1229 2036 1260 ad
2050 1239 2152 1260 unum
2169 1229 2355 1271 intelligere
2370 1234 2498 1271 oportet

1417 1273 1506 1314 quod
1529 1278 1668 1314 utraque
1691 1273 1828 1304 istarum
1852 1274 2019 1305 actionum
2042 1279 2231 1305 concurrat.

1474 1317 1557 1348 XIV.
1585 1317 1721 1349 Octavo.
1739 1318 1933 1349 Abstrahere
1955 1318 2076 1349 formas
2099 1318 2296 1350 universales
2311 1328 2330 1349 a
2344 1318 2496 1359 phantas-

1418 1362 1559 1393 matibus
1575 1368 1624 1393 est
1646 1363 1680 1393 in
1696 1363 1879 1394 intentione
1901 1368 2022 1400 nostra,
2037 1372 2108 1394 non
2123 1363 2232 1394 solum
2254 1364 2290 1394 in
2311 1363 2495 1396 intentione

1418 1407 1540 1447 agentis
1556 1407 1684 1438 remoti.
1702 1407 1790 1448 Ergo
1806 1412 1938 1448 oportet
1951 1408 1987 1438 in
2001 1408 2097 1438 nobis
2113 1417 2182 1439 esse
2205 1408 2393 1448 proximum
2407 1408 2496 1448 prin-

1419 1451 1542 1491 cipium
1565 1452 1636 1482 talis
1659 1451 1803 1489 effectus,
1819 1453 1877 1493 qui
1897 1457 1946 1483 est
1968 1451 2151 1483 intellectus
2173 1461 2283 1493 agens.
2298 1469 2322 1474 —
2337 1451 2497 1484 Probatur

1418 1496 1663 1536 consequentia.
1688 1496 1776 1535 Quia
1798 1497 1936 1528 intentio
1953 1496 2087 1528 effectus
2111 1496 2312 1528 demonstrat
2334 1501 2494 1537 agentern.

1417 1540 1502 1571 Nam
1526 1549 1611 1580 quae
1633 1546 1709 1571 sunt
1731 1541 1772 1572 de
1794 1541 1977 1572 intentione
1999 1546 2127 1572 tanturn
2149 1546 2284 1573 natiuae
2306 1541 2494 1582 superioris,

1418 1584 1645 1625 producuntur
1668 1590 1795 1616 tantum
1819 1595 1837 1616 a
1860 1591 1975 1617 natura
2001 1586 2177 1626 superiori:
2202 1586 2287 1617 sicut
2315 1585 2425 1626 genite
2454 1595 2494 1618 ex

1418 1628 1667 1669 putrefactione,
1692 1639 1777 1670 quae
1809 1629 1887 1661 dicit
1908 1630 2099 1660 Aristoteles
2123 1639 2141 1660 a
2165 1639 2241 1661 casu
2269 1629 2350 1666 fieri,
2373 1629 2497 1663 scilicet

1418 1682 1477 1713 per
1500 1674 1780 1714 comparationem
1803 1674 1843 1704 ad
1865 1679 2015 1706 natm-am
2043 1673 2242 1706 inferiorem.
2265 1674 2361 1712 Quae
2384 1678 2495 1706 autem

1419 1727 1439 1748 a
1453 1723 1567 1748 natura
1582 1717 1727 1749 inferiori
1741 1718 1965 1755 intenduntur,
1981 1719 2079 1750 etiam
2095 1728 2114 1749 a
2128 1724 2244 1750 natura
2257 1717 2403 1750 inferiori
2418 1727 2495 1759 pro-

1420 1761 1598 1793 ducuntur:
1623 1768 1660 1793 ut
1682 1762 1833 1794 animalia
1855 1763 1964 1803 genita
1987 1772 2025 1794 ex
2049 1763 2183 1794 semine.
2486 1794 2489 1795 γ

1475 1806 1570 1837 Circa
1600 1806 1693 1837 istam
1723 1807 1994 1848 propositionem,
2024 1807 2168 1838 Intentio
2199 1807 2332 1848 effectus
2361 1807 2495 1839 demon-

1418 1855 1503 1881 strat
1525 1855 1686 1892 agentem,
1711 1850 1944 1882 advertendum
1968 1851 2060 1892 quod
2091 1851 2260 1883 intendere
2285 1857 2335 1883 est
2362 1851 2494 1892 proprie

1418 1900 1567 1935 respectu
1591 1894 1674 1925 finis.
1699 1894 1777 1926 Ideo
1801 1895 1968 1927 intendere
1991 1894 2144 1927 effectum
2173 1895 2330 1935 aliquem,
2353 1901 2391 1926 ut
2417 1903 2494 1936 pto-

1418 1939 1525 1978 prium
1549 1938 1672 1969 scilicet
1695 1938 1859 1976 effectum,
1883 1939 1965 1970 nihil
1995 1939 2084 1970 aliud
2107 1945 2156 1971 est
2178 1948 2279 1980 quam
2307 1939 2441 1972 tendere
2461 1945 2496 1973 et

1417 1982 1564 2013 inclinari
1579 1983 1613 2013 in
1628 1983 1722 2013 illum
1737 1989 1894 2024 tanquam
1908 1984 1944 2014 in
1958 1983 2060 2015 finem
2076 1989 2108 2015 et
2129 1984 2306 2016 terminum
2321 1993 2400 2016 suae
2414 1993 2496 2025 ope·

1418 2027 1560 2057 rationis.
1585 2026 1724 2058 Constat
1745 2033 1856 2060 autem
1880 2027 1972 2068 quod
1994 2029 2059 2060 hoc
2082 2037 2151 2060 non
2174 2028 2329 2060 convenit
2354 2028 2418 2061 nisi
2437 2028 2495 2063 12ae

1418 2071 1507 2102 beuti
1530 2071 1564 2102 in
1587 2080 1621 2101 se
1653 2072 1852 2112 principium
1881 2072 2116 2113 productivum
2137 2072 2216 2104 dieti
2246 2072 2392 2105 effecms.
2415 2071 2494 2107 Ideo

1418 2116 1502 2146 bene
1525 2114 1643 2146 dicitur
1665 2115 1756 2157 quod
1782 2117 1919 2148 intentio
1943 2117 2076 2158 effictus
2099 2117 2301 2149 demonstrat
2323 2121 2496 2159 agenna:

1417 2159 1509 2196 idest,
1535 2159 1626 2200 quod
1641 2160 1766 2192 intendi
1788 2161 1912 2202 aliquid
1929 2162 1969 2192 ab
1985 2162 2094 2202 aliqua
2115 2168 2230 2194 nattira
2251 2167 2409 2202 tauquam
2423 2162 2495 2195 dtis

1418 2203 1562 2241 effectus,
1579 2204 1780 2236 demonstrat
1793 2206 1882 2237 illam
1897 2211 2047 2238 naturam
2065 2215 2135 2238 esee
2149 2206 2236 2239 illius
2251 2205 2494 2247 productim:

1417 2257 1487 2280 non
1503 2249 1591 2280 enim
1606 2250 1816 2281 inclinaretur
1830 2251 1865 2282 in
1880 2250 1974 2282 illum
1989 2250 2143 2282 effectum
2158 2260 2177 2281 a
2192 2260 2228 2283 se
2241 2250 2494 2291 producendum

1417 2294 1478 2324 nisi
1501 2293 1633 2324 haberet
1655 2294 1689 2325 in
1713 2304 1748 2325 se
1770 2295 1969 2336 principium
1991 2295 2078 2327 illius
2100 2294 2342 2336 productivum.
2365 2295 2408 2327 Et
2429 2295 2494 2329 hec

1417 2337 1600 2369 secundum
1623 2338 1848 2371 conditionem
1870 2340 2070 2371 intentionis.
2094 2339 2130 2371 Si
2151 2340 2241 2371 erum
2263 2339 2438 2373 inclinetur
2452 2339 2494 2373 ed

1417 2381 1667 2423 producendum
1691 2382 1844 2415 effectum
1866 2383 2064 2421 immediate,
2086 2389 2166 2415 tunc
2189 2389 2321 2424 oportet
2342 2389 2380 2416 ut
2401 2384 2437 2415 in
2458 2393 2494 2415 se

1417 2427 1604 2468 proximum
1619 2428 1818 2468 principium
1833 2428 1920 2460 illius
1934 2427 2069 2461 effectus
2088 2428 2220 2461 babeat:
2245 2434 2282 2461 ut
2304 2427 2430 2461 dietum
2444 2433 2494 2463 eet

1417 2471 1459 2503 de
1481 2472 1590 2504 anima
1604 2472 1748 2504 humana
1762 2479 1913 2514 respectu
1928 2473 2153 2505 aben-actionis
2166 2471 2414 2509 universalium
2438 2481 2494 2506 ex·

1416 2516 1600 2557 perimento
1625 2517 1713 2548 enirn
1737 2523 1865 2548 constat
1888 2517 1979 2558 quod
2005 2527 2069 2549 nos
2098 2526 2259 2551 conamur
2281 2516 2323 2549 ad
2344 2515 2494 2552 conde*

1416 2560 1576 2592 rationem
1600 2561 1832 2593 universalium
1853 2562 1977 2604 absque
1997 2561 2243 2595 conditionibus
2263 2561 2493 2599 materialibus,

1416 2605 1509 2645 quod
1531 2611 1579 2636 est
1601 2606 1785 2637 abstrahere
1807 2606 2000 2638 universalia
2015 2616 2034 2638 a
2049 2606 2305 2647 particularibus.
2330 2605 2365 2638 Si
2383 2610 2494 2640 aum

1416 2649 1563 2682 intendat
1584 2649 1738 2682 effectum
1760 2656 1917 2692 tanquam
1932 2651 2059 2691 abipsa
2081 2655 2207 2683 remote
2230 2649 2492 2691 producendum.

1416 2699 1548 2735 oportet
1562 2699 1599 2725 ut
1614 2694 1731 2726 habeat
1753 2695 1787 2726 in
1803 2704 1838 2726 se
1852 2695 2050 2736 principium
2065 2695 2153 2727 illius
2168 2693 2302 2727 effeetus
2317 2699 2492 2729 mmmm.

1470 2738 1614 2770 Adverte
1636 2738 1729 2780 quod
1750 2740 1833 2770 ratio
1856 2739 1937 2771 haec
1960 2744 2008 2771 est
2029 2739 2086 2771 illa
2109 2748 2210 2780 quarn
2236 2739 2333 2780 ponit
2355 2738 2492 2773 Saum

1415 2782 1562 2815 Thomas
1576 2783 1684 2815 Prima
1699 2783 1802 2821 Parte,
1813 2793 1847 2824 q.
1859 2793 1963 2820 ιω,
1975 2793 2005 2817 a.
2017 2793 2050 2824 4.
2063 2783 2128 2816 Sed
2142 2783 2224 2816 haec
2240 2792 2280 2816 ex
2291 2782 2493 2824 perfectione

1415 2833 1506 2860 actus
1527 2827 1730 2868 intelligendi
1745 2827 1786 2860 ad
1809 2828 1873 2860 hoc
1891 2834 2020 2861 tantum
2041 2827 2175 2861 deducit
2192 2827 2284 2869 quod
2299 2827 2492 2869 oportetilli

1414 2872 1566 2912 assignari
1588 2873 1756 2913 propriam
1778 2882 1920 2905 causam.
1951 2873 2008 2905 Illa
2030 2878 2142 2905 autem
2167 2872 2302 2905 ulterius
2325 2881 2364 2904 ex
2387 2870 2493 2913 perio-

1414 2917 1524 2948 ctione
1547 2917 1675 2950 atrimae
1697 2917 1913 2950 intellectiva
1934 2917 2040 2958 arguit
2058 2922 2211 2958 oportere
2233 2917 2269 2950 in
2291 2917 2361 2957 ipss
2382 2916 2492 2950 anime

1414 2970 1484 2992 ease
1507 2960 1604 2993 telem
1627 2962 1795 2999 virtutem;
1826 2967 1983 3003 tanquam
2012 2971 2151 3002 arguens
2180 2961 2316 2994 interius
2339 2959 2442 3002 quod.
2464 2961 2492 2997 ti

1413 3011 1545 3046 oportet
1567 3006 1602 3037 in
1625 3011 1739 3038 natura
1761 3005 1907 3039 inferiori
1933 3015 2003 3039 esse
2025 3007 2178 3040 vimina
2209 3005 2377 3046 propriam
2400 3009 2492 3039 acuis

1412 3049 1613 3091 intelligendi
1635 3050 1874 3091 productivum,
1898 3059 2031 3083 necesse
2055 3055 2104 3083 est
2125 3055 2164 3083 ut
2185 3049 2240 3083 ille
2262 3050 2304 3082 eit
2325 3049 2359 3082 in
2382 3049 2492 3085 anina

1412 3095 1566 3132 humana,
1591 3095 1668 3135 quia
1690 3095 1914 3127 nobilissimus
1937 3094 2072 3128 effectus
2095 3094 2192 3128 debet
2213 3094 2334 3127 habere
2354 3093 2489 3128 treffl-

1413 3140 1528 3171 simam
1551 3148 1701 3177 causeam
1724 3140 1806 3172 nihil
1829 3145 1939 3172 autem
1970 3140 2005 3171 in
2032 3139 2101 3171 istis
2127 3138 2337 3171 inferioribus
2358 3142 2408 3170 eet
2427 3145 2490 3171 no·

1414 3183 1510 3216 bilius
1532 3184 1641 3216 anima
1663 3184 1815 3217 humana.

1469 3228 1538 3259 XV.
1563 3228 1673 3260 Nono.
1698 3228 1812 3262 Home
1842 3234 1892 3261 est
1924 3227 2179 3269 perfectissimus
2198 3227 2283 3259 inter
2303 3225 2417 3259 omi·
2438 3225 2488 3258 in-

1412 3271 1530 3305 feriora
1551 3273 1727 3306 moventia.
1751 3273 1793 3304 Et
1815 3274 1887 3306 eius
1909 3273 2041 3314 propria
2056 3277 2089 3304 et
2103 3270 2257 3305 naturali·
2274 3269 2424 3310 opemtio
2439 3274 2489 3302 est

1411 3317 1600 3358 intell'gere.
1625 3317 1712 3358 Ergo
1728 3322 1860 3358 oportet
1881 3318 1916 3350 in
1938 3318 2010 3358 ipsa
2024 3325 2095 3349 esse
2109 3314 2308 3357 principium
2325 3312 2489 3348 sufficione

1413 3360 1454 3393 ad
1476 3361 1733 3402 intelligendum.
1750 3362 1839 3403 Ergo
1855 3367 1903 3395 est
1917 3362 1953 3395 in
1965 3362 2038 3402 ipse
2059 3359 2246 3393 intellectus
2264 3367 2364 3399 agens
2386 3363 2420 3391 et
2438 3358 2488 3392 in-

1412 3405 1561 3438 tellectus
1575 3406 1748 3447 possibilis.
1760 3424 1784 3430 -
1798 3406 1956 3440 Probanir
1970 3405 2075 3446 prim
2089 3403 2335 3443 consequentia.
2351 3402 2440 3441 Quia
2454 3402 2488 3433 in

1412 3455 1527 3483 namra
1549 3450 1723 3485 cuiuslibet
1742 3451 1909 3484 moventia
1921 3454 1970 3483 eet
1983 3447 2182 3490 principium
2196 3446 2360 3480 sufficiens
2375 3446 2416 3481 ad
2431 3456 2488 3481 na·

1412 3494 1551 3527 malem
1565 3495 1636 3527 eius
1658 3495 1896 3536 operationem,
1911 3494 1979 3526 sive
1993 3493 2028 3525 in
2043 3492 2172 3525 actione
2190 3493 2257 3524 sive
2279 3492 2314 3525 in
2337 3491 2489 3532 passione

1413 3539 1577 3572 consistat.
1592 3557 1617 3562 —
1631 3538 1783 3573 Secunde
1804 3539 1903 3571 etiarn
1924 3537 2091 3578 probetur.
2114 3535 2202 3575 Quia
2224 3535 2405 3577 intelligere
2419 3544 2488 3570 non

1413 3583 1598 3624 completur
1620 3583 1691 3616 sine
1713 3583 1876 3624 passione.
1899 3590 1966 3622 qus
1987 3580 2170 3614 intellectus
2185 3580 2347 3622 possibilis
2369 3579 2490 3622 patim

1413 3627 1453 3658 ab
1475 3627 1686 3668 intelho'biffl
1708 3635 1818 3667 neque
1839 3626 1910 3659 eine
1932 3625 2072 3662 actione,
2097 3634 2162 3666 qua
2184 3625 2368 3658 intellectus
2390 3633 2489 3665 egens

1413 3672 1489 3704 facit
1511 3671 1722 3711 intelligibilia
1744 3671 1780 3702 in
1802 3675 1886 3702 ectu.

2524 1101 2533 1110 '
2543 1099 2580 1122 cf.
2590 1099 2623 1122 m
2636 1099 2666 1121 de
2682 1099 2739 1122 Ani-

2523 1131 2569 1152 ma,
2579 1131 2610 1154 iv,
2620 1133 2639 1149 ι.
