2664 4120
239 263 324 289 XLIV

294 329 403 360 Editio
432 327 528 356 Piana
561 324 708 364 Operum
740 322 770 353 S.
804 322 954 352 Thomae
985 330 1099 351 recusa
1130 325 1177 350 est
1207 319 1315 349 Vene-

238 375 299 411 tiis,
323 381 409 403 anno
439 370 531 410 1593,
556 367 643 408 apud
667 367 880 397 Dominicum
908 365 1100 396 Nicolinum
1131 370 1163 394 et
1187 364 1313 394 Socios.

238 420 371 451 Summa
395 415 516 445 Contra
534 412 679 443 Gentiles
704 418 735 442 et
752 410 997 442 Commentaria
1013 418 1140 439 nonum
1158 409 1314 438 volumen

239 462 450 494 constituunt.

291 503 534 536 Commentaria
572 502 732 532 habentur
771 501 869 530 etiam
908 500 941 529 in
981 498 1125 528 editione
1165 497 1314 537 Operum

238 550 394 582 Omnium
420 548 451 578 S.
469 547 629 582 Thomae‚
647 555 741 586 quae,
767 549 900 575 curante
925 543 1047 574 Cosma
1067 542 1230 578 Morelles,
1246 543 1316 572 An-

235 595 379 634 tuerpiae
402 593 558 632 impressa
582 597 639 627 est,
664 599 751 621 anno
776 590 870 625 1612,
896 598 954 629 per
977 588 1134 618 Ioannem
1155 587 1315 617 Keerber-

235 641 336 680 gium,
361 647 445 678 quae
470 642 502 667 et
529 637 599 677 ipsa
628 636 761 666 Pianam
789 634 946 673 sequitur.

292 684 327 714 In
364 682 507 713 editione
542 681 691 721 Operum
730 679 890 709 Omnium
929 678 960 709 S.
996 677 1147 707 Thomae
1186 676 1314 706 Parisiis

235 737 322 760 anno
354 727 438 757 1660
474 726 655 762 terminata,
691 724 779 764 apud
815 723 1011 754 Societatem
1040 721 1313 762 Bibliopolarum,

234 782 311 803 xxm
338 771 560 802 voluminibus
589 771 621 800 in
659 769 750 807 folio,
782 768 918 798 Summa
953 767 1077 798 Contra
1105 766 1252 797 Gentiles
1283 770 1314 796 et

235 816 479 849 Commentaria
511 815 578 845 duo
603 814 771 844 volumina
805 817 979 853 occupant,
1014 821 1070 841 xm
1101 817 1133 841 et
1157 821 1219 847 xxv,
1240 823 1254 837 ‹
1275 809 1315 841 ad

235 862 333 893 fidem
356 860 497 891 Romani
518 858 639 889 codicis
660 858 786 893 collata,
804 868 821 887 a
844 857 955 887 multis
979 857 1076 886 etiam
1094 865 1178 896 quae
1202 856 1234 886 in
1261 865 1314 885 su-

234 907 414 948 perioribus
448 903 715 944 impressionibus
751 903 943 942 irrepserant
977 900 1105 931 mendis
1140 900 1313 937 vindicata,

233 952 384 992 typisque
404 949 582 989 aptioribus
605 948 703 987 longe
719 956 818 987 quam
835 952 929 977 antea
951 955 1098 986 unquam
1123 955 1257 976 excussa
1284 958 1311 975 ›.

234 994 477 1026 Commentaria
493 998 568 1033 post
584 998 707 1022 textum
732 997 910 1031 ponuntur.
932 990 1121 1021 Secundum
1141 989 1313 1021 indicatio-

232 1049 309 1070 nem
325 1049 408 1080 quae
425 1039 458 1068 in
476 1037 672 1077 frontispitio
686 1037 781 1077 primi
800 1037 950 1066 omnium
964 1035 1171 1066 voluminum
1185 1035 1312 1076 legitur,

232 1086 312 1115 haec
336 1083 436 1114 editio
461 1082 569 1122 Opera
593 1081 624 1112 S.
658 1082 807 1112 Thomae
833 1081 961 1111 exhibet
995 1094 1008 1106 ‹
1041 1081 1157 1121 partim
1186 1090 1203 1110 a
1231 1081 1312 1110 Rev.

233 1130 326 1159 Patre
354 1128 474 1158 Ioanne
503 1126 640 1162 Nicolai,
658 1136 695 1156 ex
714 1125 837 1156 Ordine
866 1125 1141 1162 Praedicatorum,
1167 1125 1312 1156 Doctore

232 1173 406 1213 Theologo
422 1172 591 1202 Parisiensi
609 1177 640 1201 et
663 1172 695 1201 in
721 1171 836 1200 maiori
861 1176 1028 1201 conventu
1053 1170 1210 1201 Primario
1234 1171 1312 1200 Pro-

231 1218 362 1254 fessore,
393 1227 411 1247 a
442 1216 568 1247 mendis
595 1221 771 1256 expurgata
797 1221 829 1246 et
859 1215 946 1246 notis
979 1215 1211 1256 marginalibus
1238 1215 1312 1246 illu·

231 1268 336 1299 strata,
350 1262 466 1302 partim
483 1262 521 1291 ab
539 1261 608 1291 aliis
626 1261 772 1291 Patribus
789 1259 936 1291 eiusdem
949 1259 1081 1291 Ordinis
1097 1259 1269 1291 emendata
1282 1273 1309 1291 ι.

232 1308 314 1346 Quis
338 1312 448 1337 autem
479 1305 648 1336 Summam
678 1305 802 1336 Contra
831 1304 979 1336 Gentiles
1009 1313 1041 1336 et
1065 1305 1312 1337 Commentaria

231 1352 398 1388 curaverit,
430 1359 498 1381 non
529 1355 672 1391 apparet.
705 1350 792 1381 Huic
817 1349 954 1381 editioni
988 1349 1310 1381 Commentariorum

230 1397 348 1438 siglum
372 1396 604 1436 assignavimus
628 1395 766 1426 litteram
789 1394 1005 1426 maiusculam
1028 1395 1068 1426 N.

286 1485 475 1526 Sequuntur
499 1484 566 1515 duo
591 1484 719 1515 saecula
736 1490 767 1515 et
783 1483 955 1515 dimidium
972 1485 1042 1515 sine
1065 1494 1152 1515 nova
1175 1485 1311 1525 impres-

229 1531 322 1562 sione
339 1530 662 1561 Commentariorum
675 1529 896 1565 Ferrariensis‚
909 1529 985 1560 licet
1000 1529 1137 1560 durante
1151 1529 1208 1560 illo
1229 1535 1311 1560 tem-

228 1585 310 1616 pore
333 1581 439 1606 textus
455 1573 487 1606 S.
513 1575 663 1605 Thomae
688 1574 808 1614 pluries
830 1583 964 1605 recusus
987 1579 1045 1605 est.
1070 1573 1220 1605 Tandem
1243 1574 1311 1604 Ro-

228 1629 311 1657 mae,
329 1620 521 1660 Sumptibus
545 1625 576 1650 et
598 1619 701 1660 Typis
719 1619 1001 1660 Orphanotrophii
1019 1629 1037 1650 a
1053 1618 1085 1650 S.
1103 1619 1310 1660 Hieronymo

230 1665 415 1702 Aemiliani,
432 1665 525 1694 annis
555 1664 762 1704 1897—1901,
779 1664 901 1704 publici
918 1665 995 1694 iuris
1019 1663 1103 1694 facta
1127 1670 1174 1694 est
1201 1676 1216 1692 α
1235 1663 1312 1694 Edi-

229 1710 277 1740 tio
301 1710 488 1745 novissima,
514 1708 553 1740 ad
578 1708 675 1740 fidem
701 1709 893 1749 antiquioris
924 1708 1115 1749 exemplan's
1146 1709 1312 1749 impressa,

229 1764 388 1795 novoque
416 1753 530 1784 ordine
558 1753 691 1794 digesta,
719 1763 796 1785 cura
824 1760 856 1785 et
887 1753 996 1784 studio
1025 1753 1169 1784 loachim
1194 1753 1311 1790 Sestili,

231 1799 264 1832 S.
288 1799 352 1830 Th.
377 1799 530 1830 Doctoris
551 1811 577 1829 ι.

285 1844 375 1875 Haec
400 1843 500 1874 editio
516 1843 556 1873 ab
573 1843 727 1874 omnibus
744 1843 1013 1884 praecedentibus
1035 1844 1068 1873 in
1086 1843 1234 1883 plurimis
1250 1842 1311 1874 dif-

228 1888 306 1919 fert:
331 1889 412 1919 10110
441 1889 546 1928 ipsam
574 1887 711 1918 ornandi
735 1889 769 1919 in
794 1888 1050 1929 praefationibus
1073 1887 1170 1927 primi
1199 1893 1231 1918 et
1261 1887 1311 1918 ul-

227 1934 299 1964 timi
322 1933 500 1964 voluminis
524 1933 707 1973 exponitur.
734 1933 859 1964 Totum
883 1942 970 1973 opus
993 1934 1025 1963 in
1051 1938 1193 1972 quatuor
1216 1932 1311 1963 volu-

227 1978 316 2008 mina
340 1978 547 2009 distributum
563 1983 620 2013 est,
638 1977 871 2018 magnitudinis
887 1986 988 2018 quam
1007 1982 1126 2008 vocant
1142 1978 1175 2007 in
1193 1982 1310 2018 quarto

227 2032 339 2063 parvo.
363 2023 413 2053 Ne
437 2022 645 2053 voluminum
668 2022 773 2053 moles
802 2029 833 2054 et
857 2023 998 2063 pretium
1026 2023 1123 2052 nimis
1147 2031 1311 2052 excresce-

226 2073 308 2104 rent,
337 2068 406 2098 sine
434 2072 524 2098 textu
555 2066 587 2098 S.
617 2067 767 2098 Thomae
800 2067 886 2098 edita
916 2073 1002 2098 sunt.
1035 2067 1228 2107 Paragraphi
1259 2067 1310 2098 vel

226 2113 373 2143 membra
389 2111 625 2142 Commentarii
650 2111 852 2153 frequentius
869 2112 970 2143 divisa
985 2111 1128 2148 suerunt,
1152 2121 1309 2152 novoque

226 2157 311 2198 stylo
335 2157 572 2198 typographico
597 2156 776 2194 distributa,
804 2156 907 2188 modo
938 2157 1091 2191 romanis,
1121 2156 1224 2187 modo
1251 2157 1310 2187 ita-

226 2202 295 2232 licis
330 2202 442 2232 litteris
473 2201 631 2238 adhibitis,
664 2201 766 2232 modo
798 2201 1013 2238 tenuioribus,
1042 2200 1145 2232 modo
1175 2202 1310 2232 crassio-

226 2246 324 2277 ribus.
343 2246 394 2277 Ad
409 2246 574 2286 longiores
590 2246 800 2277 Feri-ariensis
817 2246 1060 2287 disquisitiones
1075 2245 1159 2276 tituli
1176 2245 1309 2286 praefixi

227 2291 368 2322 fuerunt.
393 2290 598 2329 Quibusdam
624 2291 774 2332 capitulis
797 2291 919 2322 scholia
943 2291 1089 2322 subiecta
1114 2290 1255 2327 fuerunt,
1278 2296 1310 2322 et

226 2336 260 2366 in
286 2335 372 2366 calce
396 2336 468 2366 libri
490 2336 575 2366 tertii
599 2335 785 2377 adiungitur
815 2336 992 2377 disputatio
1024 2335 1064 2366 de
1095 2335 1308 2376 possibilitate

227 2385 260 2410 et
283 2379 442 2411 desiderio
467 2380 594 2411 divinae
618 2381 763 2412 visionis.
789 2381 905 2412 Sacrae
934 2380 1118 2421 Scripturae
1146 2380 1244 2411 verba
1268 2379 1308 2411 ad

227 2425 400 2465 Vulgatam
424 2425 556 2456 reducta
575 2424 717 2462 fuerunt,
742 2431 832 2457 textu
861 2426 985 2466 integre
1017 2425 1196 2465 exscripto:
1221 2425 1308 2456 idem

227 2469 268 2501 de
284 2469 339 2501 SS.
357 2470 487 2500 Patrum
508 2470 702 2501 testimoniis
727 2475 886 2502 curatum.
903 2471 1033 2501 Praeter
1057 2470 1231 2500 elenchum
1256 2479 1308 2500 ca-

227 2514 419 2555 pitulorum,
451 2515 585 2545 accessit
611 2515 726 2555 triplex
758 2515 871 2546 index:
905 2515 1166 2555 disputationum
1197 2514 1309 2546 Ferra-

227 2559 354 2596 riensis;
371 2560 601 2590 auctoritatum
614 2569 652 2591 ex
669 2560 738 2591 aliis
751 2561 906 2601 operibus
917 2560 950 2591 S.
967 2559 1118 2590 Thomae
1131 2558 1309 2600 depromp-

225 2609 346 2640 tarum3
364 2613 473 2635 rerum
489 2610 521 2635 et
537 2605 781 2636 sententiarum.
802 2605 930 2644 Quarto
947 2604 1107 2635 volumini
1124 2604 1309 2636 subiectum

227 2653 275 2679 est
291 2648 498 2689 Opusculum
523 2649 743 2687 Ferrariensis,
761 2650 810 2681 De
827 2649 1069 2681 Convenientia
1085 2649 1309 2680 institutorum

225 2693 395 2724 Romanae
414 2694 579 2725 Ecclesiae
599 2703 675 2725 cum
700 2695 896 2735 Evangelica
920 2694 1093 2725 Libertate.
1107 2710 1132 2716 —
1147 2693 1250 2732 Quod
1269 2693 1310 2725 ad

226 2743 349 2769 textum
374 2739 487 2770 attinet
511 2738 845 2776 Commentariorum,
870 2744 1004 2771 testatur
1031 2738 1136 2770 editor
1159 2748 1193 2770 se
1217 2748 1310 2779 prae-

227 2783 323 2823 cipue
346 2793 444 2814 usum
468 2783 566 2814 fuisse
590 2784 695 2824 prima
714 2785 850 2821 Veneta,
875 2785 970 2823 1524,
994 2789 1027 2814 et
1049 2782 1091 2814 ad
1114 2784 1185 2814 eius
1207 2782 1308 2815 fidem

227 2837 325 2858 suum
348 2833 472 2859 textum
497 2829 705 2868 potissimum
732 2830 890 2870 exegisse:
923 2828 1049 2860 collatis
1080 2834 1189 2859 tamen
1223 2829 1309 2860 Pari-

227 2873 323 2903 siensi
349 2874 444 2909 1552,
468 2873 681 2913 Lugdunensi
710 2874 804 2914 1567,
829 2874 979 2905 Romana
1003 2882 1062 2904 seu
1086 2873 1183 2904 Piana
1213 2874 1308 2914 1570,

227 2922 260 2947 01
283 2917 413 2948 alterius
437 2917 622 2948 parisiensis
644 2918 738 2949 1660.
755 2937 778 2941 -
794 2918 904 2950 Editio
928 2923 1062 2950 ornatur
1085 2918 1235 2958 benignis
1260 2918 1309 2949 lit-

227 2962 302 2992 teris
329 2961 457 2992 Summi
481 2961 648 2994 Pontificis
673 2963 794 2994 Leonis
819 2963 902 2999 XIlI,
927 2972 1058 2994 necnon
1084 2963 1310 2994 Eminentissi·

227 3015 359 3036 morum
379 3006 601 3038 Cardinalium
619 3007 774 3039 Parocchi
798 3014 831 3039 et
853 3008 977 3040 Satolli.
996 3025 1017 3030 -
1034 3007 1162 3039 Citatur
1177 3017 1195 3038 0
1213 3008 1309 3038 nobis

227 3060 286 3092 per
310 3050 427 3091 siglum
452 3051 484 3083 S.

285 3140 407 3171 Unicus
423 3146 529 3171 textus
546 3142 750 3172 authenticus
763 3142 1086 3173 Commentariorum
1099 3141 1310 3173 Ferrariensis

229 3184 282 3214 ille
307 3190 354 3215 est
370 3185 427 3225 qui
443 3186 477 3216 in
494 3187 597 3226 prima
615 3186 769 3223 editione,
791 3186 916 3218 Veneta
940 3187 1016 3218 anni
1043 3187 1137 3225 1524,
1162 3187 1309 3222 habetur,

230 3238 328 3268 quam
352 3230 474 3260 curavit
490 3230 600 3261 Frater
617 3231 769 3262 Iordanes
786 3230 826 3262 de
846 3231 962 3262 Brixia.
987 3231 1055 3270 Qui
1071 3231 1161 3262 enim
1185 3231 1310 3272 primus

230 3273 324 3303 aliam
349 3274 527 3306 editionem
552 3277 685 3312 curavit,
711 3275 870 3307 Claudius
898 3276 1068 3316 Spinaeus,
1097 3285 1184 3307 anno
1213 3275 1309 3311 1552,

230 3317 357 3348 nullum
374 3319 473 3349 alium
495 3319 621 3351 fontem
638 3321 751 3351 habuit
775 3321 836 3351 nisi
853 3326 1013 3352 vetustum
1037 3320 1208 3361 exemplar
1222 3319 1311 3361 quod

225 3370 327 3401 penes
341 3371 375 3392 se
391 3364 531 3400 extabat,
549 3365 672 3396 scilicet
695 3366 799 3406 ipsam
817 3365 977 3396 Venetam
994 3365 1185 3402 editionem,
1210 3374 1309 3405 quarn

237 3407 422 3437 emaculare
445 3413 476 3438 et
499 3419 665 3449 apparare
693 3410 866 3449 satagebat,
897 3410 1032 3451 singula
1056 3409 1256 3446 meditando,
1280 3414 1312 3440 et

233 3450 265 3480 in
290 3450 395 3481 dubiis
425 3452 687 3485 doctissimorum
717 3454 865 3485 virorum
891 3455 1013 3486 iudicio
1033 3454 1176 3486 adiutus.
1203 3454 1310 3486 Multo

232 3495 340 3524 minus
364 3497 573 3529 succedentes
597 3498 737 3529 editores
761 3499 895 3540 aliquod
915 3500 1150 3531 correctorium
1174 3499 1311 3530 authen-

233 3538 334 3568 ticum
351 3539 520 3572 habebant.
535 3543 685 3574 Restabat
702 3553 779 3583 ergo
798 3549 832 3574 ut
845 3544 925 3574 haec
942 3550 1051 3575 nostra
1069 3543 1169 3575 editio
1185 3549 1311 3575 textum

233 3583 355 3622 primae
373 3584 523 3616 editionis
548 3587 719 3618 exhiberet.
745 3588 838 3626 Quae
863 3594 983 3625 tamen,
1000 3589 1246 3630 typothetarum
1261 3589 1310 3619 in-

234 3627 321 3657 curia
345 3628 470 3659 mendis
495 3629 559 3660 fere
584 3632 761 3662 innumeris
786 3639 922 3670 scatens,
948 3633 1177 3664 emendatione
1201 3633 1311 3674 largis·

1368 320 1450 350 sima
1463 319 1638 359 indigebat.
1657 318 1722 350 Sed
1738 328 1800 349 nec
1816 319 1850 349 in
1866 319 1931 349 hoe
1947 317 2110 349 editiones
2121 321 2320 359 posteriores
2330 321 2456 362 aliquid

1369 364 1549 394 adiumenti
1580 364 1734 404 praebere
1763 368 1954 403 potuerunt.
1982 363 2168 395 'Claudiana
2197 365 2297 402 enim,
2320 365 2456 407 Lugdu-

1369 410 1488 444 nensis,
1505 409 1605 438 Piana
1621 413 1652 439 et
1668 408 1768 438 altera
1784 408 1981 444 Parisiensis,
2005 413 2134 439 tantum
2158 409 2258 446 abest,
2277 415 2315 441 ut
2329 415 2455 442 textum

1369 454 1601 494 primigenium
1617 453 1880 489 emaculaverint,
1895 452 1987 493 quod
2002 453 2112 493 ipsum
2124 454 2236 494 potius
2251 455 2355 495 magis
2366 455 2456 487 defe-

1369 504 1523 528 ctuosum
1539 497 1748 528 reddiderint.
1773 497 1924 528 Romana
1939 507 2018 528 vero
2035 507 2110 529 ann.
2133 498 2344 539 1897-1901,
2361 500 2455 532 valde

1368 543 1548 583 inaequalis
1565 548 1627 573 est:
1646 543 1703 573 ubi
1720 542 1838 573 doctus
1862 541 1968 573 editor
1993 548 2083 574 totus
2106 543 2139 574 in
2164 553 2226 574 suo
2250 553 2352 584 opere
2377 550 2455 582 erat,

1369 597 1493 618 errores
1526 587 1647 618 detexit
1674 593 1706 618 et
1740 587 1800 618 rite
1836 587 1988 623 correxit3
2012 588 2198 628 inspicienti
2225 594 2336 620 tamen
2369 589 2455 621 clare

1368 637 1503 672 apparet
1526 641 1634 672 saepe,
1659 633 1763 662 immo
1784 632 1982 672 saepissime,
2006 641 2075 663 non
2099 632 2140 663 de
2165 633 2230 664 alio
2254 634 2306 674 agi
2327 635 2391 665 nisi
2411 634 2454 666 de

1367 677 1623 717 repr-eductione
1649 676 1808 707 materiali
1841 675 2025 708 editionum
2054 677 2333 718 praecedentium,
2364 688 2454 710 erro-

1367 722 1457 753 ribus
1481 731 1567 762 quae
1590 723 1624 752 in
1649 722 1695 752 eis
1718 726 1796 752 sunt
1818 722 1938 752 iterum
1961 722 2137 762 impressis.

1424 767 1475 798 Ne
1498 767 1579 798 haec
1603 776 1689 807 quae
1713 765 1854 807 diximus
1876 766 1974 806 gratis
1990 767 2089 798 asseri
2112 767 2347 804 existimentur,
2363 777 2454 799 sexa-

1367 812 1457 852 ginta
1480 812 1554 843 loca
1585 811 1816 852 subiungimus
1843 819 1883 841 ex
1913 811 2022 851 primo
2047 816 2080 842 et
2107 811 2254 843 secundo
2281 812 2367 844 libro
2397 812 2454 844 de-

1367 862 1509 898 sumpta.
1534 857 1584 887 Ex
1606 857 1656 887 his
1680 857 1713 887 in
1738 855 1870 896 triginta
1884 864 1941 886 sex
1956 855 2040 886 locis
2056 855 2157 887 editio
2180 857 2286 897 prima
2309 866 2453 889 errorem

1367 902 1474 933 habet.
1500 901 1683 933 Claudiana
1702 906 1734 931 et
1751 899 1981 941 Lugdunensis
2005 909 2118 932 omnes
2140 901 2203 932 hos
2225 910 2351 933 errores
2373 911 2453 934 con-

1368 952 1482 984 servat,
1503 947 1603 977 Piana
1627 955 1740 977 omnes
1757 949 1896 986 praeter
1918 950 1985 977 tres
2011 944 2055 987 (2.
2081 945 2135 976 30.
2161 944 2242 987 52.)‚
2264 946 2453 979 parisiensis

1368 992 1467 1023 altera
1491 1001 1604 1022 omnes
1620 995 1759 1032 praeter
1782 1000 1895 1022 unum.
1912 990 2062 1021 Romana
2078 999 2154 1021 ann.
2176 989 2370 1032 1897-1901
2390 1001 2453 1024 un-

1368 1036 1474 1068 decim
1492 1036 1633 1077 corrigit,
1658 1035 1778 1077 viginti
1793 1035 1936 1076 quinque
1951 1041 2132 1066 conservat.
2149 1053 2172 1057 -
2186 1035 2321 1066 Restant
2339 1037 2454 1076 viginti

1368 1087 1510 1122 quatuor
1540 1081 1614 1112 loca
1643 1081 1678 1111 in
1713 1081 1833 1121 quibus
1859 1080 1966 1121 prima
1995 1079 2096 1111 editio
2123 1079 2194 1111 sine
2225 1089 2335 1112 errore
2363 1081 2452 1122 legit.

1367 1127 1497 1157 Bonam
1519 1131 1630 1157 tamen
1654 1125 1832 1156 lectionem
1854 1124 2085 1165 Lugdunensis
2110 1134 2239 1165 semper
2261 1126 2453 1167 corrumpit,

1368 1171 1549 1203 Claudiana
1573 1176 1605 1202 et
1631 1170 1818 1202 parisiensis
1845 1170 1945 1201 altera
1967 1169 2016 1201 bis
2039 1174 2072 1201 et
2093 1169 2203 1206 vicies,
2226 1169 2327 1202 Piana
2348 1175 2401 1202 ter
2422 1175 2455 1202 et

1368 1217 1476 1252 vicies,
1493 1217 1643 1246 Romana
1658 1224 1772 1246 recens
1790 1214 1908 1256 septies
1926 1213 1971 1256 (3.
1990 1223 2043 1255 24.
2062 1223 2115 1255 27.
2141 1213 2194 1245 38.
2217 1224 2274 1255 40.
2300 1215 2354 1255 54.
2371 1214 2453 1257 57.).

1368 1307 1415 1337 A:
1447 1306 1556 1337 Venet.
1591 1306 1685 1342 1524,
1716 1303 1767 1335 ed.
1795 1304 1917 1346 prima.
1945 1321 1967 1328 -
1999 1303 2047 1335 C:
2073 1303 2171 1336 Paris
2196 1304 2293 1341 1552,
2320 1304 2371 1336 ed.
2402 1313 2453 1336 se-

1424 1350 1533 1382 cunda
1555 1369 1579 1373 -
1602 1350 1651 1380 L.-
1673 1349 1782 1391 Lugd.
1806 1347 1899 1389 1567,
1923 1348 1973 1380 ed.
1991 1349 2100 1380 tertia.
2123 1366 2148 1372 -
2169 1348 2215 1380 1².-
2236 1349 2333 1381 Rom.
2357 1349 2450 1390 1570,

1425 1396 1516 1427 iussu
1539 1394 1574 1426 S.
1597 1394 1650 1425 Pii
1678 1394 1711 1425 V.
1727 1412 1751 1418 -
1766 1394 1803 1425 N
1808 1401 1820 1425 .·
1841 1393 1920 1425 Par.
1943 1392 2038 1426 1660.
2061 1411 2084 1417 -
2108 1392 2152 1424 S:
2172 1393 2269 1424 Rom.
2293 1391 2428 1436 1897·8.

1837 1473 1942 1500 LIBER
1961 1473 1979 1499 1.

1371 1538 1400 1564 1.
1417 1529 1500 1571 Cap.
1526 1529 1556 1567 3,
1573 1539 1606 1561 11.
1631 1528 1737 1560 Cuius
1759 1527 1974 1560 substantiam
1989 1527 2176 1559 intellectus
2190 1527 2452 1569 comprehendit,

1424 1575 1536 1606 omnia
1559 1574 1600 1606 de
1623 1583 1666 1605 eo
1689 1573 1904 1614 intelligibilia
1927 1572 2086 1613 cognosci
2107 1577 2256 1613 possunt.
2281 1572 2346 1604 AS.

1480 1619 1596 1655 CLPN
1609 1641 1636 1650 ..
1648 1642 1655 1649 .
1670 1619 1782 1649 omnia
1805 1618 1846 1650 de
1868 1617 1941 1648 Deo
1965 1616 2180 1657 intelligibilia
2202 1618 2359 1658 cognosci
2374 1627 2453 1660 pos-

1535 1669 1622 1695 sunt.

1368 1718 1398 1740 2.
1415 1709 1498 1750 Cap.
1524 1708 1555 1746 3,
1571 1719 1602 1739 v.
1626 1708 1690 1739 Pro
1707 1707 1899 1739 auctoritate
1911 1706 2106 1747 Philosophi
2120 1705 2367 1739 advertendum.
2390 1706 2450 1740 Ps.

1479 1754 1510 1784 A
1525 1763 1620 1785 casu:
1643 1762 1705 1794 pro
1718 1752 1945 1784 auctoritatem
1960 1751 2152 1792 Philosophi
2167 1750 2412 1784 advertendum.
2426 1769 2452 1777 -

1536 1797 1610 1835 CL;
1643 1798 1757 1839 primo
1794 1797 2023 1828 auctoritatem
2053 1795 2247 1837 Philosophi
2281 1795 2451 1829 adverten-

1535 1843 1625 1874 dum.
1643 1861 1666 1865 —
1688 1842 1737 1874 N:
1756 1842 1870 1883 primo
1892 1841 1938 1873 ad
1960 1841 2242 1872 auctoritatem...

1367 1888 1398 1920 3.
1414 1887 1495 1919 lbid.
1518 1887 1607 1919 Hinc
1631 1887 1814 1918 Manichaei
1837 1895 1927 1918 error
1950 1884 2146 1927 exploditur.
2170 1884 2242 1917 AC.

1478 1932 1605 1964 LPNS:
1628 1931 1698 1963 Hic
1720 1941 1782 1973 pro
1805 1931 1907 1963 Hinc.
2421 1957 2423 1961 .

1364 1986 1397 2017 4.
1415 1976 1497 2018 Cap.
1521 1987 1555 2018 4,
1571 1987 1607 2008 m
1622 1976 1709 2008 med.
1737 1976 1816 2007 Non
1839 1976 1928 2008 enim
1950 1975 1986 2006 in
2008 1974 2227 2007 nobilissimas
2242 1974 2452 2015 operatione·

1424 2028 1535 2064 potest
1557 2022 1742 2053 intellectus
1755 2043 1763 2052 .
1773 2043 1781 2052 .
1791 2043 1799 2052 .
1812 2019 1846 2053 S.
2382 2036 2385 2037 ν

1477 2067 1508 2098 Α
1530 2076 1592 2108 pro
1605 2071 1714 2108 potest
1727 2066 1847 2107 sigium
1862 2063 1981 2097 falsum
1990 2066 2062 2106 pff.
2078 2080 2102 2086 -
2116 2062 2248 2096 CLPN:
2267 2063 2346 2096 Nou
2361 2063 2451 2098 enfin

1533 2112 1568 2143 in
1593 2111 1813 2143 nobilissimas
1835 2110 2044 2152 operationes
2063 2108 2232 2149 potentiae
2254 2108 2448 2142 intellectus

1365 2156 1396 2188 5.
1414 2156 1493 2188 lbid.
1508 2156 1616 2192 Multo
1628 2156 1726 2197 igitur
1738 2156 1890 2187 minus.-
1901 2152 2089 2186 ACLPNS:
2103 2152 2212 2186 Multo
2220 2153 2319 2194 igitur
2329 2153 2448 2197 mgis.

1364 2201 1396 2232 6.
1413 2200 1496 2243 Cap.
1523 2202 1552 2239 5,
1569 2211 1590 2238 1,
1609 2211 1627 2232 2
1645 2210 1727 2232 vers.
1744 2199 1800 2231 fin.
1817 2198 2048 2241 Respondetut
2059 2197 2153 2239 quod
2165 2199 2215 2231 vie
2230 2197 2365 2231 rationi·
2378 2204 2448 2231 non

1420 2251 1482 2277 stat
1505 2246 1539 2277 in
1562 2246 1639 2278 1100.
1662 2245 1726 2277 AS.

1477 2290 1607 2322 CLPN:
1683 2288 1774 2331 quod
1798 2289 1852 2320 via
1874 2288 2010 2320 rationis
2031 2298 2102 2321 non
2123 2292 2186 2321 stat
2207 2288 2243 2319 in
2266 2287 2342 2320 hoe.
2410 2313 2411 2317 ,
2435 2296 2437 2298 ·

1363 2345 1395 2376 7.
1411 2335 1494 2376 Cap.
1521 2336 1550 2372 5,
1568 2345 1598 2372 v,
1616 2335 1634 2366 3
1652 2334 1748 2366 med.·
1759 2343 1817 2375 per
1832 2333 2013 2366 naturalem
2028 2333 2276 2366 inclinationem
2298 2332 2450 2374 intelligit

1419 2389 1488 2411 non
1512 2380 1759 2411 inclinationem
1782 2384 1916 2410 naturae
1933 2401 1941 2409 .
1951 2402 1959 2410 .
1970 2402 1978 2410 .
1994 2378 2052 2410 sed
2066 2383 2179 2410 actum
2193 2377 2341 2410 elicitum
2354 2387 2375 2410 0
2389 2386 2448 2411 vo-

1419 2425 1555 2456 luntate.
1579 2424 1611 2456 S.

1476 2470 1507 2500 A
1529 2479 1590 2510 pro
1605 2468 1672 2505 sed,
1690 2468 1808 2510 sigium
1826 2467 1944 2500 falsum
1958 2468 2018 2499 sm.
2034 2485 2057 2491 —
2073 2467 2188 2500 CLPN
2202 2488 2211 2499 .
2222 2488 2232 2498 .
2243 2489 2252 2498 .
2267 2466 2448 2499 secundum

1532 2520 1643 2546 actum
1666 2514 1812 2545 elicitum
1835 2522 1854 2544 a
1877 2513 2056 2544 voluntate.
2362 2535 2365 2537 -

1364 2559 1396 2591 8.
1413 2558 1495 2600 Cap.
1519 2568 1540 2599 7
1557 2559 1628 2590 init.
1645 2559 1784 2600 primam
1800 2558 1968 2589 veritatem
1983 2558 2047 2599 ipsi
2063 2557 2183 2589 rationi
2201 2556 2342 2590 naturali
2354 2563 2449 2589 oon·

1444 2610 1520 2635 arat.
1544 2603 1609 2635 AS.
2386 2619 2388 2621 >

1419 2613 1441 2645 p
1476 2648 1592 2680 CLPN
1668 2648 1731 2689 ipsi
1754 2647 1872 2679 rationi
1896 2647 2099 2678 naturaliter
2121 2651 2300 2687 comparat.

1364 2703 1396 2734 9.
1413 2692 1496 2735 Cap.
1517 2701 1568 2730 10,
1586 2703 1598 2724 1
1613 2692 1669 2724 fin.
1687 2693 1764 2734 quia
1787 2691 1912 2733 duplici
1929 2701 1969 2724 ex
1992 2701 2091 2723 causa
2112 2690 2231 2723 diversi
2253 2690 2449 2725 arbitr-ntur

1415 2747 1534 2770 vanam
1557 2747 1628 2769 esse
1651 2737 1901 2779 inquisitionem
1913 2759 1922 2768 .
1936 2759 1945 2768 .
1959 2759 1968 2768 .
1980 2736 2083 2768 dictas
2105 2745 2220 2768 0011500
2241 2740 2401 2768 removet.

1476 2783 1507 2814 A
1522 2792 1583 2824 pro
1599 2782 1715 2820 dictas,
1732 2791 1828 2814 casu:
1845 2781 1991 2814 dilectas.
2003 2798 2027 2805 -
2041 2779 2158 2813 CLPN
2170 2802 2181 2812 .
2190 2802 2200 2812 .
2210 2802 2221 2811 .
2232 2779 2356 2812 allatae
2370 2788 2448 2813 enu-

1533 2837 1582 2859 sas
1605 2833 1764 2859 removet.
1838 2825 1878 2858 S:
1902 2826 2051 2858 diversae
2074 2834 2188 2858 causas
2210 2829 2370 2857 removet.

1368 2881 1417 2904 10.
1435 2872 1518 2914 Cap.
1541 2881 1590 2910 11,
1606 2882 1637 2910 x,
1655 2882 1686 2904 2.
1710 2881 1780 2904 non
1799 2876 1931 2912 oportet
1947 2876 1984 2903 ut
2000 2871 2091 2903 Deus
2105 2871 2176 2911 ipse
2189 2870 2226 2903 in
2243 2878 2279 2902 se
2297 2868 2447 2902 conside-

1419 2924 1506 2949 ratus
1529 2917 1570 2948 sit
1592 2917 1779 2949 naturaliter
1801 2916 1930 2948 homini
1957 2921 2068 2948 notus.
2092 2915 2125 2947 S.

1475 2963 1506 2993 A
1525 2971 1586 3003 pro
1601 2961 1739 2998 homini,
1756 2961 1874 3002 siglum
1891 2960 2009 2993 falsum
2024 2959 2089 3003 11¹9.
2105 2977 2130 2984 -
2144 2958 2260 2992 CLPN
2273 2981 2301 2991 ..
2311 2979 2321 2991 .
2333 2958 2376 2991 sit
2389 2968 2446 2991 na-

1531 3006 1676 3038 turaliter
1697 3005 1886 3038 huiusmodi
1909 3011 2019 3038 notus.
2421 3038 2425 3044 ,

1368 3060 1418 3084 11.
1436 3051 1518 3093 Cap.
1549 3060 1598 3088 12,
1615 3061 1658 3083 1v.
1675 3052 1709 3083 in
1732 3051 1914 3083 rationibus
1937 3050 2058 3092 quibus
2073 3048 2315 3082 demonstratur
2337 3047 2447 3082 Deum

1420 3106 1501 3128 esse.
1526 3096 1559 3128 S.

1475 3142 1506 3172 A
1529 3150 1590 3182 pro
1614 3150 1693 3177 esse,
1725 3140 1845 3181 siglum
1872 3139 1990 3172 falsum
2013 3139 2056 3172 ἃ.
2078 3156 2103 3163 -
2126 3137 2242 3171 CLPN
2257 3159 2287 3169 ..
2300 3159 2310 3169 .
2326 3136 2446 3178 quibus

1533 3185 1773 3217 demonstratur
1796 3185 1906 3217 Deum
1928 3185 2039 3217 etiam.

1368 3240 1418 3263 12.
1436 3230 1518 3271 Cap.
1548 3231 1598 3267 15,
1615 3240 1656 3262 xv.
1681 3230 1716 3262 Si
1739 3230 1829 3262 Deus
1852 3239 1922 3262 non
1945 3237 2075 3270 semper
2097 3227 2169 3267 fuit,
2193 3235 2271 3268 ergo
2294 3231 2343 3258 est
2365 3225 2446 3259 edu-

1419 3281 1491 3307 ctus
1515 3274 1556 3307 de
1578 3284 1648 3307 non
1672 3284 1752 3306 esse.
2434 3271 2438 3275 ”

1476 3320 1513 3351 Si
1536 3329 1603 3352 om.
1628 3319 1817 3352 ACLPNS:
1846 3318 1920 3351 vide
1943 3323 2020 3350 text.
2043 3316 2077 3349 S.
2101 3316 2264 3349 Thomae.

1370 3365 1419 3396 13.
1437 3365 1520 3406 Cap.
1550 3373 1650 3405 17,11.
1674 3365 1802 3405 repellit
1824 3363 2024 3405 positionem
2047 3360 2171 3393 fatuam
2194 3359 2301 3392 David
2323 3358 2364 3392 de
2387 3359 2446 3391 Di-

1420 3409 1541 3441 nando.
1566 3409 1621 3440 AS
1647 3408 1701 3451 (S:
1726 3407 1886 3449 Davidis).

1478 3454 1562 3486 CLP
1634 3453 1740 3486 David
1763 3453 1804 3485 de
1827 3451 2030 3485 Divinando.
2043 3467 2067 3474 -
2088 3450 2138 3482 N.
2149 3473 2156 3482 .
2169 3473 2177 3481 .
2192 3448 2298 3482 David
2320 3448 2362 3482 de
2385 3448 2446 3481 Di·

1534 3499 1658 3530 vinata.

1372 3552 1418 3582 ¹4-
1437 3543 1518 3584 Cap.
1546 3553 1599 3581 20,
1616 3553 1627 3574 1
1642 3552 1724 3574 vers.
1749 3541 1805 3574 fin.
1822 3540 2069 3573 Advertendum
2089 3538 2182 3581 quod
2200 3548 2269 3571 non
2294 3543 2343 3570 est
2365 3547 2446 3570 0011·

1420 3588 1580 3619 tradictio.
1604 3587 1668 3619 As.

1479 3642 1544 3664 non
1569 3641 1637 3664 om.
1662 3630 1787 3664 CLPN.
