2768 4134
285 292 361 330 232

713 288 901 326 SUMMA
930 285 1152 323 CONTRA
1181 283 1458 330 GENTILES,
1487 282 1598 320 CAP.
1619 284 1823 332 LXXXIII,
1840 285 2052 322 LXXXIV.

284 377 331 402 est
346 371 414 411 ipsa
431 369 537 399 divina
553 368 702 403 essentia,
727 368 819 403 sicut,
834 373 1011 418 postquam
1036 366 1124 397 Deus
1148 367 1267 397 creavit
1282 365 1354 396 uni·
1380 360 1383 412 Ι
1409 363 1529 393 solute:
1548 362 1604 393 sed
1621 363 1778 404 possibile
1792 350 1895 395 modo
1913 365 2079 406 praedicto
2098 366 2130 395 in
2150 365 2356 406 praecedenti
2368 368 2483 408 capite,

284 424 422 450 versum,
440 413 532 443 desiit
547 412 702 443 habitudo
726 412 859 443 rationis
883 411 922 442 ad
946 412 1143 447 universum,
1159 420 1228 443 non
1245 417 1354 445 autem

283 460 351 499 ipsa
368 458 542 488 substantia
558 462 648 488 actus
663 456 803 488 creandi.
823 456 910 497 Ergo
927 465 1002 487 cum
1018 455 1278 487 immutabilitate
1293 455 1355 487 Dei

283 508 343 533 stat
366 502 456 542 quod
480 501 603 532 desinat
626 501 707 532 velle
732 501 823 541 quod
846 501 945 532 semel
962 501 1074 531 voluit.
1099 500 1185 540 Ergo
1206 500 1290 531 male
1307 510 1355 531 ar-

282 547 390 587 guitur
406 556 443 576 ex
461 546 568 576 divina
587 546 846 576 immutabilitate
863 545 963 586 quod,
980 545 1007 575 si
1026 545 1113 575 Deus
1130 544 1253 585 aliquid
1267 545 1354 582 velit,

282 591 362 622 illud
385 591 566 621 necessario
590 600 628 620 ex
652 591 878 631 suppositione
900 590 986 620 velit.

338 634 575 676 Respondetur,
593 641 624 665 et
643 635 760 665 dicitur
782 635 899 676 primo,
917 633 1007 674 quod
1030 634 1143 674 utique
1161 643 1199 664 ex
1215 634 1283 664 sola
1299 633 1354 665 de-

282 681 399 712 sitione
422 685 588 720 respectus
609 680 743 710 rationis
766 679 798 710 in
823 679 907 715 Deo,
931 688 998 710 non
1023 678 1139 709 dicitur
1166 678 1255 710 Deus
1282 687 1355 710 mu-

281 726 353 755 tari:
380 725 455 765 quia
479 734 536 755 ens
559 725 691 754 rationis
714 724 804 760 nihil,
829 725 1022 764 inquantum
1046 722 1246 760 huiusmodi,
1262 724 1356 764 ponit

282 771 315 800 in
339 769 421 800 Deo.

337 814 464 845 Dicitur
485 812 642 850 seeundo,
667 813 758 854 quod
785 813 966 853 propositio
995 812 1102 843 Sancti
1127 811 1277 844 Thomae
1299 813 1355 843 ad—

282 858 379 890 ducta
397 858 584 898 intelligitur
608 857 647 889 de
671 863 744 889 ente
766 857 853 888 reali.
878 857 920 888 Et
942 857 1023 887 ratio
1047 856 1195 897 procedit
1211 857 1312 898 quod,
1328 858 1355 888 si

283 903 372 934 Deus
403 908 512 944 posset
542 911 609 932 non
634 901 715 932 velle
747 901 836 941 quod
864 901 942 938 vult,
967 910 1034 931 non
1063 907 1189 932 tantum
1219 907 1356 932 cessaret

282 953 446 988 respectus
468 947 612 982 rationis,
636 946 691 977 sed
716 947 811 976 etiam
835 947 904 986 ipse
928 951 1017 976 actus
1033 945 1179 976 volendi:
1197 951 1229 976 et
1244 947 1290 977 sic
1306 955 1355 977 se-

283 998 435 1032 queretur
451 991 558 1022 Deum
573 991 699 1033 realiter
714 991 840 1021 mutari.
861 989 956 1021 Unde
971 995 1107 1030 negatur
1121 992 1230 1021 minor
1245 991 1355 1032 quoad

282 1036 459 1068 secundam
486 1041 620 1075 partem.
650 1053 673 1057 -
703 1034 789 1066 Cum
819 1040 929 1065 autem
958 1035 1115 1075 probatur
1143 1045 1161 1066 a
1188 1035 1287 1066 simili
1314 1035 1354 1066 de

282 1082 459 1112 creatione.
485 1080 559 1111 dico
582 1079 674 1120 quod
696 1089 764 1110 non
787 1084 835 1110 est
858 1079 972 1110 eadem
990 1080 1072 1111 ratio
1087 1080 1128 1111 de
1145 1081 1307 1112 creatione
1324 1085 1355 1112 et

282 1126 448 1156 volitione.
464 1124 567 1161 Nam,
584 1134 659 1155 cum
676 1124 794 1154 creatio
810 1124 926 1156 habeat
940 1123 1079 1156 modum
1101 1125 1239 1155 actionis
1253 1130 1355 1156 trans-

283 1170 397 1206 euntis,
413 1169 525 1200 relatio
545 1178 628 1209 quae
649 1169 846 1199 creationem
864 1169 1101 1200 concomitatur
1122 1168 1265 1210 aliquam
1286 1179 1354 1200 rea-

281 1215 346 1246 lem
359 1214 605 1255 dispositionem
622 1214 775 1253 co-exigit
795 1214 828 1243 in
845 1214 1015 1244 creationis
1031 1215 1182 1245 termino.
1204 1213 1280 1245 ldeo
1297 1223 1355 1256 per

282 1259 384 1289 solam
412 1259 625 1289 mutationem
653 1258 782 1288 termini
810 1258 849 1288 ab
877 1258 931 1289 illa
959 1257 1174 1300 dispositione
1198 1267 1297 1300 quam
1320 1260 1354 1290 in

281 1304 420 1334 termino
444 1303 608 1343 co-exigit‚
631 1302 749 1333 desinit
771 1303 839 1343 ipsa
868 1303 993 1339 relatio,
1017 1304 1115 1334 etiarn
1137 1304 1227 1335 nulla
1249 1310 1355 1335 muta—

281 1349 371 1379 tione
394 1347 477 1379 facta
500 1357 539 1378 ex
561 1353 650 1388 parte
673 1353 778 1378 actus:
803 1357 880 1379 curn
902 1349 1046 1389 primum
1069 1349 1158 1380 enim
1173 1348 1290 1380 desinit
1305 1358 1354 1380 res

281 1394 428 1434 accipere
451 1402 520 1424 esse
543 1392 584 1424 de
605 1402 706 1429 novo,
726 1392 908 1424 secundum
931 1393 1022 1434 quod
1046 1393 1223 1425 formaliter
1245 1394 1355 1425 termi-

281 1439 376 1469 nabat
403 1437 592 1468 relationem
622 1437 803 1474 creationis,
826 1438 896 1479 ipsa
925 1437 1037 1469 relatio
1066 1437 1183 1470 desinit
1206 1448 1290 1476 esse;
1315 1437 1355 1470 ad

281 1483 492 1514 variationem
508 1483 596 1514 enirn
611 1482 776 1513 relationis
791 1481 908 1513 sufficit
919 1483 1052 1514 variatio
1069 1483 1198 1515 alterius
1211 1483 1354 1514 extremi.

282 1526 404 1569 Volitio
428 1532 537 1558 autem
561 1532 609 1557 est
631 1527 716 1557 actio
739 1527 936 1558 immanens:
961 1533 993 1558 et
1014 1527 1128 1559 relatio
1152 1537 1236 1569 quae
1250 1528 1355 1570 ipsam

282 1572 531 1608 concomitatur,
547 1572 743 1612 inquantum
766 1572 965 1609 huiusmodi,
981 1582 1049 1603 non
1074 1573 1229 1613 co-exigit
1242 1573 1278 1604 in
1293 1579 1356 1604 ter-

281 1617 373 1647 mino
389 1617 554 1648 volitionis
570 1617 713 1657 aliquam
727 1616 847 1648 realem
867 1616 1119 1658 'dispositionem
1143 1627 1227 1658 quae
1249 1627 1357 1649 remo·

282 1662 349 1692 veri
361 1662 473 1702 possit.
486 1660 564 1692 ldeo
581 1661 727 1692 desinere
742 1671 811 1692 non
827 1667 935 1703 potest
946 1662 1009 1703 nisi
1019 1668 1152 1704 propter
1164 1662 1357 1694 desitionem

283 1711 373 1736 actus
394 1706 429 1736 in
452 1714 519 1746 quo
543 1704 706 1737 fundatur.
729 1705 914 1748 Propterea,
938 1706 964 1738 si
987 1706 1077 1738 Deus
1099 1706 1212 1738 volens
1235 1706 1358 1739 desinat

282 1750 401 1780 habere
423 1749 647 1781 habitudinem
670 1749 809 1782 volentis
833 1751 873 1782 ad
896 1751 929 1782 id
953 1751 1044 1793 quod
1067 1751 1206 1789 volebat,
1226 1761 1358 1783 necesse

284 1801 331 1825 est
347 1801 383 1825 ut
399 1800 430 1825 et
445 1795 514 1835 ipse
530 1801 620 1825 actus
635 1795 767 1826 volendi
784 1794 916 1827 desinat.
941 1795 1043 1834 Quod
1062 1806 1139 1827 cum
1157 1796 1358 1838 impossibile

283 1840 332 1875 sit,
349 1844 482 1880 propter
494 1839 555 1870 Dei
570 1840 875 1877 immutabilitatem,
892 1846 928 1871 ut
943 1847 1034 1872 actus
1050 1840 1177 1872 divinae
1192 1842 1358 1872 volitionis

282 1884 416 1920 desinat,
439 1883 514 1915 ideo
537 1884 634 1915 etiam
657 1885 858 1925 impossibile
880 1891 928 1916 est
950 1891 986 1916 ut
1010 1885 1100 1917 Deus
1125 1885 1250 1917 desinat
1275 1886 1358 1917 velle

283 1928 374 1968 quod
397 1928 499 1959 semel
519 1928 633 1959 voluit.
666 1929 707 1959 Et
736 1930 782 1960 sic
813 1935 939 1960 constat
969 1930 1060 1971 quod
1088 1930 1212 1970 optime
1237 1939 1275 1961 ex
1298 1931 1358 1961 im·

283 1972 495 2003 mutabilitate
518 1972 626 2003 divina
650 1974 753 2014 arguit
781 1973 917 2005 Sanctus
937 1974 1083 2005 Thomas
1108 1975 1215 2005 Deum
1240 1984 1278 2006 ex
1301 1984 1358 2006 ne—

283 2017 429 2048 cessitate
453 2017 688 2057 suppositionis
711 2018 793 2049 velle
818 2017 1053 2060 quodcumque
1076 2019 1155 2050 vult.

339 2061 390 2092 111.
416 2061 575 2092 Secundo.
601 2061 709 2092 Deum
733 2062 815 2093 velle
843 2063 966 2104 aliquid
994 2070 1162 2094 causatum
1187 2069 1234 2094 est
1257 2069 1358 2095 aeter—

282 2115 372 2136 num.
390 2106 477 2147 Ergo
495 2112 555 2137 etc.
568 2125 590 2128 -
602 2106 761 2138 Probatur
777 2107 980 2139 antecedens.
998 2108 1085 2147 Quia
1101 2109 1184 2139 sicut
1199 2118 1269 2139 esse
1286 2109 1358 2145 Dei,

282 2151 326 2181 ita
343 2156 374 2182 et
389 2150 471 2181 velle
495 2151 564 2182 eius
587 2152 774 2182 aeternitate
797 2158 1010 2184 mensuratur.
1027 2171 1050 2176 -
1064 2153 1224 2184 Probatur
1245 2162 1359 2185 conse-

284 2196 426 2235 quentia.
450 2195 537 2233 Quia
561 2205 659 2226 omne
680 2202 857 2238 ,aeternum
881 2203 929 2228 est
951 2198 1180 2234 necessarium,
1204 2203 1260 2229 aut
1283 2198 1358 2229 sim—

283 2240 408 2280 pliciter
420 2245 475 2270 aut
487 2249 525 2270 ex
542 2240 782 2281 suppositione:
799 2251 875 2272 curn
891 2242 1013 2273 scilicet
1028 2243 1145 2273 mutari
1162 2252 1229 2274 non
1246 2243 1358 2284 possit.

343 2284 463 2314 Tertio.
487 2284 577 2315 Deus
593 2293 661 2315 non
682 2290 789 2326 potest
809 2285 911 2317 modo
932 2295 1000 2317 non
1017 2287 1099 2318 velle
1120 2286 1210 2328 quod
1226 2287 1360 2328 ponitur

283 2328 440 2359 voluisse:
465 2329 541 2370 quia
564 2338 632 2360 non
657 2335 766 2370 potest
779 2331 898 2361 mutari
913 2339 971 2362 sua
987 2331 1147 2362 voluntas.
1172 2331 1259 2373 Ergo
1274 2341 1360 2363 nun-

285 2381 384 2424 quam
400 2373 509 2413 potuit
522 2382 592 2404 non
609 2373 691 2405 velle
704 2373 862 2415 quicquid
874 2375 992 2406 voluit:
1009 2377 1085 2417 quia
1098 2376 1255 2417 quicquid
1271 2376 1361 2408 Deus

284 2417 402 2458 potuit,
427 2422 548 2458 potest3
573 2427 649 2449 cum
672 2419 772 2450 virtus
801 2420 870 2450 eius
897 2429 966 2451 non
994 2420 1170 2457 minuatur,
1194 2421 1278 2452 sicut
1300 2430 1361 2452 nec

285 2461 354 2492 eius
377 2462 524 2493 essentia.
549 2462 636 2503 Ergo
660 2464 877 2495 necessarium
901 2470 950 2495 est
973 2473 1010 2496 ex
1034 2465 1261 2507 suppositione
1285 2475 1362 2497 eum

284 2506 426 2537 voluisse
449 2507 606 2551 quicquid
630 2507 744 2539 voluit.
768 2508 843 2539 Non
868 2514 978 2540 autem
1002 2515 1051 2541 est
1073 2510 1290 2542 necessarium
1307 2511 1362 2542 ab·

1121 2636 1660 2685 —wwss

1409 407 1530 439 scilicet
1553 407 1765 448 possibilitate
1788 408 1905 450 logica.

1464 451 1605 484 Adverte
1629 451 1731 493 quod,
1755 460 1831 488 cum
1854 453 1992 486 dicimus
2015 443 2123 486 Deum
2151 463 2220 485 non
2248 455 2394 495 potuisse
2416 465 2484 486 non

1408 497 1490 528 velle
1508 496 1598 538 quod
1614 497 1728 533 voluit,
1745 497 1991 538 intelligendum
2012 505 2059 529 est
2075 498 2115 529 de
2134 499 2280 540 possibili
2303 499 2485 531 secundum

1409 542 1551 582 aliquam
1576 542 1756 582 potentiam
1780 542 1819 572 ab
1843 547 1917 574 actu
1940 550 2133 584 separatam:
2158 553 2329 585 nunquam
2348 545 2436 575 enim
2452 545 2485 575 in

1409 587 1481 617 Deo
1498 586 1559 617 fuit
1580 586 1726 626 potentia
1741 592 1778 617 ut
1793 587 1896 618 nollet
1911 587 2002 628 quod
2022 589 2061 619 ab
2082 594 2214 619 aeterno
2230 589 2345 626 voluit,
2361 590 2486 620 ratione

1409 630 1570 671 perfectae
1593 630 1784 661 actualitatis
1812 636 1845 662 et
1870 632 2138 663 immutabilitatis
2162 643 2249 664 suae.
2281 633 2314 664 Si
2342 643 2486 676 namque

1408 675 1640 716 intelligeretur
1656 675 1696 706 de
1711 675 1858 715 possibili
1873 677 2055 709 secundum
2073 687 2142 709 non
2160 679 2408 719 repugnantiam
2423 684 2486 710 ter

1409 721 1585 756 minorum,
1610 719 1727 751 falsum
1751 725 1843 750 esset.
1867 720 1945 751 Non
1969 722 2057 752 enim
2079 728 2239 763 repugnat
2254 723 2327 754 Deo
2343 733 2412 754 non
2427 733 2486 754 vo-

1408 765 1505 796 luisse
1528 764 1651 805 aliquid
1677 765 1711 795 in
1739 774 1837 795 sensu
1865 764 1978 796 diviso.
2008 765 2113 797 Immo
2141 777 2270 809 semper
2297 774 2345 799 est
2372 778 2485 799 verum

1409 809 1525 846 dicere,
1550 810 1640 840 Deus
1665 814 1775 850 potest
1801 819 1867 840 non
1896 810 1979 841 uelle
2000 810 2073 847 hoc,
2097 816 2228 845 ostenso
2259 813 2371 855 aliquo
2394 813 2486 856 quod

1408 855 1498 886 velit:
1524 855 1601 896 quia
1624 863 1752 895 semper
1768 859 1817 885 est
1831 863 1946 886 verum
1962 854 2054 895 quod
2068 855 2292 896 praedicatum
2305 866 2375 891 non
2388 856 2486 891 habet

1409 899 1656 940 repugnantiam
1684 898 1724 930 ad
1753 898 1952 936 subiectum,
1985 905 2017 930 et
2046 905 2136 930 actus
2159 899 2288 933 divinae
2309 902 2485 935 voluntatis

1408 953 1579 984 nunquam
1602 944 1715 974 transit
1736 944 1770 974 in
1793 943 2013 984 praeteritum.

1463 988 1559 1019 Unde
1582 998 1650 1019 non
1675 993 1722 1019 est
1745 987 1960 1019 contradictio
1976 997 2053 1020 cum
2068 989 2175 1030 inquit
2190 989 2282 1031 quod
2297 989 2402 1022 Deus
2402 1001 2486 1022 nun-

1408 1042 1506 1074 quam
1524 1033 1636 1074 potuit
1651 1042 1717 1064 non
1733 1033 1817 1064 velle
1837 1033 1993 1075 quicquid
2015 1034 2103 1064 vult:
2125 1039 2158 1065 et
2179 1042 2256 1065 cum
2278 1033 2414 1066 inferius
2436 1037 2486 1067 in-

1409 1079 1480 1118 quit
1502 1078 1594 1118 quod
1617 1084 1666 1109 est
1682 1078 1839 1119 possibile
1862 1078 1971 1110 Deum
1989 1078 2132 1110 voluisse
2155 1085 2188 1110 et
2209 1088 2279 1110 non
2293 1079 2378 1112 velle
2393 1080 2486 1121 quie·

1409 1121 1489 1164 quid
1503 1122 1608 1154 voluit
1623 1128 1656 1154 et
1670 1122 1750 1154 vult.
1774 1121 1884 1155 Primo
1908 1123 1996 1155 enim
2018 1123 2166 1164 loquitur
2181 1123 2221 1156 de
2235 1123 2384 1165 possibili
2398 1123 2486 1161 dieto

1408 1167 1447 1197 ab
1472 1167 1579 1208 aliqua
1602 1167 1750 1208 potentia
1777 1173 1922 1210 separata
1948 1167 1988 1199 ab
2016 1173 2105 1199 actu:
2130 1168 2276 1199 secundo
2300 1173 2421 1207 autem,
2445 1166 2486 1209 de

1408 1211 1552 1252 possibili
1576 1211 1696 1252 logico.
1724 1211 1821 1244 Unde
1849 1217 1881 1243 et
1909 1211 1963 1243 illa
1989 1213 2183 1254 propositio,
2211 1212 2374 1255 Quicquid
2395 1213 2487 1247 Deus

1403 1256 1523 1297 potuit,
1541 1261 1661 1297 potest,
1685 1256 1894 1297 intelligenda
1916 1263 1964 1288 est
1987 1257 2028 1288 de
2051 1257 2197 1298 possibili
2211 1257 2303 1289 dicto
2322 1257 2362 1289 ab
2376 1255 2486 1300 aliqua

1408 1301 1556 1341 potentia
1578 1301 1694 1332 activa:
1718 1301 1760 1332 ad
1783 1301 2020 1343 quodcumque
2034 1302 2124 1333 enim
2138 1311 2174 1333 se
2188 1302 2299 1344 potffit
2313 1302 2486 1334 utendae

1407 1346 1508 1377 virtus
1527 1345 1646 1383 divina,
1662 1345 1703 1377 ad
1717 1345 1807 1378 idem
1828 1347 1928 1378 etiam
1949 1355 2090 1378 numero
2113 1356 2149 1378 se
2170 1351 2280 1388 puteat
2301 1347 2486 1386 extendere,

1409 1400 1486 1422 cum
1501 1391 1600 1422 virtus
1616 1391 1686 1422 eius
1700 1400 1769 1423 non
1785 1391 2007 1423 imminuatur.
2031 1391 2145 1430 Posset
2168 1392 2266 1427 etiam
2287 1391 2427 1444 intelligia
2445 1390 2486 1424 de

1409 1435 1555 1476 potentia
1577 1435 1697 1477 logica.
1723 1435 1800 1478 quia
1824 1434 1973 1467 videlicet
1996 1435 2087 1478 quod
2110 1445 2181 1468 non
2202 1437 2395 1490 repugnavit
2413 1432 2486 1545 ἳξο

1409 1480 1567 1517 absolute,
1584 1490 1693 1522 neque
1709 1481 1806 1512 etiam
1822 1489 1911 1512 nunc
1920 1485 2138 1523 ,repugnat
2115 1481 2194 1512 licet
2207 1484 2255 1512 ex
2261 1472 2422 1527 suppositi
2469 1485 2487 1533 e

1409 1535 1424 1556 ι·
1468 1535 1491 1557 ιι
1537 1531 1578 1556 et.

1426 1535 1587 1602 epa-gns&
1609 1575 1689 1601 tunc
1712 1570 1854 1602 occurrit
1876 1568 2024 1602 dubium.
2052 1570 2144 1602 Deus
2170 1570 2263 1602 enim
2281 1571 2392 1613 potuit
2411 1575 2488 1613 μ·

1411 1615 1530 1649 ducere
1560 1614 1647 1647 diem
1677 1615 1896 1656 praeteritam·
1921 1623 1999 1647 cum
2029 1614 2070 1647 de
2099 1614 2187 1649 facto
2215 1580 2489 1658 produxerim&

1410 1667 1519 1692 tamen
1543 1669 1632 1691 nunc
1646 1669 1715 1692 non
1729 1665 1838 1701 potest
1859 1659 1949 1692 illam
1972 1659 2181 1702 producere.
2193 1660 2270 1705 quia
2292 1660 2406 1705 contin

1411 1704 1631 1736 successivum
1654 1704 1741 1736 idem
1765 1713 1904 1736 numero
1927 1705 2067 1746 reparari
2089 1713 2158 1743 non
2203 1709 2300 1749 otest,
2317 1710 2354 1736 ut
2373 1700 2422 1736 di

1415 1750 1567 1787 Quolibet
1589 1749 1642 1786 IV,
1667 1759 1696 1780 a.
1722 1750 1738 1780 5
1759 1750 1787 1780 ·.
1819 1748 1906 1790 Ergo
1934 1758 2004 1781 non
2057 1750 2110 1780 uic
2136 1740 2201 1780 ui
2204 1743 2341 1795 potuit,
2369 1738 2487 1795 potes&

1466 1793 1696 1835 Respondetur
1711 1802 1750 1825 ex
1767 1773 1937 1825 doctrina
1928 1794 2030 1835 ipsius
2133 1784 2267 1831 'urban-e,
2284 1802 2316 1836 q.
2328 1801 2400 1832 xxv,
2404 1783 2442 1826 d.
2455 1802 2488 1835 4,

1412 1839 1452 1870 ad
1470 1849 1500 1876 2,
1517 1839 1608 1880 quod
1631 1839 1784 1880 quicquid
1806 1838 1897 1870 Deus
1916 1839 2034 1880 potuit,
2053 1843 2172 1880 potest,
2197 1844 2358 1891 quantum
2380 1844 2429 1871 eet
2450 1847 2489 1870 ex

1413 1890 1502 1925 parte
1517 1884 1620 1926 ipsius
1630 1884 1811 1925 potentiae:
1828 1892 1906 1915 cum
1920 1883 2134 1915 variationem
2147 1893 2218 1915 ιιοιι
2411 1882 2489 1917 Non

1411 1935 1521 1960 tamen
1534 1933 1694 1970 quantum
1711 1934 1759 1959 est
1773 1937 1812 1959 ex
1824 1933 1915 1969 parte
1932 1927 2094 1959 factibilis:
2111 1928 2188 1969 quia
2202 1927 2318 1969 aliqua

1414 1973 1575 2004 rationem
1585 1973 1791 2015 possibilium
1807 1972 1884 2004 dum
1900 1972 2216 2016 erantsacienda‚q
2217 1981 2290 2009 uae,
2239 1925 2492 2004 duam

1411 2022 1497 2055 sunt,
1522 2017 1677 2060 deficiunt
1698 2028 1719 2048 a
1743 2017 1874 2048 ratione
1888 2017 2066 2059 possibilis.
2090 2014 2168 2049 Ideo
2183 2017 2366 2059 propositio

1412 2061 1636 2114 intelligenda·
1654 2061 1822 2103 Quicquid
1837 2061 1877 2093 de
1893 2071 2032 2093 numero
2048 2061 2252 2104 possibilium
2268 2061 2358 2094 Deus
2371 2021 2492 2104 90τᾶἵ

1412 2113 1529 2159 potest,
1547 2108 1573 2138 si
1596 2106 1676 2138 illud
1699 2106 1853 2148 possibile
1877 2112 2054 2138 remaneat:
2078 2116 2147 2138 non
2171 2111 2281 2138 autem
2304 2107 2330 2138 si
2353 2110 2493 2138 “meat

1411 2153 1447 2184 in
1468 2152 1671 2194 impossibile
1693 2151 1843 2193 produci.

1470 2197 1523 2228 Ν.
1547 2196 1686 2234 Quarto.
1707 2196 1830 2228 Volens
1853 2195 1975 2238 aliquid
1998 2197 2180 2228 necessario
2196 2196 2266 2228 vult
2281 2205 2318 2227 ea
2335 2205 2420 2238 quae
2434 2204 2493 2228 ne-

1414 2242 1552 2277 cessario
1569 2242 1778 2282 requiruntur
1793 2240 1834 2272 ad
1849 2240 1940 2277 illud,
1955 2241 2018 2272 nisi
2033 2241 2074 2272 sit
2088 2239 2234 2272 defectus
2250 2250 2289 2272 ex
2305 2245 2396 2282 parte
2411 2240 2492 2279 eius,

1412 2286 1465 2318 vel
1480 2292 1613 2328 propter
1627 2286 1854 2327 ignorantiam,
1866 2285 1919 2317 vel
1930 2291 2100 2327 propter-p
2102 2285 2263 2317 assionem
2276 2284 2495 2361 ιὼᾱιιεειιῖ

1415 2341 1432 2362 a
1454 2337 1541 2362 recta
1563 2331 1689 2362 ratione
1712 2331 1781 2362 eius
1805 2329 1896 2372 quod
1918 2335 1967 2362 eet
1989 2329 2030 2361 ad
2051 2329 2163 2362 finem.
2186 2329 2251 2362 Sed
2273 2327 2433 2362 neutrum

1415 2376 1487 2407 Deo
1511 2374 1576 2407 dici
1599 2380 1716 2417 potest.
1741 2375 1840 2416 Ergo,
1857 2375 1883 2406 si
1902 2374 2004 2412 Deus,
2027 2374 2171 2406 volendo
2193 2383 2238 2410 se,
2255 2374 2326 2406 vuit
2347 2372 2492 2412 alitem-¹»

1416 2429 1505 2452 cesse
1528 2426 1576 2451 est
1598 2427 1636 2452 ut
1657 2420 1735 2451 velit
1758 2423 1858 2452 omne
1885 2419 1976 2462 quod
2005 2419 2045 2450 ad
2067 2419 2207 2451 volitum
2235 2417 2276 2450 de
2301 2416 2493 2450 necessitate

1415 2466 1602 2507 requiritur:
1627 2466 1720 2502 sicut,
1745 2465 1917 2506 supposito
1941 2463 2031 2506 quod
2054 2464 2131 2495 erit
2154 2464 2418 2522 hominemesee,
2434 2459 2496 2495 nd·

1416 2519 1505 2542 cesse
1529 2515 1578 2541 est
1599 2515 1637 2541 ut
1658 2509 1735 2541 velit
1759 2510 1900 2540 animam
1923 2508 2114 2540 rationalem
2138 2517 2218 2540 esse.
2416 2526 2418 2529 -
2457 2548 2486 2575 ss

2421 2557 2456 2575 “·”Ἡ

2430 2603 2453 2619 ,ιι
2459 2598 2490 2620 Νι

2408 2692 2410 2709 ;
2428 2663 2430 2665 ¹
2442 2683 2490 2709 rv‘s

609 2802 1095 2859 CAPITULUM
1133 2798 1728 2859 ocTOGEsmtm
1765 2792 2173 2876 QUARTUM
2231 2881 2234 2884 sp

1169 2919 1200 2951 A
1225 2928 1298 2960 24v
1336 2928 1354 2950 a
1368 2929 1387 2960 9
1411 2919 1480 2950 sine
1503 2917 1610 2950 titulo.

406 3011 582 3065 QUOD
617 3010 955 3053 VOLUNTAS
988 3010 1094 3051 DEI
1126 3008 1256 3051 NON
1290 3008 1406 3052 EST
1438 3004 1896 3052 IMPOSSIBILIUM
1929 3002 2271 3049 SECUNDUM
2304 3002 2380 3046 SE

2430 3095 2433 3100 “
2454 3091 2490 3109 *h

518 3211 646 3254 potest
664 3215 748 3240 esse
768 3213 908 3240 eorum
926 3214 1028 3252 quae
1043 3212 1133 3240 sunt
1147 3202 1366 3240 secundum
1421 3201 1505 3239 vult
1523 3213 1570 3238 ea
1584 3212 1686 3250 quae
1704 3197 1957 3249 requiruntur
1972 3196 2025 3236 ad
2043 3197 2121 3236 hoc
2138 3193 2266 3246 quod
2266 3192 2502 3245 supponitur

299 3155 528 3352 ἕξις
558 3151 634 3188 hoc
661 3157 822 3199 apparet
850 3149 958 3198 quod
987 3150 1168 3187 voluntas
1191 3148 1264 3187 Dei
1284 3161 1365 3187 non
1422 3145 1590 3186 excludit
1617 3144 1789 3185 hominis
1818 3144 2020 3185 rationem.
2058 3142 2099 3183 Si
2133 3140 2247 3192 igitur
2283 3138 2502 3184 neeesss'aflb

519 3268 560 3294 se
589 3255 853 3306 impossibilia.

1423 3255 1532 3299 velle,
1561 3252 1800 3304 impossibile
1825 3260 1882 3290 est
1909 3263 2002 3289 eum
2028 3251 2133 3289 velle
2153 3261 2200 3288 ea
2222 3260 2326 3299 quae
2356 3247 2412 3287 eis
2442 3259 2500 3287 re-

575 3308 813 3347 Huiusmodi
828 3308 934 3346 enim
950 3316 1039 3346 sunt
1053 3321 1154 3358 quae
1174 3308 1213 3346 in
1234 3308 1367 3369 seipsis
1422 3315 1608 3358 pugnant.
1631 3307 1679 3344 Et
1699 3306 1752 3343 sic
1771 3304 2011 3356 impossibile
2030 3311 2088 3341 est
2105 3313 2199 3341 eum
2214 3302 2314 3339 velle
2333 3313 2379 3339 ea
2397 3311 2500 3352 quae

297 3362 589 3413 repugnantiam
609 3362 768 3402 habent:
799 3370 841 3400 ut
868 3361 1073 3400 hominem
1097 3373 1180 3399 esse
1200 3361 1366 3409 asinum,
1392 3384 1399 3404 s
1424 3369 1513 3399 sunt
1541 3358 1794 3411 impossibilia
1822 3357 2054 3434 simpliciter.

297 3414 335 3452 in
355 3428 436 3465 quo
456 3415 665 3454 includitur
683 3415 867 3454 rationale
887 3427 971 3453 esse
990 3414 1219 3454 irrationale.
1249 3414 1368 3463 Quod

1478 3415 1585 3453 Item.
1617 3412 1723 3452 Sicut
1757 3423 1875 3463 supra

297 3477 427 3506 autem
461 3478 648 3529 repugnat
680 3469 810 3515 alicui,
845 3468 1011 3507 excludit
1048 3467 1192 3518 aliquid
1231 3480 1370 3506 eorum
1426 3467 1542 3506 lendo
1562 3479 1679 3505 suum
1696 3478 1792 3512 esse,
1808 3465 1917 3515 quod
1930 3472 1987 3505 est
2001 3475 2072 3501 sua
2089 3460 2254 3508 bonitas,
2270 3462 2353 3500 vult
2366 3459 2500 3500 omnia

298 3533 399 3570 quae
427 3523 475 3559 ad
504 3522 633 3572 ipsum
667 3522 932 3572 requiruntur:
969 3522 1068 3559 sicut
1101 3533 1184 3559 esse
1217 3521 1370 3558 asinum
1427 3521 1499 3558 alia
1528 3520 1763 3571 inquantum
1797 3518 1942 3556 habent
1976 3515 2060 3554 eius
2094 3513 2398 3554 similitudinem.
2433 3514 2500 3553 Se—

356 3642 365 3659 ι
390 3635 426 3660 Ex
445 3635 504 3669 hoc]
524 3636 630 3661 addunt
649 3643 735 3662 autem
755 3635 897 3668 BDGsz,
916 3635 993 3670 igitur
1012 3635 1056 3662 Pe.

355 3669 371 3693 8
390 3670 589 3703 inquantum...
609 3671 745 3706 repugnat]
766 3672 832 3705 quid
851 3671 894 3697 NZ
913 3671 976 3697 vide
994 3673 1044 3704 ρΑ.

1150 3643 1162 3660 ²
1183 3640 1245 3660 sunt
1260 3637 1323 3668 post
1342 3636 1487 3660 secundum
1507 3642 1535 3660 ae
1555 3634 1640 3660 αΥΡσ.

1949 3418 2151 3449 ostensum
2185 3415 2252 3454 est,
2281 3407 2402 3454 Deus,
2430 3418 2500 3446 vo·
2528 3415 2538 3426 ·

2555 1568 2633 1581 --------

2515 1748 2578 1772 ⁶31.
2594 1754 2617 1777 q.
2627 1754 2664 1776 ιιι,
2679 1755 2700 1772 ι.
2711 1755 2735 1778 5-
