2768 4134
52 1664 61 1672 ·
72 1661 127 1688 Cap.
138 1667 220 1687 xxviii,
229 1667 266 1682 xi..

50 2306 58 2313 ·
74 2304 110 2325 Cf.
130 2303 262 2325 Comment.

50 2337 100 2358 cap.
119 2336 134 2356 1,
149 2330 199 2352 init.

306 295 380 342 276

301 372 521 408 illuminatio
542 382 626 406 mea
645 376 733 414 etc.;
754 380 801 405 ex
821 367 1130 405 consideratione
1149 367 1376 404 divinorum

301 436 465 474 operum
496 435 535 460 se
565 422 740 460 adiutum
772 422 820 458 ad
851 421 1025 459 divinam
1054 419 1283 470 sapientiam
1312 433 1376 458 co-

298 477 562 527 gnoscendam
596 475 818 521 confitetur,
848 475 996 512 dicens:
1026 475 1226 512 Mrabilia
1260 488 1376 524 opera

298 538 373 576 tua,
404 537 437 567 et
464 531 594 567 anima
623 543 708 567 mea
737 535 937 579 cognoscet
966 530 1087 565 nimis.

353 584 548 628 Secundo,
578 584 675 620 haec
707 582 964 620 consideratio
1001 581 1039 618 in
1075 581 1374 619 admirationem

298 637 502 675 altissimae
531 637 603 674 Dei
632 636 782 673 virtutis
816 636 936 673 ducit:
968 643 1004 672 et
1031 647 1102 695 per
1129 647 1375 696 consequens

298 691 336 728 in
375 691 558 728 cordibus
601 690 811 728 hominum
854 688 1110 726 reverentiam
1153 689 1226 726 Dei
1263 688 1373 739 parit.

298 745 462 794 Oportet
497 744 604 782 enim
639 744 747 793 quod
780 743 901 781 virtus
935 741 1106 780 facientis
1142 743 1376 780 eminentior

297 799 414 845 rebus
433 797 538 836 factis
558 798 797 846 intelligatur.
829 798 876 833 Et
902 796 991 834 ideo
1011 795 1151 833 dicitur
1171 798 1258 847 Sap.
1273 802 1372 834 xul4:

297 854 338 889 Si
354 865 403 890 νιν
405 858 526 889 tutem
546 858 579 889 et
598 864 715 901 opera
739 863 883 895 eorum,
905 850 1046 887 scilicet
1070 849 1163 887 caeli
1191 858 1228 887 et
1251 852 1398 888 stella-¹

297 918 386 943 rum
415 913 451 942 et
480 907 763 943 elementorum
794 891 944 950 mundi,
966 905 1095 941 mirati
1117 909 1213 950 sunt,
1234 904 1375 941 scilicet

296 959 531 1009 philosophi,
553 960 761 1009 intelligant
782 959 960 1008 quoniam
981 959 1048 1008 qui
1052 958 1149 1006 fecit
1168 959 1273 1004 haec,
1284 959 1373 1007 for-

295 1015 369 1051 tior
388 1020 438 1050 est
457 1014 538 1050 illis.
561 1013 609 1050 Et
625 1014 737 1050 Rom.
752 1016 796 1049 1²⁰
816 1011 971 1049 dicitur:
993 1012 1201 1049 Invisibilia
1216 1013 1291 1049 Dei
1304 1025 1375 1062 per

296 1080 340 1104 ea
370 1080 466 1116 quae
482 1067 594 1114 J'acta
621 1073 705 1103 sunt
738 1066 920 1103 intellecta
953 1067 1251 1115 conspiciuntur.-
1277 1078 1373 1103 sem-

290 1122 441 1170 piterna
477 1133 623 1170 quoque
656 1121 772 1157 virtus
807 1122 884 1156 eius
919 1125 953 1156 et
987 1120 1171 1157 divinitas.
1208 1120 1266 1156 Ex
1300 1120 1374 1156 hac

294 1182 424 1211 autem
454 1173 709 1211 admiratione
739 1173 811 1210 Dei
844 1173 962 1210 timor
996 1172 1171 1223 procedit
1200 1181 1236 1209 et
1265 1185 1373 1210 reve-

295 1227 426 1264 rentia.
449 1227 560 1265 Unde
581 1227 719 1265 dicitur
738 1229 875 1264 Ierem.
897 1225 987 1264 x⁶·⁷:
1013 1229 1209 1278 Magnum
1229 1233 1281 1263 est
1307 1240 1373 1264 no-

294 1294 378 1318 men
395 1287 497 1318 tuum
514 1283 551 1318 in
561 1282 799 1330 fortitudine.
823 1282 914 1324 Quis
930 1294 1005 1318 non
1021 1282 1161 1318 timebit
1175 1287 1221 1326 te,
1241 1280 1272 1317 O
1285 1281 1375 1318 Rex

293 1335 492 1385 gentium?

347 1388 493 1434 Tertio,
515 1389 611 1427 haec
631 1388 889 1426 consideratio
918 1388 1070 1426 animas
1099 1387 1310 1425 hominum
1333 1387 1372 1425 in
1389 1405 1415 1419 ιο

294 1454 471 1480 amorem
513 1442 667 1480 divinae
710 1442 891 1480 bonitatis
938 1441 1123 1480 accendit.
1173 1441 1373 1491 Quicquid

295 1495 400 1533 enim
419 1495 599 1534 bonitatis
624 1504 660 1534 et
684 1495 929 1546 perfectionis
949 1495 988 1533 in
1007 1494 1170 1533 diversis
1189 1495 1373 1533 creaturis

294 1549 571 1600 particulariter
599 1550 848 1588 distributum
877 1557 944 1596 est,
974 1557 1101 1587 totum
1123 1548 1162 1586 in
1182 1549 1267 1599 ipso
1288 1549 1373 1587 uni-

294 1603 490 1641 versaliter
509 1612 565 1641 est
583 1604 811 1650 adunatum,
833 1602 931 1642 sicut
959 1603 999 1640 in
1027 1603 1132 1641 fonte
1161 1602 1278 1640 totius
1305 1603 1374 1640 bo-

288 1653 431 1703 nitatis
452 1665 495 1695 ut
514 1658 553 1695 in
573 1657 702 1707 primo
722 1658 820 1695 libro
835 1657 855 1679 ²¹²
880 1666 1082 1694 ostensum
1101 1664 1169 1694 est.
1201 1656 1241 1694 Si
1261 1656 1375 1705 igitur

295 1719 562 1749 creaturarum
597 1711 760 1757 bonitas,
790 1710 1012 1761 pulcritudo
1045 1718 1082 1747 et
1117 1710 1287 1748 suavitas
1320 1710 1374 1748 sic

294 1765 446 1802 animos
467 1764 675 1803 hominum
696 1764 818 1810 allicit,
840 1764 960 1814 ipsius
980 1764 1054 1801 Dei
1078 1764 1236 1801 fontana
1263 1763 1373 1801 boni-

293 1826 360 1864 tas,
382 1818 513 1856 rivulis
533 1819 752 1857 bonitatum
773 1818 812 1855 in
833 1817 990 1866 singulis
1010 1817 1194 1855 creaturis
1214 1817 1373 1867 repertis

345 1944 363 1967 4
382 1934 460 1960 nimis
479 1942 522 1960 om
542 1934 606 1958 WZ.
704 1941 735 1959 12
757 1933 908 1967 intelligant}
929 1938 955 1958 et
973 1933 1116 1965 intelligant
1135 1933 1184 1958 Pd.

292 1980 349 1996 mas
369 1970 496 1996 DGXYZ.
587 1970 691 1995 fontana
710 1969 824 2002 bonitas]
843 1969 923 1994 fontis
943 1969 1044 1994 bonitas
1063 1969 1090 1999 d,
1111 1969 1170 1994 fons
1190 1969 1313 1994 bonitatis
1333 1969 1362 1994 Ρ.

348 2014 357 2032 ι
381 2007 480 2031 animas
499 2005 636 2030 hominum
656 2004 838 2038 inflammatas]
858 2004 961 2030 animos
979 2004 1118 2029 hominum
1138 2003 1303 2029 inflammans
1322 2004 1366 2036 W,
1386 2004 1488 2029 animos
1508 2004 1646 2030 hominum
1670 2004 1847 2030 inflammatos
1866 2005 1899 2036 P;
1918 2005 1951 2031 ad
1971 2012 2000 2030 se
2018 2009 2082 2031 ante
2100 2005 2274 2032 inflammatas
2293 2006 2326 2032 1).

1057 2039 1088 2065 13
1109 2040 1222 2073 quadam
1243 2039 1420 2074 similitudine]
1441 2040 1573 2073 quandam
1594 2041 1791 2066 similitudinem
1810 2040 1883 2067 NPd.

294 2043 334 2067 lta
354 2043 386 2072 Z;
405 2050 448 2067 om
468 2042 499 2072 D,
520 2041 557 2066 sic
575 2041 667 2067 ceteri.
760 2048 775 2073 7
795 2045 855 2065 tuae
873 2047 916 2065 om
938 2047 963 2065 a.

1282 1933 1315 1958 13
1335 1941 1382 1965 per
1401 1933 1440 1965 eal
1461 1934 1582 1959 dicuntur
1598 1941 1646 1966 per
1665 1941 1695 1958 ea
1714 1941 1740 1958 α.

836 290 1025 327 SUMMA
1054 289 1277 326 CONTRA
1306 288 1583 335 GENTILES,
1613 290 1708 327 LIB.
1729 291 1771 335 ΙΙ,
1802 291 1913 328 CAP.
1935 292 1976 328 11.

1433 367 1632 416 diligenter
1664 378 1899 419 comparata,
1933 370 2084 408 animas
2115 371 2325 410 hominum
2356 373 2508 412 inflam-

1432 429 1555 459 matas
1574 421 1739 459 totaliter
1757 422 1807 460 ad
1827 435 1868 461 se
1887 425 2022 462 trahet.
2048 424 2161 472 Unde
2181 424 2221 462 in
2243 427 2399 473 Psalmo
2414 427 2435 449 '¹‘
2452 427 2509 465 di-

1431 475 1544 512 citur:
1565 476 1767 513 Delectasti
1783 489 1856 524 me,
1875 479 2051 524 Domine,
2081 480 2118 515 in
2137 479 2298 527 factura
2316 484 2446 525 tua,‘et
2470 483 2508 518 in

1432 531 1606 578 operibus
1633 542 1817 567 manuum
1845 537 1998 569 tuarum
2026 533 2214 570 exultabo.
2246 533 2295 570 Et
2318 532 2442 570 alibi*
2461 534 2509 571 de

1399 595 1407 615 ς
1431 582 1519 619 filiis
1539 583 1750 621 hominum
1769 584 1925 622 dicitur:
1955 587 2251 624 Inebriabuntur
2273 588 2322 624 ab
2345 588 2511 625 ubertate

1431 637 1565 674 domus
1583 643 1680 683 tuae,
1697 637 1809 686 quasi
1826 638 1944 675 totius
1958 637 2167 686 creaturae,
2184 646 2218 677 et
2235 642 2329 678 sicut
2346 646 2511 678 torrente

1430 691 1627 740 voluptatis
1659 697 1746 728 tuae
1771 693 1920 741 potabis
1955 705 2034 730 eos:
2062 695 2240 744 quoniam
2269 694 2373 745 apud
2397 700 2433 731 te
2460 700 2511 731 est

1419 745 1516 793 fons
1545 746 1653 781 vitae.
1683 745 1732 781 Et
1758 746 1845 794 Sap.
1867 750 1945 782 xm
1967 745 2107 784 dicitur
2134 755 2269 785 contra
2297 746 2509 797 quosdam:

1430 800 1495 835 Ex
1511 799 1568 835 his
1588 810 1684 847 quae
1703 799 1875 836 videntur
1892 801 2005 845 bona,
2026 799 2168 838 scilicet
2192 801 2387 847 creaturis,
2408 813 2510 851 quae

1403 859 1520 888 osunt
1540 852 1645 889 bona
1664 863 1736 901 per
1753 852 1956 902 quandam
1975 853 2322 915 participationem,
2344 868 2419 893 non
2440 867 2510 906 po-

1429 911 1579 942 tuerunt
1597 905 1807 956 intelligere
1826 918 1911 943 eum
1933 908 1998 956 qui
2014 913 2076 954 est,
2098 906 2239 945 scilicet
2257 920 2348 946 vere
2368 909 2508 955 bonus,

1430 958 1555 996 immo
1571 959 1654 1008 ipsa
1674 959 1837 1006 bonitas,
1854 967 1897 996 ut
1915 959 1956 997 in
1976 956 2145 998 Primo*
2164 968 2366 1000 ostensum
2385 970 2453 1000 est.

1485 1013 1648 1060 Quarto,
1670 1014 1767 1050 haec
1786 1012 2045 1052 consideratio
2066 1013 2280 1052 homines
2272 1027 2311 1052 in
2337 1016 2509 1065 quadarn

1430 1066 1680 1104 similitudine
1700 1067 1856 1105 divinae
1876 1067 2120 1117 perfectionis
2140 1068 2347 1106 constituit.
2370 1069 2510 1107 Osten—

1390 1137 1412 1157 ις
1430 1132 1519 1157 sum
1539 1128 1597 1157 est
1616 1119 1722 1160 enim
1743 1120 1782 1158 in
1803 1120 1932 1170 primo
1953 1120 2051 1158 libro
2066 1121 2086 1144 ’¹‘
2105 1122 2214 1171 quod
2229 1122 2350 1168 Deus,
2366 1134 2510 1171 cogno—

1430 1174 1575 1211 scendo
1596 1173 1782 1224 seipsum,
1803 1174 1842 1211 in
1862 1187 1903 1212 se
1928 1174 2063 1212 omnia
2091 1175 2164 1213 alia
2193 1175 2375 1213 intuetur.
2406 1176 2510 1214 Cu'm

1429 1227 1543 1276 igitur
1572 1226 1791 1275 Christiana
1819 1227 1918 1266 fides
1945 1228 2151 1267 hominem
2180 1229 2229 1267 de
2258 1229 2345 1268 Deo
2371 1229 2510 1279 princi-

1428 1280 1564 1330 paliter
1583 1281 1745 1327 instruit,
1766 1289 1803 1319 et
1822 1294 1892 1331 per
1918 1283 2052 1320 lumen
2081 1282 2236 1320 divinae
2266 1282 2511 1322 revelationis

1429 1347 1523 1372 eum
1551 1343 1819 1373 creaturarum
1847 1335 2087 1384 cognitorem
2107 1336 2206 1381 facit,
2226 1337 2271 1374 fit
2289 1337 2329 1374 in
2349 1336 2511 1376 homine

1428 1389 1627 1438 quaedam
1645 1388 1802 1426 divinae
1831 1389 2042 1440 sapientiae
2071 1389 2295 1428 similitudo.
2326 1390 2430 1428 Hinc
2454 1398 2512 1429 est

1429 1442 1538 1492 quod
1558 1441 1699 1480 dicitur
1717 1444 1748 1480 11
1767 1444 1855 1480 Cor.
1867 1455 1899 1480 ιιι
1912 1440 1953 1480 ¹⁸:
1975 1444 2059 1481 Nos
2077 1456 2168 1482 vero
2188 1457 2330 1492 omnes,
2347 1445 2511 1483 revelata

1418 1497 1528 1545 facie
1545 1497 1712 1547 gloriam
1733 1497 1892 1534 Domini
1913 1497 2158 1547 speculantes,
2179 1500 2217 1536 in
2238 1498 2396 1536 eandem
2417 1499 2510 1537 ima-

1428 1551 1558 1600 ginem
1586 1551 1922 1599 transformamur.

1484 1603 1549 1641 Sic
1572 1603 1687 1652 igitur
1710 1612 1815 1653 patet
1837 1605 1947 1654 quod
1966 1605 2225 1644 consideratio
2243 1613 2510 1644 creaturarum

1389 1674 1412 1694 ες
1429 1657 1594 1707 pertinet
1629 1657 1678 1695 ad
1714 1657 2008 1696 instructionem
2044 1658 2137 1696 fidei
2173 1659 2427 1697 Christianae.
2462 1659 2511 1697 Et

1430 1710 1519 1748 ideo
1538 1710 1679 1749 dicitur
1696 1712 1813 1749 Eccli.
1834 1723 1906 1749 xui
1919 1715 1958 1748 ¹⁵:
1984 1714 2141 1750 Memor
2163 1724 2230 1750 ero
2254 1725 2412 1763 operum
2431 1713 2510 1751 Do-

1429 1766 1533 1811 mini,
1555 1770 1589 1802 et
1609 1777 1705 1815 quae
1731 1766 1808 1803 vidi
1835 1767 2088 1803 annuntiabo:
2116 1768 2153 1803 in
2177 1768 2414 1804 sermonibus
2432 1767 2510 1805 Do—

1429 1819 1525 1855 mini
1551 1831 1668 1868 opera
1697 1820 1786 1856 eius.

1840 1941 1874 1958 20
1892 1933 2003 1968 animas]
2024 1934 2125 1959 animoa
2146 1934 2175 1959 Ρ.
2268 1941 2305 1967 27
2324 1934 2436 1968 artium}
2455 1935 2509 1961 ani-

2407 2004 2424 2032 6
2442 2006 2511 2033 siem

1977 2039 2010 2066 16
2029 2040 2054 2066 in
2074 2049 2103 2066 se
2121 2049 2164 2067 om
2183 2041 2212 2067 Z.

1055 2129 1396 2162 Commentario
1425 2129 1739 2163 Fen-ariensis

367 2222 481 2243 sraaso
494 2211 710 2242 necessarium
723 2220 793 2241 esse
810 2216 847 2241 ut
866 2210 905 2241 de
925 2211 1053 2241 actione
1068 2209 1175 2241 divina
1187 2215 1374 2241 transeunte
1400 2209 1401 2232 ἰ

368 2257 609 2293 determinetur,
634 2255 776 2287 ostendit
804 2254 950 2286 secundo
971 2255 1046 2286 loco
1072 2254 1210 2286 Sanctus
1226 2254 1373 2285 Thomas

293 2308 324 2333 et
346 2303 450 2343 ipsam
475 2301 769 2332 considerationem
794 2305 1012 2330 creaturarum
1046 2299 1158 2330 utilem
1184 2309 1253 2330 esse
1269 2300 1300 2329 *t
1333 2298 1372 2330 ad

293 2347 469 2387 perfectam
486 2347 572 2376 enim
590 2345 738 2376 factionis
755 2345 979 2385 cognitionem
996 2349 1127 2385 oportet
1151 2350 1182 2374 et
1205 2345 1273 2384 ipsa
1290 2343 1372 2374 facta

293 2400 502 2433 cognoscere.
528 2390 622 2421 Circa
646 2391 709 2421 hoc
735 2395 844 2420 autem
864 2389 932 2420 duo
951 2389 1034 2420 facit.
1061 2389 1170 2419 Primo
1191 2389 1278 2419 enim
1304 2389 1373 2420 eius
1399 2398 1401 2424 1

293 2435 561 2468 considerationis
586 2435 756 2465 utilitatem
781 2435 890 2475 ponit;
923 2433 1080 2470 secundo,
1112 2433 1254 2464 ostendit
1282 2432 1373 2464 diffe-

293 2482 429 2512 rentiam
445 2480 608 2520 Theologi
628 2489 645 2509 a
665 2479 867 2520 Philosopho
895 2479 926 2509 in
952 2484 1169 2509 creaturarum
1190 2477 1373 2509 considera-

293 2527 393 2562 tione,
418 2526 522 2566 capite
548 2535 588 2555 iv.

349 2570 518 2609 Quantum
542 2569 582 2600 ad
605 2569 758 2610 primum,
779 2568 945 2608 duplicem
961 2569 1054 2609 ponit
1071 2568 1252 2599 utilitatem.
1269 2568 1311 2599 Et
1327 2568 1372 2599 sic

294 2615 372 2646 duas
397 2615 511 2656 probat
536 2614 779 2645 conclusiones:
806 2614 943 2654 primam
969 2613 1000 2643 in
1021 2613 1086 2643 hoc
1110 2612 1270 2653 capitulo;
1295 2612 1372 2643 alte—

294 2670 361 2691 ram
386 2661 418 2690 in
442 2660 601 2700 sequenti.

349 2705 372 2735 1.
397 2704 578 2735 Conclusio
602 2703 698 2733 huius
723 2702 855 2743 capituli
889 2708 950 2733 est:
976 2702 1175 2732 Divinarum
1194 2702 1370 2744 sactorum

294 2750 459 2780 meditatio
485 2748 669 2780 necessaria
694 2753 750 2783 est,
776 2747 857 2778 idest
883 2747 978 2783 utilis,
1004 2747 1048 2778 ad
1065 2747 1170 2788 fidem
1195 2747 1371 2778 humanam

294 2794 528 2825 instruendam.
553 2793 721 2823 Probatur.
739 2792 791 2823 Ad
807 2793 983 2823 humanam
1004 2791 1103 2822 fidem
1128 2792 1267 2832 pertinet
1292 2791 1372 2823 divi·
1398 2798 1399 2806 ¹

293 2849 368 2870 nam
393 2839 584 2879 sapientiam
608 2837 827 2873 considerare;
860 2842 892 2868 et
923 2836 1072 2867 admirari
1099 2837 1286 2868 altissimam
1311 2837 1371 2868 Dei

293 2886 455 2920 virtutem,
480 2889 511 2914 et
535 2892 592 2923 per
611 2891 818 2922 consequens
835 2882 942 2912 Deum
967 2882 1082 2912 timere
1099 2887 1130 2912 et
1154 2882 1306 2918 revereri;
1324 2881 1371 2913 di-

293 2930 400 2960 vinam
425 2929 604 2959 bonitatem
621 2937 743 2963 amare;
762 2926 802 2958 ad
820 2926 963 2957 divinam
987 2925 1233 2957 similitudinem
1257 2936 1371 2968 perve-

293 2975 371 3005 nire.
397 2973 462 3004 Sed
485 2973 543 3004 ista
568 2973 679 3003 omnia
695 2972 774 3002 haec
799 2970 1015 3002 consideratio
1032 2971 1153 3002 tribuit.
1171 2971 1259 3012 Ergo
1283 2971 1370 3003 utilis

293 3024 340 3049 est
363 3018 403 3049 ad
427 3016 648 3049 instruendam
673 3015 782 3047 fidem.

349 3064 512 3094 Minorem
536 3062 660 3103 probat,
678 3060 787 3102 quoad
808 3061 945 3101 primam
963 3066 1097 3101 partem,
1123 3061 1177 3091 sic.
1195 3060 1371 3092 Artificiata

293 3114 367 3139 sunt
390 3108 465 3138 artis
495 3107 774 3148 repraesentativa.
808 3106 898 3136 Deus
922 3111 1031 3136 autem
1056 3115 1113 3136 sua
1137 3106 1293 3146 sapientia
1322 3116 1372 3137 res

294 3152 459 3193 produxit:
485 3151 625 3188 Psalmo,
646 3150 765 3182 Omnia
790 3150 823 3181 in
840 3150 1000 3191 sapientia
1015 3150 1152 3192 fecisti;
1176 3156 1208 3181 et
1230 3150 1332 3182 Eccli.
1350 3162 1370 3187 1,

294 3197 421 3239 Effudit
444 3197 535 3228 illam
558 3205 658 3237 super
681 3195 791 3226 omnia
815 3204 916 3237 opera
939 3204 1010 3226 sua.
1036 3195 1123 3235 Ergo
1147 3204 1185 3225 ex
1210 3194 1370 3226 factorum

294 3242 552 3273 consideratione
565 3249 740 3282 possumus
757 3239 899 3271 divinam
914 3240 1105 3281 sapientiam
1122 3239 1284 3280 colligere,
1301 3246 1370 3271 tan-

294 3296 392 3327 quam
417 3287 448 3317 in
474 3286 570 3317 rebus
594 3285 685 3317 factis
708 3286 899 3326 impressam
923 3294 981 3325 per
1005 3283 1168 3325 quandam
1186 3286 1372 3316 communi—

295 3332 455 3362 cationem
492 3340 568 3362 suae
603 3329 833 3362 similitudinis.
865 3349 888 3353 —
918 3329 1141 3360 Confirmatur
1180 3331 1370 3362 auctoritate

296 3376 425 3407 Psalmi:
459 3375 628 3407 Mirabilia
660 3384 760 3416 opera
792 3380 858 3410 tua,
891 3379 923 3405 et
952 3374 1063 3405 anima
1094 3384 1165 3405 mea
1195 3381 1371 3416 cognoscet
1396 3395 1398 3424 g

1424 3419 1617 3452 sideratione
1642 3420 1791 3452 iuvamur
1814 3419 1855 3452 ad
1878 3429 1916 3452 ea
1939 3419 1979 3452 ad
2003 3429 2087 3461 quae
2114 3429 2176 3451 nos
2200 3418 2280 3450 fides
2308 3419 2424 3461 dirigit.
2454 3419 2506 3451 In-

297 3421 400 3451 nimis.

350 3464 469 3503 Quoad
493 3463 669 3495 secundam
686 3469 822 3505 partem,
845 3464 989 3505 arguitur
1011 3464 1118 3504 primo
1136 3463 1226 3504 quod
1251 3463 1370 3495 ducant
1396 3462 1397 3465 ’

296 3510 327 3539 in
352 3509 597 3540 admirationem
621 3509 793 3540 altissimae
810 3509 870 3539 Dei
886 3509 1025 3539 virtutis:
1043 3509 1119 3549 quia
1135 3509 1235 3539 virtus
1251 3507 1370 3540 facien-

296 3554 335 3583 tis
360 3560 405 3584 est
430 3555 624 3585 eminentior
648 3555 742 3585 rebus
766 3553 868 3589 factis,
902 3558 937 3584 ut
968 3554 1114 3584 innuitur
1144 3552 1219 3594 Sap.
1245 3563 1310 3590 xm,
1339 3559 1370 3584 et

299 3598 388 3628 Rom.
407 3609 426 3628 t.
451 3616 474 3621 -
498 3598 595 3636 Quod
621 3604 730 3629 autem
755 3608 792 3629 ex
822 3599 886 3629 hoc
917 3603 1067 3630 causetur
1090 3598 1187 3629 timor
1218 3603 1249 3629 et
1281 3608 1370 3629 reve-

298 3643 407 3678 rentia,
431 3644 585 3682 probatur
609 3644 798 3674 auctoritate
818 3643 932 3674 Ierem.
951 3653 983 3674 x:
1003 3643 1165 3685 Magnum
1182 3648 1229 3674 est
1252 3653 1368 3674 nomen

299 3691 387 3716 tuum
413 3692 471 3717 etc.

1483 2209 1604 2248 Quoad
1628 2211 1755 2241 tertiam
1779 2215 1914 2252 partem,
1938 2210 2103 2252 probatur.
2128 2210 2262 2242 Bonitas
2278 2216 2506 2248 creaturarum,

1427 2254 1614 2295 pulcritudo
1632 2261 1663 2286 et
1681 2255 1820 2286 suavitas
1834 2255 1962 2286 animos
1976 2255 2151 2286 hominum
2170 2255 2270 2286 allicit
2288 2255 2328 2287 ad
2349 2265 2506 2288 amorem.

1399 2299 1402 2328 l
1428 2299 1514 2341 Ergo
1532 2305 1564 2330 et
1579 2300 1649 2340 ipsa
1665 2300 1794 2331 bonitas
1806 2300 1924 2336 divina,
1937 2309 2022 2341 quae
2038 2305 2086 2331 est
2101 2299 2176 2331 fons
2191 2300 2355 2337 bonitatis,
2372 2309 2507 2343 compa-

1427 2350 1493 2375 rata
1517 2344 1688 2385 diligenter
1703 2345 1813 2376 rivulis
1837 2345 2020 2376 bonitatum
2040 2345 2074 2376 in
2090 2345 2225 2386 singulis
2241 2345 2338 2376 rebus
2360 2346 2505 2387 repertis,

1427 2390 1554 2420 animos
1570 2390 1744 2420 hominum
1761 2389 1980 2421 inflammatos
1995 2389 2137 2421 totaliter
2151 2389 2192 2421 ad
2208 2399 2242 2421 se
2258 2389 2371 2421 trahet.
2383 2390 2507 2422 -Patet

1399 2434 1401 2439 ’
1427 2435 1672 2475 consequentia.
1697 2434 1784 2473 Quia
1809 2434 1967 2476 quicquid
1990 2435 2144 2466 bonitatis
2177 2439 2208 2466 et
2240 2434 2450 2476 perfectionis
2471 2435 2506 2467 in

1399 2499 1401 2515 :
1427 2478 1558 2510 diversis
1582 2480 1734 2510 creaturis
1759 2479 1992 2520 particulariter
2023 2485 2070 2511 est
2097 2479 2315 2517 distributum,
2338 2485 2446 2512 totum
2472 2481 2506 2512 in

1399 2520 1401 2548 ῗ
1426 2524 1499 2564 ipso
1523 2524 1747 2555 universaliter
1770 2530 1818 2555 est
1841 2524 2019 2556 adunatum
2046 2525 2130 2556 sicut
2151 2525 2185 2556 in
2210 2524 2301 2556 fonte
2322 2525 2424 2557 totius
2446 2524 2506 2556 bo-

1427 2569 1544 2599 nitatis.
1573 2587 1595 2591 -
1622 2568 1846 2600 Confirmatur
1869 2569 2060 2600 auctoritate
2087 2569 2217 2606 Psalmi,
2241 2569 2419 2601 Detectasti
2445 2578 2505 2606 me,

1426 2613 1568 2644 Domine
1588 2619 1665 2649 etc.;
1683 2619 1715 2644 et
1739 2613 1824 2650 alibi,
1851 2614 2105 2645 Inebriabuntur
2125 2620 2201 2651 etc.;
2224 2619 2256 2645 et
2272 2613 2348 2655 Sap.
2365 2624 2431 2651 xm,
2452 2614 2507 2646 Ex·

1427 2658 1467 2689 iis
1490 2667 1575 2699 quae
1599 2658 1750 2690 videntur
1773 2664 1833 2689 etc.

1482 2703 1602 2741 Quoad
1627 2709 1774 2744 quartam
1790 2709 1926 2744 partem,
1943 2704 2098 2745 probatur
2114 2704 2201 2744 quia,
2225 2713 2302 2735 cum
2325 2703 2506 2736 Christiana

1426 2747 1507 2779 fides
1530 2748 1699 2779 hominem
1717 2748 1757 2779 de
1778 2749 1850 2779 Deo
1866 2749 2087 2790 principaliter
2105 2749 2234 2780 instruit
2258 2754 2290 2780 et
2313 2757 2371 2790 per
2393 2749 2506 2781 lumen

1426 2791 1554 2823 divinae
1578 2793 1784 2824 revelationis
1808 2799 2027 2825 creaturarum
2052 2794 2257 2834 cognitorem
2285 2792 2373 2830 facit,
2404 2793 2440 2825 fit
2471 2794 2505 2825 in

1398 2849 1399 2865 ι
1425 2837 1560 2869 homine
1577 2837 1738 2879 quaedam
1754 2837 1882 2875 divinae
1902 2839 2079 2890 sapientiae
2099 2838 2294 2870 similitudo:
2312 2838 2402 2870 Deus
2418 2839 2506 2870 enim

1425 2883 1569 2923 seipsum
1593 2882 1826 2924 cognoscendo
1850 2883 1883 2914 in
1907 2893 1941 2914 se
1966 2885 2076 2915 omnia
2100 2883 2253 2915 intuetur.
2277 2901 2300 2906 -
2303 2880 2506 2915 Confirma-

1425 2933 1478 2958 tur
1501 2937 1559 2968 per
1589 2928 1799 2968 Apostolum
1832 2927 1857 2958 11
1891 2927 1970 2959 Cor.
1995 2938 2045 2959 m:
2070 2928 2142 2959 Nos
2171 2938 2249 2959 vero
2274 2937 2386 2959 omnes
2416 2937 2506 2960 reve·

1426 2972 1495 3003 lata
1519 2978 1580 3003 etc.

1479 3016 1712 3048 Communia
1725 3017 1895 3048 conclusio
1909 3017 2094 3059 principalis
2113 3018 2303 3049 auctoritate
2318 3017 2420 3049 Eccli.
2432 3027 2505 3054 ηπ,

1397 3059 1399 3072 “’
1426 3062 1556 3092 Memor
1579 3071 1638 3093 ero
1663 3067 1723 3093 etc.

1482 3106 1519 3138 11.
1545 3106 1639 3138 Circa
1663 3107 1760 3138 huius
1784 3107 1896 3148 capitis
1921 3106 2180 3146 conclusionem,
2204 3106 2387 3140 notandum
2408 3082 2507 3154 quod

1424 3160 1493 3182 non
1509 3156 1557 3182 est
1580 3152 1650 3183 eius
1674 3161 1787 3183 sensus
1813 3151 2108 3184 considerationem
2132 3157 2350 3184 creaturarum
2368 3152 2509 3184 caman

1425 3195 1641 3227 Christianam
1658 3195 1772 3227 iidem.
1790 3205 1858 3227 non
1875 3197 1962 3228 enim
1982 3195 2062 3228 fides
2078 3206 2116 3228 ex
2133 3196 2285 3228 creaturis
2301 3191 2459 3229 calnam}-
2470 3195 2504 3227 in

1424 3241 1529 3278 nobis,
1547 3241 1603 3272 sed
1628 3250 1667 3272 ex
1684 3241 1806 3272 lumine
1823 3241 1950 3272 divinae
1965 3241 2184 3279 revelationis,
2205 3240 2282 3272 licet
2296 3240 2393 3281 etiam
2403 3240 2505 3283 ipsae

1424 3291 1588 3317 creaturae
1605 3295 1666 3317 nos
1682 3285 1904 3318 manuducant
1926 3286 1960 3317 in
1977 3286 2038 3317 Dei
2054 3286 2286 3327 cognitionem.
2308 3283 2373 3317 Sed
2391 3292 2506 3317 sensus

1425 3335 1472 3361 est
1495 3330 1587 3371 quod
1610 3336 1828 3364 creaturarum
1852 3330 2070 3363 consideratio
2093 3330 2180 3362 utilis
2203 3335 2251 3362 est
2274 3329 2314 3361 ad
2343 3330 2432 3362 illam
2455 3331 2504 3362 iu-

1424 3376 1636 3407 structionem
1660 3385 1760 3417 quam
1784 3375 1860 3407 facit
1882 3375 1964 3407 fides
1978 3375 2170 3411 Christiana,
2185 3374 2265 3406 dum
2282 3384 2320 3406 ex
2344 3375 2405 3407 hac
2425 3384 2506 3406 con-

1424 3465 1578 3496 struimur
1601 3465 1688 3496 enim
1713 3474 1771 3506 per
1793 3464 1893 3496 fidem
1914 3463 1955 3496 de
1979 3463 2146 3496 credendis
2170 3464 2288 3505 primo,
2313 3462 2504 3496 secundario

1424 3509 1464 3541 de
1488 3509 1629 3550 agendis.
1661 3509 1850 3541 Secundum
1879 3509 1966 3540 enim
1995 3508 2175 3540 doctrinam
2207 3508 2316 3540 Sancti
2343 3508 2503 3545 Therme,

1424 3554 1465 3584 ΙΙ·
1490 3554 1552 3591 Ιῐ·”,
1577 3564 1608 3596 q.
1634 3564 1675 3591 ιν,
1701 3563 1730 3591 2,
1754 3553 1795 3586 ad
1820 3553 1848 3590 3,
1869 3553 1959 3595 fides
1982 3558 2030 3584 est
2052 3553 2085 3584 in
2110 3553 2274 3585 intellectu
2304 3553 2504 3595 speculativo

1423 3599 1507 3630 sicut
1531 3599 1563 3630 in
1587 3599 1740 3634 subiecto,
1764 3598 1929 3630 extensive
1951 3603 2059 3629 autem
2090 3603 2139 3629 est
2160 3598 2257 3629 etiam
2282 3598 2315 3629 in
2340 3598 2504 3629 inte11ectu

1396 3650 1397 3660 ¹
1418 3644 1587 3684 practico:
1603 3649 1634 3675 et
1648 3653 1711 3685 per
1726 3643 1930 3674 dilectionem
1955 3648 2112 3684 operatur
2135 3641 2258 3686 (Galat.
2271 3643 2341 3682 v*),
2366 3643 2504 3685 inquan-

1425 3694 1490 3718 tum
1515 3694 1563 3719 est
1586 3688 1751 3719 inchoatio
1775 3693 1807 3719 et
1819 3687 2078 3729 fundamentum
2101 3687 2264 3729 quoddam
2287 3687 2383 3729 quasi
2405 3688 2504 3719 totius

2537 431 2546 439 ·
2562 430 2599 452 ΡΒ.
2610 435 2657 456 101,
2667 435 2687 458 5.

2537 537 2545 546 ”
2557 536 2596 558 Ps-
2604 542 2675 563 xxxv,
2683 541 2706 564 9.
2715 540 2751 558 ιο.

2537 966 2620 994 ‘cm
2630 971 2731 988 xxxviii.

2538 1127 2547 1136 ·
2562 1125 2620 1154 Cup.
2630 1131 2686 1147 ura
2700 1130 2753 1154 »qq-

2533 3646 2624 3670 ’να-ι.
2637 3646 2661 3669 6.
