2768 4134
43 3011 51 3020 ·
67 3010 102 3032 Cf.
115 3017 138 3033 n.
149 3017 200 3033 viu.

44 3364 55 3373 '
65 3363 115 3385 Fol.
128 3369 158 3391 49
166 3369 188 3385 ν.
200 3375 208 3379 -
221 3364 255 3385 Cf.

44 3396 70 3411 n.
80 3396 101 3411 v.

296 302 372 338 412

296 379 395 400 unum
412 378 476 409 per
498 378 532 398 se
555 368 594 397 de
623 367 689 397 alio
719 376 784 396 non
812 366 1035 407 praedicatur.
1069 366 1101 397 Si
1125 371 1234 397 autem
1264 375 1368 396 unum

294 414 431 444 sumitur
453 422 472 442 a
496 411 600 442 forma
629 411 807 451 posteriore
832 410 888 441 sed
914 420 983 441 non
1006 411 1159 451 praecise,
1185 416 1216 441 et
1240 410 1327 441 aliud
1351 420 1369 440 a

293 457 396 488 forma
420 457 536 496 priore,
561 461 668 495 potest
691 455 774 485 inter
797 455 850 485 illa
874 465 941 486 esse
966 455 1162 495 praedicatio
1182 465 1240 496 per
1263 465 1307 486 se.
1327 455 1369 485 Et

292 501 366 532 ideo
391 510 449 531 nec
471 509 576 541 genus
599 499 639 530 de
668 499 864 540 differentia,
894 509 953 531 nec
976 500 1161 541 differentia
1185 500 1225 530 de
1247 509 1369 542 genere

286 555 350 586 per
371 555 405 576 se
425 544 657 585 praedicatur:
681 545 757 584 quia
781 555 881 575 unum
911 545 1052 575 sumitur
1078 556 1098 575 a
1113 545 1233 586 forma
1252 545 1368 585 priore

292 595 323 621 et
344 590 483 620 alterum
507 599 527 619 a
542 589 662 630 forma
680 590 867 629 posteriore
884 590 1044 630 praecise.
1070 589 1134 621 Sed
1158 590 1240 620 bene
1263 599 1368 631 genus

291 635 330 665 de
353 634 457 674 specie
473 643 538 674 per
559 643 594 664 se
611 633 845 674 praedicatur:
867 634 955 675 quia,
980 635 1040 665 etsi
1069 635 1189 675 species
1217 635 1369 675 importet

290 678 507 719 differentiam
525 678 671 708 ultimam
688 684 843 720 tanquam
855 679 1072 720 principalem
1093 680 1126 709 in
1142 689 1204 710 sua
1228 679 1366 714 ratione,

291 733 356 753 non
381 728 487 753 tamen
500 724 650 763 praecise
666 723 822 764 importat
844 724 935 759 illud,
953 725 1009 755 sed
1032 733 1105 755 cum
1120 724 1183 754 hoc
1207 724 1367 755 rationem

288 767 430 810 generis,
456 773 611 808 tanquam
635 767 675 798 de
692 778 756 809 per
777 778 812 799 se
838 774 994 809 conceptu
1018 769 1097 799 eius.

347 822 375 842 2.
394 811 458 843 Sed
481 812 572 853 quod
594 818 747 844 neutrum
763 814 882 844 horum
902 814 994 844 tollat
1018 814 1084 843 vim
1106 814 1250 850 rationis,
1275 813 1367 844 facile

289 856 390 888 videri
412 863 520 897 potest
537 867 575 888 ex
597 858 667 898 ipsa
690 858 822 892 rationis
840 857 952 888 forma.
970 858 1115 888 Primum
1131 858 1265 899 quidem
1289 867 1368 888 con-

289 907 349 932 stat
372 911 440 932 non
465 900 534 933 esse
558 901 598 932 ad
621 903 827 943 propositum
857 903 999 933 rationis.
1031 902 1118 940 Quia
1141 912 1209 933 non
1237 902 1368 933 deducit

288 947 369 977 ratio
399 946 508 978 Sancti
532 947 681 977 Thomae
712 946 752 977 ad
782 947 845 977 hoc
873 946 964 987 quod
994 947 1053 977 ista
1083 956 1151 977 non
1176 948 1216 977 sit
1241 956 1299 988 per
1322 956 1366 984 se,

289 992 422 1021 Animal
445 996 493 1022 est
514 992 629 1022 homo:
652 991 708 1022 sed
732 991 823 1031 quod
846 991 926 1022 haec
948 1001 1017 1022 non
1042 996 1090 1022 est
1113 1000 1171 1032 per
1194 1001 1238 1028 se,
1255 991 1366 1022 Homo

289 1041 336 1066 est
358 1037 491 1072 animal,
518 1042 573 1067 aut
595 1036 664 1072 ista,
689 1036 822 1066 Animal
836 1041 884 1066 est
901 1036 1018 1066 vivum.
1043 1036 1085 1067 Et
1108 1036 1212 1076 arguit
1235 1037 1321 1076 quia,
1341 1037 1367 1066 si

288 1081 348 1111 ista
371 1081 562 1121 propositio,
586 1080 698 1110 Homo
730 1085 777 1110 est
799 1081 934 1116 animal,
959 1086 1000 1117 et,
1022 1081 1155 1111 Animal
1178 1086 1226 1111 est
1248 1081 1366 1117 vivum,

289 1130 336 1155 est
359 1135 417 1165 per
439 1135 473 1155 se
496 1129 629 1165 propter
653 1124 800 1155 ordinem
825 1124 1003 1156 formarum
1026 1126 1163 1156 subiecti
1187 1130 1219 1156 et
1242 1125 1367 1166 praedi-

289 1170 359 1205 cati,
384 1179 451 1200 non
476 1174 584 1209 potest
607 1179 675 1200 esse
698 1170 732 1200 in
755 1170 862 1210 primo
887 1169 988 1201 modo
1012 1179 1069 1210 per
1092 1180 1136 1207 se,
1161 1169 1218 1201 sed
1240 1175 1366 1201 tantum

287 1215 321 1244 in
344 1213 500 1250 secundo,
524 1214 558 1244 in
589 1223 655 1254 quo
686 1213 860 1245 attenditur
886 1214 1039 1245 naturalis
1070 1215 1202 1255 sequela
1225 1220 1257 1245 et
1284 1214 1365 1245 ordo

288 1257 475 1289 formarum.
500 1257 563 1289 Sed
587 1268 648 1289 nec
671 1259 704 1289 in
728 1258 874 1290 secundo
890 1259 992 1290 modo
1016 1265 1124 1300 potest
1147 1269 1216 1290 esse
1240 1268 1297 1300 per
1320 1268 1364 1290 se.

288 1302 373 1341 Quia
400 1304 433 1333 in
464 1303 521 1333 illo
552 1303 654 1334 modo
684 1303 915 1343 praedicatum,
947 1309 1107 1344 quantum
1135 1304 1175 1335 ad
1198 1303 1231 1335 id
1255 1314 1272 1334 a
1297 1313 1364 1344 quo

286 1348 433 1384 sumitur,
458 1353 505 1378 est
528 1347 663 1379 formale
689 1354 837 1389 respectu
864 1349 1011 1385 subiecti,
1036 1355 1068 1380 et
1098 1350 1280 1380 subiectum
1304 1358 1364 1389 po-

286 1393 372 1423 nitur
396 1393 428 1423 in
453 1391 642 1424 definitione
668 1392 852 1433 praedicati.
884 1394 1046 1424 Neutrum
1075 1400 1184 1425 autem
1213 1399 1260 1424 est
1288 1403 1364 1424 cum

287 1436 412 1474 dicitur,
443 1437 564 1476 Homo·
586 1443 634 1468 est
662 1438 795 1474 animal,
820 1443 885 1475 aut,
910 1439 1043 1469 Animal
1073 1444 1120 1469 est
1144 1439 1261 1469 vivum.
1286 1438 1362 1469 Non

287 1482 373 1512 enim
396 1482 493 1512 homo
517 1482 719 1523 praedicatur
743 1482 783 1513 de
807 1483 954 1520 animali,
980 1483 1071 1524 quod
1090 1483 1221 1515 deberet
1244 1493 1314 1514 esse
1337 1484 1363 1514 si

286 1526 503 1557 attenderetur
526 1527 608 1558 ordo
632 1527 821 1564 formarum,
846 1528 902 1558 ubi
926 1528 1147 1569 praedicatum
1175 1528 1270 1559 debet
1294 1538 1362 1559 esse

286 1571 435 1602 formale:
460 1571 517 1602 sed
540 1572 666 1602 animal
695 1571 735 1603 de
765 1573 905 1608 homine,
931 1573 1022 1614 quod
1052 1579 1100 1604 est
1126 1573 1290 1604 materiale
1313 1583 1362 1604 re-

286 1622 400 1657 spectu
423 1617 576 1647 hominis.
600 1617 669 1647 Nec
697 1618 794 1648 etiam
816 1618 914 1648 homo
945 1619 1079 1659 ponitur
1108 1619 1141 1649 in
1172 1617 1362 1649 definitione

286 1661 449 1697 animalis,
474 1661 531 1692 sed
555 1671 573 1692 e
597 1671 765 1693 converso.
790 1662 866 1693 Non
896 1672 973 1703 ergo
997 1664 1122 1693 ratione
1151 1662 1273 1693 ordinis
1297 1662 1362 1693 for-

286 1715 413 1736 marum
436 1706 618 1746 praedictae
641 1707 884 1747 propositiones
901 1706 1052 1738 dicuntur
1073 1717 1131 1748 per
1153 1717 1198 1738 se.
1214 1726 1236 1730 -
1252 1707 1293 1738 Et
1316 1708 1362 1738 sic

286 1756 374 1791 patet
396 1751 539 1790 primum
563 1750 686 1781 dictum
710 1751 799 1782 Scoti
822 1751 998 1792 procedere
1022 1762 1061 1783 ex
1084 1752 1171 1783 malo
1196 1752 1362 1783 intellectu

286 1796 418 1825 rationis
443 1795 551 1826 Sancti
574 1795 733 1826 Thomae.

342 1839 530 1871 Secundum
555 1841 651 1871 etiam
682 1841 802 1871 nullius
826 1847 874 1872 est
902 1842 1072 1872 momenti.
1102 1841 1186 1872 Nam
1216 1841 1361 1872 secundo

286 1884 387 1915 modo
404 1885 581 1925 perseitatis
597 1884 798 1925 praedicatur
813 1885 846 1916 id
863 1885 953 1926 quod
969 1891 1016 1916 est
1032 1885 1177 1922 formale,
1203 1891 1362 1926 quantum

286 1929 326 1959 ad
349 1929 381 1960 id
404 1939 422 1959 a
446 1939 514 1969 quo
537 1930 646 1970 ipsum
663 1930 893 1969 praedicatum,
910 1936 947 1961 ut
970 1931 1025 1967 sic,
1050 1930 1167 1961 dicitur
1186 1929 1362 1960 formaliter

285 1973 357 2003 tale.
383 1974 423 2004 Et
447 1974 492 2004 sic
517 1979 647 2014 oportet
671 1980 707 2004 ut
733 1980 823 2005 actus
853 1980 884 2005 et
909 1974 1015 2005 forma
1046 1984 1063 2005 a
1092 1984 1156 2015 qua
1186 1973 1362 2005 formaliter

285 2018 503 2058 praedicatum
519 2017 635 2049 dicitur
658 2019 731 2055 tale,
747 2019 787 2049 sit
810 2019 970 2060 posterior
986 2018 1090 2050 forma
1114 2029 1131 2050 a
1155 2028 1219 2059 qua
1242 2018 1362 2049 forma—

262 2073 264 2075 ·
285 2062 354 2092 liter
377 2063 560 2094 subiectum
584 2069 632 2094 est
654 2063 733 2094 tale:
758 2064 841 2094 sicut
856 2065 889 2094 in
913 2064 973 2094 hac
989 2064 1215 2104 propositione
1238 2073 1296 2104 per
1316 2073 1360 2100 se,

284 2107 534 2149 Supersit-iatum
557 2113 605 2138 est
627 2108 821 2144 coloratum,
848 2108 949 2145 color,
974 2119 992 2138 a
1016 2118 1083 2149 quo
1112 2107 1290 2139 formaliter
1314 2107 1361 2139 di-

285 2152 367 2182 citur
389 2152 511 2192 aliquid
535 2153 728 2189 coloratum,
754 2158 801 2184 est
824 2152 929 2184 forma
952 2154 1113 2193 posterior
1136 2152 1318 2194 superficie,
1343 2163 1361 2183 a

285 2206 349 2237 qua
372 2206 491 2237 corpus
515 2196 633 2228 dicitur
649 2197 909 2238 superficiatum;
927 2199 1007 2228 etin
1031 2198 1102 2235 hac,
1120 2198 1214 2240 Ignis
1237 2203 1285 2228 est
1307 2207 1361 2228 ca-

285 2241 379 2277 lidus,
405 2241 557 2279 caliditas,
575 2252 592 2272 a
609 2252 674 2283 qua
690 2243 828 2273 sumitur
843 2242 994 2279 calidum,
1012 2249 1059 2273 est
1080 2243 1240 2283 posterior
1257 2241 1361 2273 forma

285 2295 302 2316 a
326 2295 390 2326 qua
413 2287 551 2317 sumitur
573 2287 665 2327 ignis.
691 2287 732 2317 Et
755 2288 800 2318 sic
823 2296 956 2318 necesse
980 2292 1027 2318 est
1050 2286 1141 2327 quod
1165 2287 1269 2318 forma
1285 2288 1360 2318 sub-

285 2331 358 2361 iecti
375 2336 406 2361 et
422 2331 595 2372 praedicati
611 2341 644 2362 se
661 2332 799 2362 habeant
822 2333 905 2362 sicut
928 2331 1019 2372 quod
1035 2331 1195 2362 antecedit
1219 2337 1251 2363 et
1271 2331 1361 2372 quod

285 2376 439 2416 sequitur,
465 2382 500 2407 ut
523 2381 611 2416 patet
635 2376 750 2413 Prima,
776 2386 807 2416 q.
825 2386 927 2412 Lxxvr,
949 2386 977 2407 a.
996 2376 1025 2413 3,
1050 2377 1076 2407 si
1100 2377 1144 2406 ibi
1169 2382 1216 2407 est
1239 2386 1361 2417 propo-

285 2421 358 2450 sitio
382 2430 439 2461 per
462 2430 495 2451 se
520 2426 652 2461 propter
681 2420 830 2452 ordinem
860 2420 1049 2452 formarum.
1082 2421 1258 2461 Importare
1283 2430 1360 2461 ergo

286 2464 424 2496 formam
440 2466 653 2505 posteriorem
675 2466 817 2506 praecise
841 2471 895 2496 aut
918 2475 987 2496 non
1010 2466 1164 2506 praecise,
1189 2465 1268 2496 nihil
1285 2465 1360 2496 facit

285 2509 324 2540 ad
339 2511 560 2550 propositum:
579 2519 655 2541 cum
671 2515 821 2551 oporteat
833 2519 961 2551 semper
973 2509 1193 2551 praedicatum
1209 2511 1242 2541 in
1258 2509 1360 2540 modo

279 2564 342 2594 per
356 2564 390 2585 se
413 2555 469 2595 qui
494 2560 540 2585 est
556 2560 689 2595 propter
707 2555 855 2585 ordinem
879 2554 1067 2591 formarum,
1092 2554 1198 2586 dicere
1222 2554 1360 2585 formam

285 2600 496 2638 posteriorem
521 2605 552 2630 et
575 2599 785 2630 actualiorem
809 2598 913 2630 forma
929 2609 947 2630 a
963 2609 1027 2640 qua
1044 2600 1226 2630 subiectum
1245 2598 1361 2630 dicitur

284 2643 459 2674 formaliter
474 2644 546 2680 tale,
560 2644 633 2675 licet
646 2645 827 2675 subiectum
841 2654 916 2675 cum
929 2644 983 2674 illa
995 2643 1098 2674 forma
1114 2644 1208 2675 aliam
1221 2643 1361 2674 formam

284 2689 424 2728 priorem
441 2688 593 2720 includat.
618 2688 720 2727 Quod
736 2698 812 2720 cum
829 2698 896 2719 non
920 2690 960 2719 sit
983 2689 1017 2719 in
1040 2689 1099 2719 hac
1122 2689 1359 2729 propositione,

283 2733 394 2763 Homo
411 2738 458 2764 est
480 2734 614 2769 animal,
633 2743 708 2764 cum
725 2734 923 2771 sensifivum,
944 2743 961 2764 a
978 2743 1045 2774 quo
1069 2734 1206 2764 sumitur
1225 2733 1359 2770 animal,

283 2787 349 2808 non
373 2779 413 2809 sit
436 2777 603 2809 formalius
625 2784 656 2809 et
680 2779 846 2815 actualius,
863 2778 919 2809 sed
942 2778 1137 2809 materialius
1153 2784 1184 2809 et
1199 2779 1360 2819 potentia-

283 2823 343 2853 lius
362 2823 570 2860 intellecfivo,
590 2833 608 2853 a
624 2833 691 2863 quo
716 2824 854 2854 sumitur
877 2822 1053 2854 formaliter
1076 2823 1172 2853 homo
1179 2830 1191 2859 ,·
1214 2823 1361 2864 sequitur

283 2869 463 2898 necessario
483 2867 573 2908 quod
589 2868 623 2898 in
639 2868 692 2898 illa
709 2868 935 2909 propositione
951 2877 1018 2898 non
1035 2873 1082 2898 est
1098 2867 1216 2898 modus
1240 2868 1359 2908 persei-

283 2912 353 2942 tatis
370 2913 427 2952 qui
443 2912 559 2943 accidit
580 2918 713 2953 propter
729 2912 878 2943 ordinem
901 2912 1090 2943 formarum.
1107 2930 1129 2934 —
1145 2912 1186 2943 Et
1209 2912 1254 2943 sic
1270 2912 1359 2943 nulla

283 2966 320 2987 ex
337 2963 425 2997 parte
441 2958 611 2998 responsio
627 2957 716 2988 Scoti
739 2956 883 2997 infringit
898 2957 1056 2987 rationem
1074 2956 1182 2988 Sancti
1198 2956 1357 2987 Thomae.

338 3001 391 3032 VI.
416 3001 564 3033 Secundo
582 3003 608 3032 st.
638 3001 799 3043 Sequetur
823 3001 913 3042 quod
943 3002 1045 3032 homo
1076 3010 1144 3031 non
1173 3002 1232 3032 erit
1255 3011 1359 3032 unum

283 3056 349 3082 ens,
367 3046 423 3077 sed
438 3047 540 3088 plura.
558 3046 644 3085 Quia
660 3056 765 3078 unum
781 3056 837 3077 ens
854 3045 970 3076 dicitur
986 3046 1024 3076 ab
1049 3055 1114 3076 una
1138 3045 1251 3076 forma.
1269 3046 1359 3077 Sicut

284 3091 370 3121 enim
386 3101 404 3121 a
421 3090 526 3122 forma
543 3100 760 3132 unaquaeque
780 3100 829 3122 res
845 3091 941 3121 habet
957 3099 1036 3127 esse,
1061 3091 1104 3121 ita
1128 3096 1160 3121 et
1183 3091 1357 3122 unitatem:

284 3145 358 3166 cum
384 3146 483 3167 unum
508 3141 727 3176 consequatur
751 3135 790 3166 ad
815 3145 881 3166 ens.

336 3180 368 3211 Si
393 3180 515 3212 dicatur
532 3180 623 3221 quod
647 3180 686 3211 ad
710 3181 867 3211 unitatem
890 3180 1032 3210 hominis
1055 3179 1173 3210 sufficit
1194 3179 1275 3210 ordo
1293 3179 1358 3211 for-

284 3234 423 3256 marum:
441 3226 505 3256 hoc
521 3235 589 3256 non
602 3225 695 3256 valet.
713 3225 800 3263 Quia
816 3234 884 3255 esse
896 3233 1001 3255 unum
1017 3223 1197 3255 secundum
1210 3224 1358 3256 ordinem

284 3279 350 3300 non
374 3275 421 3300 est
445 3280 513 3301 esse
538 3279 642 3301 unum
662 3269 863 3311 simpliciter:
882 3278 958 3300 cum
976 3269 1082 3299 unitas
1106 3268 1227 3299 ordinis
1243 3270 1283 3300 sit
1298 3270 1358 3300 mi-

285 3315 371 3344 nima
394 3315 566 3345 unitatum.

340 3359 407 3389 Vll.
432 3359 484 3390 Ad
507 3359 590 3389 hanc
610 3359 769 3389 rationem
794 3358 920 3394 Scotus,
945 3358 1001 3388 ubi
1025 3359 1121 3397 s'upra
1137 3358 1164 3393 ⁴,
1189 3357 1359 3398 dupliciter

286 3403 467 3443 respondet.
492 3404 612 3440 Primo,
628 3409 724 3443 negat
741 3413 840 3434 unum
858 3412 926 3433 esse
951 3411 1048 3433 unam
1066 3406 1191 3432 tantum
1206 3403 1358 3443 sormam

288 3448 462 3487 requirere.
480 3448 571 3479 Sicut
586 3448 670 3478 enim
688 3457 744 3478 ens
760 3447 918 3478 dividitur
936 3446 968 3477 in
986 3446 1123 3487 simplex
1147 3451 1178 3476 et
1200 3447 1358 3487 composi-

289 3497 363 3526 tum,
390 3493 434 3523 ita
452 3498 482 3523 et
498 3502 574 3523 esse.
600 3492 643 3523 Et
660 3492 740 3528 ideo,
758 3493 842 3523 sicut
858 3497 960 3522 totum
977 3501 1034 3522 ens
1050 3500 1092 3522 ex
1108 3491 1218 3521 multis
1232 3492 1359 3532 formis

289 3536 423 3567 includit
447 3538 520 3567 illas
544 3537 691 3567 entitates
709 3537 880 3578 partiales,
898 3537 943 3567 ita
967 3545 1035 3567 esse
1059 3536 1157 3566 totius
1180 3537 1358 3576 compositi,

289 3580 374 3620 quod
397 3587 443 3611 est
467 3591 576 3616 unum,
603 3581 738 3612 includit
765 3581 867 3612 multa
896 3590 964 3611 esse
988 3580 1150 3622 partialia
1181 3580 1359 3611 multarum

284 3625 429 3664 partium
454 3626 503 3655 vel
524 3626 728 3667 formarum.
758 3626 799 3656 Et
830 3626 874 3656 sic
898 3635 966 3656 non
998 3630 1129 3666 oportet
1159 3634 1262 3655 unum
1292 3634 1360 3656 esse

291 3670 462 3709 compositi
487 3679 554 3700 esse
578 3671 616 3699 ab
641 3679 705 3700 una
729 3675 855 3701 tantum
879 3668 993 3700 forma.

787 288 976 325 SUMMA
1005 288 1228 354 CQNTRA
1257 287 1532 332 GENTILES,
1561 288 1655 324 LIB.
1677 289 1718 333 ΙΙ,
1749 288 1860 326 CAP.
1880 290 2009 327 LVIII.

1480 365 1631 396 Secundo
1648 365 1837 406 respondet:
1862 366 1898 396 Si
1902 367 1980 408 fiat,
1993 368 2109 408 inquit,
2123 370 2170 400 vis
2187 371 2219 401 in
2236 372 2342 408 verbo,
2360 373 2500 404 concedo

1423 410 1511 451 quod
1524 410 1677 451 formale
1706 420 1775 441 esse
1805 411 1905 442 totius
1931 413 2101 453 compositi
2127 419 2176 444 est
2193 415 2422 457 principaliter
2440 428 2502 458 per

1424 464 1523 485 unam
1538 455 1701 496 formam,
1723 464 1806 495 quae
1829 461 1878 486 est
1900 456 2024 493 ultima,
2042 457 2219 489 adveniens
2237 461 2384 492 omnibus
2402 472 2501 503 prae-

1423 499 1615 530 cedentibus.
1646 499 1691 530 Et
1712 500 1774 530 hoc
1797 500 1893 531 modo
1918 505 2021 531 totum
2048 503 2262 543 compositum
2288 504 2444 536 dividitur
2467 508 2500 537 in

1423 544 1506 575 duas
1520 549 1634 584 partes
1650 545 1854 575 essentiales:
1876 546 1999 576 scilicet
2014 546 2046 576 in
2063 552 2172 577 actum
2181 549 2367 588 proprium,
2384 551 2440 590 qui
2455 556 2503 581 est

1424 589 1539 620 ultima
1553 589 1683 630 forma,
1699 599 1764 629 qua
1788 596 1837 620 est
1859 590 1942 620 illud
1957 591 2045 631 quod
2060 597 2108 622 est
2115 599 2127 629 ;
2151 597 2182 622 et
2190 593 2366 634 propriam
2383 599 2500 634 poten-

1424 634 1502 664 tiam
1527 633 1616 664 illius
1639 638 1740 669 actus,
1773 643 1857 674 quae
1886 635 2024 666 includit
2053 637 2225 667 materiam
2250 638 2395 678 primam
2428 647 2501 669 cum

1424 679 1571 709 omnibus
1585 678 1714 720 formis
1730 678 2010 719 praecedentibus.
2431 714 2445 720 ⁶

1481 732 1508 753 2.
1534 722 1598 753 Sed
1621 723 1726 763 prima
1752 723 1868 753 harum
1894 724 2147 764 responsionum
2174 725 2321 767 procedit
2346 736 2384 757 ex
2413 728 2500 758 malo

1422 768 1589 798 intellectu
1619 768 1752 798 rationis
1785 767 1894 798 Sancti
1926 768 2086 800 Thomae.
2118 770 2244 801 Dicitur
2274 773 2361 802 enim
2393 773 2500 812 primo

1423 812 1523 852 quod,
1542 822 1617 843 cum
1634 812 1710 842 dicit
1726 811 1862 842 Sanctus
1878 812 2024 843 Thomas
2043 823 2148 845 unum
2164 825 2233 846 esse
2256 816 2295 846 ab
2312 826 2377 847 una
2396 816 2501 847 forma

1422 856 1609 898 procedere,
1626 866 1693 887 non
1717 856 1864 896 loquitur
1879 857 2099 898 principaliter
2122 858 2162 889 de
2186 869 2256 891 esse
2278 861 2410 892 actualis
2435 862 2500 892 exi-

1422 903 1568 938 stentiae,
1592 907 1629 932 ut
1651 901 1778 932 videtur
1805 901 1924 932 Scotus
1953 902 2142 943 intelligere,
2165 903 2222 934 sed
2249 904 2289 935 de
2317 915 2386 936 esse
2411 906 2500 946 quod

1423 947 1594 977 essentiam
1606 947 1652 977 rei
1669 945 1755 983 dicit,
1769 946 1844 976 licet
1859 946 2052 977 secundario
2068 947 2222 989 loquatur
2234 948 2274 979 de
2286 958 2355 981 esse
2367 951 2500 981 actualis

1423 992 1622 1022 existentiae:
1646 1000 1712 1021 una
1737 991 1825 1021 enim
1849 991 1986 1021 essentia
2010 997 2057 1022 est
2081 992 2120 1022 ab
2143 1002 2209 1023 una
2231 992 2346 1024 forma.

1478 1036 1603 1077 Dicitur
1626 1034 1783 1072 secundo,
1808 1035 1898 1076 quod
1926 1036 2062 1066 essentia
2093 1046 2168 1073 una,
2196 1043 2499 1079 quantumcumque

1422 1081 1614 1121 composita,
1638 1090 1707 1110 non
1730 1085 1838 1120 potest
1853 1089 1923 1111 esse
1937 1080 1999 1111 nisi
2015 1081 2055 1111 ab
2071 1091 2137 1111 una
2160 1080 2274 1113 forma.
2291 1082 2379 1121 Quia
2401 1092 2500 1124 quae-

1421 1125 1499 1155 libet
1522 1124 1627 1155 forma
1643 1125 1859 1155 substantialis
1882 1124 2057 1156 adveniens
2073 1126 2225 1157 materiae
2240 1136 2345 1158 unum
2366 1137 2435 1159 esse
2451 1137 2500 1158 es·

1421 1170 1553 1200 sentiale
1570 1170 1753 1200 constituit:
1772 1179 1848 1200 cum
1860 1170 1949 1200 enim
1965 1179 2065 1201 unum
2082 1177 2300 1212 consequatur
2312 1181 2378 1208 ens,
2395 1171 2500 1203 forma

1421 1223 1505 1254 quae
1529 1214 1696 1244 constituit
1718 1223 1786 1250 ens,
1810 1213 1887 1245 facit
1903 1215 1999 1245 etiam
2023 1225 2129 1246 unum
2152 1225 2221 1246 ens.
2245 1216 2343 1257 Ergo,
2361 1217 2417 1247 ubi
2437 1226 2498 1258 po-

1419 1264 1538 1290 nantur
1560 1259 1669 1299 plures
1685 1257 1820 1295 formae,
1838 1264 1969 1299 oportet
1992 1269 2031 1290 ex
2053 1260 2116 1291 illis
2140 1261 2294 1291 constitui
2317 1261 2426 1302 plures
2450 1271 2499 1292 es-

1419 1303 1547 1340 sentias,
1572 1312 1711 1344 quarum
1735 1312 1952 1344 unaquaeque
1977 1310 2025 1335 est
2047 1314 2112 1335 una
2136 1315 2194 1346 per
2217 1315 2261 1336 se.
2278 1306 2320 1336 Et
2342 1306 2387 1337 sic
2410 1311 2499 1347 patet

1420 1347 1511 1388 quod
1534 1357 1600 1378 una
1623 1349 1761 1378 essentia
1784 1353 1832 1378 est
1853 1353 1982 1379 tantum
2005 1349 2045 1379 ab
2069 1359 2134 1380 una
2157 1349 2272 1381 forma.

1476 1392 1505 1423 3.
1531 1393 1600 1424 Nec
1624 1393 1708 1423 valet
1723 1392 1829 1424 dicere
1846 1392 1937 1433 quod
1952 1393 1986 1424 in
2010 1403 2079 1425 uno
2095 1395 2282 1435 composito
2298 1400 2374 1426 sunt
2388 1395 2498 1436 plures

1419 1438 1576 1468 essentiae
1599 1437 1757 1478 partiales,
1773 1447 1832 1478 per
1847 1438 2055 1479 particulares
2075 1438 2195 1470 formas
2219 1440 2424 1478 constitutae,
2439 1439 2498 1471 sed

1418 1487 1466 1512 est
1481 1491 1547 1512 una
1563 1482 1700 1513 essentia
1716 1483 1899 1523 composita
1920 1483 2038 1520 totalis,
2055 1492 2140 1524 quae
2156 1493 2195 1515 ex
2214 1484 2360 1525 pluribus
2383 1484 2497 1516 formis

1418 1532 1449 1557 et
1473 1527 1618 1558 essentiis
1641 1526 1828 1568 partialibus
1851 1527 1991 1558 resultat.

1472 1571 1591 1608 Primo,
1616 1572 1693 1612 quia
1715 1581 1757 1602 ex
1780 1572 1907 1603 duabus
1928 1572 2116 1603 substantiis
2142 1573 2175 1603 in
2203 1578 2279 1604 actu
2303 1583 2370 1604 non
2388 1578 2499 1615 potest

1406 1616 1490 1657 fieri
1514 1626 1614 1647 unum
1633 1626 1696 1657 per
1717 1624 1772 1647 se:
1795 1622 1832 1647 ut
1855 1617 1972 1650 didtur
1994 1617 2052 1647 VII
2076 1618 2231 1658 Metaph.,
2254 1623 2331 1649 text.
2347 1627 2391 1659 49
2403 1619 2430 1650 ·.
2455 1618 2497 1650 Et

1417 1667 1543 1692 constat
1567 1661 1658 1702 quod
1684 1661 1831 1701 loquitur
1858 1661 2076 1702 Philosophus
2106 1661 2147 1693 de
2173 1663 2356 1694 substantiis
2379 1664 2495 1704 partia—

1416 1705 1515 1736 libus:
1540 1706 1627 1747 quia,
1651 1711 1687 1736 ut
1710 1711 1798 1746 patet
1815 1715 1854 1736 ex
1877 1706 1983 1737 verbis
2000 1706 2277 1738 Commentatoris
2298 1707 2430 1745 ibidem,
2445 1717 2496 1739 se-

1416 1750 1575 1791 quebatur
1599 1760 1699 1781 unum
1716 1760 1784 1781 esse
1799 1760 1842 1781 ex
1857 1750 1982 1781 duabus
1997 1751 2185 1782 substantiis
2201 1753 2234 1782 in
2259 1757 2345 1788 actu,
2369 1752 2399 1783 si
2422 1753 2495 1783 uni-

1417 1795 1543 1826 versale
1565 1800 1613 1826 est
1629 1804 1712 1836 pars
1735 1795 1935 1826 substantiae
1950 1795 2111 1826 individui
2129 1796 2343 1827 demonstrati
2360 1801 2497 1838 praeter

1415 1840 1630 1870 substantiam
1646 1840 1676 1870 ei
1685 1840 1870 1880 propriam.
1889 1839 2012 1871 Contra
2028 1839 2119 1880 quod
2142 1841 2246 1881 arguit
2265 1841 2494 1882 Philosophus,

1417 1885 1493 1925 quia
1517 1893 1556 1915 ex
1579 1884 1706 1915 duabus
1721 1885 1906 1915 substantiis
1921 1885 1956 1914 in
1972 1890 2047 1915 actu
2063 1894 2132 1915 non
2147 1890 2256 1925 potest
2278 1885 2347 1916 fieri
2370 1895 2493 1918 unum:

1416 1929 1472 1959 ubi
1489 1934 1577 1969 patet
1593 1928 1684 1969 quod
1699 1928 1846 1969 loquitur
1861 1928 1902 1959 de
1917 1929 2102 1959 substantiis
2118 1929 2314 1969 partialibus.

1472 1972 1626 2004 Secundo
1642 1973 1734 2013 quia:
1751 1991 1773 1995 -
1789 1978 1931 2013 ponatur
1946 1972 2037 2014 quod
2053 1973 2086 2004 in
2110 1973 2255 2011 homine,
2278 1979 2404 2015 praeter
2427 1975 2495 2006 ani-

1416 2027 1503 2048 mam
1527 2017 1768 2054 intellectivam,
1792 2018 1832 2048 sit
1855 2016 1962 2048 forma
1980 2018 2204 2059 corporeitatis
2221 2019 2422 2050 constituens
2445 2028 2495 2050 es·

1415 2063 1552 2093 sentiam
1568 2062 1728 2103 corporis,
1747 2067 1802 2093 aut
1817 2062 1924 2093 anima
1939 2063 2091 2093 sensitiva
2106 2063 2307 2094 constituens
2323 2064 2495 2095 essentiam

1416 2106 1588 2138 animalis:
1604 2107 1768 2148 quaeritur
1783 2112 1893 2138 utrum
1909 2107 2016 2138 anima
2035 2107 2242 2145 intellectiva,
2258 2107 2432 2139 adveniens
2446 2108 2494 2140 illi

1416 2152 1583 2188 essentiae,
1615 2152 1791 2182 constituat
1821 2152 1993 2182 essentiam
2024 2153 2171 2192 corporis
2193 2153 2244 2184 vel
2267 2153 2428 2190 animalis3
2452 2162 2494 2184 an

1415 2202 1542 2228 tanturn
1557 2197 1734 2227 constituat
1748 2196 1984 2227 intellectivum
2000 2202 2056 2227 aut
2074 2194 2248 2228 rationale?
2263 2197 2409 2228 Primum
2424 2207 2493 2229 non

1415 2247 1523 2282 potest
1547 2250 1626 2272 esse.
1651 2241 1740 2272 Tum
1764 2241 1840 2282 quia
1864 2240 1978 2272 eadem
1999 2251 2138 2272 numero
2155 2242 2292 2273 essentia
2316 2242 2457 2283 partialis
2475 2252 2494 2274 a

1415 2286 1562 2327 pluribus
1587 2285 1699 2316 formis
1723 2285 1984 2317 substantialibus
2007 2284 2078 2317 fieri
2102 2295 2172 2317 non
2196 2292 2318 2328 potest:
2345 2295 2421 2318 cum
2445 2285 2493 2318 di-

1415 2340 1523 2361 versae
1536 2330 1660 2361 formae
1673 2330 1812 2361 diversas
1828 2331 1981 2362 essentias
1993 2331 2201 2362 constituant.
2212 2331 2300 2362 Tum
2313 2331 2390 2371 quia
2401 2330 2493 2372 quod

1415 2381 1473 2411 est,
1489 2385 1556 2406 non
1581 2374 1617 2406 fit
1641 2375 1680 2406 de
1704 2384 1809 2406 novo:
1834 2381 1909 2406 ante
1925 2381 2034 2406 autem
2054 2374 2230 2407 adventum
2253 2376 2380 2407 animae
2398 2376 2493 2407 intel-

1415 2420 1549 2450 lectivae
1574 2426 1639 2450 erat
1662 2421 1799 2451 essentia
1822 2420 1968 2461 corporis
1991 2426 2047 2451 aut
2070 2420 2227 2452 animalis.
2243 2438 2268 2444 -
2285 2420 2362 2451 Non
2385 2425 2493 2461 potest

1415 2465 1513 2495 etiam
1537 2464 1600 2495 dici
1624 2464 1816 2496 seeundum.
1842 2464 1928 2503 Quia
1951 2470 2030 2496 tunc
2053 2474 2174 2506 corpus
2192 2470 2248 2496 aut
2275 2464 2400 2496 animal
2422 2474 2491 2496 non

1416 2514 1499 2540 esset
1521 2518 1623 2549 genus
1646 2510 1799 2546 hominis,
1815 2509 1872 2540 sed
1896 2510 1966 2540 eius
1989 2519 2076 2550 pars:
2095 2515 2256 2541 constaret
2279 2510 2366 2541 enim
2389 2509 2492 2541 homo

1416 2563 1454 2584 ex
1478 2554 1615 2584 animali
1639 2559 1671 2584 et
1694 2554 1853 2584 rationali
1867 2559 2023 2595 tanquam
2040 2564 2078 2584 ex
2102 2554 2228 2586 duabus
2250 2554 2395 2595 partibus
2417 2563 2435 2585 a
2458 2563 2492 2586 se

1415 2598 1555 2629 invicem
1580 2598 1747 2629 distinctis.
1765 2598 1806 2629 Er
1821 2607 1880 2639 per
1898 2608 2104 2639 consequens
2120 2609 2189 2630 non
2213 2604 2347 2640 possent
2363 2599 2404 2630 de
2418 2599 2492 2640 ipso

1416 2643 1624 2674 essentialiter
1647 2648 1679 2674 et
1702 2644 1735 2674 in
1759 2648 1849 2674 recto
1877 2642 2069 2683 praedicari:
2094 2653 2167 2684 pars
2191 2644 2279 2675 enim
2307 2653 2376 2675 non
2399 2652 2493 2684 prae-

1416 2687 1540 2718 dicatur
1563 2688 1772 2719 essentialiter
1795 2687 1836 2718 de
1859 2697 1921 2718 suo
1944 2693 2027 2719 toto.

1470 2742 1502 2773 4.
1519 2732 1669 2763 Secunda
1681 2733 1779 2763 etiam
1790 2732 1960 2772 responsio
1973 2738 2086 2763 contra
2098 2741 2233 2764 omnem
2248 2733 2492 2774 philosophiam

1415 2782 1472 2814 est,
1497 2776 1576 2808 dum
1600 2777 1677 2808 dicit
1706 2777 1872 2818 propriam
1903 2778 2084 2818 potentiam
2113 2786 2152 2807 ex
2176 2787 2241 2818 qua
2269 2787 2345 2809 cum
2374 2778 2491 2809 ultimo

1415 2826 1488 2852 actu
1512 2821 1548 2852 fit
1571 2831 1675 2852 unum
1699 2831 1757 2863 per
1780 2831 1824 2858 se,
1849 2831 1918 2853 esse
1943 2822 2023 2863 quid
2046 2823 2269 2863 compositum
2297 2832 2335 2854 ex
2358 2823 2492 2854 materia

1415 2871 1446 2897 et
1470 2866 1582 2897 formis
1605 2865 1884 2908 praecedentibus,

1470 2911 1590 2947 Primo,
1607 2911 1684 2952 quia
1707 2911 1936 2951 Philosophus,
1953 2911 1987 2942 in
2010 2911 2087 2942 loco
2111 2911 2326 2952 praeallegato
2339 2913 2366 2948 “,
2391 2919 2491 2952 quare

1414 2964 1452 2986 ex
1476 2955 1601 2986 duabus
1624 2956 1810 2987 substantiis
1832 2956 1980 2996 pluribus
2003 2956 2037 2986 in
2061 2961 2135 2986 actu
2162 2965 2231 2987 non
2253 2955 2291 2987 fit
2314 2965 2419 2987 unum
2441 2965 2492 2987 ra-

1413 3001 1538 3031 tionem
1551 3002 1725 3042 assignans,
1738 3001 1860 3041 inquit:
1873 3001 1950 3042 quia
1963 3005 2056 3031 actus
2066 3005 2208 3041 separat.
2222 3001 2286 3032 Ubi
2299 3000 2376 3032 dicit
2388 3000 2491 3032 Com·

1413 3050 1590 3076 mentator:
1615 3045 1659 3076 Et
1677 3054 1778 3076 causa
1803 3046 1835 3076 in
1859 3046 1921 3076 hoc
1944 3050 2000 3081 est,
2022 3045 2099 3086 quia
2124 3050 2217 3076 actus
2229 3045 2322 3087 facit
2343 3045 2491 3077 additum

1413 3099 1482 3120 esse
1504 3090 1642 3121 divisum
1667 3095 1699 3121 et
1720 3089 1805 3120 duo:
1828 3095 1860 3120 et
1883 3089 1954 3120 ideo
1979 3089 2175 3131 impossibile
2200 3095 2248 3120 est
2266 3095 2303 3121 ut
2325 3099 2426 3121 unum
2447 3089 2492 3120 sit

1413 3144 1455 3165 ex
1478 3134 1604 3166 duobus
1627 3135 1660 3166 in
1685 3139 1770 3165 actu.
1788 3134 1874 3175 Ergo
1890 3136 2021 3175 propria
2036 3135 2170 3165 materia
2185 3143 2224 3165 ex
2240 3144 2305 3175 qua
2320 3143 2397 3165 cum
2415 3137 2490 3164 actu

1413 3180 1620 3210 constituitur
1642 3188 1747 3210 unum
1771 3179 1970 3220 simpliciter,
1986 3188 2055 3210 non
2078 3184 2187 3220 potest
2210 3188 2279 3210 esse
2302 3176 2424 3219 aliquid
2439 3172 2510 3207 se-’

1413 3223 1558 3255 cundum
1582 3233 1616 3254 se
1641 3225 1779 3255 existens
1801 3224 1835 3254 in
1859 3229 1943 3254 actu.

1469 3268 1632 3300 Secundo.
1658 3268 1781 3299 Eadem
1805 3269 1929 3299 ratione
1952 3273 2063 3309 posset
2083 3267 2147 3298 dici
2167 3265 2257 3308 quod
2280 3275 2319 3296 ex
2341 3266 2488 3296 subiecto

1413 3318 1445 3343 et
1468 3313 1634 3344 accidente
1650 3312 1687 3344 fit
1702 3322 1807 3344 unum
1823 3313 2012 3353 simpliciter
2028 3313 2061 3343 in
2075 3317 2159 3348 actu,
2176 3316 2254 3351 puta
2270 3319 2308 3340 ex
2324 3309 2488 3350 diaphano

1414 3363 1445 3388 et
1468 3357 1601 3388 lumine.
1627 3357 1713 3396 Quia
1737 3357 1947 3398 diaphanum,
1972 3357 2047 3388 licet
2069 3356 2109 3386 sit
2129 3353 2252 3395 aliquid
2274 3354 2307 3385 in
2332 3360 2416 3392 actu,
2441 3360 2489 3386 est

1413 3407 1523 3433 tamen
1546 3403 1679 3443 propria
1701 3403 1848 3443 potentia
1870 3406 2019 3442 respectu
2042 3399 2184 3431 luminis.

1470 3447 1593 3478 Tertio.
1618 3446 1822 3487 Supponitur
1839 3445 1930 3487 quod
1944 3445 2017 3476 illae
2032 3444 2140 3484 plures
2156 3442 2280 3474 formae
2301 3453 2369 3474 non
2392 3443 2489 3475 simul

1414 3491 1661 3522 introducantur
1695 3492 1729 3522 in
1763 3491 1912 3527 materia,
1943 3488 2000 3519 sed
2030 3487 2121 3528 quod
2150 3488 2239 3528 prius
2267 3488 2489 3519 introducatur

1415 3535 1519 3566 forma
1535 3536 1768 3577 corporeitatis‚
1785 3545 1803 3566 a
1819 3544 1884 3576 qua
1899 3533 2037 3564 sumitur
2053 3541 2182 3573 corpus,
2200 3532 2291 3573 quod
2306 3538 2354 3564 est
2368 3542 2486 3573 genus:

1415 3580 1543 3611 nullum
1559 3581 1647 3611 enim
1663 3589 1760 3621 agens
1783 3578 1879 3610 simul
1901 3578 1935 3608 in
1952 3576 2065 3608 eadem
2081 3578 2213 3608 materia
2236 3577 2344 3618 plures
2367 3576 2488 3608 formas

1417 3624 1549 3656 inducit.
1575 3624 1671 3655 Tunc
1694 3625 1750 3655 sic.
1779 3623 1814 3654 In
1838 3622 1894 3654 illo
1918 3622 2027 3662 priori,
2053 3622 2215 3662 quaeritur
2243 3627 2353 3652 utrum
2383 3620 2488 3652 forma

1417 3669 1562 3710 corporis
1578 3669 1632 3700 det
1647 3667 1781 3709 aliquod
1797 3676 1865 3698 esse
1881 3665 2088 3707 specificum3
2113 3671 2168 3697 aut
2183 3664 2270 3697 non?
2289 3666 2366 3697 Non
2381 3671 2488 3706 potest

2522 1621 2579 1672 Βῖῖἲ.
2592 1621 2709 1676 32¹3}th
2722 1626 2735 1671 ,²

2518 2917 2528 2928 ·
2544 2916 2570 2939 ln
2588 2915 2636 2938 hoe
2653 2920 2734 2944 pung-

2516 2948 2541 2966 ιι.
2554 2948 2575 2973 3.
