2768 4134
81 1258 92 1267 ·
111 1255 146 1277 cf.
169 1254 219 1275 init.
242 1259 291 1281 cap.

323 318 397 354 550

319 394 479 445 ptibiles‚
500 398 633 440 utpote
654 387 962 426 contrarietatem
984 385 1181 422 habentes.
1212 382 1252 420 Si
1278 382 1391 431 igitur

320 448 469 495 aliquae
497 452 623 493 partes
652 443 935 479 elementorum
963 438 1131 476 habeant
1163 436 1235 473 sibi
1263 435 1391 473 unitas

320 497 548 538 substantias
581 502 868 543 cognoscentes,
898 491 1067 529 maxime
1100 490 1255 527 videtur
1282 488 1391 538 quod

319 552 531 600 assignetur
550 549 603 586 eis
618 548 676 585 vis
691 546 892 585 discretiva
912 543 1259 594 corrumpentium.
1277 543 1390 589 Quae

319 605 479 656 quidem
508 610 564 639 est
591 613 727 638 sensus
750 608 884 645 tactus,
905 599 971 648 qui
991 606 1047 635 est
1075 596 1301 634 discretivus
1329 607 1390 631 ca-

320 658 385 696 lidi
406 666 442 694 et
469 655 591 704 frigidi
611 663 648 692 et
667 653 853 691 similium
872 651 1217 708 contrarietatumr
1231 655 1391 698 propter

320 711 427 762 quod
452 718 498 755 et,
519 708 630 758 quasi
659 706 898 744 necessarius
918 706 966 742 ad
986 710 1341 754 praeservationem
1369 713 1391 737 a

319 763 579 813 corruptione,
595 761 781 800 omnibus
805 758 1036 797 animalibus
1056 757 1163 793 inest.
1185 755 1302 814 Hunc
1321 766 1390 814 au-

319 827 398 856 tem
427 828 587 854 sensum
614 813 852 865 impossibile
881 820 936 849 est
963 811 1088 848 inesse
1117 820 1272 858 corpori
1300 820 1390 844 sim-

319 870 423 921 plici:
454 881 547 907 cum
575 876 750 919 oporteat
778 877 968 915 organum
987 871 1108 901 tactus
1136 874 1218 899 non
1247 861 1390 899 habere

320 933 407 963 actu
436 922 732 967 contrarietates,
761 920 827 957 sed
856 917 1042 968 potentia;
1067 915 1176 965 quod
1205 914 1391 964 contingit

321 980 449 1016 solum
469 977 509 1014 in
528 975 654 1013 mixtis
674 983 710 1012 et
729 971 959 1022 temperatis
981 971 1074 1007 Non
1094 968 1208 1017 igitur
1227 976 1283 1006 est
1301 980 1391 1018 pos-

321 1031 428 1069 sibile
457 1030 603 1080 aliquas
631 1035 757 1078 partes
777 1027 1059 1063 elementorum
1089 1034 1173 1059 esse
1201 1021 1392 1060 animatas

321 1085 450 1123 anima
478 1080 715 1120 intellectiva.

374 1139 478 1174 Item.
509 1136 638 1173 Omne
671 1145 814 1182 corpus
846 1131 982 1168 vivens
1017 1130 1149 1180 aliquo
1182 1130 1305 1167 modo
1334 1142 1392 1167 se·

321 1191 494 1228 cundum
514 1188 686 1226 animam
707 1184 875 1225 localiter
893 1191 1092 1222 movetur:
1113 1195 1207 1221 nam
1226 1195 1392 1233 corpora

320 1242 494 1281 caelestia
520 1241 566 1288 (si
594 1249 725 1277 tamen
745 1238 819 1285 sint
837 1237 1008 1276 animata
1021 1237 1056 1286 ²¹⁶)
1085 1244 1297 1275 moventur
1324 1237 1392 1275 cir-

320 1295 511 1340 culariter;
550 1293 730 1332 animalia
767 1292 934 1342 perfecta
971 1299 1083 1329 motu
1125 1290 1390 1341 progressivo3

320 1358 443 1388 ostrea
467 1356 597 1386 autem
625 1355 737 1384 motu
765 1344 998 1384 dilatationis
1025 1353 1063 1382 et
1090 1344 1390 1391 constrictionis;

320 1405 470 1453 plantae
489 1410 619 1439 autem
639 1408 751 1437 motu
770 1398 967 1448 augmenti
987 1407 1024 1436 et
1052 1398 1301 1445 decrementi,
1324 1398 1392 1448 qui

320 1464 407 1494 sunt
426 1455 556 1505 aliquo
574 1454 697 1491 modo
726 1453 946 1491 secundum
967 1454 1112 1490 locum.
1141 1452 1220 1490 Sed
1248 1452 1289 1490 in
1317 1454 1392 1490 ele·

319 1509 458 1547 mentis
472 1520 552 1545 non
568 1515 728 1557 apparet
742 1506 879 1557 aliquis
894 1514 1026 1544 motus
1040 1506 1109 1556 qui
1124 1506 1171 1543 sit
1185 1506 1234 1544 ab
1249 1506 1392 1553 anima,

319 1563 386 1600 sed
414 1563 543 1600 solum
571 1569 703 1599 motus
723 1562 928 1598 naturales.
950 1561 1044 1598 Non
1063 1567 1154 1597 sunt
1177 1559 1291 1608 igitur
1308 1571 1392 1598 cor-

317 1628 413 1666 pora
440 1614 621 1657 viventia.

372 1669 411 1706 Si
436 1677 568 1706 autem
587 1668 738 1706 dicatur
756 1667 865 1718 quod
885 1667 1099 1705 substantia
1117 1666 1392 1714 intellectualis,

317 1722 385 1760 etsi
405 1734 486 1760 non
506 1722 664 1760 uniatur
682 1721 838 1772 corpori
857 1720 1037 1759 elementi
1053 1729 1119 1759 aut
1134 1721 1232 1770 parti
1252 1720 1335 1759 eius
1350 1729 1393 1759 ut

317 1776 451 1822 forma,
472 1775 605 1814 unitur
631 1783 764 1813 tamen
784 1775 819 1813 ei
840 1783 882 1812 ut
901 1783 1048 1813 motor:
1069 1796 1095 1802 -
1114 1774 1289 1824 primum
1308 1774 1393 1824 qui·

316 1830 420 1876 dem,
439 1829 479 1867 in
507 1842 596 1867 aere
615 1830 693 1867 hoc
713 1828 788 1866 dici
807 1828 1046 1878 impossibile
1070 1836 1137 1866 est.
1161 1828 1265 1866 Cum
1287 1827 1391 1865 enim

286 1898 290 1902 ·
316 1895 405 1932 pars
433 1882 532 1921 aeris
550 1895 631 1921 non
660 1883 707 1920 sit
730 1895 804 1932 per
832 1882 1001 1932 seipsam
1029 1881 1291 1928 terminabilis,
1311 1892 1394 1919 non

80 2409 126 2431 ¹Cf.
134 2414 183 2436 cap.
191 2414 235 2434 ινι,
242 2408 291 2430 init.

82 2805 91 2815 ·
105 2803 142 2826 Cf.
152 2810 215 2826 num.
227 2811 274 2833 seq.

316 1945 441 1986 potest
460 1937 589 1986 aliqua
616 1949 706 1986 pars
733 1936 818 1974 eius
839 1934 1092 1973 determinata
1121 1943 1275 1972 motum
1303 1947 1418 1984 pro-³

318 2051 546 2114 omiliae-‘imm
566 2051 610 2112 ΕΞ
624 2085 765 2120 naturales]
786 2085 910 2111 naturalis
928 2085 1038 2112 DGch.

372 2131 400 2149 21
423 2122 520 2157 opinio]
541 2130 613 2148 error
632 2127 659 2148 et
676 2123 765 2155 opinio
785 2121 923 2148 aowch.

714 2049 964 2084 praeservationem]
990 2050 1281 2082 praeeonservationem
1301 2049 1352 2081 nx,
1371 2050 1599 2075 conservationem
1618 2049 1686 2091 QW.

1014 2120 1129 2155 Apuleii]
1148 2121 1271 2154 Apulegii
1289 2120 1383 2153 NZsG,
1402 2121 1498 2154 Apulei
1515 2099 1612 2152 ceter-13
1630 2121 1665 2155 qs.
1686 2121 1730 2148 lib.
1750 2121 1791 2154 111,
1810 2129 1866 2156 cap.
1885 2129 1937 2148 cn.

828 307 1016 345 SUMMA
1045 305 1267 343 CONTRA
1295 302 1571 347 GENTILES,
1600 301 1759 346 LIB.11‚
1789 300 1901 338 CAP.
1926 301 2009 339 XC.

1447 381 1578 431 prium
1607 380 1763 426 habere,
1792 387 1953 429 propter
1976 392 2096 429 quem
2126 381 2198 419 sibi
2227 384 2439 422 substantia
2467 384 2523 421 in-

1446 432 1669 471 tellectualis
1697 432 1867 470 uniatur.

1501 487 1715 524 Praeterea.
1756 486 1797 523 Si
1835 485 1964 536 aliqua
2006 487 2219 525 substantia
2260 488 2524 528 intellectualis

1447 539 1581 580 unitur
1599 539 1714 577 alicui
1733 539 1889 589 corpori
1908 539 2131 578 naturaliter
2159 540 2258 578 sicut
2285 549 2417 580 motor
2434 556 2524 593 pro-

1414 611 1423 632 ς
1446 593 1532 643 prio
1552 592 1700 640 mobili,
1721 601 1876 643 oportet
1893 593 2076 632 virtutem
2096 594 2287 633 motivam
2314 595 2415 633 illius
2434 597 2523 635 sub-

1447 646 1608 684 stantiae
1627 646 1780 684 limitari
1801 647 1852 685 ad
1880 659 2024 697 corpus
2043 648 2189 686 mobile
2209 648 2273 686 cui
2301 649 2526 688 naturaliter

1446 700 1594 738 unitur:
1616 712 1710 737 nam
1730 700 1935 738 cuiuslibet
1953 701 2115 739 motoris
2134 702 2282 752 proprii
2301 702 2424 740 virtus
2442 715 2524 741 non

1447 753 1595 792 excedit
1614 753 1654 791 in
1673 754 1875 791 movendo
1894 754 2101 804 proprium
2120 756 2279 794 mobile.
2299 756 2525 795 Ridiculum

1447 815 1579 846 autem
1594 807 1749 845 videtur
1762 807 1890 845 dicere
1905 808 2012 858 quod
2029 807 2153 846 virtus
2170 809 2333 848 alicuius
2347 810 2525 849 substan-

1407 883 1433 898 ,ο
1446 861 1521 899 tiae
1549 861 1814 899 intellectualis
1850 873 1931 899 non
1964 862 2124 900 excedat
2161 862 2202 900 in
2229 865 2431 902 movendo
2459 864 2525 902 ali-

1447 927 1569 965 quam
1588 914 1887 953 determinatam
1906 923 2058 964 partem
2073 915 2237 954 alicuius
2251 917 2444 965 elementi,
2459 926 2526 956 aut

1447 968 1607 1018 aliquod
1635 979 1780 1018 corpus
1808 968 1987 1006 mixtum.
2016 970 2112 1007 Non
2143 969 2298 1008 videtur
2329 966 2443 1019 igitur
2469 966 2526 1010 di-

1447 1023 1619 1060 cendum
1634 1022 1743 1072 quod
1758 1021 1887 1072 aliqua
1906 1022 2119 1060 substantia
2133 1023 2398 1062 intellectualis
2417 1024 2527 1063 unia-

1447 1075 1643 1117 turalicui
1661 1075 1818 1126 corpori
1837 1076 2063 1114 elementari
2082 1077 2306 1116 naturaliter
2323 1085 2366 1123 ut
2384 1086 2526 1126 motor,

1408 1152 1431 1172 ις
1448 1129 1521 1167 nisi
1549 1129 1622 1167 sibi
1650 1129 1768 1168 etiarn
1797 1129 1954 1168 uniatur
1982 1138 2025 1168 ut
2051 1130 2190 1169 forma.

1501 1184 1609 1221 Item.
1629 1184 1764 1221 Motus
1783 1183 1958 1234 corporis
1972 1184 2219 1223 elementaris
2237 1193 2364 1235 potest
2375 1197 2425 1223 ex
2444 1185 2528 1224 aliis

1447 1236 1646 1287 principiis
1664 1237 1815 1275 causari
1835 1249 1957 1287 quam
1971 1250 2019 1276 ex
2038 1238 2252 1276 substantia
2270 1238 2526 1278 intellectuali.-

1449 1289 1707 1341 Superfluum
1722 1290 1836 1340 igitur
1850 1299 1949 1329 esset
1966 1299 2127 1342 propter
2145 1291 2375 1330 huiusmodi
2395 1300 2528 1332 motus

1448 1343 1671 1382 naturaliter
1682 1345 1916 1383 substantias
1925 1345 2201 1389 intellectuales
2211 1345 2443 1397 corporibus
2453 1347 2528 1386 ele·

1408 1420 1435 1435 ²0
1449 1398 1690 1436 mentaribus
1719 1397 1832 1436 uniri.

1504 1453 1579 1490 Per
1606 1453 1684 1490 hoc
1702 1460 1834 1490 autem
1859 1452 2078 1491 excluditur
2105 1452 2242 1503 opinio
2260 1453 2463 1504 Apuleiiff,
2490 1461 2529 1496 et

1449 1506 1702 1556 quorundam
1723 1505 2028 1554 Platonicorum,
2044 1506 2113 1556 qui
2126 1506 2308 1545 dixerunt
2327 1507 2546 1549 damonia*

1449 1571 1527 1598 esse
1553 1560 1736 1598 animalia
1769 1572 1932 1610 corpore
1963 1572 2089 1606 aerea,
2119 1567 2243 1599 mente
2274 1561 2528 1611 rationabilia,

1448 1615 1578 1651 animo
1606 1615 1772 1664 passiva,
1805 1620 1974 1664 tempore
2005 1620 2178 1659 aeterna;
2210 1622 2247 1653 et
2276 1615 2530 1665 quorumdam

1408 1689 1432 1709 ,ς
1448 1666 1650 1716 gentilium
1668 1666 1902 1717 ponentium
1921 1669 2114 1705 elementa
2129 1668 2529 1716 esseganimatafflnde

1449 1729 1486 1759 et
1503 1720 1559 1759 eis
1578 1722 1728 1758 cultum
1747 1720 1928 1759 divinum
1947 1720 2198 1760 instituebant
2211 1721 2243 1759 ⁸².
2259 1744 2286 1750 -
2300 1721 2531 1765 Excluditur
2558 1724 2568 1734 '
2581 1722 2620 1745 Cf·
2633 1723 2694 1752 ⁸⁰⁹·
2705 1728 2735 1750 ¹¹³
2748 1715 2768 1749 ⁴

1449 1774 1566 1812 etiam
1586 1773 1721 1824 opinio
1745 1773 1880 1812 dicens
1905 1776 2064 1824 angelos
2083 1782 2120 1813 et
2138 1775 2355 1821 daemones
2384 1775 2529 1815 habere

1449 1840 1616 1878 corpora
1635 1827 1858 1866 naturaliter
1879 1827 1951 1866 sibi
1970 1828 2090 1876 unita,
2110 1828 2159 1867 de
2187 1837 2326 1875 natura
2352 1829 2530 1880 superio·

1450 1893 1540 1919 rum
1567 1883 1631 1919 vel
1658 1880 1888 1919 inferiorum
1916 1883 2203 1920 elementorum
2221 1882 2253 1920 ²⁸⁸.

1791 2057 1823 2075 η
1843 2055 1931 2076 αοιη
1951 2051 2000 2076 Pa.

2029 2130 2062 2156 ²7
2082 2122 2183 2156 dicensl
2201 2123 2344 2150 dicendum
2363 2122 2413 2150 Pa.

1081 2209 1420 2244 Commenta-ia
1448 2210 1762 2244 Fon-ariensis

384 2320 428 2341 tm
444 2311 484 2341 sit
501 2316 668 2342 ostensum
693 2310 836 2350 aliquam
860 2309 1072 2341 substantiam
1088 2309 1289 2350 spiritualem
1309 2309 1393 2340 uniri

321 2322 379 2386 C
396 2356 536 2396 corpori,
564 2354 704 2386 ostendit
732 2354 848 2386 ultimo
873 2354 949 2385 loco
974 2353 1110 2386 Sanctus
1134 2353 1282 2385 Thomas
1305 2353 1394 2395 quali

321 2401 449 2441 corpori
472 2400 602 2430 uniatur
613 2401 640 2430 ἦ

376 2444 397 2475 1.
422 2445 463 2475 Et
486 2445 578 2485 ponit
600 2445 683 2475 hanc
700 2444 962 2475 conclusionem:
988 2443 1082 2475 Nulli
1097 2443 1157 2474 alii
1180 2443 1315 2484 corpori
1329 2445 1393 2475 ele-

320 2490 459 2520 mentari
489 2489 551 2520 m'si
580 2490 724 2520 humano
754 2489 936 2520 substantia
964 2489 1193 2520 intellectualis
1220 2489 1336 2519 unitur
1359 2493 1395 2519 ut

310 2535 439 2576 forma.
467 2534 576 2572 Quare
603 2540 711 2566 autem
740 2534 781 2565 de
809 2543 948 2575 corpore
978 2539 1105 2566 tantum
1133 2534 1321 2565 elementari
1345 2533 1394 2564 lo—

320 2585 445 2620 quatur,
461 2578 643 2610 manifestat
666 2579 778 2610 dicens
801 2579 892 2620 quod
915 2579 980 2610 hoc
1003 2579 1079 2610 ideo
1095 2584 1153 2615 est,
1173 2579 1249 2620 quia
1265 2578 1306 2610 de
1321 2588 1393 2609 cor-

318 2625 452 2665 poribus
476 2624 675 2661 caelestibus,
695 2623 787 2665 quod
810 2625 918 2655 anima
935 2623 1146 2656 intellectuali
1163 2624 1226 2654 sint
1242 2624 1392 2661 animata,

319 2674 484 2700 ostensum
509 2674 555 2700 est
578 2669 725 2710 superius
749 2668 828 2710 quid
852 2669 987 2700 senserit
1013 2668 1218 2706 Aristoteles3
1242 2674 1274 2700 et
1301 2667 1393 2710 quod

319 2714 518 2754 Augustinus
541 2714 604 2745 hoc
629 2714 688 2744 sub
713 2713 814 2745 dubio
838 2713 1002 2755 relinquit.

373 2759 526 2799 Arguitur
542 2764 650 2790 autem
666 2759 721 2790 sic.
734 2758 810 2790 Non
828 2759 938 2791 unitur
954 2759 1084 2799 corpori
1101 2759 1214 2789 mixto.
1231 2758 1301 2789 Nec
1317 2758 1393 2789 sim-

319 2803 395 2843 plici
407 2805 433 2834 *ἢ
455 2803 542 2844 Ergo
563 2809 623 2834 etc.

377 2847 472 2884 Quod
489 2857 553 2879 non
571 2849 686 2884 mixto,
699 2848 864 2888 probatur.
881 2848 967 2888 Quia
984 2857 1104 2889 corpus
1119 2848 1258 2879 mixtum
1270 2848 1392 2879 habens

318 2893 552 2924 nobilissimam
577 2892 727 2930 formam,
752 2892 855 2934 qualis
882 2898 930 2924 est
952 2893 1129 2924 substantia
1156 2892 1392 2930 intellectualis,

320 2942 447 2976 oportet
460 2947 528 2968 esse
541 2938 861 2979 temperatissimum:
875 2947 951 2969 cum
963 2937 1130 2969 videamus
1143 2946 1281 2979 corpora
1293 2938 1393 2968 mixta

319 2987 407 3012 tanto
431 2982 606 3013 nobiliores
630 2982 750 3014 formas
773 2983 891 3014 habere
911 2988 1035 3024 quanto
1051 2982 1154 3024 magis
1171 2981 1211 3013 ad
1230 2989 1391 3023 tempera-

318 3031 465 3057 mentum
484 3027 648 3058 mixtionis
664 3028 870 3068 pervenlunt;
890 3032 1025 3069 propter
1039 3026 1131 3068 quod
1146 3027 1295 3059 videmus
1307 3027 1391 3058 mol-

319 3070 418 3101 litiem
442 3072 543 3102 carnis
563 3078 594 3103 et
609 3073 788 3103 bonitatem
810 3078 925 3109 tactus,
942 3081 1026 3114 quae
1049 3072 1276 3114 aequalitatem
1300 3082 1391 3104 com-

319 3115 476 3154 plexionis
511 3115 743 3154 demonstrant,
772 3127 841 3148 esse
872 3118 962 3158 signa
993 3117 1072 3148 boni
1101 3117 1295 3148 intellectus.
1327 3117 1391 3149 Sed

320 3161 502 3201 complexio
519 3162 658 3192 maxime
671 3162 815 3202 aequalis
828 3167 875 3194 est
887 3161 1073 3203 complexio
1086 3163 1233 3202 corporis
1245 3162 1390 3194 humani.

319 3204 415 3245 Ergo,
432 3206 457 3236 si
473 3205 648 3236 substantia
669 3206 876 3248 intelligibilis
897 3207 1008 3238 unitur
1029 3207 1159 3247 corpori
1180 3207 1294 3245 mixto,
1309 3206 1390 3238 illud

319 3249 376 3279 erit
386 3248 530 3280 eiusdem
541 3255 673 3282 naturae
681 3259 757 3282 cum
768 3261 905 3292 corpore
914 3252 1072 3283 humano.
1079 3250 1233 3283 Similiter
1243 3257 1274 3283 et
1284 3250 1390 3283 form·

319 3293 377 3324 erit
393 3293 538 3325 eiusdem
560 3301 692 3326 naturae
712 3305 788 3327 cum
811 3297 918 3327 anima
937 3297 1090 3328 humana.
1107 3296 1195 3336 Ergo
1211 3297 1294 3327 inter
1309 3297 1390 3328 illud

319 3338 435 3369 animal
449 3344 481 3369 et
496 3339 664 3371 hominem
679 3349 748 3371 non
765 3341 824 3371 erit
839 3341 1017 3372 differentia
1035 3340 1218 3372 secundum
1232 3342 1387 3382 speciem.

373 3383 512 3414 Adverte
537 3384 627 3424 quod
654 3384 790 3416 Sanctus
819 3386 967 3417 Thomas
990 3386 1060 3417 vult
1089 3386 1207 3417 habere
1235 3396 1274 3417 ex
1298 3386 1389 3418 iden—

319 3426 405 3457 titate
428 3434 560 3459 naturae
584 3438 758 3469 corporum
783 3429 1003 3470 perfectorum
1022 3441 1040 3462 a
1064 3431 1240 3462 substantia
1263 3431 1389 3463 intelle-

320 3472 425 3508 ctuali,
438 3472 522 3512 ipsas
539 3473 730 3504 substantias
746 3475 979 3506 intellectuales
996 3485 1064 3507 esse
1082 3475 1227 3506 eiusdem
1243 3482 1387 3514 naturae,

320 3514 439 3545 scilicet
462 3525 529 3547 esse
554 3518 675 3548 animas
698 3518 922 3549 intellectivas:
949 3521 1034 3560 quia,
1059 3529 1135 3551 cum
1159 3519 1263 3551 forma
1287 3527 1387 3552 mate-

321 3558 382 3588 riae
399 3562 673 3600 proportionetur,
691 3563 746 3593 ubi
763 3565 913 3594 materiae
930 3563 1049 3595 fuerint
1073 3565 1217 3596 eiusdem
1242 3571 1386 3604 naturae,

321 3609 448 3641 oportet
465 3610 495 3635 et
511 3606 594 3646 ipsas
610 3605 731 3637 formas
747 3608 979 3639 intellectuales
996 3610 1141 3641 eiusdem
1157 3616 1291 3642 naturae
1308 3620 1386 3648 esse,

320 3651 432 3686 utpote
457 3648 583 3680 easdem
609 3652 812 3691 operationes
836 3653 868 3683 in
889 3654 1049 3685 consimili
1073 3664 1211 3695 corpore
1235 3663 1386 3687 exercen-

321 3695 377 3719 tes.
402 3690 442 3720 Et
466 3693 509 3722 sic
533 3695 677 3733 sequitur
693 3696 783 3736 quod
799 3702 975 3737 utrumque
999 3700 1219 3739 compositum
1239 3700 1278 3730 sit
1302 3700 1387 3731 eius-

1448 2307 1524 2340 dem
1547 2308 1679 2349 speciei.
1706 2308 1750 2340 Et
1779 2318 1837 2349 per
1865 2317 2071 2350 consequens
2099 2309 2170 2351 ipsa
2196 2309 2375 2342 substantia
2402 2310 2529 2345 intelle-

1448 2353 1561 2385 ctualis
1584 2353 1665 2384 nulli
1686 2353 1776 2384 alteri
1793 2354 1925 2394 corpori
1946 2354 2050 2385 mixto
2074 2354 2184 2385 unitur
2199 2364 2302 2396 ,quam
2325 2355 2483 2394 humano.

1504 2397 1541 2429 ll.
1570 2397 1668 2435 Quod
1683 2399 1782 2429 etiam
1803 2407 1870 2429 non
1895 2398 2032 2430 uniatur
2054 2399 2190 2440 corpori
2203 2399 2353 2441 simplici,
2369 2400 2529 2443 arguitur

1442 2443 1554 2484 primo
1577 2443 1634 2474 sic.
1660 2442 1694 2474 Si
1717 2442 1827 2484 aliqua
1850 2451 1923 2484 pars
1953 2443 2052 2475 unius
2082 2444 2229 2485 corporis
2259 2444 2425 2487 simplicis,
2448 2449 2528 2486 puta

1447 2488 1539 2526 aeris,
1564 2489 1605 2519 sit
1627 2488 1770 2519 animata
1796 2488 1906 2519 anima
1927 2488 2150 2526 intellectuali,
2178 2494 2270 2520 totus
2292 2498 2347 2521 aer
2368 2494 2402 2521 et
2425 2497 2527 2531 quae·

1447 2533 1525 2564 libet
1549 2533 1619 2564 eius
1642 2542 1715 2574 pars
1739 2533 1798 2564 erit
1822 2533 1998 2564 animatus:
2023 2534 2101 2574 quia
2121 2534 2311 2566 huiusmodi
2335 2540 2528 2576 comtum

1447 2578 1551 2609 simile
1567 2578 1601 2610 in
1624 2583 1696 2609 toto
1721 2583 1752 2609 et
1775 2578 1809 2609 in
1825 2578 1981 2619 partibus,
1998 2587 2076 2610 cum
2099 2579 2140 2610 sit
2162 2579 2311 2611 eiusdem
2333 2579 2467 2621 speciei.
2490 2585 2528 2612 ut

1446 2629 1536 2665 patet
1559 2632 1597 2654 ex
1620 2621 1789 2654 identitate
1813 2629 1939 2660 motus;
1959 2622 2119 2654 similibus
2143 2625 2232 2656 euim
2254 2621 2432 2656 mobilibus
2450 2620 2527 2667 (sei-

1446 2667 1523 2699 licet
1538 2666 1739 2710 naturaliter)
1755 2667 1876 2699 similes
1891 2667 2016 2700 formae
2036 2667 2206 2702 debentur.
2222 2668 2287 2701 Sed
2310 2669 2375 2701 hoc
2395 2674 2443 2701 est
2457 2671 2526 2706 mass

1446 2711 1563 2744 nifeste
1580 2711 1714 2744 falsum:
1739 2721 1817 2744 cum
1832 2712 1922 2744 nulla
1937 2713 2086 2754 operatio
2102 2714 2186 2746 vitae
2209 2713 2244 2745 in
2265 2714 2339 2755 ipso
2362 2710 2525 2757 appareat.

1448 2757 1601 2789 Similiter
1623 2767 1686 2789 nec
1709 2757 1743 2788 in
1767 2757 1838 2789 aliis
1861 2758 2041 2790 elementis.
2065 2759 2153 2800 Ergo
2178 2763 2239 2790 etc.
2518 2770 2521 2778 ¹

1503 2802 1599 2834 Circa
1622 2803 1686 2835 hoc
1703 2802 1794 2844 quod
1809 2802 1938 2841 dicitur,
1954 2803 2098 2835 eiusdem
2115 2809 2257 2836 natum
2271 2809 2302 2835 et
2316 2804 2436 2845 species·
2457 2812 2527 2839 aare

1447 2852 1551 2879 totum
1573 2858 1683 2880 aerem
1700 2853 1732 2879 et
1753 2848 1930 2890 quamlibet
1944 2849 2015 2880 eius
2024 2854 2166 2890 partem,
2183 2848 2418 2884 advertendum
2433 2847 2526 2891 quod

1446 2899 1554 2934 partes
1577 2902 1648 2925 esse
1678 2892 1826 2925 eiusdem
1856 2893 1978 2935 speciei
2008 2903 2085 2925 cum
2113 2899 2196 2930 toto,
2220 2892 2393 2934 dupliciter
2415 2892 2526 2936 potest

1445 2937 1591 2979 intelligi.
1610 2937 1686 2970 Uno
1702 2936 1816 2976 modo,
1833 2939 1911 2980 quia
1934 2943 2011 2970 sunt
2034 2937 2197 2981 quaedam
2221 2938 2386 2980 completa
2401 2937 2435 2971 in
2450 2947 2524 2981 spe-

1447 2982 1506 3020 cie,
1531 2983 1650 3024 quibus
1674 2984 1830 3015 convenit
1856 2981 2001 3024 perfecta
2031 2984 2113 3015 ratio
2137 2983 2248 3020 totius,
2279 2988 2312 3014 et
2333 2991 2393 3024 per
2419 2981 2524 3014 solam

1446 3027 1639 3059 divisionem
1667 3033 1806 3069 possunt
1834 3027 1904 3060 fieri
1936 3028 2103 3060 individua
2131 3027 2278 3059 eiusdem
2301 3028 2423 3069 speciei
2446 3035 2524 3060 mm

1445 3073 1518 3113 ipso
1542 3079 1625 3104 toto.
1650 3073 1692 3104 Et
1714 3073 1760 3105 sic
1783 3073 1937 3105 dicuntur
1965 3079 2072 3114 partes
2102 3073 2256 3106 elementi
2280 3081 2351 3104 esse
2375 3071 2524 3107 eiu-dm

1445 3118 1567 3159 speciei
1591 3127 1667 3150 cum
1690 3122 1762 3150 toto
1787 3117 1966 3150 elemento:
1981 3118 2067 3150 sicut
2090 3118 2180 3150 enim
2202 3123 2293 3150 totus
2310 3126 2364 3149 aer
2387 3123 2436 3150 est
2457 3126 2522 3157 aar,

1444 3162 1488 3194 ita
1510 3163 1675 3204 quaelibet
1698 3172 1771 3204 pars
1794 3163 1875 3194 aeris
1899 3168 1946 3195 est
1969 3172 2033 3201 aer,
2057 3168 2090 3195 et
2111 3172 2171 3204 per
2197 3162 2301 3195 solam
2329 3161 2361 3195 di
2385 3161 2391 3170 “
2412 3159 2433 3170 “’

1444 3216 1518 3249 pars
1547 3208 1628 3238 aeris
1653 3212 1763 3249 potest
1793 3217 1863 3239 esse
1890 3216 1949 3250 per
1976 3217 2010 3239 se
2042 3206 2248 3239 individuum
2277 3206 2369 3239 aeris.
2391 3198 2522 3249 Et'li'o'c

1444 3261 1623 3284 commune
1647 3258 1695 3283 est
1718 3253 1811 3284 omni
1833 3253 1895 3284 toti
1917 3252 2140 3294 homogeneo.
2161 3263 2184 3276 -’-
2206 3250 2283 3283 Alio
2306 3248 2425 3287 modoe
2444 3250 2522 3291 quia

1443 3296 1484 3328 ad
1507 3297 1646 3328 eandem
1669 3297 1813 3338 speciem
1839 3296 2004 3339 pertinent
2020 3306 2086 3338 per
2108 3296 2330 3328 reductionem
2357 3294 2398 3326 ad
2421 3302 2521 3336 quam

1443 3342 1583 3383 pertinet
1604 3347 1723 3379 totum,
1747 3342 1824 3373 licet
1849 3343 1920 3382 ipsa
1941 3349 2012 3374 non
2039 3342 2179 3374 habeant
2200 3339 2400 3380 completam
2423 3340 2522 3372 ratio·

1442 3395 1519 3418 nem
1546 3386 1633 3418 illius
1659 3387 1790 3427 speciei.
1816 3386 1858 3418 Et
1883 3387 1931 3418 sic
1956 3391 2064 3428 partes
2089 3385 2189 3417 totius
2211 3384 2422 3426 heterogenei
2443 3389 2522 3416 sunt

1442 3430 1589 3463 eiusdem
1613 3431 1734 3471 speciei
1757 3440 1835 3463 cum
1858 3436 1940 3468 toto,
1958 3429 2060 3462 veluti
2083 3428 2242 3470 principia
2265 3434 2320 3460 aut
2343 3429 2520 3461 materialia

1442 3482 1497 3507 aut
1514 3475 1662 3507 formalia
1677 3476 1814 3517 speciei:
1839 3476 1915 3507 licet
1931 3475 2019 3506 enim
2041 3482 2150 3515 neque
2174 3482 2249 3504 caro
2273 3483 2382 3515 neque
2406 3482 2444 3505 os
2459 3473 2520 3505 ho·

1441 3520 1538 3552 minis
1562 3522 1626 3551 sint
1648 3521 1762 3557 horno,
1787 3521 1951 3561 pertinent
1972 3524 2083 3549 tamen
2107 3517 2147 3548 ad
2171 3519 2313 3558 speciem
2342 3518 2519 3549 humanam

1442 3571 1477 3597 ut
1501 3566 1660 3606 principia
1683 3564 1870 3596 materialia.
1894 3562 1989 3595 Unde
2005 3562 2096 3603 quod
2113 3563 2289 3603 aliquando
2314 3563 2421 3604 inquit
2439 3561 2519 3594 San-

1441 3616 1512 3642 ctus
1529 3610 1685 3646 Thomas,
1704 3610 1860 3651 quoniam
1884 3607 1990 3639 differt
2011 3612 2120 3638 totum
2145 3607 2391 3649 homogeneum
2411 3616 2429 3638 a
2445 3611 2518 3638 toto

1440 3656 1661 3696 heterogeneo
1693 3655 1770 3696 quia
1799 3658 1905 3694 partes
1934 3652 2135 3693 homogenei
2166 3652 2288 3684 habent
2315 3652 2458 3694 speciem
2486 3655 2518 3682 et

1442 3698 1581 3731 formam
1603 3700 1714 3735 totius,
1731 3707 1801 3730 non
1825 3702 1933 3728 autem
1950 3702 2055 3737 partes
2079 3697 2305 3737 heterogenei:
2329 3696 2518 3738 intelligitur

2106 2058 2140 2084 ¹4
2158 2032 2326 2086 intellectiva]
2355 2032 2532 2087 mundav-

2558 1755 2629 1778 ηιμ-ι
2643 1755 2694 1778 etp.
2709 1754 2768 1789 mn

2559 1876 2569 1885 ·
2586 1873 2624 1897 cf.
2644 1874 2723 1897 Pelavi
2764 1863 2768 1866 ι

2760 1983 2768 2059 ἐ

2560 1960 2613 1983 σιμ.
2623 1960 2649 1977 ιι.
