2768 4134
865 274 1053 312 SUMMA
1082 275 1304 312 CONTRA
1332 275 1608 325 GENTILES,
1640 278 1750 315 CAP.
1772 279 1908 316 XXIX.
2435 294 2480 330 91

290 357 321 382 et
337 351 489 392 perfecte,
506 353 540 383 in
560 354 711 384 creaturis
735 359 844 384 autem
868 360 915 384 est
938 354 1044 394 aliqua
1068 355 1135 385 eius
1159 356 1360 395 participatio

289 395 458 434 deficiens;
475 397 550 428 ideo
567 403 710 429 creatura
726 397 865 429 formam
882 398 943 429 Dei
958 399 1054 430 habet
1070 405 1101 429 et
1117 406 1163 430 est
1178 400 1224 430 illi
1239 400 1361 436 similis,

287 450 356 471 non
381 447 491 472 autem
514 442 602 473 Deus
627 449 800 474 creaturae.

345 485 409 516 Sed
432 486 665 518 advertendum
682 493 729 518 est
745 486 836 527 quod
852 487 939 518 aliud
956 493 1002 518 est
1019 487 1124 518 dicere
1140 498 1208 519 rem
1224 494 1363 519 creatam

289 530 406 561 habere
422 530 565 571 perfecte
590 537 621 562 et
646 532 809 572 complete
833 532 974 572 aliquam
998 532 1136 563 formam
1153 542 1236 573 quae
1259 533 1300 563 sit
1322 533 1363 563 si-

288 575 439 606 militudo
469 577 659 616 participata
686 575 895 617 perfectionis
919 576 1059 607 divinae:
1085 582 1116 607 et
1143 577 1230 608 aliud
1257 577 1363 608 dicere

288 628 357 650 rem
388 626 528 650 creatam
558 620 676 651 habere
708 620 851 661 perfecte
882 627 914 652 et
946 622 1107 662 complete
1138 621 1277 652 formam
1306 630 1364 662 per

289 673 388 704 quam
411 664 501 695 Deus
524 665 558 695 in
583 671 742 696 creaturas
766 665 840 706 agit.
865 666 1010 697 Primum
1026 666 1113 697 enim
1131 675 1245 696 verum
1262 671 1308 696 est
1329 666 1364 695 in

287 708 411 738 multis:
435 718 512 739 nam
535 710 618 749 ignis
641 709 784 750 perfecte
803 710 899 741 habet
920 711 1091 742 essentiam
1106 711 1199 751 ignis,
1216 715 1248 740 et
1262 711 1364 740 homo

287 753 534 790 humanitatem,
551 763 635 794 quae
651 760 727 785 sunt
742 754 902 795 quaedam
918 755 1143 786 similitudines
1157 755 1365 795 participatae

289 796 416 828 divinae
438 797 601 835 bonitatis,
627 805 658 830 et
680 799 753 830 illae
784 806 859 830 sunt
889 800 1019 841 proprie
1050 799 1133 840 ignis
1161 804 1193 829 et
1222 798 1365 829 hominis

288 841 423 872 formae.
448 841 637 874 Secundum
660 849 769 875 autem
793 850 840 875 est
863 843 980 875 falsum
996 849 1029 874 et
1046 842 1256 883 impossibile.
1280 841 1365 872 Nam

288 885 393 916 forma
407 895 466 927 per
482 896 580 927 quam
597 889 661 929 agit
677 888 776 925 Deus,
795 894 826 919 et
841 897 941 929 quam
964 888 1074 928 aliquo
1097 886 1198 917 modo
1216 895 1365 917 commu-

287 931 374 961 nicat
390 932 552 968 creaturis,
569 938 618 963 est
633 932 741 964 divina
764 933 901 964 essentia
921 938 953 963 et
973 932 1081 963 divina
1103 931 1241 967 bonitas,
1266 940 1366 971 quam

288 980 415 1006 constat
437 976 472 1006 in
495 976 566 1007 solo
590 977 662 1008 Deo
686 976 828 1018 perfecte
845 982 876 1008 et
893 976 1056 1016 complete
1072 984 1151 1011 esse,
1168 975 1243 1006 licet
1258 976 1366 1016 aliqua

288 1020 358 1051 eius
388 1021 591 1062 participatio
622 1022 655 1052 in
680 1022 832 1053 creaturis
854 1021 1046 1052 inveniatur.
1076 1020 1251 1060 Propterea
1283 1021 1366 1051 bene

287 1064 394 1106 inquit
424 1064 560 1096 Sanctus
583 1065 730 1097 Thomas
760 1064 852 1106 quod
880 1070 1025 1096 creatura
1054 1064 1197 1105 possidet
1227 1063 1366 1096 formam

289 1109 360 1146 Dei,
386 1118 456 1140 non
483 1115 593 1141 autem
619 1110 709 1141 Deus
740 1108 879 1140 formam
908 1115 1087 1140 creaturae:
1113 1109 1189 1150 quia
1217 1109 1367 1140 videlicet

287 1153 445 1194 perfectio
462 1155 624 1195 quaelibet
640 1159 803 1186 creaturae
819 1160 867 1185 est
886 1154 994 1195 aliqua
1013 1153 1215 1195 participatio
1240 1153 1366 1185 divinae

288 1198 451 1235 bonitatis,
469 1208 554 1239 quae
577 1204 625 1230 est
647 1198 779 1240 proprie
802 1198 864 1229 Dei
890 1198 1007 1236 forma;
1032 1198 1188 1240 perfectio
1205 1204 1314 1230 autem
1335 1205 1367 1230 et

286 1242 395 1275 ,forma
417 1242 479 1274 Dei
501 1253 570 1274 non
594 1249 642 1274 est
668 1244 703 1274 in
732 1249 875 1274 creatura
902 1249 939 1275 ut
966 1244 1035 1275 eius
1059 1243 1174 1280 forma,
1198 1253 1275 1275 cum
1297 1253 1367 1275 non

288 1287 445 1318 habeatur
468 1293 654 1331 assrcreatura
676 1287 830 1329 perfecte,
855 1287 911 1320 sed
933 1298 992 1329 per
1015 1288 1179 1330 quandam
1204 1289 1272 1320 eius
1295 1298 1367 1329 par-

273 1331 524 1373 .-ticipationem.

345 1375 394 1408 Ex
416 1376 580 1418 praedicta
600 1377 813 1408 conclusione
828 1376 924 1409 infert
941 1377 1109 1408 corollarie
1125 1377 1261 1408 Sanctus
1277 1377 1367 1409 Tho-

290 1430 359 1452 mas
382 1420 474 1462 quod
495 1421 601 1452 multo
624 1422 734 1453 minus
756 1423 888 1464 proprie
912 1422 1028 1453 dicitur
1051 1421 1143 1463 quod
1168 1422 1257 1453 Deus
1281 1432 1367 1453 crea·

289 1470 380 1496 turae
402 1466 612 1497 assimiletur.
628 1485 651 1489 —
665 1466 834 1498 Probatur.
858 1467 944 1506 Quia
963 1467 1148 1498 assimilatio
1175 1473 1304 1498 motum
1328 1467 1368 1498 ad

289 1509 534 1542 similitudinem
557 1510 645 1548 dicit,
670 1517 702 1543 et
724 1512 770 1543 sic
793 1513 946 1543 convenit
962 1512 992 1543 ei
1008 1511 1099 1552 quod
1115 1512 1154 1542 ab
1170 1511 1234 1542 alio
1251 1512 1368 1552 accipit

290 1554 378 1589 unde
409 1556 439 1587 ei
467 1556 572 1587 sirnile
596 1556 646 1587 sit.
679 1555 835 1588 Creatura
864 1563 974 1588 autem
1004 1556 1121 1597 accipit
1147 1566 1166 1586 a
1191 1556 1274 1592 Deo,
1298 1566 1368 1587 non

289 1605 399 1631 autem
425 1600 515 1632 Deus
538 1610 557 1632 a
580 1606 734 1632 creatura.
766 1601 843 1633 Ideo
871 1602 942 1643 ipsa
971 1601 1044 1632 Deo
1075 1601 1275 1638 assimilatur,
1299 1610 1367 1632 non

289 1649 400 1676 autem
423 1654 441 1676 e
464 1654 636 1677 converso.

346 1688 400 1720 lv.
429 1689 494 1722 Sed
523 1690 608 1721 circa
639 1699 677 1721 ea
706 1699 790 1732 quae
823 1690 908 1721 dicta
941 1696 1016 1721 sunt
1049 1690 1190 1721 occurrit
1220 1689 1366 1721 dubium.

288 1733 478 1775 Aequalitas
501 1735 589 1766 enim
613 1740 645 1766 et
668 1734 846 1766 similitudo
870 1741 946 1766 sunt
968 1735 1141 1766 relationes
1157 1735 1367 1775 aequiparan-

288 1779 366 1810 tiae:
389 1788 468 1811 nam
491 1779 609 1811 dicitur
631 1780 768 1821 aequale
791 1780 919 1821 aequali
942 1779 1088 1820 aequale,
1105 1785 1137 1811 et
1152 1779 1257 1811 simile
1272 1779 1368 1810 simili

288 1823 403 1860 simile.
428 1823 460 1856 Si
477 1834 556 1866 ergo
571 1823 688 1856 dicitur
704 1830 849 1856 creatura
863 1825 976 1856 similis
991 1824 1074 1861 Deo,
1092 1823 1216 1855 dicetur
1231 1829 1263 1855 et
1278 1824 1367 1855 Deus

287 1867 400 1901 similis
415 1875 590 1901 creamrae.
614 1869 656 1900 Et
671 1870 698 1900 si
714 1876 858 1901 creatura
874 1869 1066 1901 assimiletur
1082 1869 1165 1906 Deo,
1182 1869 1271 1900 Deus
1291 1869 1367 1900 assi-

287 1912 452 1945 milabitur
476 1919 650 1945 creaturae.

343 1956 397 1989 Ad
420 1957 616 1990 evidentiam
645 1958 743 1989 huius
775 1958 875 1994 dubii,
900 1957 1172 1990 considerandum
1201 1963 1248 1988 est
1276 1956 1367 1998 quod

289 2001 328 2032 ad
351 2002 568 2034 intentionem
592 2002 701 2034 Sancti
717 2003 866 2034 Thomae
889 2013 957 2034 non
981 2002 1142 2034 sufficeret
1165 2001 1271 2033 dicere
1291 2001 1366 2033 ideo

289 2051 467 2078 creaturam
491 2047 556 2079 dici
578 2047 718 2079 similem
744 2047 828 2084 Deo,
852 2057 921 2079 non
952 2053 1061 2079 autem
1089 2047 1198 2078 Deum
1228 2046 1366 2077 similem

289 2096 463 2129 creaturae,
488 2093 565 2134 quia
587 2093 621 2124 in
645 2098 790 2124 creatura
812 2098 860 2124 est
881 2092 994 2124 relatio
1017 2091 1120 2128 realis,
1145 2101 1229 2132 quae
1250 2090 1367 2122 dicitur

288 2135 478 2173 similitudo,
502 2146 572 2168 non
595 2142 704 2168 autem
728 2137 762 2168 in
785 2137 858 2168 Deo
883 2142 930 2168 est
953 2137 1023 2168 talis
1047 2136 1159 2168 relatio
1182 2135 1285 2173 realis,
1309 2135 1366 2167 sed

288 2185 416 2212 tantum
438 2181 585 2212 rationis:
611 2191 688 2213 narn
719 2180 836 2213 eodem
867 2181 969 2213 modo
1000 2181 1129 2213 nullum
1159 2190 1282 2211 nomen
1305 2180 1366 2211 im-

288 2230 420 2267 portans
442 2226 667 2257 habitudinem
683 2226 744 2257 Dei
760 2226 800 2257 ad
824 2232 1003 2258 creaturam
1026 2226 1257 2257 convenienter
1279 2224 1366 2256 dice-

287 2274 376 2301 retur
399 2270 440 2301 de
463 2270 547 2308 Deo,
572 2271 649 2311 quia
671 2270 761 2301 nulla
782 2271 940 2302 habitudo
964 2270 1025 2302 Dei
1049 2270 1089 2302 ad
1116 2275 1296 2301 creaturam
1319 2274 1366 2300 est

288 2314 391 2351 realis,
407 2314 464 2346 sed
480 2316 587 2347 omnis
604 2321 652 2346 est
666 2315 780 2346 relatio
803 2316 946 2347 rationis.
970 2315 1106 2357 Propter
1130 2314 1221 2356 quod
1241 2315 1310 2355 ipse
1332 2315 1366 2345 in

289 2358 396 2391 Prima
424 2359 528 2397 Parte,
558 2370 589 2402 q.
613 2370 656 2398 iv,
680 2370 708 2391 a.
736 2360 753 2391 3
771 2361 798 2397 ³,
823 2367 855 2392 et
878 2361 890 2391 Ι
915 2360 1014 2397 Sent.,
1038 2361 1115 2392 loco
1139 2359 1365 2401 praeallegato,

288 2405 450 2436 rationem
481 2405 640 2447 Dionysii,
664 2415 696 2436 rx
721 2414 791 2446 cap.
815 2405 855 2436 de
877 2405 952 2437 Div.
977 2405 1084 2441 Nom„
1114 2405 1262 2445 assignat,
1291 2404 1367 2444 quia

289 2447 439 2480 videlicet
462 2450 494 2480 in
520 2450 560 2481 iis
582 2459 667 2492 quae
690 2450 788 2481 unius
812 2450 938 2481 ordinis
967 2455 1045 2481 sunt
1074 2449 1231 2490 recipitur
1253 2453 1366 2479 mutua

289 2493 479 2530 similitudo,
504 2504 571 2526 non
595 2499 703 2526 autem
727 2495 760 2525 in
785 2504 885 2526 causa
915 2500 947 2525 et
976 2499 1122 2526 causato.
1154 2494 1233 2525 Esse
1257 2499 1367 2524 autem

290 2538 387 2569 unius
405 2538 527 2570 ordinis
547 2540 775 2580 interpretatur
799 2539 935 2571 Sanctus
951 2539 1097 2570 Thomas
1119 2539 1153 2569 in
1177 2538 1190 2569 1
1213 2538 1312 2574 Sent.,
1335 2544 1367 2568 et

289 2583 324 2614 in
347 2582 494 2621 Quaestt.
518 2584 558 2615 de
585 2584 667 2620 Ver„
691 2594 724 2625 q.
748 2594 834 2621 xxm,
859 2595 887 2615 a.
912 2593 944 2624 7,
968 2584 1009 2615 ad
1037 2592 1087 2620 ιι,
1113 2582 1256 2624 quando,
1284 2583 1368 2614 sicut

290 2637 395 2659 unum
417 2628 516 2659 habet
538 2627 679 2660 formam
701 2630 810 2665 unius,
833 2629 879 2660 sic
902 2629 1039 2660 alterum
1069 2628 1209 2659 formam
1237 2627 1367 2659 alterius

289 2672 402 2709 habet;
432 2673 497 2704 hoc
531 2679 641 2705 autem
673 2679 720 2704 est
749 2673 881 2715 quando
907 2674 1028 2716 forma
1060 2673 1237 2704 secundum
1269 2682 1366 2714 quam

290 2717 470 2749 attenditur
492 2718 682 2755 similitudo,
697 2718 875 2750 secundum
891 2718 1026 2750 eandem
1043 2718 1204 2749 rationem
1221 2718 1254 2748 in
1276 2722 1367 2748 utro-

289 2772 352 2803 que
367 2767 589 2793 extremorum
605 2763 724 2800 existit,
740 2763 826 2794 sicut
839 2763 954 2794 albedo
972 2764 1005 2794 in
1026 2763 1151 2795 duobus
1168 2762 1369 2799 hominibus;

290 2807 324 2838 in
351 2807 401 2838 his
430 2808 518 2838 enim
547 2807 700 2839 dicuntur
729 2813 871 2839 extrema
899 2814 1018 2839 mutuo
1051 2808 1176 2839 similia.
1208 2807 1244 2838 In
1272 2816 1368 2838 causa

291 2857 400 2883 autem
428 2858 460 2883 et
490 2858 622 2883 causato
651 2861 722 2883 non
753 2852 854 2893 recipi
882 2859 1032 2884 mutuam
1062 2851 1306 2883 similitudinem
1333 2852 1367 2882 in

290 2897 372 2928 locis
394 2896 616 2938 praeallegatis
637 2897 875 2938 interpretatur,
891 2897 1024 2939 quando
1049 2903 1216 2928 causatum
1235 2906 1303 2927 non
1318 2906 1367 2927 re-

292 2942 371 2982 cipit
393 2940 533 2973 formam
557 2951 673 2973 causae
696 2941 878 2973 secundum
901 2941 1039 2974 eandem
1061 2943 1231 2978 rationem,
1252 2940 1309 2972 sed
1331 2940 1368 2971 fit

291 2986 332 3017 ad
354 2986 570 3017 imitationem
593 2985 717 3017 formae
741 2996 869 3018 causae:
894 2987 977 3018 sicut
991 2992 1096 3018 statua
1111 2986 1260 3018 Herculis
1276 2985 1312 3016 fit
1327 2985 1368 3016 ad

290 3031 507 3062 imitationem
529 3031 695 3068 Herculis;
718 3037 852 3072 propter
867 3031 958 3072 quod
977 3030 1116 3063 dicimus
1131 3037 1270 3062 statuam
1285 3030 1367 3061 Her-

292 3075 373 3107 culis
396 3076 534 3107 similem
558 3085 627 3107 esse
650 3075 795 3113 Herculi,
813 3076 890 3117 quia
912 3075 996 3107 facta
1018 3081 1066 3107 est
1089 3075 1129 3107 ad
1151 3075 1367 3111 imitationem

292 3120 361 3151 eius
385 3126 417 3151 et
440 3121 509 3152 eius
532 3119 672 3152 formam
696 3121 803 3158 habet,
819 3129 889 3151 non
905 3126 1014 3152 autem
1038 3120 1175 3152 dicimus
1190 3119 1368 3151 Herculem

291 3165 431 3197 similem
454 3175 524 3197 esse
546 3175 624 3197 suae
648 3171 780 3197 statuae.
805 3165 942 3206 Propter
964 3166 1029 3196 hoc
1052 3174 1129 3206 ergo
1154 3170 1298 3196 creatura
1321 3170 1368 3196 est

1416 356 1528 387 similis
1551 357 1623 388 Deo
1644 357 1699 388 sed
1715 368 1783 388 non
1800 368 1817 389 e
1834 368 2002 396 converso,
2019 360 2095 400 quia
2111 370 2145 391 se
2160 361 2279 392 habent
2294 361 2377 392 sicut
2393 371 2487 392 causa

1418 406 1449 431 et
1473 407 1639 432 causatum
1664 402 1754 442 quod
1776 412 1845 433 non
1867 404 1980 444 recipit
2004 403 2142 435 formam
2166 414 2280 436 causae
2307 405 2487 436 secundum

1418 445 1554 475 eandem
1577 445 1746 482 rationem,
1771 446 1827 477 sed
1857 448 2036 479 secundum
2066 449 2228 490 quandam
2257 450 2486 487 imitationem;

1418 498 1457 519 ex
1481 498 1548 528 quo
1573 490 1717 529 sequitur
1741 496 1917 522 creaturam
1940 491 2078 523 formam
2099 503 2182 534 quae
2206 499 2253 524 est
2275 495 2336 525 Dei
2358 495 2486 531 habere,

1417 542 1487 563 non
1510 538 1619 563 autern
1642 533 1750 564 Deum
1774 534 1912 565 formam
1937 545 2019 576 quae
2043 542 2090 567 est
2120 543 2291 569 creaturae.
2322 538 2417 570 Unde
2441 540 2488 570 vi-

1419 576 1512 607 detur
1527 577 1584 607 illo
1600 578 1633 608 in
1650 578 1724 608 loco
1742 578 1918 619 Dionysius
1940 590 2009 611 non
2033 581 2072 611 de
2096 591 2191 612 causa
2215 588 2246 613 et
2269 589 2398 614 causato
2415 584 2489 614 uni-

1418 621 1581 652 versaliter
1603 621 1706 662 loqui,
1731 622 1788 653 sed
1811 622 1850 653 de
1873 623 1933 654 hac
1956 634 2052 655 causa
2082 634 2165 665 quae
2195 632 2242 657 est
2269 627 2367 664 Deus,
2392 634 2423 659 et
2447 628 2489 659 de

1420 666 1556 696 causatis
1580 675 1664 706 quae
1688 672 1762 696 sunt
1786 667 1854 697 eius
1878 674 2050 705 creaturae,
2075 678 2158 709 quae
2182 670 2221 700 ad
2244 671 2351 702 Deum
2369 682 2486 713 aequa-

1418 709 1541 740 litatem
1564 710 1681 741 habere
1697 720 1765 741 non
1788 718 1935 752 possunt.
1959 712 2059 750 Quod
2075 719 2199 744 constat
2215 724 2252 745 ex
2268 717 2371 746 verbis
2386 717 2487 757 ipsius

1419 753 1579 795 Dionysii.
1603 754 1687 785 Nam
1710 761 1885 796 postquam
1901 756 1989 793 dixit,
2006 757 2044 787 In
2062 767 2162 788 causa
2178 764 2284 789 autem
2300 766 2396 801 atque
2410 771 2487 792 cau-

1418 798 1499 829 satis
1511 799 1755 830 conversionem
1768 810 1970 841 nequaquam
1986 801 2198 838 admittemus,
2214 803 2397 835 immediate
2413 806 2488 836 sub-

1419 843 1537 883 iungit:
1555 844 1631 874 Non
1648 844 1733 874 enim
1749 844 1799 875 his
1813 845 1894 875 solis
1909 851 1967 875 aut
1983 845 2048 876 illis
2065 851 2099 876 ut
2113 846 2178 877 sint
2192 847 2312 878 similia
2332 849 2486 880 donatum

1420 892 1475 923 est,
1499 888 1556 918 sed
1579 889 1726 919 omnibus
1749 899 1832 930 quae
1854 889 2097 921 similitudinem
2121 891 2303 928 admittunt,
2320 898 2355 923 ut
2368 893 2488 924 similia

1419 932 1485 962 sint
1507 932 1597 963 Deus
1620 938 1738 964 auctor
1760 938 1816 964 est.

1475 977 1528 1007 Ad
1551 977 1687 1009 dubium
1706 987 1794 1018 ergo,
1811 977 1999 1009 conceditur
2015 978 2106 1019 quod
2121 979 2296 1011 similitudo
2313 986 2360 1011 est
2377 981 2488 1012 relatio

1421 1022 1690 1062 aequiparandae,
1703 1022 1759 1053 sed
1774 1027 1909 1063 negatur
1921 1024 2162 1063 consequentia,
2179 1024 2283 1066 Ergo,
2296 1025 2326 1056 si
2337 1031 2489 1057 creatura

1421 1066 1542 1097 dicitur
1562 1067 1678 1098 similis
1697 1067 1778 1104 Deo,
1795 1067 1891 1098 etiam
1914 1067 2005 1099 Deus
2028 1068 2148 1099 dicitur
2169 1068 2284 1100 similis
2307 1075 2488 1102 creaturae.

1420 1111 1497 1141 Non
1522 1112 1609 1142 enim
1633 1111 1748 1143 dicitur
1778 1111 1955 1143 similitudo
1984 1112 2096 1150 relatio
2126 1114 2384 1154 aequiparantiae
2414 1116 2490 1156 quia

1421 1161 1597 1197 utrumque
1614 1162 1793 1187 extremum
1809 1156 1938 1187 relative
1955 1155 2072 1188 eodem
2087 1158 2221 1188 nomine
2246 1157 2487 1191 denominetur:

1421 1200 1478 1231 sed
1494 1202 1580 1241 quia,
1597 1207 1633 1232 ut
1648 1202 1704 1238 sic,
1721 1201 1824 1232 simile
1839 1210 1908 1231 non
1924 1200 2040 1233 dicitur
2055 1201 2095 1232 ad
2111 1202 2231 1242 aliquid
2254 1203 2343 1243 quod
2367 1209 2421 1235 aut
2436 1214 2490 1235 su-

1421 1251 1540 1287 perstet
1563 1251 1619 1277 aut
1641 1246 1837 1282 subiiciatur,
1854 1245 1910 1276 sed
1925 1245 1964 1276 ad
1981 1247 2125 1287 aequale.
2149 1247 2191 1277 Et
2205 1247 2232 1278 si
2247 1247 2280 1278 id
2295 1249 2348 1278 cui
2368 1248 2490 1289 aliquid

1421 1290 1525 1321 simile
1549 1290 1674 1327 dicitur,
1698 1296 1812 1327 mutua
1834 1290 1989 1321 relatione
2008 1290 2048 1322 ad
2063 1291 2171 1332 ipsum
2193 1291 2356 1330 referatur,
2373 1293 2490 1324 eodem

1421 1336 1556 1367 nomine
1579 1334 1745 1366 referetur:
1779 1335 1882 1366 simile
1913 1335 1999 1366 enim
2027 1341 2074 1366 est
2102 1336 2196 1366 simili
2220 1336 2334 1374 simile,
2359 1337 2490 1378 quando

1421 1380 1542 1411 scilicet
1566 1386 1741 1421 utrumque
1765 1385 1943 1411 extremum
1974 1379 2200 1411 denominatur
2223 1381 2257 1411 in
2279 1387 2426 1422 respectu
2450 1382 2490 1413 ad

1422 1425 1568 1456 alterum.
1594 1424 1657 1456 Sed
1680 1430 1789 1455 tamen
1811 1429 1919 1464 potest
1934 1433 2003 1454 esse
2018 1429 2055 1454 ut
2078 1424 2275 1466 quandoque
2297 1435 2366 1456 non
2389 1425 2490 1457 deno-

1421 1470 1563 1500 minetur
1578 1474 1753 1509 utrumque
1770 1474 1948 1499 extremum
1964 1468 1999 1498 in
2014 1474 2162 1509 respectu
2178 1468 2218 1499 ad
2233 1469 2382 1500 alterum:
2400 1470 2490 1510 quod

1422 1519 1470 1545 est
1485 1513 1617 1554 quando
1639 1513 1743 1544 forma
1766 1514 1798 1543 in
1821 1518 1963 1553 utroque
1985 1517 2128 1543 extremo
2152 1513 2332 1544 secundum
2355 1514 2490 1546 eandem

1421 1559 1581 1590 rationem
1596 1568 1665 1589 non
1679 1558 1850 1588 invenitur.
1866 1575 1890 1580 -
1909 1557 2003 1587 Hanc
2025 1557 2272 1598 responsionem
2294 1558 2420 1590 videtur
2442 1560 2490 1590 in-

1422 1602 1554 1634 tendere
1585 1602 1720 1634 Sanctus
1742 1602 1887 1632 Thomas
1915 1601 1954 1632 de
1978 1601 2060 1638 Ver„
2084 1602 2159 1632 loco
2187 1602 2410 1643 praeallegato,
2435 1604 2490 1634 ubi

1423 1648 1466 1678 ait
1482 1646 1572 1688 quod
1588 1646 1766 1677 similitudo
1783 1651 1814 1676 et
1829 1646 2045 1687 conformitas
2067 1646 2214 1687 quamvis
2232 1646 2298 1677 sint
2317 1648 2491 1679 relationes

1422 1691 1700 1734 aequiparantiae,
1718 1700 1784 1721 non
1801 1696 1907 1721 tamen
1929 1699 2054 1730 semper
2078 1695 2249 1731 utrumque
2272 1696 2491 1722 extremorum

1421 1736 1654 1768 denominatur
1684 1736 1716 1766 in
1749 1739 1893 1775 respectu
1924 1734 1967 1765 ad
1997 1735 2145 1770 alterum,
2174 1735 2231 1766 sed
2262 1740 2339 1766 tunc
2367 1741 2491 1767 tantum

1422 1781 1553 1823 quando
1568 1781 1689 1823 forma
1712 1779 1888 1811 secundum
1911 1788 2008 1820 quam
2037 1779 2216 1810 attenditur
2241 1780 2418 1811 similitudo
2442 1782 2493 1812 vel

1422 1826 1649 1868 conformitas,
1674 1825 1784 1856 eadem
1809 1824 1938 1854 ratione
1969 1824 2001 1854 in
2034 1829 2171 1865 utroque
2197 1830 2342 1855 extremo
2373 1826 2490 1856 existit.

1480 1880 1509 1901 2.
1525 1869 1769 1901 Advertendum
1785 1874 1892 1900 tamen
1918 1868 2018 1909 quod,
2034 1869 2110 1899 licet
2128 1869 2308 1900 secundum
2322 1871 2491 1910 proprium

1422 1920 1454 1946 et
1477 1920 1672 1946 consuetum
1696 1923 1792 1945 usum
1807 1913 1958 1944 vocabuli
1974 1922 2043 1944 non
2066 1913 2211 1944 dicamus
2226 1914 2334 1945 Deum
2355 1914 2491 1945 similem

1422 1965 1595 1995 creaturae,
1615 1964 1671 1990 aut
1693 1958 1870 1989 Herculem
1893 1957 2031 1988 similem
2054 1967 2130 1988 suae
2153 1959 2295 1999 imagini,
2321 1959 2395 1999 quia
2418 1959 2491 1989 talia

1420 2013 1488 2035 non
1513 2008 1753 2034 consueverunt
1775 2002 1976 2033 denominari
1999 2002 2033 2032 in
2056 2008 2204 2042 respectu
2228 2002 2267 2033 ad
2291 2012 2328 2034 ea
2351 2012 2435 2043 quae
2451 2003 2491 2034 ad

1421 2057 1536 2079 eorum
1558 2048 1774 2078 imitationem
1802 2045 1899 2083 fiunt;
1930 2046 1957 2076 si
1987 2046 2058 2087 quis
2088 2052 2196 2077 tamen
2226 2047 2322 2078 vellet
2349 2048 2490 2078 nominis

1420 2091 1636 2133 significatum
1660 2091 1840 2128 extendere,
1857 2095 1893 2121 ut
1913 2089 2003 2122 fieret
2026 2090 2247 2122 denominatio
2270 2097 2419 2132 respectu
2441 2102 2490 2122 re-

1420 2137 1549 2168 lationis
1572 2137 1754 2168 intellectae
1774 2137 1808 2167 in
1824 2135 1895 2166 Deo
1920 2140 1956 2166 ut
1978 2136 2127 2166 terminat
2149 2136 2339 2168 relationem
2363 2136 2490 2167 alterius

1421 2182 1563 2218 extremi,
1580 2187 1616 2212 ut
1632 2181 1791 2212 diceretur
1806 2179 1895 2211 Deus
1910 2180 2020 2211 similis
2045 2186 2206 2211 creaturae
2231 2181 2307 2221 quia
2329 2186 2490 2212 creaturae

1420 2227 1610 2257 relationem
1634 2231 1665 2256 et
1688 2224 1931 2256 similitudinem
1955 2224 1995 2255 ad
2018 2234 2052 2255 se
2075 2225 2234 2261 terminat,
2249 2225 2314 2256 hoc
2336 2225 2490 2256 inconve-

1420 2271 1513 2302 niens
1529 2280 1596 2301 non
1612 2275 1806 2311 reputarem.
1827 2269 1962 2310 Propter
1978 2268 2068 2309 quod
2084 2279 2152 2300 non
2167 2270 2274 2310 inquit
2288 2270 2341 2300 hic
2356 2269 2491 2300 Sanctus

1421 2315 1568 2346 Thomas
1592 2314 1683 2356 quod
1706 2314 1798 2345 nullo
1821 2312 1923 2344 modo
1947 2314 2050 2354 possit
2072 2313 2161 2344 Deus
2184 2313 2248 2344 dici
2270 2314 2382 2344 similis
2405 2324 2491 2345 crea-

1420 2366 1521 2397 turae,
1538 2359 1595 2391 sed
1611 2359 1702 2400 quod
1717 2358 1960 2389 convenientius
1976 2358 2096 2388 dicitur
2116 2363 2269 2389 creatura
2283 2358 2355 2388 Deo
2378 2359 2492 2389 similis

1421 2415 1518 2446 quam
1535 2414 1553 2435 e
1568 2413 1736 2441 converso,
1754 2404 1830 2444 quia
1845 2402 1995 2433 videlicet
2013 2408 2060 2433 est
2078 2403 2179 2443 magis
2201 2402 2381 2434 secundum
2396 2413 2492 2434 usum

1421 2449 1582 2480 vocabuli.
1599 2467 1622 2471 —
1638 2448 1738 2487 Quod
1758 2453 1867 2479 autem
1887 2447 1992 2488 inquit
2007 2447 2113 2478 Prima
2128 2447 2221 2478 Parte
2236 2448 2263 2484 θ’,
2288 2447 2378 2488 quod
2401 2448 2491 2478 nullo

1422 2494 1518 2524 modo
1543 2493 1781 2524 concedendum
1798 2497 1846 2523 est
1860 2491 1966 2522 Deum
1990 2501 2058 2523 esse
2079 2491 2215 2522 similem
2239 2497 2419 2528 creaturae,
2444 2493 2492 2522 in-

1421 2538 1632 2579 telligendum
1656 2544 1713 2574 est,
1736 2542 1865 2568 servato
1890 2537 2031 2577 proprio
2062 2536 2212 2567 vocabuli
2243 2546 2312 2566 usu.
2344 2535 2492 2567 Consue-

1421 2584 1527 2614 vimus
1551 2584 1639 2614 enim
1662 2582 1742 2613 illud
1765 2588 1891 2613 tantum
1915 2581 2020 2612 dicere
2043 2581 2133 2611 alteri
2156 2581 2259 2611 simile
2283 2580 2373 2621 quod
2396 2581 2491 2611 habet

1422 2628 1561 2659 formam
1578 2636 1661 2668 quae
1678 2632 1726 2658 est
1741 2627 1820 2663 eius,
1837 2625 1928 2663 idest,
1946 2634 2044 2666 quam
2060 2625 2156 2666 plene
2173 2630 2205 2656 et
2223 2624 2365 2665 perfecte
2380 2625 2489 2655 habet:

1421 2682 1490 2704 non
1514 2678 1623 2703 autem
1648 2670 1779 2712 quando
1803 2671 1911 2711 ipsum
1930 2669 2069 2701 formam
2083 2670 2180 2700 habet
2195 2669 2356 2709 complete
2373 2674 2404 2699 et
2418 2679 2490 2709 per-

1422 2717 1516 2754 fecte,
1540 2717 1677 2748 alterum
1699 2725 1776 2746 vero
1800 2716 1896 2746 habet
1919 2714 2081 2755 quandam
2105 2714 2173 2744 eius
2199 2713 2488 2754 participationem,

1421 2763 1456 2793 in
1479 2771 1546 2802 quo
1570 2760 1744 2792 attenditur
1767 2759 1943 2791 similitudo
1967 2758 2147 2789 secundum
2173 2758 2397 2793 imitationem,
2420 2767 2489 2788 non

1422 2811 1531 2838 autem
1548 2805 1730 2837 secundum
1746 2804 2005 2835 convenientiam
2019 2804 2054 2834 in
2069 2802 2173 2833 forma
2189 2801 2332 2832 eiusdem
2347 2802 2487 2832 rationis.

1478 2850 1640 2887 Similiter,
1665 2850 1691 2880 si
1719 2849 1893 2890 accipiatur
1920 2847 2107 2884 assimilari,
2131 2847 2197 2877 sive
2228 2845 2428 2882 assimilatio,
2453 2851 2489 2876 ut

1423 2895 1500 2927 dicit
1522 2900 1652 2926 motum
1675 2894 1716 2925 ad
1738 2894 1895 2925 unitatem
1918 2892 2042 2924 formae
2065 2891 2244 2922 secundum
2267 2900 2365 2931 quam
2387 2895 2488 2920 atten—

1423 2940 1507 2972 ditur
1530 2938 1718 2976 similitudo,
1735 2948 1803 2970 non
1818 2943 1926 2979 potest
1941 2937 2005 2969 dici
2019 2937 2108 2968 Deus
2131 2941 2292 2967 creaturae
2315 2934 2487 2970 assimilari,

1422 2994 1484 3016 nec
1506 2984 1664 3016 Hercules
1688 2993 1765 3015 suae
1787 2983 1929 3023 imagini.
1954 2981 2018 3013 Sed
2033 2981 2059 3012 si
2075 2981 2249 3021 accipiatur
2266 2989 2326 3020 pro
2343 2988 2382 3010 eo
2399 2978 2488 3019 quod

2519 2446 2528 2455 ·
2543 2445 2598 2467 Loc.
2610 2451 2676 2473 prox.
2691 2445 2729 2467 cit.

1424 3035 1471 3061 est
1494 3039 1563 3060 esse
1586 3029 1760 3060 terminum
1791 3025 2006 3058 similitudinis
2037 3030 2198 3056 creaturae
2227 3023 2267 3054 ad
2293 3023 2410 3059 Deum,
2434 3028 2488 3053 aut
2519 3043 2522 3047 -

1422 3074 1570 3115 imaginis
1594 3073 1634 3104 ad
1657 3073 1842 3109 Herculem,
1858 3071 1949 3108 idest,
1967 3070 2095 3111 concipi
2119 3079 2194 3100 curn
2216 3073 2363 3108 respectu
2380 3067 2487 3098 termi-

1422 3119 1527 3150 nantis
1550 3123 1733 3159 respectum
1752 3116 1977 3152 similitudinis,
1993 3124 2061 3146 non
2077 3119 2123 3145 est
2138 3112 2367 3144 inconveniens
2383 3111 2487 3142 dicere

1422 3164 1531 3195 Deum
1555 3162 1719 3194 assimilari
1742 3166 1904 3192 creaturae
1928 3166 1959 3191 et
1981 3159 2156 3190 Herculem
2178 3166 2254 3188 suae
2277 3156 2416 3196 imagini.

1370 3430 1422 3471 ψ.
1436 3436 1440 3461 Ξ
