2768 4134
0 1013 19 1069 'J
47 1020 136 1060 ‘’aa-v,
148 1038 180 1054 ιι.

22 1324 85 1372 ἃ(Χ.
98 1353 167 1370 mvi.

22 1458 25 1459 .
45 1435 105 1465 Cap.
114 1442 148 1464 vt,
157 1442 178 1464 7.

45 1567 118 1592 uun.
129 1569 151 1592 8.

22 1779 170 1819 'mn-vu.

45 1880 167 1911 (hp-mi.

54 1977 67 1988 ·
87 1964 123 1994 ἰιι
132 1960 183 1993 vm(

47 2282 142 2311 I-Pane,
156 2282 173 2305 l.
187 2288 208 2305 c.

41 2383 69 2394 Ἰ»
94 2391 98 2393 ,

16 2439 25 2449 ,Ἴ
47 2414 86 2440 ot.
100 2420 166 2438 mix.

37 3022 87 3061 'et
102 3043 159 3060 mx.

50 3158 91 3198 ⁵01.
112 3181 182 3204 snpra
205 3175 245 3198 Se-

2 3686 3 3690 *
57 3653 113 3684 Cup.
123 3663 147 3683 x,
158 3663 178 3685 7.

756 285 946 325 SUMMA
974 286 1197 325 CONTRA
1225 287 1499 335 GENTILES,
1527 290 1622 327 LIB.
1647 291 1688 336 11,
1719 290 1829 328 CAP.
1854 292 1974 329 LXX.

322 361 360 393 11.
385 361 481 394 Circa
507 362 758 395 fundamentum
784 365 882 396 huius
909 366 1043 406 capituli
1072 372 1104 397 et
1134 368 1268 398 rationis
1290 368 1340 399 in·

267 406 394 443 ductae,
419 406 556 438 dubium
579 417 648 439 non
672 418 809 449 parvum
832 410 987 441 occurrit:
1013 411 1090 451 quia
1118 421 1187 442 non
1213 411 1340 444 videtur

266 450 308 482 de
330 457 441 482 mente
462 451 645 483 Aristotelis
669 462 739 484 esse
762 454 853 493 quod
877 455 1003 486 caelum
1024 455 1064 486 sit
1087 456 1267 487 animatum
1282 466 1340 497 per

265 494 543 535 informationem,
566 502 603 527 ut
626 497 686 527 sibi
709 497 845 528 Sanctus
869 499 1014 530 Thomas
1037 500 1190 531 attn'buit.

322 540 464 571 Primo*
487 541 574 581 quia,
598 542 624 571 si
647 542 829 573 secundum
851 543 959 583 ipsum
981 545 1114 584 ponitur
1130 545 1257 576 caelum
1272 545 1340 575 ani-

266 590 392 616 matum
423 594 493 616 esse
523 586 631 617 anima
660 586 854 618 intellectiva
884 594 1020 625 tantum,
1052 594 1107 619 aut
1133 590 1204 629 ipsa
1233 589 1341 619 anima

267 630 378 663 unitur
393 630 464 660 orbi
479 635 613 670 propter
628 631 853 671 operationem
869 633 1115 663 intellectivam:
1137 639 1192 665 aut
1207 639 1341 674 propter

267 679 407 706 motum.
431 674 510 704 Non
532 675 690 715 primum:
715 676 801 716 quia,
826 686 903 708 cum
925 677 1102 708 intellectio
1125 678 1166 708 sit
1193 678 1340 718 operatio

268 718 322 749 cui
344 728 414 750 non
437 720 659 750 communicat
683 729 814 760 corpuS,
829 721 1011 753 intellectus
1031 731 1099 753 non
1123 721 1246 763 indiget
1269 731 1341 753 cor-

266 772 348 803 pore
371 763 434 793 nisi
455 763 652 803 inquantum
675 765 705 795 ei
727 774 786 804 per
812 775 924 796 sensus
954 766 1176 798 ministrantur
1205 767 1341 807 phanta-

267 812 387 844 smata;
411 808 618 848 operationes
641 815 750 840 autem
773 811 942 841 sensitivae
957 820 1027 842 non
1050 812 1251 842 conveniunt
1269 821 1340 842 cor-

267 852 402 892 poribus
434 852 635 889 caelestibus,
667 854 701 884 in
732 855 851 894 quibus
882 855 980 886 etiam
1010 864 1079 886 non
1110 861 1187 887 sunt
1220 865 1341 896 organa

268 905 434 927 sensuum.
449 914 473 919 -
488 897 565 928 Non
589 898 686 928 etiam
710 898 902 930 secundum.
928 900 1017 931 Tum
1040 900 1117 940 quia
1147 900 1188 931 ad
1217 901 1281 930 hoc
1304 906 1341 931 ut

267 946 409 978 moveat,
432 951 502 972 non
525 947 656 982 oportet
674 948 710 974 ut
732 944 863 974 uniatur
878 945 949 974 orbi
964 950 1121 984 tanquam
1140 944 1246 976 forma
1262 944 1340 976 dans

269 994 349 1022 esse,
373 985 429 1017 sed
452 985 570 1018 sufficit
590 988 672 1018 unio
695 997 753 1028 per
776 994 966 1020 contactum
985 989 1124 1019 virtutis:
1145 994 1183 1020 ut
1205 989 1341 1020 habetur

267 1029 340 1061 VIII
355 1031 466 1072 Phys„
490 1036 566 1062 text.
582 1032 624 1071 43
641 1033 668 1062 ³.
693 1032 782 1063 Turn
809 1033 885 1073 quia
910 1042 1008 1064 suum
1031 1042 1164 1064 movere
1189 1034 1271 1064 nihil
1294 1039 1341 1064 est

268 1074 356 1106 aliud
379 1084 479 1116 quam
501 1085 599 1107 suum
621 1076 801 1117 intelligere
825 1082 856 1108 et
878 1077 976 1108 velle:
993 1082 1030 1108 ut
1053 1078 1189 1109 habetur
1204 1088 1222 1108 a
1239 1078 1341 1110 Com-

267 1125 460 1157 menmtore‚
476 1120 535 1151 XII
554 1121 710 1161 Metaph„
734 1127 924 1153 commento
949 1122 1002 1158 36,
1018 1122 1075 1152 ubi
1094 1123 1138 1153 ait
1161 1122 1252 1163 quod
1267 1132 1340 1154 cor-

262 1173 352 1204 pora
375 1165 527 1196 caelestia
550 1170 628 1195 sunt
649 1165 805 1202 animata,
830 1171 862 1196 et
884 1176 950 1196 non
974 1166 1092 1197 habent
1107 1166 1147 1198 de
1169 1167 1341 1198 virtutibus

268 1209 399 1241 anianae
425 1210 488 1240 nisi
516 1209 713 1240 intellectum
737 1214 769 1241 et
792 1210 943 1241 virtutem
965 1211 1229 1248 desiderativam‚
1257 1221 1342 1253 quae

268 1258 375 1286 movet
397 1254 430 1285 in
456 1255 539 1285 loco.
555 1271 579 1276 —
594 1254 680 1295 Ergo
696 1264 766 1286 non
780 1255 892 1295 posuit
908 1255 1098 1288 Aristoteles
1121 1256 1249 1288 caelum
1272 1266 1341 1287 esse

267 1298 448 1330 animatum
471 1299 579 1333 anima
601 1298 698 1330 dante
721 1308 791 1330 esse
814 1298 1000 1330 formaliter.

284 1342 514 1380 κᾼᾼδωιικόσξ
539 1343 616 1383 quia
630 1349 710 1374 tunc
733 1344 858 1384 primus
880 1349 991 1375 motor
1005 1349 1193 1375 moveretur
1215 1354 1274 1385 per
1289 1355 1340 1376 ac-

268 1386 380 1419 cidens
403 1387 444 1418 ad
458 1393 590 1418 motum
606 1388 709 1428 ipsius
728 1388 832 1419 orbis:
852 1394 889 1419 ut
904 1389 993 1420 enim
1008 1388 1126 1420 dicitur
1141 1389 1214 1420 Vl11
1229 1389 1340 1430 Phys„

267 1437 344 1463 oext.
373 1433 409 1464 51
426 1433 453 1469 “,
477 1437 566 1462 moto
591 1441 740 1473 corpore,
765 1437 915 1464 movetur
929 1438 962 1463 et
975 1433 1063 1473 quod
1078 1438 1126 1464 est
1141 1433 1174 1464 in
1190 1443 1340 1475 corpore.

267 1475 334 1508 Sed
354 1477 499 1517 primum
521 1486 670 1513 movens,
695 1476 787 1517 quod
808 1476 1101 1514 Aristotelesdixit
1125 1487 1193 1508 esse
1216 1484 1342 1518 partem

265 1521 429 1552 moventis
452 1521 607 1561 seipsum,
631 1530 698 1551 non
721 1526 872 1551 movetur
894 1531 997 1562 neque
1013 1531 1078 1562 per
1098 1531 1142 1557 se,
1160 1531 1264 1563 neque
1279 1532 1344 1563 per

266 1564 427 1601 accidens,
443 1570 480 1596 ut
497 1565 614 1596 dicitur
635 1564 768 1601 ibidem,
783 1570 860 1596 text.
878 1565 919 1596 52
931 1566 959 1595 *.
976 1565 1064 1606 Ergo
1087 1566 1211 1606 primus
1234 1572 1344 1598 motor

265 1618 336 1640 non
351 1614 400 1641 est
413 1608 520 1640 forma
542 1610 689 1649 corporis
705 1609 860 1640 caelestis.
876 1609 975 1649 Ergo,
991 1609 1106 1640 eadem
1125 1611 1262 1647 ratione,
1281 1621 1344 1642 nec

265 1659 411 1684 motor&
422 1653 562 1684 aliorum
574 1654 715 1684 orbium.
724 1671 748 1676 -
758 1653 851 1684 Patet
863 1653 977 1684 ultima
988 1655 1232 1694 consequentia.
1246 1655 1343 1693 Quia,

265 1698 294 1729 si
314 1697 451 1738 aliquod
473 1697 663 1728 caelestium
679 1707 857 1737 corporum
871 1704 1049 1738 poneretur
1072 1699 1260 1736 animatum,
1279 1700 1344 1731 hoc

265 1743 407 1774 maxime
428 1741 672 1773 attribuendum
695 1747 779 1773 esset
801 1742 920 1782 primo.

326 1787 436 1818 Tertio
449 1787 477 1823 ³,
513 1787 590 1827 quia
620 1792 700 1818 tunc
734 1786 862 1818 caelum
885 1792 969 1818 esset
995 1796 1114 1828 corpus
1138 1788 1342 1828 organicum:

265 1841 344 1864 cim
365 1831 475 1863 anima
501 1831 543 1862 sit
565 1836 657 1863 actus
678 1831 810 1871 primus
835 1832 986 1872 corporis
1012 1832 1174 1873 organici,
1202 1838 1239 1863 ut
1265 1832 1344 1864 dici-

265 1881 320 1908 tur
340 1875 368 1907 11
392 1875 433 1907 de
454 1876 574 1906 Anima
589 1876 617 1906 ³.
641 1875 717 1906 Hoc
739 1881 849 1907 autem
864 1876 1060 1917 simplicitati
1083 1877 1152 1908 eius
1173 1883 1343 1918 repugnat.

265 1921 311 1953 Er
371 1926 435 1951 etc.
628 1938 634 1940 -

310 1930 454 2002 8Ωῦιιανιο
467 1965 495 2001 ⁴,
519 1964 596 2005 quia
619 1963 756 1995 Sanctus
780 1963 936 2000 Thomas,
959 1964 1067 1996 Prima
1090 1965 1192 2002 Parte,
1215 1974 1246 2005 q.
1271 1975 1342 2002 Lxx,

267 2015 324 2041 art.
349 2009 380 2046 3,
408 2008 536 2040 videtur
565 2014 676 2039 tenere
706 2007 798 2048 quod
826 2008 1016 2040 Aristoteles
1045 2009 1184 2040 voluerit
1216 2010 1342 2041 caelum

267 2064 337 2086 esse
361 2054 540 2085 animatum
557 2053 664 2084 anima
687 2057 843 2084 movente
865 2058 1002 2090 tantum,
1018 2063 1088 2084 non
1111 2059 1220 2085 autem
1235 2055 1343 2085 anima

267 2098 370 2131 dante.
388 2108 468 2130 esse.
483 2117 507 2121 —
522 2098 564 2129 Et
586 2098 626 2129 de
649 2097 881 2138 Spiritualibus
907 2098 1087 2134 Creaturis,
1107 2104 1163 2129 art.
1181 2098 1212 2135 6,
1235 2099 1343 2139 inquit

267 2143 359 2185 qnod
382 2143 426 2175 ad
447 2142 643 2174 salvandum
667 2142 854 2183 opinionem
868 2143 1054 2174 Aristotelis
1076 2148 1108 2174 et
1128 2143 1278 2174 Platonis
1295 2143 1342 2174 vi-

267 2188 364 2220 detur
384 2187 538 2229 sufficere
559 2187 649 2228 quod
669 2187 850 2218 substantia
867 2187 1095 2219 intellectualis
1119 2188 1255 2219 uniatur
1269 2198 1343 2219 cor-

260 2233 342 2275 pori
365 2232 497 2264 caelesti
514 2241 579 2273 per
600 2231 733 2263 modum
748 2241 813 2273 quo
833 2237 942 2263 motor
965 2232 1079 2263 unitur
1100 2232 1222 2268 mobili.
1237 2250 1261 2254 —
1275 2233 1343 2264 Ad-

268 2277 380 2319 ditque
387 2278 406 2295 ⁶
421 2276 513 2318 quod
525 2277 777 2318 interponentes
788 2285 930 2317 corpora
942 2277 1096 2308 caelestia
1107 2287 1175 2308 esse
1186 2278 1342 2314 animata,

268 2328 303 2354 et
315 2327 477 2364 ponentes
499 2331 539 2353 ea
563 2322 755 2357 inanimata,
774 2331 883 2361 parva
899 2322 950 2352 vel
973 2322 1066 2353 nulla
1089 2322 1274 2363 differentia
1295 2323 1344 2353 in-

269 2367 400 2400 mim»-
422 2367 455 2398 in
480 2376 526 2403 re,
550 2366 607 2397 sed
630 2366 663 2397 in
688 2375 766 2397 voce
789 2371 925 2397 tantum.

327 2411 451 2449 Quinto
462 2412 490 2442 ⁴.
507 2411 704 2451 Sequeretur
720 2410 811 2451 quod
835 2411 973 2447 caelum,
990 2416 1046 2442 aut
1061 2411 1175 2442 saltem
1190 2412 1345 2452 sphaerae

268 2455 447 2494 inferiores,
470 2456 627 2486 haberent
655 2461 718 2486 tres
747 2460 903 2492 motores,
933 2455 1055 2486 scilicet
1084 2456 1203 2493 Deum,
1225 2456 1344 2487 intelli-

267 2501 423 2542 gentiam,
447 2506 479 2531 et
502 2501 656 2531 animam.
680 2499 744 2531 Sed
774 2500 839 2531 hoc
869 2505 917 2531 est
945 2499 1081 2531 falsum:
1112 2501 1190 2541 quia
1217 2501 1344 2532 caelum

268 2546 365 2576 habet
398 2550 526 2576 tantum
561 2544 646 2575 duos
679 2549 834 2581 motores,
869 2550 905 2575 ut
938 2545 1047 2585 inquit
1080 2544 1342 2582 Commentator,

268 2590 327 2621 XII
351 2589 506 2630 Metaph„
530 2594 708 2620 comment.
732 2597 788 2629 41.
811 2589 899 2629 Ergo
924 2595 984 2620 etc.

324 2634 436 2665 Sexto.
461 2633 658 2674 Sequeretur
681 2633 773 2674 quod
796 2634 924 2664 caelum
953 2639 1064 2674 posset
1090 2634 1276 2665 naturaliter
1305 2644 1343 2664 ex

268 2688 302 2710 se
326 2679 503 2719 quiescere.
529 2678 632 2716 Quod
658 2683 706 2709 est
732 2684 845 2709 contra
869 2678 1117 2718 Philosophum.
1141 2696 1164 2700 -
1186 2679 1344 2709 Probatur

269 2724 514 2763 consequentia.
539 2723 627 2761 Quia
650 2723 759 2754 anima
780 2728 892 2753 movet
915 2732 972 2763 per
995 2724 1188 2763 appetitum.

325 2767 478 2808 Septimo.
503 2767 676 2798 Cessarent
699 2776 815 2798 omnes
845 2767 1138 2798 demonstrationes
1160 2766 1343 2797 Aristotelis

269 2812 310 2843 ad
343 2812 550 2853 probandum
582 2812 726 2852 primum
759 2817 925 2842 motorem
956 2811 1094 2842 omnino
1129 2811 1342 2842 immobilem.

269 2857 356 2896 Quia
379 2856 465 2888 dicet
488 2856 688 2887 adversarius
702 2865 772 2887 non
788 2861 940 2896 oportere
956 2855 1023 2886 dari
1037 2861 1201 2886 motorem
1217 2865 1343 2896 separa-

269 2907 355 2933 tum:
379 2902 466 2942 quia,
491 2911 568 2932 cum
591 2901 719 2932 caelum
737 2901 778 2931 sit
800 2901 989 2936 animatum,
1008 2905 1120 2930 movet
1142 2900 1296 2940 seipsum,
1313 2905 1345 2930 et

271 2945 423 2977 dividitur
444 2946 479 2976 in
508 2951 634 2986 partem
661 2950 852 2976 moventem
885 2949 916 2975 et
943 2949 1068 2984 partem
1095 2949 1230 2981 motam,
1262 2945 1345 2975 sicut

270 2991 394 3031 reliqua
418 2990 578 3021 animalia.

331 3035 454 3066 Octavo
466 3036 494 3066 ὓ.
518 3034 552 3066 Si
574 3039 684 3065 motor
711 3034 798 3064 orbis
821 3038 904 3064 esset
927 3033 1034 3063 anima
1057 3033 1136 3069 eius,
1159 3038 1345 3063 moveretur

271 3089 330 3121 per
352 3079 502 3110 accidens
525 3079 565 3110 ad
587 3084 718 3109 motum
741 3079 824 3108 eius:
847 3078 930 3108 sicut
953 3082 985 3107 et
1007 3077 1195 3107 animalium
1219 3077 1345 3107 animae

271 3130 446 3156 moventur
462 3123 503 3155 ad
525 3129 655 3154 motum
671 3132 858 3163 corporum.
883 3121 947 3152 Sed
962 3122 1027 3152 hoc
1041 3131 1110 3151 non
1126 3126 1174 3152 est
1189 3121 1229 3151 ad
1251 3130 1343 3152 men-

271 3175 339 3200 tem
361 3169 564 3209 Philosophi,
581 3168 638 3208 qui
661 3167 786 3207 probat,
802 3166 875 3197 VIII
890 3166 989 3206 Phys.
1001 3167 1028 3202 ᾗ
1053 3171 1204 3206 oportere
1219 3171 1345 3206 partem

271 3214 369 3255 primi
392 3214 553 3244 moventis
577 3213 720 3252 seipsum
739 3220 808 3242 esse
830 3210 999 3241 immobile
1022 3214 1088 3240 tam
1106 3219 1170 3250 per
1191 3219 1226 3240 se
1248 3219 1345 3250 quam

266 3268 332 3299 per
345 3258 506 3294 accidens,
524 3266 600 3288 cum
617 3261 726 3287 causet
745 3261 874 3286 motum
893 3255 1137 3295 sempiternum.
1153 3253 1254 3292 Quod
1269 3263 1345 3285 sane

274 3308 404 3344 oportet
420 3312 490 3333 esse
505 3311 619 3332 verum
632 3301 672 3331 de
687 3306 816 3331 motore
832 3299 1004 3330 cuiuslibet
1019 3299 1121 3329 orbis:
1138 3307 1214 3329 cum
1230 3308 1345 3329 omnes

273 3353 428 3378 moveant
450 3352 546 3378 motu
568 3347 777 3386 sempiterno.
801 3344 888 3384 Ergo
912 3348 972 3374 etc.

330 3392 428 3422 Nono
442 3393 469 3423 “.
490 3391 524 3423 Si
542 3390 753 3430 intelligentia
770 3398 853 3429 quae
868 3393 980 3419 movet
996 3387 1124 3418 caelum
1140 3392 1224 3417 esset
1239 3387 1346 3417 anima

275 3436 364 3473 caeli,
387 3445 457 3467 non
479 3436 611 3466 haberet
627 3434 876 3465 determinatum
892 3433 990 3462 situm
1012 3432 1046 3462 in
1063 3431 1164 3467 caelo,
1189 3431 1246 3461 sed
1262 3436 1346 3461 esset

273 3482 307 3512 in
331 3486 403 3511 toto
418 3486 575 3520 tanquam
598 3480 631 3510 in
647 3479 793 3509 subiecto
811 3477 1003 3517 adaequato:
1021 3481 1058 3506 ut
1080 3480 1168 3515 patet
1183 3474 1223 3505 de
1239 3475 1346 3505 anima

273 3525 479 3561 intellectiva,
504 3534 588 3565 quae
609 3524 706 3554 habet
728 3528 834 3553 totum
858 3531 975 3561 corpus
998 3530 1058 3560 pro
1081 3520 1227 3550 subiecto
1252 3519 1346 3550 adae-

275 3575 385 3610 quato.
410 3569 475 3600 Sed
497 3569 561 3599 hoc
585 3574 633 3599 est
656 3573 769 3599 contra
790 3572 935 3597 mentem
957 3564 1157 3604 Philosophi,
1174 3564 1231 3604 qui
1252 3564 1347 3604 ponit

278 3614 523 3654 intelligentiam
548 3622 632 3653 quae
654 3618 767 3643 movet
790 3611 925 3647 caelum,
953 3619 1022 3640 esse
1043 3609 1077 3639 in
1109 3609 1178 3639 eius
1209 3608 1346 3638 circum-

274 3657 424 3689 ferentia:
449 3664 487 3689 ut
509 3663 598 3698 patet
620 3657 693 3688 VIII
716 3657 826 3697 Phys„
850 3660 925 3686 text.
951 3654 993 3693 84
1004 3655 1031 3684 ἦ
1055 3653 1141 3693 Ergo
1166 3658 1226 3683 etc.

2386 295 2457 341 451

1450 368 1502 399 111.
1525 368 1578 399 Ad
1600 369 1684 400 hanc
1710 369 1932 402 difficultatem
1964 371 2139 403 dicendum
2168 378 2214 403 est
2242 373 2333 413 quod
2351 384 2464 407 ‘unum

1393 413 1428 444 in
1451 412 1597 444 doctrina
1618 414 1799 445 Aristotelis
1822 414 1945 446 clarum
1975 421 2032 452 est,
2063 416 2199 448 alterum
2228 423 2382 451 ver0³e5t
2404 418 2464 449 du-

1393 458 1495 488 bium.
1521 456 1655 488 Clarum
1676 468 1820 499 namque
1852 465 1899 490 est
1921 460 2030 500 ipsum
2052 461 2200 501 posuisse
2227 462 2337 502 aliquo
2361 462 2463 494 modo

1395 501 1522 532 caelum
1545 511 1615 532 esse
1639 503 1830 534 animatum:
1855 509 1892 534 ut
1914 509 2002 544 patet
2025 514 2064 535 ex
2086 505 2125 535 iis
2148 514 2231 546 quae
2254 507 2288 537 in
2320 507 2385 537 hoc
2412 517 2464 538 ca·

1394 547 1461 586 pite
1485 545 1616 576 adducit
1631 545 1767 577 Sanctus
1783 547 1937 578 Thomas.
1955 548 2029 579 Hoc
2053 550 2150 580 etiam
2164 550 2270 581 tenuit
2284 550 2464 582 Commen-

1394 595 1488 626 tator,
1505 599 1604 629 cap.-1
1619 590 1659 621 de
1674 590 1861 622 Substantia
1881 591 1993 629 Orbis,·
2008 593 2081 624 VIII
2097 594 2250 634 Metaph.‚
2267 604 2388 626 comm.
2408 603 2462 632 123

1395 633 1422 664 11
1441 634 1543 669 Caeli,
1568 643 1688 664 comm.
1707 635 1764 671 61;
1790 635 1816 665 11
1832 636 1872 666 de
1895 637 2022 673 Anima,
2040 647 2160 668 comm.
2185 639 2220 669 15
2245 645 2277 669 et
2301 639 2360 676 32;
2384 640 2464 671 item

1394 678 1453 709 XII
1475 679 1630 719 Metaph„
1654 688 1775 710 comm.
1801 679 1859 716 36;
1883 686 1915 710 et
1943 681 1976 711 in
2004 681 2166 721 plerisque
2189 683 2258 713 aliis
2279 683 2370 714 locis.
2394 684 2463 715 Du-

1394 722 1487 754 bium
1508 732 1587 753 vero
1618 729 1666 753 est
1693 723 1864 763 quomodo
1895 726 2040 764 posuerit
2068 726 2176 765 ipsum
2206 727 2398 758 animatum:
2422 738 2464 759 an

1395 767 1516 798 scilicet
1538 768 1646 798 anima
1668 767 1763 799 dante
1787 777 1857 799 esse
1879 777 1937 808 per
1959 769 2098 800 modum
2125 770 2262 807 formae3
2287 781 2328 802 an
2357 773 2464 803 anima

1394 816 1521 842 tantum
1536 817 1689 843 movente
1705 818 1737 843 et
1752 813 1843 843 unita
1857 821 1915 852 per
1930 818 2117 844 contactum
2132 815 2266 845 virtutis.
2283 816 2357 846 Hoc
2377 817 2464 848 enim

1394 865 1504 896 neque
1527 856 1566 886 ab
1589 856 1762 887 Aristotele
1783 857 1969 897 explicatur,
1997 867 2106 898 neque
2136 869 2154 889 a
2185 858 2462 892 Commentatore.

1451 900 1574 931 Idcirco
1587 901 1687 941 aliqui
1699 906 1810 932 tenent
1822 901 1862 932 de
1874 907 1983 933 mente
1994 903 2175 934 Aristotelis
2192 912 2260 934 esse
2273 904 2363 944 quod
2375 905 2464 936 caelo

1394 945 1505 976 unitur
1527 945 1737 985 intelligentia
1759 955 1817 986 per
1838 945 1976 977 modum
1996 946 2120 978 formae
2135 947 2239 978 dantis
2259 957 2341 978 esse:
2366 949 2465 989 aliqui

1394 998 1473 1020 vero
1497 989 1586 1030 quod
1609 990 1719 1021 unitur
1735 995 1861 1022 tantum
1879 1000 1937 1031 per
1952 991 2089 1022 modum
2106 992 2251 1022 motoris.
2273 993 2314 1023 Et
2330 992 2466 1024 Sanctus

1395 1033 1541 1064 Thomas
1557 1034 1732 1074 aliquando
1756 1044 1855 1066 unam
1871 1040 1995 1075 partem
2011 1041 2108 1073 tenet,
2126 1035 2300 1077 aliquando
2316 1037 2420 1068 aliam.

1450 1078 1515 1110 Ubi
1545 1080 1634 1110 enim
1664 1079 1821 1117 absolute,
1853 1080 2033 1111 secundum
2063 1081 2229 1121 propriam
2262 1082 2464 1121 opinionem,

1394 1127 1484 1153 tenet
1499 1132 1637 1164 corpora
1653 1124 1801 1154 caelestia
1816 1134 1886 1155 non
1901 1134 1970 1155 esse
1987 1125 2135 1162 animata,
2152 1131 2188 1156 ut
2204 1126 2301 1156 etiarn
2317 1126 2465 1158 Philoso-

1395 1167 1498 1207 phum
1521 1168 1598 1198 huic
1620 1169 1797 1199 sententiae
1821 1178 1969 1209 expresse
1991 1179 2059 1200 non
2083 1170 2240 1200 adversari
2256 1170 2465 1208 demonstret,

1396 1211 1537 1243 ostendit
1560 1212 1731 1252 quomodo
1755 1212 1795 1243 ad
1818 1213 1998 1244 Aristotelis
2021 1214 2235 1245 intentionem
2258 1215 2404 1246 sufficere
2418 1217 2466 1246 vi-

1396 1255 1489 1287 detur
1512 1257 1639 1287 caelum
1659 1266 1728 1287 esse
1751 1257 1929 1288 animatum
1945 1258 2052 1288 anima
2073 1264 2226 1290 movente
2244 1264 2381 1296 tantum,
2396 1270 2465 1291 non

1395 1306 1505 1331 autem
1528 1302 1636 1331 anima
1659 1300 1754 1332 dante
1778 1311 1857 1332 esse.
1877 1302 1918 1332 Et
1940 1302 2005 1332 hoc
2027 1308 2116 1333 tenet
2138 1304 2172 1333 in
2187 1303 2293 1335 Prima
2314 1304 2417 1341 Parte,
2434 1310 2466 1335 et

1396 1346 1429 1376 in
1453 1345 1518 1383 Qu.
1542 1345 1583 1376 de
1605 1345 1842 1386 Spiritualibus-
1862 1346 2032 1377 Creaturis
2044 1348 2071 1377 ’ἢ

1451 1389 1516 1420 Ubi
1539 1395 1648 1420 autem
1667 1395 1779 1420 contra
1795 1390 2098 1422 Commentatorem
2113 1392 2226 1432 arguit,
2243 1397 2280 1422 ut
2294 1393 2357 1429 hic,
2378 1398 2467 1424 tenet

1397 1434 1583 1474 oppositam
1606 1440 1741 1474 partem.
1765 1434 1852 1472 Quia
1875 1435 1962 1465 enim
1993 1435 2243 1466 Commentator
2269 1437 2399 1467 volebat
2427 1446 2467 1468 ex

1396 1478 1501 1508 verbis
1522 1478 1704 1509 Aristotelis
1727 1478 1968 1518 superficialiter
1990 1480 2160 1510 intellectis
2183 1490 2316 1520 arguere
2341 1481 2467 1512 intelle-

1397 1527 1488 1552 ctum
1511 1532 1580 1553 esse
1603 1523 1816 1553 substantiam
1843 1529 2032 1563 separatam,
2063 1530 2094 1554 et
2124 1525 2266 1555 animam
2295 1525 2467 1556 intellecti-

1396 1575 1472 1596 vam
1493 1576 1562 1597 non
1585 1576 1654 1597 esse
1677 1566 1817 1597 formam
1840 1567 1983 1598 hominis
2006 1568 2094 1607 apud
2117 1569 2225 1608 ipsum
2243 1570 2466 1607 Aristotelem;

1397 1609 1473 1640 ideo
1489 1616 1521 1641 et
1535 1611 1605 1650 ipse
1622 1610 1758 1641 Sanctus
1774 1611 1930 1647 Thomas,
1946 1617 2058 1642 contra
2072 1613 2191 1652 ipsum,
2206 1614 2276 1644 vult
2298 1614 2468 1645 ostendere

1399 1653 1500 1694 quod,
1524 1655 1551 1685 si
1573 1654 1614 1685 ad
1636 1655 1734 1685 verba
1747 1660 1874 1685 tantum
1890 1656 2070 1686 Aristotelis
2084 1658 2243 1697 respicere
2258 1658 2467 1695 voluerimus,

1397 1699 1500 1738 magis
1523 1698 1699 1729 dicendum
1723 1699 1782 1729 erit
1802 1700 1911 1739 ipsum
1935 1701 2082 1739 posuisse
2105 1701 2315 1732 substantiam
2343 1702 2469 1733 intelle-

1399 1743 1539 1773 ctualem
1563 1752 1632 1774 esse
1656 1742 1795 1774 formam
1826 1745 1982 1783 corporis,
2011 1753 2110 1784 quam
2140 1745 2220 1775 illud
2249 1746 2470 1777 universaliter

1398 1797 1550 1827 negasse;
1574 1796 1650 1818 cum
1677 1797 1826 1828 expresse
1855 1789 2000 1829 posuerit
2027 1788 2154 1819 caelum
2184 1799 2253 1820 esse
2280 1791 2469 1827 animatum,

1399 1837 1431 1862 et
1453 1841 1522 1863 non
1543 1832 1608 1863 nisi
1629 1832 1737 1863 anima
1752 1832 1956 1870 intellectiva,
1973 1833 2099 1874 ipsique
2116 1833 2318 1865 conditiones
2340 1836 2387 1865 rei
2402 1836 2470 1866 ani-

1398 1881 1513 1913 matae,
1537 1885 1621 1916 quae
1644 1882 1720 1907 sunt
1742 1886 1874 1907 movere
1897 1877 2040 1917 seipsum
2071 1883 2103 1908 et
2129 1878 2245 1909 habere
2278 1878 2470 1910 differentias

1397 1921 1570 1961 positionis
1593 1920 1774 1952 secundum
1797 1926 1954 1958 naturam,
1978 1922 2172 1959 attribuerit;
2187 1923 2245 1953 ubi
2267 1929 2375 1954 autem
2391 1923 2470 1955 dixit

1397 1965 1598 1996 intellectum
1615 1974 1684 1996 esse
1699 1970 1882 2005 separatum
1898 1971 1930 1996 et
1951 1966 2146 2003 immixtum,
2162 1977 2231 1998 non
2246 1967 2286 1998 de
2308 1968 2377 2008 ipsa
2393 1969 2468 1999 sub-

1397 2010 1513 2040 stantia
1534 2010 1569 2040 in
1592 2019 1657 2050 qua
1680 2009 1833 2040 fundatur
1855 2010 2047 2048 intellectus,
2071 2010 2127 2041 sed
2143 2011 2183 2042 de
2205 2013 2352 2052 potentia
2374 2013 2467 2048 intel-

1396 2054 1512 2084 lectiva
1534 2054 1575 2084 sit
1596 2054 1736 2085 locutus.
1752 2072 1776 2076 —
1790 2054 1866 2085 Hoc
1895 2055 1991 2085 etiam
2015 2054 2142 2086 videtur
2164 2055 2300 2087 Sanctus
2323 2056 2467 2088 Thomas

1397 2099 1569 2129 attribuere
1591 2098 1757 2130 Aristoteli
1772 2098 1830 2129 XII
1846 2099 2000 2139 Metapk„
2015 2100 2051 2130 in
2066 2101 2267 2140 expositione
2282 2106 2357 2131 text.
2379 2102 2419 2132 25
2433 2102 2465 2139 4*;

1397 2149 1429 2174 et
1451 2142 1480 2174 II
1498 2143 1590 2174 Caeli
1601 2144 1628 2174 *.

1452 2187 1590 2227 Propter
1613 2187 1714 2228 quod,
1737 2186 1803 2218 duo
1827 2188 1907 2218 mihi
1931 2187 1971 2218 de
1993 2193 2102 2219 mente
2123 2188 2232 2220 Sancti
2255 2189 2405 2220 Thomae
2420 2189 2467 2220 di-

1398 2231 1501 2262 cenda
1523 2231 1682 2263 videntur.
1706 2231 1852 2263 Primum
1869 2237 1926 2269 est,
1943 2232 2034 2272 quod
2049 2233 2118 2273 ipse
2140 2234 2242 2273 magis
2265 2232 2404 2264 declinat
2427 2234 2468 2265 ad

1398 2277 1482 2307 hanc
1505 2282 1640 2316 partem,
1665 2276 1756 2316 quod
1780 2277 1908 2308 caelum
1923 2286 1992 2307 non
2015 2277 2054 2307 sit
2077 2278 2267 2314 animatum,
2287 2278 2470 2309 secundum

1398 2327 1543 2352 mentem
1559 2321 1751 2357 Aristotelis,
1768 2322 1876 2352 anima
1891 2321 1987 2352 dante
2003 2331 2083 2358 esse,
2100 2331 2199 2362 quam
2215 2322 2256 2353 ad
2271 2323 2466 2363 oppositam.

1399 2365 1589 2397 Secundum
1612 2371 1669 2402 est,
1694 2365 1785 2406 quod
1807 2366 1912 2396 voluit
1934 2366 2142 2406 probabiliter
2157 2372 2329 2407 utramque
2343 2372 2469 2407 partem

1398 2411 1550 2442 sustineri
1571 2419 1678 2451 posse.
1694 2428 1717 2432 -
1733 2410 1878 2441 Primum
1901 2411 2020 2441 horum
2042 2416 2131 2451 patet
2150 2421 2188 2442 ex
2211 2411 2292 2442 locis
2314 2412 2469 2452 praealle-

1398 2456 1488 2496 gatis.
1506 2454 1694 2486 Secundum
1717 2464 1796 2485 vero
1821 2454 2001 2485 ostenditur
2023 2456 2057 2485 in
2073 2454 2138 2493 Qu.
2155 2456 2195 2486 de
2210 2456 2338 2492 Anima,
2362 2461 2419 2487 art.
2437 2456 2467 2493 8,

1399 2499 1440 2531 ad
1456 2500 1491 2530 3:
1512 2500 1570 2530 ubi
1592 2500 1689 2530 etiam
1705 2499 1800 2530 solvit
1815 2500 1976 2530 rationem
1991 2500 2130 2539 primam
2145 2500 2198 2531 hic
2217 2499 2389 2531 adductam
2405 2509 2469 2540 qua

1397 2544 1554 2585 probatur
1576 2544 1704 2574 caelum
1722 2553 1791 2574 non
1815 2553 1884 2574 esse
1908 2544 2096 2575 animatum.

1448 2588 1529 2626 'Qua
1553 2597 1591 2618 ex
1614 2597 1659 2624 re,
1683 2593 1855 2627 utramque
1882 2593 2006 2628 partem
2036 2588 2239 2625 sustinentes,
2266 2593 2304 2619 ut
2333 2587 2468 2618 Sanctus

1398 2633 1544 2663 Thomas
1566 2633 1600 2662 in
1621 2632 1686 2670 Qu.
1706 2632 1746 2662 de
1765 2632 1883 2662 Anima
1907 2633 2051 2668 sustinet,
2075 2632 2115 2662 ad
2138 2633 2277 2663 rationes
2300 2633 2468 2672 utriusque

1404 2677 1502 2718 partis
1525 2686 1564 2706 ex
1587 2677 1656 2707 eius
1679 2675 1825 2707 doctrina
1846 2676 2125 2716 respondebimus.
2446 2697 2449 2698 ν

1453 2721 1508 2752 IV.
1532 2721 1566 2752 Si
1588 2721 1697 2761 itaque
1721 2719 1886 2751 defensare
1904 2721 2104 2751 voluerimus
2127 2721 2263 2757 caelum,
2286 2720 2467 2751 secundum

1397 2765 1579 2796 Aristotelis
1601 2770 1756 2801 mentem,
1772 2765 1950 2796 animatum
1965 2774 2034 2796 non
2050 2774 2119 2795 esse
2135 2766 2242 2795 anima
2260 2764 2465 2801 informante,

1399 2809 1573 2841 dicendum
1589 2810 1657 2846 erit,
1674 2819 1713 2840 ex
1728 2809 1809 2840 locis
1825 2808 1970 2840 adductis
1985 2810 2002 2826 ⁴*
2017 2810 2051 2840 in
2067 2810 2174 2840 Prima
2187 2809 2279 2839 Parte
2295 2814 2327 2839 et
2341 2809 2381 2839 de
2395 2809 2466 2849 Spi-

1399 2854 1572 2888 ritualibus
1601 2853 1781 2890 Creaturis,
1806 2853 1846 2884 ad
1867 2854 2027 2884 rationem
2051 2854 2105 2884 hic
2131 2858 2328 2893 assumptam
2354 2858 2467 2884 contra

1398 2899 1588 2935 Averroem,
1612 2897 1703 2939 quod
1725 2898 1913 2929 Aristoteles
1927 2908 1996 2929 non
2019 2898 2064 2929 sic
2086 2898 2242 2928 intellexit
2257 2897 2382 2928 caelum
2398 2898 2466 2928 ani-

1399 2948 1524 2974 matum
1554 2952 1623 2973 esse
1653 2943 1745 2982 quasi
1777 2943 1952 2973 substantia
1980 2942 2151 2983 spiritualis
2180 2942 2309 2982 corpori
2339 2941 2466 2972 caelesti

1398 2989 1529 3019 uniatur
1551 2993 1588 3018 ut
1610 2986 1715 3017 forma
1738 2986 1817 3018 dans
1841 2996 1920 3023 esse,
1937 2986 1993 3018 sed
2016 2987 2093 3027 quia
2115 2987 2160 3017 illi
2175 2987 2284 3017 unitur
2306 2991 2343 3016 ut
2357 2990 2467 3016 motor

1398 3031 1527 3063 mobili:
1551 3032 1596 3062 ita
1619 3032 1708 3062 enim
1729 3031 1835 3062 voluit
1857 3031 2066 3062 substantiam
2082 3031 2279 3071 spiritualem
2294 3030 2379 3060 uniri
2394 3039 2466 3060 cor-

1399 3077 1472 3117 pori
1495 3076 1624 3111 caelesti
1648 3081 1680 3106 et
1702 3085 1771 3106 esse
1793 3077 1828 3106 in
1850 3076 1906 3106 illo
1930 3075 2099 3111 inclusam,
2115 3076 2197 3105 sicut
2219 3074 2340 3105 Plato*
2362 3074 2467 3104 voluit

1399 3121 1541 3151 animam
1563 3120 1792 3151 intellectivam
1815 3121 1940 3150 unitam
1957 3120 2086 3160 corpori
2101 3119 2256 3154 humano,
2273 3119 2394 3149 scilicet
2408 3127 2467 3158 per

1400 3170 1588 3196 contactum
1609 3165 1749 3200 virtutis;
1772 3170 1804 3195 et
1819 3174 1888 3195 esse
1910 3165 1944 3194 in
1966 3164 2039 3204 ipso
2063 3164 2145 3194 sicut
2160 3169 2322 3194 motorem
2344 3163 2379 3193 in
2394 3172 2466 3193 mo-

1399 3209 1466 3245 bili,
1491 3214 1523 3240 et
1545 3210 1579 3239 in
1602 3209 1818 3239 instrumento
1842 3217 1909 3248 quo
1932 3208 2043 3244 utitur,
2077 3213 2108 3239 et
2137 3209 2190 3239 cui
2218 3208 2389 3238 intrinsece
2419 3212 2467 3237 est

1400 3254 1605 3284 coniunctus.
1621 3271 1644 3275 —-
1661 3252 1747 3284 Cum
1771 3258 1879 3283 autem
1902 3252 2056 3292 probatur
2079 3252 2278 3292 oppositum,
2302 3252 2378 3291 quia
2406 3260 2467 3291 po-

1401 3298 1464 3328 suit
1487 3297 1614 3328 caelum
1636 3306 1768 3328 movere
1791 3297 1943 3336 seipsum,
1968 3302 2000 3327 et
2021 3297 2138 3327 habere
2162 3295 2353 3326 differentias
2379 3295 2467 3335 posi-

1399 3343 1498 3372 tionis
1521 3341 1702 3372 secundum
1724 3347 1885 3371 naturam:
1910 3341 2025 3371 dicitur
2041 3340 2132 3380 quod
2146 3341 2225 3370 haec
2244 3349 2313 3370 non
2328 3344 2468 3379 arguunt

1400 3387 1509 3426 ipsum
1531 3387 1649 3416 habere
1671 3385 1914 3425 intelligentiam
1930 3384 2170 3420 informantem,
2187 3383 2243 3414 sed
2258 3384 2382 3414 unitam
2397 3388 2468 3414 tan-

1400 3436 1472 3461 tum
1494 3440 1552 3470 per
1574 3430 1712 3461 modum
1734 3430 1880 3460 motoris.
1897 3429 1949 3460 Sic
1965 3429 2052 3459 enim
2069 3429 2204 3464 caelum,
2226 3433 2262 3458 ut
2285 3427 2362 3458 dicit
2377 3437 2468 3458 com-

1401 3475 1545 3515 positum
1569 3484 1607 3505 ex
1629 3474 1839 3513 intelligentia
1856 3479 1887 3504 et
1910 3473 1987 3504 orbe
2003 3472 2183 3503 secundum
2204 3477 2390 3503 contactum
2404 3473 2467 3502 vir-

1400 3520 1477 3549 tutis
1499 3519 1609 3555 unitis,
1634 3518 1842 3558 componitur
1866 3526 1904 3548 ex
1926 3522 2054 3547 motore
2077 3522 2108 3547 et
2130 3517 2261 3553 mobili;
2291 3522 2323 3547 et
2352 3516 2398 3547 sic
2421 3521 2469 3547 est

1400 3573 1537 3594 movens
1561 3564 1722 3602 seipsum;
1748 3567 1779 3592 et
1802 3562 1897 3592 habet
1920 3560 2113 3591 differentias
2128 3561 2310 3601 positionis,
2335 3570 2419 3600 quae
2434 3561 2468 3591 in

1401 3607 1491 3638 caelo
1514 3616 1584 3638 non
1607 3607 1809 3646 accipiuntur
1831 3606 1892 3636 nisi
1915 3606 1949 3636 in
1972 3604 2085 3636 ordine
2109 3604 2149 3636 ad
2167 3610 2296 3636 motum
2318 3605 2467 3641 localem,

1401 3657 1438 3682 ut
1461 3651 1576 3682 dicitur
1599 3651 1626 3681 ΙΙ
1653 3650 1744 3681 Caeli
1755 3651 1782 3680 *.

2493 1348 2501 1355 ·
2516 1346 2553 1368 Cf.
2562 1352 2631 1374 supra
2645 1352 2667 1368 n.
2679 1352 2704 1374 u,

2494 1372 2594 1400 Quarto.

2494 2105 2503 2113 ·
2518 2103 2581 2125 Lect.
2590 2110 2614 2130 4.

2494 2148 2503 2156 ·
2518 2146 2581 2169 Lect.
2592 2153 2625 2174 ιιι,
2637 2147 2671 2169 ι8.

2493 2810 2602 2864 ἱρηὲῗῗῗ
2631 2816 2655 2832 ¹¹·
2677 2816 2705 2838 '¹’

2493 3075 2501 3083 ·
2513 3073 2550 3095 cf.
2565 3079 2641 3101 snpra,
2655 3079 2708 3101 cap.

2492 3106 2548 3122 ινιι.

2496 3621 2505 3630 ·
2524 3619 2558 3641 cf.
2572 3625 2623 3646 cap.
2639 3624 2664 3644 u,
2679 3619 2701 3645 ὃς

2496 3653 2514 3667 s.
2530 3646 2574 3668 Th.
2589 3646 2661 3672 ¹-2‚3-
