<?xml version="1.0" encoding="UTF-8"?>
<!DOCTYPE html PUBLIC "-//W3C//DTD XHTML 1.0 Transitional//EN"
    "http://www.w3.org/TR/xhtml1/DTD/xhtml1-transitional.dtd">
<html xmlns="http://www.w3.org/1999/xhtml" xml:lang="en" lang="en">
 <head>
  <title>
</title>
<meta http-equiv="Content-Type" content="text/html;charset=utf-8" />
  <meta name='ocr-system' content='tesseract 3.04.00' />
  <meta name='ocr-capabilities' content='ocr_page ocr_carea ocr_par ocr_line ocrx_word'/>
</head>
<body>
  <div class='ocr_page' id='page_1' title='image "./operaomniaiussui13thom/operaomniaiussui13thom_0569.png"; bbox 0 0 2768 4134; ppageno 0'>
   <div class='ocr_carea' id='block_1_1' title="bbox 25 1318 242 1373">
    <p class='ocr_par' dir='ltr' id='par_1_1' title="bbox 25 1318 242 1373">
     <span class='ocr_line' id='line_1_1' title="bbox 31 1318 241 1342; baseline 0.005 -1"><span class='ocrx_word' id='word_1_1' title='bbox 31 1319 42 1330; x_wconf 86' lang='grc'>·</span> <span class='ocrx_word' id='word_1_2' title='bbox 52 1318 89 1341; x_wconf 73' lang='lat' dir='ltr'>Cf.</span> <span class='ocrx_word' id='word_1_3' title='bbox 106 1318 241 1342; x_wconf 77' lang='lat' dir='ltr'>Commeat.</span> 
     </span>
     <span class='ocr_line' id='line_1_2' title="bbox 25 1345 242 1373; baseline 0.005 -6"><span class='ocrx_word' id='word_1_4' title='bbox 25 1350 77 1373; x_wconf 69' lang='lat' dir='ltr'>etp.</span> <span class='ocrx_word' id='word_1_5' title='bbox 97 1351 176 1371; x_wconf 70' lang='lat' dir='ltr'>cxxvi.</span> <span class='ocrx_word' id='word_1_6' title='bbox 190 1345 242 1368; x_wconf 78' lang='lat' dir='ltr'>init.</span> 
     </span>
    </p>
   </div>
   <div class='ocr_carea' id='block_1_2' title="bbox 26 1456 201 1527">
    <p class='ocr_par' dir='ltr' id='par_1_2' title="bbox 26 1456 201 1527">
     <span class='ocr_line' id='line_1_3' title="bbox 27 1456 201 1481; baseline 0.006 -3"><span class='ocrx_word' id='word_1_7' title='bbox 27 1456 38 1467; x_wconf 86' lang='grc'><em>·</em></span> <span class='ocrx_word' id='word_1_8' title='bbox 52 1456 89 1478; x_wconf 75' lang='lat' dir='ltr'>Cf.</span> <span class='ocrx_word' id='word_1_9' title='bbox 104 1463 168 1481; x_wconf 81' lang='lat' dir='ltr'>num.</span> <span class='ocrx_word' id='word_1_10' title='bbox 178 1464 201 1480; x_wconf 82' lang='lat' dir='ltr'>v.</span> 
     </span>
     <span class='ocr_line' id='line_1_4' title="bbox 26 1499 133 1527; baseline 0.019 -7"><span class='ocrx_word' id='word_1_11' title='bbox 26 1499 36 1509; x_wconf 92' lang='lat'>·</span> <span class='ocrx_word' id='word_1_12' title='bbox 50 1499 89 1521; x_wconf 74' lang='lat' dir='ltr'>Al.</span> <span class='ocrx_word' id='word_1_13' title='bbox 101 1505 133 1527; x_wconf 86' lang='lat'>¹7-</span> 
     </span>
    </p>
   </div>
   <div class='ocr_carea' id='block_1_3' title="bbox 26 2470 238 2521">
    <p class='ocr_par' dir='ltr' id='par_1_3' title="bbox 26 2470 238 2521">
     <span class='ocr_line' id='line_1_5' title="bbox 26 2470 238 2521; baseline 0.005 -1"><span class='ocrx_word' id='word_1_14' title='bbox 26 2471 195 2521; x_wconf 61' lang='lat' dir='ltr'>L‘i&#39;ss·1¹.&#39;s.⁷’</span> <span class='ocrx_word' id='word_1_15' title='bbox 211 2470 238 2498; x_wconf 69' lang='lat'>⁸³</span> 
     </span>
    </p>
   </div>
   <div class='ocr_carea' id='block_1_4' title="bbox 725 293 2018 341">
    <p class='ocr_par' dir='ltr' id='par_1_4' title="bbox 725 293 2018 341">
     <span class='ocr_line' id='line_1_6' title="bbox 725 293 2018 341; baseline 0.002 -11"><span class='ocrx_word' id='word_1_16' title='bbox 725 293 914 330; x_wconf 92' lang='lat' dir='ltr'>SUMMA</span> <span class='ocrx_word' id='word_1_17' title='bbox 942 294 1165 332; x_wconf 90' lang='lat' dir='ltr'><strong>CONTRA</strong></span> <span class='ocrx_word' id='word_1_18' title='bbox 1193 294 1468 340; x_wconf 91' lang='lat' dir='ltr'>GENTILES,</span> <span class='ocrx_word' id='word_1_19' title='bbox 1496 296 1591 331; x_wconf 94' lang='lat' dir='ltr'>LIB.</span> <span class='ocrx_word' id='word_1_20' title='bbox 1612 296 1653 341; x_wconf 85' lang='grc' dir='ltr'>ΙΙ,</span> <span class='ocrx_word' id='word_1_21' title='bbox 1684 295 1795 332; x_wconf 89' lang='lat' dir='ltr'>CAP.</span> <span class='ocrx_word' id='word_1_22' title='bbox 1815 296 2018 332; x_wconf 83' lang='lat' dir='ltr'><strong>LXXVIII.</strong></span> 
     </span>
    </p>
   </div>
   <div class='ocr_carea' id='block_1_5' title="bbox 272 371 1344 847">
    <p class='ocr_par' dir='ltr' id='par_1_5' title="bbox 272 371 1344 847">
     <span class='ocr_line' id='line_1_7' title="bbox 272 371 1342 423; baseline -0.001 -13"><span class='ocrx_word' id='word_1_23' title='bbox 272 373 432 423; x_wconf 88' lang='lat' dir='ltr'>quando</span> <span class='ocrx_word' id='word_1_24' title='bbox 447 379 503 409; x_wconf 89' lang='lat' dir='ltr'>est</span> <span class='ocrx_word' id='word_1_25' title='bbox 517 371 557 408; x_wconf 93' lang='lat' dir='ltr'>in</span> <span class='ocrx_word' id='word_1_26' title='bbox 576 371 748 421; x_wconf 91' lang='lat' dir='ltr'>potentia</span> <span class='ocrx_word' id='word_1_27' title='bbox 762 372 812 409; x_wconf 89' lang='lat' dir='ltr'>ad</span> <span class='ocrx_word' id='word_1_28' title='bbox 827 371 1086 420; x_wconf 88' lang='lat' dir='ltr'>intelligibilia;</span> <span class='ocrx_word' id='word_1_29' title='bbox 1103 373 1342 422; x_wconf 87' lang='lat' dir='ltr'>quandoque</span> 
     </span>
     <span class='ocr_line' id='line_1_8' title="bbox 272 425 1343 475; baseline 0 -12"><span class='ocrx_word' id='word_1_30' title='bbox 272 425 452 474; x_wconf 87' lang='lat' dir='ltr'>intelligit,</span> <span class='ocrx_word' id='word_1_31' title='bbox 480 425 640 475; x_wconf 89' lang='lat' dir='ltr'>quando</span> <span class='ocrx_word' id='word_1_32' title='bbox 660 425 800 462; x_wconf 90' lang='lat' dir='ltr'>scilicet</span> <span class='ocrx_word' id='word_1_33' title='bbox 823 433 879 462; x_wconf 91' lang='lat' dir='ltr'>est</span> <span class='ocrx_word' id='word_1_34' title='bbox 903 433 990 463; x_wconf 89' lang='lat' dir='ltr'>actu</span> <span class='ocrx_word' id='word_1_35' title='bbox 1015 425 1108 475; x_wconf 90' lang='lat' dir='ltr'>ipsa.</span> <span class='ocrx_word' id='word_1_36' title='bbox 1129 427 1343 463; x_wconf 77' lang='lat' dir='ltr'><strong>Intellectus</strong></span> 
     </span>
     <span class='ocr_line' id='line_1_9' title="bbox 272 478 1341 528; baseline -0.001 -11"><span class='ocrx_word' id='word_1_37' title='bbox 272 486 404 517; x_wconf 88' lang='lat' dir='ltr'>autern</span> <span class='ocrx_word' id='word_1_38' title='bbox 423 490 494 528; x_wconf 91' lang='lat' dir='ltr'>per</span> <span class='ocrx_word' id='word_1_39' title='bbox 513 480 589 515; x_wconf 91' lang='lat' dir='ltr'>hoc</span> <span class='ocrx_word' id='word_1_40' title='bbox 606 478 650 515; x_wconf 88' lang='lat' dir='ltr'>fit</span> <span class='ocrx_word' id='word_1_41' title='bbox 669 486 757 515; x_wconf 88' lang='lat' dir='ltr'>actu</span> <span class='ocrx_word' id='word_1_42' title='bbox 777 479 884 528; x_wconf 91' lang='lat' dir='ltr'>quod</span> <span class='ocrx_word' id='word_1_43' title='bbox 904 486 960 516; x_wconf 88' lang='lat' dir='ltr'>est</span> <span class='ocrx_word' id='word_1_44' title='bbox 983 478 1066 528; x_wconf 89' lang='lat' dir='ltr'>ipsa</span> <span class='ocrx_word' id='word_1_45' title='bbox 1085 478 1341 527; x_wconf 87' lang='lat' dir='ltr'>intelligibilia,</span> 
     </span>
     <span class='ocr_line' id='line_1_10' title="bbox 272 531 1343 581; baseline -0.001 -11"><span class='ocrx_word' id='word_1_46' title='bbox 272 540 316 570; x_wconf 91' lang='lat' dir='ltr'>ut</span> <span class='ocrx_word' id='word_1_47' title='bbox 343 532 423 569; x_wconf 90' lang='lat' dir='ltr'>iam</span> <span class='ocrx_word' id='word_1_48' title='bbox 450 531 554 568; x_wconf 85' lang='lat' dir='ltr'>dixit.</span> <span class='ocrx_word' id='word_1_49' title='bbox 582 531 694 569; x_wconf 87' lang='lat' dir='ltr'>Unde</span> <span class='ocrx_word' id='word_1_50' title='bbox 722 544 804 568; x_wconf 93' lang='lat' dir='ltr'>non</span> <span class='ocrx_word' id='word_1_51' title='bbox 833 532 1018 581; x_wconf 90' lang='lat' dir='ltr'>competit</span> <span class='ocrx_word' id='word_1_52' title='bbox 1041 532 1076 569; x_wconf 89' lang='lat' dir='ltr'>ei</span> <span class='ocrx_word' id='word_1_53' title='bbox 1103 533 1343 581; x_wconf 86' lang='lat' dir='ltr'>quandoque</span> 
     </span>
     <span class='ocr_line' id='line_1_11' title="bbox 273 585 1174 634; baseline -0.001 -11"><span class='ocrx_word' id='word_1_54' title='bbox 273 585 479 634; x_wconf 89' lang='lat' dir='ltr'>intelligere</span> <span class='ocrx_word' id='word_1_55' title='bbox 509 592 546 622; x_wconf 92' lang='lat' dir='ltr'>et</span> <span class='ocrx_word' id='word_1_56' title='bbox 579 585 818 634; x_wconf 84' lang='lat' dir='ltr'>quandoque</span> <span class='ocrx_word' id='word_1_57' title='bbox 847 597 928 622; x_wconf 91' lang='lat' dir='ltr'>non</span> <span class='ocrx_word' id='word_1_58' title='bbox 957 585 1174 633; x_wconf 88' lang='lat' dir='ltr'>intelligere.</span> 
     </span>
     <span class='ocr_line' id='line_1_12' title="bbox 326 637 1344 688; baseline 0 -13"><span class='ocrx_word' id='word_1_59' title='bbox 326 638 478 675; x_wconf 90' lang='lat' dir='ltr'>Deinde</span> <span class='ocrx_word' id='word_1_60' title='bbox 507 637 719 686; x_wconf 88' lang='lat' dir='ltr'>subiungit:</span> <span class='ocrx_word' id='word_1_61' title='bbox 750 640 971 688; x_wconf 84' lang='lat' dir='ltr'>Separatum</span> <span class='ocrx_word' id='word_1_62' title='bbox 992 644 1115 675; x_wconf 85' lang='lat' dir='ltr'>autem</span> <span class='ocrx_word' id='word_1_63' title='bbox 1135 640 1206 676; x_wconf 86' lang='lat' dir='ltr'>hoc</span> <span class='ocrx_word' id='word_1_64' title='bbox 1223 639 1344 675; x_wconf 86' lang='lat' dir='ltr'>solum</span> 
     </span>
     <span class='ocr_line' id='line_1_13' title="bbox 273 691 1342 746; baseline -0.001 -17"><span class='ocrx_word' id='word_1_65' title='bbox 273 692 375 746; x_wconf 73' lang='lat' dir='ltr'>quod</span> <span class='ocrx_word' id='word_1_66' title='bbox 391 703 480 730; x_wconf 81' lang='lat' dir='ltr'>vere</span> <span class='ocrx_word' id='word_1_67' title='bbox 494 697 556 728; x_wconf 88' lang='lat' dir='ltr'>est.</span> <span class='ocrx_word' id='word_1_68' title='bbox 573 691 694 738; x_wconf 91' lang='lat' dir='ltr'>Quod</span> <span class='ocrx_word' id='word_1_69' title='bbox 709 703 790 728; x_wconf 90' lang='lat' dir='ltr'>non</span> <span class='ocrx_word' id='word_1_70' title='bbox 809 699 935 741; x_wconf 92' lang='lat' dir='ltr'>potest</span> <span class='ocrx_word' id='word_1_71' title='bbox 953 691 1108 739; x_wconf 88' lang='lat' dir='ltr'>intelligi</span> <span class='ocrx_word' id='word_1_72' title='bbox 1127 691 1175 728; x_wconf 91' lang='lat' dir='ltr'>de</span> <span class='ocrx_word' id='word_1_73' title='bbox 1191 698 1342 740; x_wconf 86' lang='lat' dir='ltr'>agente:</span> 
     </span>
     <span class='ocr_line' id='line_1_14' title="bbox 273 743 1344 794; baseline 0 -13"><span class='ocrx_word' id='word_1_74' title='bbox 273 756 355 782; x_wconf 93' lang='lat' dir='ltr'>non</span> <span class='ocrx_word' id='word_1_75' title='bbox 392 743 498 781; x_wconf 90' lang='lat' dir='ltr'>enirn</span> <span class='ocrx_word' id='word_1_76' title='bbox 535 743 616 794; x_wconf 91' lang='lat' dir='ltr'>ipse</span> <span class='ocrx_word' id='word_1_77' title='bbox 654 745 760 781; x_wconf 90' lang='lat' dir='ltr'>solus</span> <span class='ocrx_word' id='word_1_78' title='bbox 797 752 853 782; x_wconf 89' lang='lat' dir='ltr'>est</span> <span class='ocrx_word' id='word_1_79' title='bbox 891 752 1106 794; x_wconf 90' lang='lat' dir='ltr'>separatus;</span> <span class='ocrx_word' id='word_1_80' title='bbox 1136 743 1228 794; x_wconf 93' lang='lat' dir='ltr'>quia</span> <span class='ocrx_word' id='word_1_81' title='bbox 1264 744 1344 782; x_wconf 90' lang='lat' dir='ltr'>iam</span> 
     </span>
     <span class='ocr_line' id='line_1_15' title="bbox 272 797 1344 847; baseline -0.001 -12"><span class='ocrx_word' id='word_1_82' title='bbox 272 797 379 835; x_wconf 91' lang='lat' dir='ltr'>idem</span> <span class='ocrx_word' id='word_1_83' title='bbox 406 797 554 835; x_wconf 85' lang='lat' dir='ltr'>dixerat</span> <span class='ocrx_word' id='word_1_84' title='bbox 586 798 634 835; x_wconf 92' lang='lat' dir='ltr'>de</span> <span class='ocrx_word' id='word_1_85' title='bbox 663 797 855 836; x_wconf 90' lang='lat' dir='ltr'>intellectu</span> <span class='ocrx_word' id='word_1_86' title='bbox 887 797 1071 847; x_wconf 91' lang='lat' dir='ltr'>possibili.</span> <span class='ocrx_word' id='word_1_87' title='bbox 1101 798 1187 835; x_wconf 91' lang='lat' dir='ltr'>Nec</span> <span class='ocrx_word' id='word_1_88' title='bbox 1218 805 1344 846; x_wconf 88' lang='lat' dir='ltr'>potest</span> 
     </span>
    </p>
   </div>
   <div class='ocr_carea' id='block_1_6' title="bbox 2392 297 2468 344">
    <p class='ocr_par' dir='ltr' id='par_1_6' title="bbox 2392 297 2468 344">
     <span class='ocr_line' id='line_1_16' title="bbox 2392 297 2468 344; baseline 0.013 -1"><span class='ocrx_word' id='word_1_89' title='bbox 2392 297 2468 344; x_wconf 86' lang='lat'>495</span> 
     </span>
    </p>
   </div>
   <div class='ocr_carea' id='block_1_7' title="bbox 1400 372 2470 581">
    <p class='ocr_par' dir='ltr' id='par_1_7' title="bbox 1400 372 2470 581">
     <span class='ocr_line' id='line_1_17' title="bbox 1402 372 2470 422; baseline 0.002 -13"><span class='ocrx_word' id='word_1_90' title='bbox 1402 380 1548 421; x_wconf 87' lang='lat' dir='ltr'>agente.</span> <span class='ocrx_word' id='word_1_91' title='bbox 1592 373 1837 422; x_wconf 89' lang='lat' dir='ltr'>Relinquitur</span> <span class='ocrx_word' id='word_1_92' title='bbox 1872 385 1963 421; x_wconf 91' lang='lat' dir='ltr'>ergo</span> <span class='ocrx_word' id='word_1_93' title='bbox 2001 373 2110 422; x_wconf 93' lang='lat' dir='ltr'>quod</span> <span class='ocrx_word' id='word_1_94' title='bbox 2147 372 2295 410; x_wconf 90' lang='lat' dir='ltr'>dicatur</span> <span class='ocrx_word' id='word_1_95' title='bbox 2336 373 2384 410; x_wconf 93' lang='lat' dir='ltr'>de</span> <span class='ocrx_word' id='word_1_96' title='bbox 2422 385 2470 411; x_wconf 93' lang='lat' dir='ltr'>eo</span> 
     </span>
     <span class='ocr_line' id='line_1_18' title="bbox 1402 425 2469 475; baseline 0.001 -13"><span class='ocrx_word' id='word_1_97' title='bbox 1402 426 1510 475; x_wconf 93' lang='lat' dir='ltr'>quod</span> <span class='ocrx_word' id='word_1_98' title='bbox 1538 426 1834 475; x_wconf 91' lang='lat' dir='ltr'>comprehendit</span> <span class='ocrx_word' id='word_1_99' title='bbox 1861 434 2084 475; x_wconf 90' lang='lat' dir='ltr'>utrumque,</span> <span class='ocrx_word' id='word_1_100' title='bbox 2114 425 2254 463; x_wconf 91' lang='lat' dir='ltr'>scilicet</span> <span class='ocrx_word' id='word_1_101' title='bbox 2286 426 2334 463; x_wconf 91' lang='lat' dir='ltr'>de</span> <span class='ocrx_word' id='word_1_102' title='bbox 2363 426 2469 464; x_wconf 91' lang='lat' dir='ltr'>intel-</span> 
     </span>
     <span class='ocr_line' id='line_1_19' title="bbox 1400 478 2469 528; baseline 0.002 -13"><span class='ocrx_word' id='word_1_103' title='bbox 1400 480 1500 516; x_wconf 92' lang='lat' dir='ltr'>lectu</span> <span class='ocrx_word' id='word_1_104' title='bbox 1520 478 1560 515; x_wconf 93' lang='lat' dir='ltr'>in</span> <span class='ocrx_word' id='word_1_105' title='bbox 1579 486 1677 525; x_wconf 90' lang='lat' dir='ltr'>actu,</span> <span class='ocrx_word' id='word_1_106' title='bbox 1698 479 1746 516; x_wconf 93' lang='lat' dir='ltr'>de</span> <span class='ocrx_word' id='word_1_107' title='bbox 1766 491 1846 528; x_wconf 91' lang='lat' dir='ltr'>quo</span> <span class='ocrx_word' id='word_1_108' title='bbox 1866 480 2112 528; x_wconf 84' lang='lat' dir='ltr'>loquebatur:</span> <span class='ocrx_word' id='word_1_109' title='bbox 2134 479 2225 528; x_wconf 90' lang='lat' dir='ltr'>quia</span> <span class='ocrx_word' id='word_1_110' title='bbox 2245 481 2321 516; x_wconf 93' lang='lat' dir='ltr'>hoc</span> <span class='ocrx_word' id='word_1_111' title='bbox 2340 482 2469 517; x_wconf 89' lang='lat' dir='ltr'>solum</span> 
     </span>
     <span class='ocr_line' id='line_1_20' title="bbox 1400 531 2467 581; baseline 0.002 -13"><span class='ocrx_word' id='word_1_112' title='bbox 1400 531 1440 568; x_wconf 93' lang='lat' dir='ltr'>in</span> <span class='ocrx_word' id='word_1_113' title='bbox 1459 531 1590 569; x_wconf 90' lang='lat' dir='ltr'>anima</span> <span class='ocrx_word' id='word_1_114' title='bbox 1609 539 1740 569; x_wconf 88' lang='lat' dir='ltr'>nostra</span> <span class='ocrx_word' id='word_1_115' title='bbox 1759 539 1815 569; x_wconf 90' lang='lat' dir='ltr'>est</span> <span class='ocrx_word' id='word_1_116' title='bbox 1833 540 2065 581; x_wconf 89' lang='lat' dir='ltr'>separatum,</span> <span class='ocrx_word' id='word_1_117' title='bbox 2081 544 2162 569; x_wconf 92' lang='lat' dir='ltr'>non</span> <span class='ocrx_word' id='word_1_118' title='bbox 2177 540 2290 569; x_wconf 90' lang='lat' dir='ltr'>utens</span> <span class='ocrx_word' id='word_1_119' title='bbox 2309 545 2467 581; x_wconf 87' lang='lat' dir='ltr'>organo,</span> 
     </span>
    </p>
   </div>
   <div class='ocr_carea' id='block_1_8' title="bbox 1367 584 2468 634">
    <p class='ocr_par' dir='ltr' id='par_1_8' title="bbox 1367 584 2468 634">
     <span class='ocr_line' id='line_1_21' title="bbox 1367 584 2468 634; baseline 0.002 -13"><span class='ocrx_word' id='word_1_120' title='bbox 1367 600 1376 621; x_wconf 75' lang='lat' dir='ltr'>x</span> <span class='ocrx_word' id='word_1_121' title='bbox 1400 585 1508 634; x_wconf 91' lang='lat' dir='ltr'>quod</span> <span class='ocrx_word' id='word_1_122' title='bbox 1536 584 1700 633; x_wconf 85' lang='lat' dir='ltr'>pertinet</span> <span class='ocrx_word' id='word_1_123' title='bbox 1727 585 1776 622; x_wconf 93' lang='lat' dir='ltr'>ad</span> <span class='ocrx_word' id='word_1_124' title='bbox 1804 585 2040 622; x_wconf 89' lang='lat' dir='ltr'>intellectum</span> <span class='ocrx_word' id='word_1_125' title='bbox 2068 584 2107 622; x_wconf 91' lang='lat' dir='ltr'>in</span> <span class='ocrx_word' id='word_1_126' title='bbox 2136 593 2240 631; x_wconf 82' lang='lat' dir='ltr'>actu3</span> <span class='ocrx_word' id='word_1_127' title='bbox 2270 585 2377 632; x_wconf 91' lang='lat' dir='ltr'>idest,</span> <span class='ocrx_word' id='word_1_128' title='bbox 2406 586 2468 624; x_wconf 89' lang='lat' dir='ltr'>illa</span> 
     </span>
    </p>
   </div>
   <div class='ocr_carea' id='block_1_9' title="bbox 1399 637 2468 846">
    <p class='ocr_par' dir='ltr' id='par_1_9' title="bbox 1399 637 2468 846">
     <span class='ocr_line' id='line_1_22' title="bbox 1399 637 2467 688; baseline 0.002 -14"><span class='ocrx_word' id='word_1_129' title='bbox 1399 650 1488 687; x_wconf 90' lang='lat' dir='ltr'>pars</span> <span class='ocrx_word' id='word_1_130' title='bbox 1517 637 1670 675; x_wconf 90' lang='lat' dir='ltr'>animae</span> <span class='ocrx_word' id='word_1_131' title='bbox 1698 650 1777 686; x_wconf 91' lang='lat' dir='ltr'>qua</span> <span class='ocrx_word' id='word_1_132' title='bbox 1805 637 2050 686; x_wconf 86' lang='lat' dir='ltr'>intelligimus</span> <span class='ocrx_word' id='word_1_133' title='bbox 2078 646 2176 684; x_wconf 90' lang='lat' dir='ltr'>actu,</span> <span class='ocrx_word' id='word_1_134' title='bbox 2211 640 2467 688; x_wconf 89' lang='lat' dir='ltr'>comprehen-</span> 
     </span>
     <span class='ocr_line' id='line_1_23' title="bbox 1399 690 2468 740; baseline 0.002 -13"><span class='ocrx_word' id='word_1_135' title='bbox 1399 691 1496 727; x_wconf 90' lang='lat' dir='ltr'>dens</span> <span class='ocrx_word' id='word_1_136' title='bbox 1523 690 1748 739; x_wconf 90' lang='lat' dir='ltr'>possibilem</span> <span class='ocrx_word' id='word_1_137' title='bbox 1778 698 1814 726; x_wconf 93' lang='lat' dir='ltr'>et</span> <span class='ocrx_word' id='word_1_138' title='bbox 1842 699 2030 738; x_wconf 85' lang='lat' dir='ltr'>agentem.</span> <span class='ocrx_word' id='word_1_139' title='bbox 2067 692 2116 727; x_wconf 88' lang='lat' dir='ltr'>Et</span> <span class='ocrx_word' id='word_1_140' title='bbox 2149 691 2237 728; x_wconf 89' lang='lat' dir='ltr'>ideo</span> <span class='ocrx_word' id='word_1_141' title='bbox 2273 691 2468 740; x_wconf 90' lang='lat' dir='ltr'>subiungit</span> 
     </span>
     <span class='ocr_line' id='line_1_24' title="bbox 1399 744 2467 795; baseline 0.001 -14"><span class='ocrx_word' id='word_1_142' title='bbox 1399 744 1508 793; x_wconf 93' lang='lat' dir='ltr'>quod</span> <span class='ocrx_word' id='word_1_143' title='bbox 1535 745 1606 781; x_wconf 84' lang='lat' dir='ltr'>hoc</span> <span class='ocrx_word' id='word_1_144' title='bbox 1632 744 1753 781; x_wconf 89' lang='lat' dir='ltr'>solum</span> <span class='ocrx_word' id='word_1_145' title='bbox 1781 745 1934 781; x_wconf 90' lang='lat' dir='ltr'>animae</span> <span class='ocrx_word' id='word_1_146' title='bbox 1965 750 2016 780; x_wconf 89' lang='lat' dir='ltr'>est</span> <span class='ocrx_word' id='word_1_147' title='bbox 2044 745 2254 782; x_wconf 87' lang='lat' dir='ltr'>immortale</span> <span class='ocrx_word' id='word_1_148' title='bbox 2278 751 2310 782; x_wconf 90' lang='lat' dir='ltr'>et</span> <span class='ocrx_word' id='word_1_149' title='bbox 2332 757 2467 795; x_wconf 81' lang='lat' dir='ltr'>perpe-</span> 
     </span>
     <span class='ocr_line' id='line_1_25' title="bbox 1399 796 2467 846; baseline 0.001 -12"><span class='ocrx_word' id='word_1_150' title='bbox 1399 803 1522 834; x_wconf 87' lang='lat' dir='ltr'>tuum:</span> <span class='ocrx_word' id='word_1_151' title='bbox 1549 796 1660 846; x_wconf 90' lang='lat' dir='ltr'>quasi</span> <span class='ocrx_word' id='word_1_152' title='bbox 1688 809 1711 834; x_wconf 90' lang='lat' dir='ltr'>a</span> <span class='ocrx_word' id='word_1_153' title='bbox 1738 808 1902 846; x_wconf 88' lang='lat' dir='ltr'>corpore</span> <span class='ocrx_word' id='word_1_154' title='bbox 1931 809 2012 834; x_wconf 89' lang='lat' dir='ltr'>non</span> <span class='ocrx_word' id='word_1_155' title='bbox 2041 797 2276 846; x_wconf 89' lang='lat' dir='ltr'>dependens,</span> <span class='ocrx_word' id='word_1_156' title='bbox 2310 810 2402 835; x_wconf 90' lang='lat' dir='ltr'>curn</span> <span class='ocrx_word' id='word_1_157' title='bbox 2421 797 2467 835; x_wconf 87' lang='lat' dir='ltr'>sit</span> 
     </span>
    </p>
   </div>
   <div class='ocr_carea' id='block_1_10' title="bbox 272 850 1632 900">
    <p class='ocr_par' dir='ltr' id='par_1_10' title="bbox 272 850 1632 900">
     <span class='ocr_line' id='line_1_26' title="bbox 272 850 1632 900; baseline -0.001 -12"><span class='ocrx_word' id='word_1_158' title='bbox 272 850 426 899; x_wconf 87' lang='lat' dir='ltr'>intelligi</span> <span class='ocrx_word' id='word_1_159' title='bbox 455 851 504 888; x_wconf 94' lang='lat' dir='ltr'>de</span> <span class='ocrx_word' id='word_1_160' title='bbox 531 850 720 900; x_wconf 89' lang='lat' dir='ltr'>possibili:</span> <span class='ocrx_word' id='word_1_161' title='bbox 751 851 845 900; x_wconf 92' lang='lat' dir='ltr'>quia</span> <span class='ocrx_word' id='word_1_162' title='bbox 871 850 950 888; x_wconf 90' lang='lat' dir='ltr'>iam</span> <span class='ocrx_word' id='word_1_163' title='bbox 978 851 1084 888; x_wconf 92' lang='lat' dir='ltr'>idem</span> <span class='ocrx_word' id='word_1_164' title='bbox 1116 851 1264 888; x_wconf 87' lang='lat' dir='ltr'>dixerat</span> <span class='ocrx_word' id='word_1_165' title='bbox 1295 851 1343 887; x_wconf 92' lang='lat' dir='ltr'>de</span> <span class='ocrx_word' id='word_1_166' title='bbox 1359 868 1385 882; x_wconf 76' lang='grc' dir='ltr'>ιο</span> <span class='ocrx_word' id='word_1_167' title='bbox 1399 857 1632 900; x_wconf 90' lang='lat' dir='ltr'>separatum.</span> 
     </span>
    </p>
   </div>
   <div class='ocr_carea' id='block_1_11' title="bbox 324 991 778 1026">
    <p class='ocr_par' dir='ltr' id='par_1_11' title="bbox 324 991 778 1026">
     <span class='ocr_line' id='line_1_27' title="bbox 324 991 778 1026; baseline -0.002 -9"><span class='ocrx_word' id='word_1_168' title='bbox 324 999 335 1017; x_wconf 82' lang='grc' dir='ltr'><strong>ι</strong></span> <span class='ocrx_word' id='word_1_169' title='bbox 358 991 474 1026; x_wconf 69' lang='lat' dir='ltr'>quando]</span> <span class='ocrx_word' id='word_1_170' title='bbox 495 992 592 1017; x_wconf 87' lang='lat' dir='ltr'>scilicet</span> <span class='ocrx_word' id='word_1_171' title='bbox 609 992 716 1017; x_wconf 77' lang='lat' dir='ltr'>addunt</span> <span class='ocrx_word' id='word_1_172' title='bbox 734 992 778 1017; x_wconf 78' lang='lat' dir='ltr'>Pc-</span> 
     </span>
    </p>
   </div>
   <div class='ocr_carea' id='block_1_12' title="bbox 1030 1078 1710 1112">
    <p class='ocr_par' dir='ltr' id='par_1_12' title="bbox 1030 1078 1710 1112">
     <span class='ocr_line' id='line_1_28' title="bbox 1030 1078 1710 1112; baseline -0.003 0"><span class='ocrx_word' id='word_1_173' title='bbox 1030 1079 1367 1112; x_wconf 74' lang='lat' dir='ltr'>Oommentaria</span> <span class='ocrx_word' id='word_1_174' title='bbox 1397 1078 1710 1110; x_wconf 66' lang='lat' dir='ltr'>Fert-ariensis</span> 
     </span>
    </p>
   </div>
   <div class='ocr_carea' id='block_1_13' title="bbox 265 1177 1347 3703">
    <p class='ocr_par' dir='ltr' id='par_1_13' title="bbox 269 1177 1344 1488">
     <span class='ocr_line' id='line_1_29' title="bbox 329 1177 1344 1219; baseline -0.002 -9"><span class='ocrx_word' id='word_1_175' title='bbox 329 1188 470 1211; x_wconf 70' lang='lat' dir='ltr'>nummu</span> <span class='ocrx_word' id='word_1_176' title='bbox 493 1185 540 1210; x_wconf 88' lang='lat' dir='ltr'>est</span> <span class='ocrx_word' id='word_1_177' title='bbox 555 1188 595 1209; x_wconf 83' lang='lat' dir='ltr'>ex</span> <span class='ocrx_word' id='word_1_178' title='bbox 617 1179 694 1219; x_wconf 89' lang='lat' dir='ltr'>ipsis</span> <span class='ocrx_word' id='word_1_179' title='bbox 717 1178 898 1209; x_wconf 84' lang='lat' dir='ltr'>Aristotelis</span> <span class='ocrx_word' id='word_1_180' title='bbox 920 1178 1025 1209; x_wconf 88' lang='lat' dir='ltr'>verbis</span> <span class='ocrx_word' id='word_1_181' title='bbox 1049 1177 1220 1208; x_wconf 87' lang='lat' dir='ltr'>ostendere</span> <span class='ocrx_word' id='word_1_182' title='bbox 1234 1178 1344 1218; x_wconf 91' lang='lat' dir='ltr'>ipsum</span> 
     </span>
     <span class='ocr_line' id='line_1_30' title="bbox 273 1193 1344 1263; baseline -0.004 -7"><span class='ocrx_word' id='word_1_183' title='bbox 273 1193 409 1256; x_wconf 82' lang='lat' dir='ltr'>Rnon</span> <span class='ocrx_word' id='word_1_184' title='bbox 432 1223 531 1254; x_wconf 86' lang='lat' dir='ltr'>fuisse</span> <span class='ocrx_word' id='word_1_185' title='bbox 554 1223 651 1253; x_wconf 92' lang='lat' dir='ltr'>huius</span> <span class='ocrx_word' id='word_1_186' title='bbox 674 1223 840 1263; x_wconf 87' lang='lat' dir='ltr'>opinionis</span> <span class='ocrx_word' id='word_1_187' title='bbox 864 1222 955 1262; x_wconf 90' lang='lat' dir='ltr'>quod</span> <span class='ocrx_word' id='word_1_188' title='bbox 977 1222 1159 1252; x_wconf 90' lang='lat' dir='ltr'>intellectus</span> <span class='ocrx_word' id='word_1_189' title='bbox 1183 1231 1281 1262; x_wconf 87' lang='lat' dir='ltr'>agens</span> <span class='ocrx_word' id='word_1_190' title='bbox 1304 1223 1344 1252; x_wconf 92' lang='lat' dir='ltr'>sit</span> 
     </span>
     <span class='ocr_line' id='line_1_31' title="bbox 269 1266 1344 1308; baseline -0.005 -7"><span class='ocrx_word' id='word_1_191' title='bbox 269 1269 446 1300; x_wconf 87' lang='lat' dir='ltr'>substantia</span> <span class='ocrx_word' id='word_1_192' title='bbox 469 1273 623 1308; x_wconf 80' lang='lat' dir='ltr'>separata,</span> <span class='ocrx_word' id='word_1_193' title='bbox 639 1267 673 1298; x_wconf 91' lang='lat' dir='ltr'>id</span> <span class='ocrx_word' id='word_1_194' title='bbox 689 1266 781 1307; x_wconf 89' lang='lat' dir='ltr'>quod</span> <span class='ocrx_word' id='word_1_195' title='bbox 796 1267 857 1297; x_wconf 89' lang='lat' dir='ltr'>sibi</span> <span class='ocrx_word' id='word_1_196' title='bbox 872 1267 1019 1307; x_wconf 90' lang='lat' dir='ltr'>plerique</span> <span class='ocrx_word' id='word_1_197' title='bbox 1035 1266 1214 1297; x_wconf 87' lang='lat' dir='ltr'>adscribere</span> <span class='ocrx_word' id='word_1_198' title='bbox 1230 1267 1344 1297; x_wconf 89' lang='lat' dir='ltr'>volue-</span> 
     </span>
     <span class='ocr_line' id='line_1_32' title="bbox 269 1311 1343 1353; baseline -0.005 -8"><span class='ocrx_word' id='word_1_199' title='bbox 269 1316 356 1351; x_wconf 84' lang='lat' dir='ltr'>runt,</span> <span class='ocrx_word' id='word_1_200' title='bbox 379 1313 436 1344; x_wconf 80' lang='lat' dir='ltr'>sed</span> <span class='ocrx_word' id='word_1_201' title='bbox 458 1312 560 1353; x_wconf 73' lang='lat' dir='ltr'>magis</span> <span class='ocrx_word' id='word_1_202' title='bbox 577 1311 668 1352; x_wconf 89' lang='lat' dir='ltr'>quod</span> <span class='ocrx_word' id='word_1_203' title='bbox 691 1312 817 1342; x_wconf 83' lang='lat' dir='ltr'>animae</span> <span class='ocrx_word' id='word_1_204' title='bbox 832 1311 979 1351; x_wconf 88' lang='lat' dir='ltr'>potentia</span> <span class='ocrx_word' id='word_1_205' title='bbox 994 1311 1072 1341; x_wconf 57' lang='grc' dir='ltr'><strong>εἰτ’.</strong></span> <span class='ocrx_word' id='word_1_206' title='bbox 1088 1311 1130 1341; x_wconf 91' lang='lat' dir='ltr'>Et</span> <span class='ocrx_word' id='word_1_207' title='bbox 1145 1311 1263 1351; x_wconf 90' lang='lat' dir='ltr'>primo,</span> <span class='ocrx_word' id='word_1_208' title='bbox 1279 1311 1343 1341; x_wconf 89' lang='lat' dir='ltr'>hoc</span> 
     </span>
     <span class='ocr_line' id='line_1_33' title="bbox 270 1353 1342 1396; baseline -0.004 -7"><span class='ocrx_word' id='word_1_209' title='bbox 270 1353 510 1390; x_wconf 63' lang='lat' dir='ltr'>ostendendum</span> <span class='ocrx_word' id='word_1_210' title='bbox 534 1361 598 1392; x_wconf 79' lang='lat' dir='ltr'>est3</span> <span class='ocrx_word' id='word_1_211' title='bbox 618 1355 775 1392; x_wconf 90' lang='lat' dir='ltr'>secundo,</span> <span class='ocrx_word' id='word_1_212' title='bbox 793 1355 987 1396; x_wconf 87' lang='lat' dir='ltr'>quibusdam</span> <span class='ocrx_word' id='word_1_213' title='bbox 1003 1355 1247 1386; x_wconf 88' lang='lat' dir='ltr'>auctoritatibus</span> <span class='ocrx_word' id='word_1_214' title='bbox 1264 1355 1342 1392; x_wconf 90' lang='lat' dir='ltr'>eius,</span> 
     </span>
     <span class='ocr_line' id='line_1_34' title="bbox 270 1398 1344 1444; baseline -0.005 -10"><span class='ocrx_word' id='word_1_215' title='bbox 270 1412 368 1444; x_wconf 88' lang='lat' dir='ltr'>super</span> <span class='ocrx_word' id='word_1_216' title='bbox 387 1401 505 1442; x_wconf 86' lang='lat' dir='ltr'>quibus</span> <span class='ocrx_word' id='word_1_217' title='bbox 528 1400 551 1430; x_wconf 87' lang='lat' dir='ltr'>ii</span> <span class='ocrx_word' id='word_1_218' title='bbox 574 1400 631 1441; x_wconf 91' lang='lat' dir='ltr'>qui</span> <span class='ocrx_word' id='word_1_219' title='bbox 648 1400 847 1430; x_wconf 88' lang='lat' dir='ltr'>contrarium</span> <span class='ocrx_word' id='word_1_220' title='bbox 862 1405 1042 1435; x_wconf 85' lang='lat' dir='ltr'>senserunt,</span> <span class='ocrx_word' id='word_1_221' title='bbox 1058 1409 1152 1430; x_wconf 88' lang='lat' dir='ltr'>suam</span> <span class='ocrx_word' id='word_1_222' title='bbox 1166 1398 1344 1430; x_wconf 85' lang='lat' dir='ltr'>fundarunt</span> 
     </span>
     <span class='ocr_line' id='line_1_35' title="bbox 269 1444 881 1488; baseline -0.007 -10"><span class='ocrx_word' id='word_1_223' title='bbox 269 1447 480 1488; x_wconf 78' lang='lat' dir='ltr'>positionem,</span> <span class='ocrx_word' id='word_1_224' title='bbox 504 1450 552 1475; x_wconf 88' lang='lat' dir='ltr'>est</span> <span class='ocrx_word' id='word_1_225' title='bbox 574 1444 840 1485; x_wconf 89' lang='lat' dir='ltr'>respondendum</span> <span class='ocrx_word' id='word_1_226' title='bbox 854 1445 881 1474; x_wconf 72' lang='lat'>*.</span> 
     </span>
    </p>

    <p class='ocr_par' dir='ltr' id='par_1_14' title="bbox 267 1487 1343 1663">
     <span class='ocr_line' id='line_1_36' title="bbox 325 1487 1343 1532; baseline -0.005 -10"><span class='ocrx_word' id='word_1_227' title='bbox 325 1491 349 1522; x_wconf 88' lang='lat'>1.</span> <span class='ocrx_word' id='word_1_228' title='bbox 362 1490 527 1532; x_wconf 78' lang='lat' dir='ltr'>Arguitur</span> <span class='ocrx_word' id='word_1_229' title='bbox 538 1489 643 1530; x_wconf 80' lang='lat' dir='ltr'>igitur</span> <span class='ocrx_word' id='word_1_230' title='bbox 647 1489 771 1529; x_wconf 80' lang='lat' dir='ltr'>primo,</span> <span class='ocrx_word' id='word_1_231' title='bbox 786 1489 863 1528; x_wconf 90' lang='lat' dir='ltr'>quia</span> <span class='ocrx_word' id='word_1_232' title='bbox 875 1488 916 1518; x_wconf 87' lang='lat'>111</span> <span class='ocrx_word' id='word_1_233' title='bbox 928 1488 968 1518; x_wconf 87' lang='lat' dir='ltr'>de</span> <span class='ocrx_word' id='word_1_234' title='bbox 979 1488 1108 1523; x_wconf 86' lang='lat' dir='ltr'>Anima,</span> <span class='ocrx_word' id='word_1_235' title='bbox 1121 1492 1198 1517; x_wconf 83' lang='lat' dir='ltr'>text.</span> <span class='ocrx_word' id='word_1_236' title='bbox 1212 1487 1286 1523; x_wconf 75' lang='lat'>18*‚</span> <span class='ocrx_word' id='word_1_237' title='bbox 1300 1488 1343 1518; x_wconf 91' lang='lat' dir='ltr'>ait</span> 
     </span>
     <span class='ocr_line' id='line_1_37' title="bbox 267 1531 1343 1574; baseline -0.006 -7"><span class='ocrx_word' id='word_1_238' title='bbox 267 1535 470 1567; x_wconf 76' lang='lat' dir='ltr'>intellectum</span> <span class='ocrx_word' id='word_1_239' title='bbox 485 1538 636 1574; x_wconf 86' lang='lat' dir='ltr'>agentern</span> <span class='ocrx_word' id='word_1_240' title='bbox 659 1538 691 1563; x_wconf 86' lang='lat' dir='ltr'>et</span> <span class='ocrx_word' id='word_1_241' title='bbox 705 1532 894 1573; x_wconf 86' lang='lat' dir='ltr'>possibilem</span> <span class='ocrx_word' id='word_1_242' title='bbox 911 1541 980 1562; x_wconf 88' lang='lat' dir='ltr'>esse</span> <span class='ocrx_word' id='word_1_243' title='bbox 1001 1531 1195 1562; x_wconf 83' lang='lat' dir='ltr'>differentias</span> <span class='ocrx_word' id='word_1_244' title='bbox 1217 1532 1343 1561; x_wconf 89' lang='lat' dir='ltr'>animae</span> 
     </span>
     <span class='ocr_line' id='line_1_38' title="bbox 269 1576 1343 1615; baseline -0.005 -5"><span class='ocrx_word' id='word_1_245' title='bbox 269 1585 301 1610; x_wconf 84' lang='lat' dir='ltr'>et</span> <span class='ocrx_word' id='word_1_246' title='bbox 312 1579 346 1610; x_wconf 91' lang='lat' dir='ltr'>in</span> <span class='ocrx_word' id='word_1_247' title='bbox 358 1580 465 1610; x_wconf 80' lang='lat' dir='ltr'>anima</span> <span class='ocrx_word' id='word_1_248' title='bbox 477 1586 557 1613; x_wconf 83' lang='lat' dir='ltr'>esse,</span> <span class='ocrx_word' id='word_1_249' title='bbox 569 1576 650 1607; x_wconf 88' lang='lat' dir='ltr'>dum</span> <span class='ocrx_word' id='word_1_250' title='bbox 662 1576 839 1612; x_wconf 85' lang='lat' dir='ltr'>concludit,</span> <span class='ocrx_word' id='word_1_251' title='bbox 855 1576 896 1607; x_wconf 90' lang='lat' dir='ltr'>de</span> <span class='ocrx_word' id='word_1_252' title='bbox 911 1576 1078 1606; x_wconf 87' lang='lat' dir='ltr'>intellectu</span> <span class='ocrx_word' id='word_1_253' title='bbox 1093 1580 1208 1615; x_wconf 82' lang='lat' dir='ltr'>agente</span> <span class='ocrx_word' id='word_1_254' title='bbox 1224 1581 1256 1605; x_wconf 91' lang='lat' dir='ltr'>et</span> <span class='ocrx_word' id='word_1_255' title='bbox 1267 1585 1343 1615; x_wconf 89' lang='lat' dir='ltr'>pos-</span> 
     </span>
     <span class='ocr_line' id='line_1_39' title="bbox 267 1619 1342 1663; baseline -0.005 -9"><span class='ocrx_word' id='word_1_256' title='bbox 267 1623 352 1654; x_wconf 79' lang='lat' dir='ltr'>sibili</span> <span class='ocrx_word' id='word_1_257' title='bbox 374 1623 531 1663; x_wconf 87' lang='lat' dir='ltr'>loquens:</span> <span class='ocrx_word' id='word_1_258' title='bbox 556 1621 694 1651; x_wconf 80' lang='lat' dir='ltr'>Necesse</span> <span class='ocrx_word' id='word_1_259' title='bbox 716 1626 748 1651; x_wconf 91' lang='lat' dir='ltr'>et</span> <span class='ocrx_word' id='word_1_260' title='bbox 771 1621 803 1650; x_wconf 86' lang='lat' dir='ltr'>in</span> <span class='ocrx_word' id='word_1_261' title='bbox 827 1620 939 1650; x_wconf 85' lang='lat' dir='ltr'>anima</span> <span class='ocrx_word' id='word_1_262' title='bbox 963 1620 1022 1650; x_wconf 81' lang='lat' dir='ltr'>has</span> <span class='ocrx_word' id='word_1_263' title='bbox 1038 1628 1106 1650; x_wconf 85' lang='lat' dir='ltr'>esse</span> <span class='ocrx_word' id='word_1_264' title='bbox 1129 1619 1342 1659; x_wconf 69' lang='lat' dir='ltr'>differentias.</span> 
     </span>
    </p>

    <p class='ocr_par' dir='ltr' id='par_1_15' title="bbox 265 1662 1343 2239">
     <span class='ocr_line' id='line_1_40' title="bbox 323 1662 1343 1706; baseline -0.005 -9"><span class='ocrx_word' id='word_1_265' title='bbox 323 1676 356 1698; x_wconf 89' lang='lat'>2.</span> <span class='ocrx_word' id='word_1_266' title='bbox 372 1665 533 1701; x_wconf 80' lang='lat' dir='ltr'>Secundo,</span> <span class='ocrx_word' id='word_1_267' title='bbox 546 1665 622 1706; x_wconf 88' lang='lat' dir='ltr'>quia</span> <span class='ocrx_word' id='word_1_268' title='bbox 634 1665 716 1695; x_wconf 88' lang='lat' dir='ltr'>ratio</span> <span class='ocrx_word' id='word_1_269' title='bbox 728 1673 787 1704; x_wconf 91' lang='lat' dir='ltr'>per</span> <span class='ocrx_word' id='word_1_270' title='bbox 801 1665 910 1704; x_wconf 87' lang='lat' dir='ltr'>ipsum</span> <span class='ocrx_word' id='word_1_271' title='bbox 921 1663 1059 1694; x_wconf 63' lang='lat' dir='ltr'>adduces</span> <span class='ocrx_word' id='word_1_272' title='bbox 1071 1662 1192 1694; x_wconf 85' lang='lat' dir='ltr'>ibidem</span> <span class='ocrx_word' id='word_1_273' title='bbox 1203 1662 1343 1693; x_wconf 87' lang='lat' dir='ltr'>ostendit</span> 
     </span>
     <span class='ocr_line' id='line_1_41' title="bbox 266 1708 1343 1752; baseline -0.005 -10"><span class='ocrx_word' id='word_1_274' title='bbox 266 1712 375 1752; x_wconf 63' lang='lat' dir='ltr'>ipsum</span> <span class='ocrx_word' id='word_1_275' title='bbox 384 1711 452 1741; x_wconf 87' lang='lat' dir='ltr'>hoc</span> <span class='ocrx_word' id='word_1_276' title='bbox 467 1709 620 1740; x_wconf 87' lang='lat' dir='ltr'>voluisse.</span> <span class='ocrx_word' id='word_1_277' title='bbox 633 1709 751 1749; x_wconf 85' lang='lat' dir='ltr'>Arguit</span> <span class='ocrx_word' id='word_1_278' title='bbox 765 1709 853 1739; x_wconf 89' lang='lat' dir='ltr'>enim</span> <span class='ocrx_word' id='word_1_279' title='bbox 865 1709 921 1738; x_wconf 90' lang='lat' dir='ltr'>sic.</span> <span class='ocrx_word' id='word_1_280' title='bbox 939 1708 976 1738; x_wconf 91' lang='lat' dir='ltr'>ln</span> <span class='ocrx_word' id='word_1_281' title='bbox 991 1708 1084 1738; x_wconf 88' lang='lat' dir='ltr'>omni</span> <span class='ocrx_word' id='word_1_282' title='bbox 1099 1713 1212 1738; x_wconf 90' lang='lat' dir='ltr'>natura</span> <span class='ocrx_word' id='word_1_283' title='bbox 1226 1708 1262 1737; x_wconf 89' lang='lat' dir='ltr'>in</span> <span class='ocrx_word' id='word_1_284' title='bbox 1277 1716 1343 1747; x_wconf 86' lang='lat' dir='ltr'>qua</span> 
     </span>
     <span class='ocr_line' id='line_1_42' title="bbox 266 1751 1343 1795; baseline -0.005 -8"><span class='ocrx_word' id='word_1_285' title='bbox 266 1752 430 1787; x_wconf 66' lang='lat' dir='ltr'>invenitur</span> <span class='ocrx_word' id='word_1_286' title='bbox 444 1754 592 1795; x_wconf 86' lang='lat' dir='ltr'>potentia</span> <span class='ocrx_word' id='word_1_287' title='bbox 607 1759 639 1784; x_wconf 90' lang='lat' dir='ltr'>et</span> <span class='ocrx_word' id='word_1_288' title='bbox 654 1759 756 1790; x_wconf 85' lang='lat' dir='ltr'>actus,</span> <span class='ocrx_word' id='word_1_289' title='bbox 773 1758 821 1783; x_wconf 82' lang='lat' dir='ltr'>eat</span> <span class='ocrx_word' id='word_1_290' title='bbox 836 1751 960 1793; x_wconf 89' lang='lat' dir='ltr'>aliquid</span> <span class='ocrx_word' id='word_1_291' title='bbox 981 1752 1074 1792; x_wconf 83' lang='lat' dir='ltr'>quasi</span> <span class='ocrx_word' id='word_1_292' title='bbox 1091 1752 1234 1788; x_wconf 84' lang='lat' dir='ltr'>materia,</span> <span class='ocrx_word' id='word_1_293' title='bbox 1251 1751 1343 1792; x_wconf 91' lang='lat' dir='ltr'>quod</span> 
     </span>
     <span class='ocr_line' id='line_1_43' title="bbox 267 1796 1342 1840; baseline -0.006 -8"><span class='ocrx_word' id='word_1_294' title='bbox 267 1805 317 1832; x_wconf 79' lang='lat' dir='ltr'>est</span> <span class='ocrx_word' id='word_1_295' title='bbox 337 1801 375 1831; x_wconf 87' lang='lat' dir='ltr'>in-</span> <span class='ocrx_word' id='word_1_296' title='bbox 395 1799 542 1840; x_wconf 77' lang='lat' dir='ltr'>potentia</span> <span class='ocrx_word' id='word_1_297' title='bbox 565 1797 606 1828; x_wconf 89' lang='lat' dir='ltr'>ad</span> <span class='ocrx_word' id='word_1_298' title='bbox 629 1807 667 1829; x_wconf 89' lang='lat' dir='ltr'>ea</span> <span class='ocrx_word' id='word_1_299' title='bbox 690 1799 775 1838; x_wconf 87' lang='lat' dir='ltr'>quae</span> <span class='ocrx_word' id='word_1_300' title='bbox 798 1802 881 1828; x_wconf 80' lang='lat' dir='ltr'>sunt·</span> <span class='ocrx_word' id='word_1_301' title='bbox 897 1796 983 1827; x_wconf 89' lang='lat' dir='ltr'>illius</span> <span class='ocrx_word' id='word_1_302' title='bbox 998 1797 1139 1837; x_wconf 82' lang='lat' dir='ltr'>generis3</span> <span class='ocrx_word' id='word_1_303' title='bbox 1164 1801 1196 1826; x_wconf 87' lang='lat' dir='ltr'>et</span> <span class='ocrx_word' id='word_1_304' title='bbox 1219 1796 1342 1836; x_wconf 91' lang='lat' dir='ltr'>aliquid</span> 
     </span>
     <span class='ocr_line' id='line_1_44' title="bbox 266 1841 1342 1886; baseline -0.005 -10"><span class='ocrx_word' id='word_1_305' title='bbox 266 1845 360 1886; x_wconf 64' lang='lat' dir='ltr'>quasi</span> <span class='ocrx_word' id='word_1_306' title='bbox 383 1852 491 1884; x_wconf 81' lang='lat' dir='ltr'>agens,</span> <span class='ocrx_word' id='word_1_307' title='bbox 515 1841 607 1883; x_wconf 88' lang='lat' dir='ltr'>quod</span> <span class='ocrx_word' id='word_1_308' title='bbox 638 1842 764 1873; x_wconf 89' lang='lat' dir='ltr'>reducit</span> <span class='ocrx_word' id='word_1_309' title='bbox 793 1842 974 1882; x_wconf 85' lang='lat' dir='ltr'>potentiam</span> <span class='ocrx_word' id='word_1_310' title='bbox 1004 1841 1045 1872; x_wconf 86' lang='lat' dir='ltr'>ad</span> <span class='ocrx_word' id='word_1_311' title='bbox 1072 1846 1192 1871; x_wconf 87' lang='lat' dir='ltr'>actum.</span> <span class='ocrx_word' id='word_1_312' title='bbox 1222 1841 1342 1871; x_wconf 89' lang='lat' dir='ltr'>Anima</span> 
     </span>
     <span class='ocr_line' id='line_1_45' title="bbox 265 1884 1341 1926; baseline -0.007 -5"><span class='ocrx_word' id='word_1_313' title='bbox 265 1886 462 1920; x_wconf 70' lang='lat' dir='ltr'>intellectiva</span> <span class='ocrx_word' id='word_1_314' title='bbox 486 1893 534 1918; x_wconf 87' lang='lat' dir='ltr'>est</span> <span class='ocrx_word' id='word_1_315' title='bbox 555 1886 760 1917; x_wconf 86' lang='lat' dir='ltr'>huiusmodi:</span> <span class='ocrx_word' id='word_1_316' title='bbox 785 1895 862 1917; x_wconf 89' lang='lat' dir='ltr'>cum</span> <span class='ocrx_word' id='word_1_317' title='bbox 878 1884 1079 1926; x_wconf 90' lang='lat' dir='ltr'>quandoque</span> <span class='ocrx_word' id='word_1_318' title='bbox 1102 1886 1143 1915; x_wconf 87' lang='lat' dir='ltr'>sit</span> <span class='ocrx_word' id='word_1_319' title='bbox 1158 1890 1232 1915; x_wconf 90' lang='lat' dir='ltr'>actu</span> <span class='ocrx_word' id='word_1_320' title='bbox 1246 1885 1341 1915; x_wconf 88' lang='lat' dir='ltr'>intel-</span> 
     </span>
     <span class='ocr_line' id='line_1_46' title="bbox 266 1930 1341 1974; baseline -0.005 -10"><span class='ocrx_word' id='word_1_321' title='bbox 266 1933 369 1974; x_wconf 66' lang='lat' dir='ltr'>ligem</span> <span class='ocrx_word' id='word_1_322' title='bbox 393 1937 425 1963; x_wconf 86' lang='lat' dir='ltr'>et</span> <span class='ocrx_word' id='word_1_323' title='bbox 448 1930 648 1972; x_wconf 86' lang='lat' dir='ltr'>quandoque</span> <span class='ocrx_word' id='word_1_324' title='bbox 670 1931 706 1961; x_wconf 88' lang='lat' dir='ltr'>in</span> <span class='ocrx_word' id='word_1_325' title='bbox 729 1930 886 1971; x_wconf 86' lang='lat' dir='ltr'>potentia.</span> <span class='ocrx_word' id='word_1_326' title='bbox 910 1930 997 1969; x_wconf 89' lang='lat' dir='ltr'>Ergo</span> <span class='ocrx_word' id='word_1_327' title='bbox 1020 1930 1054 1960; x_wconf 88' lang='lat' dir='ltr'>in</span> <span class='ocrx_word' id='word_1_328' title='bbox 1077 1935 1192 1959; x_wconf 86' lang='lat' dir='ltr'>natura</span> <span class='ocrx_word' id='word_1_329' title='bbox 1214 1930 1341 1959; x_wconf 87' lang='lat' dir='ltr'>animae</span> 
     </span>
     <span class='ocr_line' id='line_1_47' title="bbox 266 1973 1340 2015; baseline -0.006 -6"><span class='ocrx_word' id='word_1_330' title='bbox 266 1977 482 2009; x_wconf 80' lang='lat' dir='ltr'>intellectivae</span> <span class='ocrx_word' id='word_1_331' title='bbox 506 1980 554 2006; x_wconf 88' lang='lat' dir='ltr'>est</span> <span class='ocrx_word' id='word_1_332' title='bbox 575 1974 699 2015; x_wconf 86' lang='lat' dir='ltr'>aliquid</span> <span class='ocrx_word' id='word_1_333' title='bbox 723 1975 815 2014; x_wconf 85' lang='lat' dir='ltr'>quasi</span> <span class='ocrx_word' id='word_1_334' title='bbox 837 1974 981 2010; x_wconf 81' lang='lat' dir='ltr'>materia,</span> <span class='ocrx_word' id='word_1_335' title='bbox 1004 1973 1129 2004; x_wconf 88' lang='lat' dir='ltr'>scilicet</span> <span class='ocrx_word' id='word_1_336' title='bbox 1157 1973 1340 2004; x_wconf 86' lang='lat' dir='ltr'>intellectus</span> 
     </span>
     <span class='ocr_line' id='line_1_48' title="bbox 266 2017 1341 2063; baseline -0.005 -11"><span class='ocrx_word' id='word_1_337' title='bbox 266 2021 439 2063; x_wconf 87' lang='lat' dir='ltr'>possibilis,</span> <span class='ocrx_word' id='word_1_338' title='bbox 463 2020 519 2061; x_wconf 91' lang='lat' dir='ltr'>qui</span> <span class='ocrx_word' id='word_1_339' title='bbox 545 2025 592 2050; x_wconf 87' lang='lat' dir='ltr'>est</span> <span class='ocrx_word' id='word_1_340' title='bbox 615 2020 649 2049; x_wconf 92' lang='lat' dir='ltr'>in</span> <span class='ocrx_word' id='word_1_341' title='bbox 672 2019 819 2059; x_wconf 90' lang='lat' dir='ltr'>potentia</span> <span class='ocrx_word' id='word_1_342' title='bbox 849 2018 889 2048; x_wconf 91' lang='lat' dir='ltr'>ad</span> <span class='ocrx_word' id='word_1_343' title='bbox 916 2018 1028 2048; x_wconf 84' lang='lat' dir='ltr'>omnia</span> <span class='ocrx_word' id='word_1_344' title='bbox 1054 2017 1279 2058; x_wconf 88' lang='lat' dir='ltr'>intelligibilia;</span> <span class='ocrx_word' id='word_1_345' title='bbox 1309 2022 1341 2048; x_wconf 90' lang='lat' dir='ltr'>et</span> 
     </span>
     <span class='ocr_line' id='line_1_49' title="bbox 267 2061 1340 2107; baseline -0.004 -11"><span class='ocrx_word' id='word_1_346' title='bbox 267 2064 390 2107; x_wconf 81' lang='lat' dir='ltr'>aliquid</span> <span class='ocrx_word' id='word_1_347' title='bbox 413 2065 506 2105; x_wconf 83' lang='lat' dir='ltr'>quasi</span> <span class='ocrx_word' id='word_1_348' title='bbox 529 2062 682 2100; x_wconf 86' lang='lat' dir='ltr'>efficiens,</span> <span class='ocrx_word' id='word_1_349' title='bbox 706 2063 829 2094; x_wconf 88' lang='lat' dir='ltr'>scilicet</span> <span class='ocrx_word' id='word_1_350' title='bbox 851 2062 1034 2093; x_wconf 87' lang='lat' dir='ltr'>intellectus</span> <span class='ocrx_word' id='word_1_351' title='bbox 1050 2071 1158 2102; x_wconf 81' lang='lat' dir='ltr'>agens,</span> <span class='ocrx_word' id='word_1_352' title='bbox 1183 2062 1240 2102; x_wconf 91' lang='lat' dir='ltr'>qui</span> <span class='ocrx_word' id='word_1_353' title='bbox 1263 2061 1340 2092; x_wconf 84' lang='lat' dir='ltr'>facit</span> 
     </span>
     <span class='ocr_line' id='line_1_50' title="bbox 266 2106 1340 2147; baseline -0.005 -6"><span class='ocrx_word' id='word_1_354' title='bbox 266 2111 378 2142; x_wconf 83' lang='lat' dir='ltr'>omnia</span> <span class='ocrx_word' id='word_1_355' title='bbox 392 2110 427 2140; x_wconf 86' lang='lat' dir='ltr'>in</span> <span class='ocrx_word' id='word_1_356' title='bbox 443 2114 528 2139; x_wconf 86' lang='lat' dir='ltr'>actu.</span> <span class='ocrx_word' id='word_1_357' title='bbox 540 2125 565 2131; x_wconf 92' lang='lat'>—</span> <span class='ocrx_word' id='word_1_358' title='bbox 575 2108 623 2138; x_wconf 88' lang='lat' dir='ltr'>Ex</span> <span class='ocrx_word' id='word_1_359' title='bbox 639 2107 700 2138; x_wconf 85' lang='lat' dir='ltr'>hac</span> <span class='ocrx_word' id='word_1_360' title='bbox 715 2108 826 2147; x_wconf 85' lang='lat' dir='ltr'>itaque</span> <span class='ocrx_word' id='word_1_361' title='bbox 841 2106 1123 2137; x_wconf 78' lang='lat' dir='ltr'>demonstratione</span> <span class='ocrx_word' id='word_1_362' title='bbox 1129 2111 1223 2146; x_wconf 86' lang='lat' dir='ltr'>patet</span> <span class='ocrx_word' id='word_1_363' title='bbox 1231 2106 1340 2146; x_wconf 81' lang='lat' dir='ltr'>ipsum</span> 
     </span>
     <span class='ocr_line' id='line_1_51' title="bbox 266 2151 1341 2193; baseline -0.004 -8"><span class='ocrx_word' id='word_1_364' title='bbox 266 2155 408 2187; x_wconf 82' lang='lat' dir='ltr'>voluisse</span> <span class='ocrx_word' id='word_1_365' title='bbox 431 2158 609 2193; x_wconf 87' lang='lat' dir='ltr'>utrumque</span> <span class='ocrx_word' id='word_1_366' title='bbox 630 2152 834 2182; x_wconf 89' lang='lat' dir='ltr'>intellectum</span> <span class='ocrx_word' id='word_1_367' title='bbox 856 2151 891 2181; x_wconf 89' lang='lat' dir='ltr'>in</span> <span class='ocrx_word' id='word_1_368' title='bbox 914 2156 1028 2182; x_wconf 84' lang='lat' dir='ltr'>natura</span> <span class='ocrx_word' id='word_1_369' title='bbox 1054 2151 1181 2181; x_wconf 83' lang='lat' dir='ltr'>animae</span> <span class='ocrx_word' id='word_1_370' title='bbox 1205 2159 1284 2187; x_wconf 85' lang='lat' dir='ltr'>esse,</span> <span class='ocrx_word' id='word_1_371' title='bbox 1309 2155 1341 2181; x_wconf 92' lang='lat' dir='ltr'>et</span> 
     </span>
     <span class='ocr_line' id='line_1_52' title="bbox 266 2195 1199 2239; baseline -0.005 -9"><span class='ocrx_word' id='word_1_372' title='bbox 266 2208 336 2230; x_wconf 86' lang='lat' dir='ltr'>non</span> <span class='ocrx_word' id='word_1_373' title='bbox 359 2197 482 2239; x_wconf 88' lang='lat' dir='ltr'>aliquid</span> <span class='ocrx_word' id='word_1_374' title='bbox 505 2202 689 2238; x_wconf 87' lang='lat' dir='ltr'>separatum</span> <span class='ocrx_word' id='word_1_375' title='bbox 712 2195 894 2226; x_wconf 86' lang='lat' dir='ltr'>secundum</span> <span class='ocrx_word' id='word_1_376' title='bbox 918 2205 987 2226; x_wconf 87' lang='lat' dir='ltr'>esse</span> <span class='ocrx_word' id='word_1_377' title='bbox 1010 2205 1029 2225; x_wconf 83' lang='lat' dir='ltr'>a</span> <span class='ocrx_word' id='word_1_378' title='bbox 1051 2203 1199 2235; x_wconf 90' lang='lat' dir='ltr'>corpore.</span> 
     </span>
    </p>

    <p class='ocr_par' dir='ltr' id='par_1_16' title="bbox 266 2239 1340 2682">
     <span class='ocr_line' id='line_1_53' title="bbox 322 2239 1339 2279; baseline -0.004 -6"><span class='ocrx_word' id='word_1_379' title='bbox 322 2241 578 2278; x_wconf 74' lang='lat' dir='ltr'>Advertendum,</span> <span class='ocrx_word' id='word_1_380' title='bbox 602 2251 679 2272; x_wconf 92' lang='lat' dir='ltr'>cum</span> <span class='ocrx_word' id='word_1_381' title='bbox 703 2240 820 2271; x_wconf 87' lang='lat' dir='ltr'>dicitur</span> <span class='ocrx_word' id='word_1_382' title='bbox 842 2240 1043 2270; x_wconf 87' lang='lat' dir='ltr'>intellectum</span> <span class='ocrx_word' id='word_1_383' title='bbox 1059 2239 1247 2279; x_wconf 88' lang='lat' dir='ltr'>possibilem</span> <span class='ocrx_word' id='word_1_384' title='bbox 1270 2248 1339 2269; x_wconf 89' lang='lat' dir='ltr'>esse</span> 
     </span>
     <span class='ocr_line' id='line_1_54' title="bbox 266 2284 1339 2329; baseline -0.006 -10"><span class='ocrx_word' id='word_1_385' title='bbox 266 2289 301 2319; x_wconf 87' lang='lat' dir='ltr'>in</span> <span class='ocrx_word' id='word_1_386' title='bbox 322 2287 469 2329; x_wconf 82' lang='lat' dir='ltr'>potentia</span> <span class='ocrx_word' id='word_1_387' title='bbox 485 2286 529 2317; x_wconf 87' lang='lat' dir='ltr'>ad</span> <span class='ocrx_word' id='word_1_388' title='bbox 544 2286 655 2316; x_wconf 75' lang='lat' dir='ltr'>omnia</span> <span class='ocrx_word' id='word_1_389' title='bbox 671 2285 902 2326; x_wconf 81' lang='lat' dir='ltr'>intelligibilia,</span> <span class='ocrx_word' id='word_1_390' title='bbox 919 2289 952 2314; x_wconf 91' lang='lat' dir='ltr'>et</span> <span class='ocrx_word' id='word_1_391' title='bbox 972 2284 1175 2314; x_wconf 89' lang='lat' dir='ltr'>intellectum</span> <span class='ocrx_word' id='word_1_392' title='bbox 1191 2289 1339 2324; x_wconf 88' lang='lat' dir='ltr'>agentem</span> 
     </span>
     <span class='ocr_line' id='line_1_55' title="bbox 267 2327 1338 2371; baseline -0.005 -8"><span class='ocrx_word' id='word_1_393' title='bbox 267 2331 373 2363; x_wconf 83' lang='lat' dir='ltr'>facere</span> <span class='ocrx_word' id='word_1_394' title='bbox 396 2331 518 2367; x_wconf 84' lang='lat' dir='ltr'>omnia,</span> <span class='ocrx_word' id='word_1_395' title='bbox 536 2329 627 2371; x_wconf 92' lang='lat' dir='ltr'>quod</span> <span class='ocrx_word' id='word_1_396' title='bbox 649 2328 682 2371; x_wconf 83' lang='lat' dir='ltr'>ly</span> <span class='ocrx_word' id='word_1_397' title='bbox 699 2330 811 2360; x_wconf 84' lang='lat' dir='ltr'>omnia</span> <span class='ocrx_word' id='word_1_398' title='bbox 825 2338 894 2359; x_wconf 90' lang='lat' dir='ltr'>non</span> <span class='ocrx_word' id='word_1_399' title='bbox 909 2327 988 2359; x_wconf 82' lang='lat' dir='ltr'>facit</span> <span class='ocrx_word' id='word_1_400' title='bbox 1001 2328 1263 2359; x_wconf 86' lang='lat' dir='ltr'>distributionem</span> <span class='ocrx_word' id='word_1_401' title='bbox 1278 2337 1338 2368; x_wconf 91' lang='lat' dir='ltr'>pro</span> 
     </span>
     <span class='ocr_line' id='line_1_56' title="bbox 267 2372 1338 2415; baseline -0.005 -7"><span class='ocrx_word' id='word_1_402' title='bbox 267 2377 420 2408; x_wconf 81' lang='lat' dir='ltr'>omnibus</span> <span class='ocrx_word' id='word_1_403' title='bbox 443 2375 641 2415; x_wconf 88' lang='lat' dir='ltr'>simpliciter,</span> <span class='ocrx_word' id='word_1_404' title='bbox 666 2374 723 2404; x_wconf 90' lang='lat' dir='ltr'>sed</span> <span class='ocrx_word' id='word_1_405' title='bbox 739 2383 807 2415; x_wconf 83' lang='lat' dir='ltr'>pro</span> <span class='ocrx_word' id='word_1_406' title='bbox 824 2373 972 2403; x_wconf 80' lang='lat' dir='ltr'>omnibus</span> <span class='ocrx_word' id='word_1_407' title='bbox 995 2373 1092 2403; x_wconf 81' lang='lat' dir='ltr'>rebus</span> <span class='ocrx_word' id='word_1_408' title='bbox 1106 2372 1338 2409; x_wconf 83' lang='lat' dir='ltr'>materialibus,</span> 
     </span>
     <span class='ocr_line' id='line_1_57' title="bbox 269 2417 1338 2462; baseline -0.006 -9"><span class='ocrx_word' id='word_1_409' title='bbox 269 2425 452 2462; x_wconf 77' lang='lat' dir='ltr'>quaesunt</span> <span class='ocrx_word' id='word_1_410' title='bbox 473 2420 607 2460; x_wconf 89' lang='lat' dir='ltr'>propria</span> <span class='ocrx_word' id='word_1_411' title='bbox 629 2424 662 2449; x_wconf 91' lang='lat' dir='ltr'>et</span> <span class='ocrx_word' id='word_1_412' title='bbox 683 2418 840 2449; x_wconf 85' lang='lat' dir='ltr'>naturalia</span> <span class='ocrx_word' id='word_1_413' title='bbox 863 2418 991 2448; x_wconf 89' lang='lat' dir='ltr'>obiecta</span> <span class='ocrx_word' id='word_1_414' title='bbox 1016 2417 1200 2448; x_wconf 90' lang='lat' dir='ltr'>intellectus</span> <span class='ocrx_word' id='word_1_415' title='bbox 1225 2418 1338 2454; x_wconf 89' lang='lat' dir='ltr'>nostri,</span> 
     </span>
     <span class='ocr_line' id='line_1_58' title="bbox 268 2461 1340 2502; baseline -0.006 -5"><span class='ocrx_word' id='word_1_416' title='bbox 268 2471 305 2497; x_wconf 81' lang='lat' dir='ltr'>nt</span> <span class='ocrx_word' id='word_1_417' title='bbox 327 2464 444 2496; x_wconf 90' lang='lat' dir='ltr'>dicitur</span> <span class='ocrx_word' id='word_1_418' title='bbox 467 2463 509 2494; x_wconf 87' lang='lat'>111</span> <span class='ocrx_word' id='word_1_419' title='bbox 533 2464 573 2494; x_wconf 84' lang='lat' dir='ltr'>de</span> <span class='ocrx_word' id='word_1_420' title='bbox 595 2463 713 2493; x_wconf 84' lang='lat' dir='ltr'>Anima</span> <span class='ocrx_word' id='word_1_421' title='bbox 729 2464 757 2493; x_wconf 69' lang='lat'>⁴⁵.</span> <span class='ocrx_word' id='word_1_422' title='bbox 781 2462 903 2493; x_wconf 86' lang='lat' dir='ltr'>Sensus</span> <span class='ocrx_word' id='word_1_423' title='bbox 930 2462 1018 2493; x_wconf 87' lang='lat' dir='ltr'>enim</span> <span class='ocrx_word' id='word_1_424' title='bbox 1046 2467 1094 2492; x_wconf 87' lang='lat' dir='ltr'>est</span> <span class='ocrx_word' id='word_1_425' title='bbox 1125 2461 1217 2502; x_wconf 86' lang='lat' dir='ltr'>quod</span> <span class='ocrx_word' id='word_1_426' title='bbox 1245 2461 1340 2492; x_wconf 90' lang='lat' dir='ltr'>intel-</span> 
     </span>
     <span class='ocr_line' id='line_1_59' title="bbox 268 2505 1340 2549; baseline -0.005 -8"><span class='ocrx_word' id='word_1_427' title='bbox 268 2511 372 2541; x_wconf 85' lang='lat' dir='ltr'>lectus</span> <span class='ocrx_word' id='word_1_428' title='bbox 394 2508 556 2549; x_wconf 89' lang='lat' dir='ltr'>possibilis</span> <span class='ocrx_word' id='word_1_429' title='bbox 579 2513 628 2538; x_wconf 90' lang='lat' dir='ltr'>est</span> <span class='ocrx_word' id='word_1_430' title='bbox 649 2507 831 2547; x_wconf 88' lang='lat' dir='ltr'>receptivus</span> <span class='ocrx_word' id='word_1_431' title='bbox 847 2507 1030 2546; x_wconf 87' lang='lat' dir='ltr'>specierum</span> <span class='ocrx_word' id='word_1_432' title='bbox 1045 2506 1196 2536; x_wconf 90' lang='lat' dir='ltr'>omnium</span> <span class='ocrx_word' id='word_1_433' title='bbox 1211 2505 1340 2546; x_wconf 91' lang='lat' dir='ltr'>quiddi-</span> 
     </span>
     <span class='ocr_line' id='line_1_60' title="bbox 269 2549 1340 2591; baseline -0.005 -6"><span class='ocrx_word' id='word_1_434' title='bbox 269 2559 373 2585; x_wconf 84' lang='lat' dir='ltr'>tatum</span> <span class='ocrx_word' id='word_1_435' title='bbox 395 2552 624 2589; x_wconf 82' lang='lat' dir='ltr'>materialium3</span> <span class='ocrx_word' id='word_1_436' title='bbox 648 2551 830 2582; x_wconf 88' lang='lat' dir='ltr'>intellectus</span> <span class='ocrx_word' id='word_1_437' title='bbox 854 2561 931 2581; x_wconf 90' lang='lat' dir='ltr'>vero</span> <span class='ocrx_word' id='word_1_438' title='bbox 952 2559 1050 2591; x_wconf 87' lang='lat' dir='ltr'>agens</span> <span class='ocrx_word' id='word_1_439' title='bbox 1073 2560 1188 2581; x_wconf 88' lang='lat' dir='ltr'>omnes</span> <span class='ocrx_word' id='word_1_440' title='bbox 1212 2549 1340 2590; x_wconf 86' lang='lat' dir='ltr'>quiddi-</span> 
     </span>
     <span class='ocr_line' id='line_1_61' title="bbox 270 2595 1340 2634; baseline -0.005 -5"><span class='ocrx_word' id='word_1_441' title='bbox 270 2604 350 2629; x_wconf 85' lang='lat' dir='ltr'>tates</span> <span class='ocrx_word' id='word_1_442' title='bbox 372 2597 553 2628; x_wconf 83' lang='lat' dir='ltr'>materiales</span> <span class='ocrx_word' id='word_1_443' title='bbox 574 2601 671 2627; x_wconf 89' lang='lat' dir='ltr'>natus</span> <span class='ocrx_word' id='word_1_444' title='bbox 701 2601 750 2626; x_wconf 82' lang='lat' dir='ltr'>est</span> <span class='ocrx_word' id='word_1_445' title='bbox 779 2595 884 2626; x_wconf 86' lang='lat' dir='ltr'>facere</span> <span class='ocrx_word' id='word_1_446' title='bbox 911 2601 986 2626; x_wconf 90' lang='lat' dir='ltr'>actu</span> <span class='ocrx_word' id='word_1_447' title='bbox 1013 2595 1239 2634; x_wconf 86' lang='lat' dir='ltr'>intelligibiles,</span> <span class='ocrx_word' id='word_1_448' title='bbox 1264 2604 1340 2625; x_wconf 92' lang='lat' dir='ltr'>cum</span> 
     </span>
     <span class='ocr_line' id='line_1_62' title="bbox 270 2639 1148 2682; baseline -0.006 -8"><span class='ocrx_word' id='word_1_449' title='bbox 270 2644 304 2674; x_wconf 87' lang='lat' dir='ltr'>in</span> <span class='ocrx_word' id='word_1_450' title='bbox 327 2642 439 2682; x_wconf 88' lang='lat' dir='ltr'>seipsis</span> <span class='ocrx_word' id='word_1_451' title='bbox 461 2642 525 2672; x_wconf 89' lang='lat' dir='ltr'>sint</span> <span class='ocrx_word' id='word_1_452' title='bbox 547 2646 674 2671; x_wconf 88' lang='lat' dir='ltr'>tantum</span> <span class='ocrx_word' id='word_1_453' title='bbox 696 2640 912 2680; x_wconf 85' lang='lat' dir='ltr'>intelligibiles</span> <span class='ocrx_word' id='word_1_454' title='bbox 935 2641 969 2670; x_wconf 93' lang='lat' dir='ltr'>in</span> <span class='ocrx_word' id='word_1_455' title='bbox 992 2639 1148 2679; x_wconf 88' lang='lat' dir='ltr'>potentia.</span> 
     </span>
    </p>

    <p class='ocr_par' dir='ltr' id='par_1_17' title="bbox 272 2683 1342 2950">
     <span class='ocr_line' id='line_1_63' title="bbox 329 2683 1340 2726; baseline -0.005 -9"><span class='ocrx_word' id='word_1_456' title='bbox 329 2687 358 2717; x_wconf 89' lang='grc'>3.</span> <span class='ocrx_word' id='word_1_457' title='bbox 387 2686 509 2722; x_wconf 88' lang='lat' dir='ltr'>Tertio,</span> <span class='ocrx_word' id='word_1_458' title='bbox 533 2686 610 2726; x_wconf 89' lang='lat' dir='ltr'>quia</span> <span class='ocrx_word' id='word_1_459' title='bbox 632 2684 753 2715; x_wconf 89' lang='lat' dir='ltr'>ibidem</span> <span class='ocrx_word' id='word_1_460' title='bbox 777 2685 884 2725; x_wconf 88' lang='lat' dir='ltr'>inquit</span> <span class='ocrx_word' id='word_1_461' title='bbox 913 2684 1004 2724; x_wconf 90' lang='lat' dir='ltr'>quod</span> <span class='ocrx_word' id='word_1_462' title='bbox 1032 2683 1214 2714; x_wconf 89' lang='lat' dir='ltr'>intellectus</span> <span class='ocrx_word' id='word_1_463' title='bbox 1243 2692 1340 2722; x_wconf 87' lang='lat' dir='ltr'>agens</span> 
     </span>
     <span class='ocr_line' id='line_1_64' title="bbox 272 2727 1341 2771; baseline -0.005 -9"><span class='ocrx_word' id='word_1_464' title='bbox 272 2737 319 2763; x_wconf 87' lang='lat' dir='ltr'>est</span> <span class='ocrx_word' id='word_1_465' title='bbox 338 2731 423 2762; x_wconf 82' lang='lat' dir='ltr'>sicut</span> <span class='ocrx_word' id='word_1_466' title='bbox 444 2731 572 2761; x_wconf 81' lang='lat' dir='ltr'>habitus</span> <span class='ocrx_word' id='word_1_467' title='bbox 585 2729 674 2771; x_wconf 78' lang='lat' dir='ltr'>quod</span> <span class='ocrx_word' id='word_1_468' title='bbox 692 2735 740 2760; x_wconf 87' lang='lat' dir='ltr'>est</span> <span class='ocrx_word' id='word_1_469' title='bbox 762 2729 881 2759; x_wconf 83' lang='lat' dir='ltr'>lumen.</span> <span class='ocrx_word' id='word_1_470' title='bbox 898 2729 962 2759; x_wconf 92' lang='lat' dir='ltr'>Ubi</span> <span class='ocrx_word' id='word_1_471' title='bbox 985 2733 1073 2768; x_wconf 88' lang='lat' dir='ltr'>patet</span> <span class='ocrx_word' id='word_1_472' title='bbox 1088 2727 1180 2767; x_wconf 93' lang='lat' dir='ltr'>quod</span> <span class='ocrx_word' id='word_1_473' title='bbox 1195 2727 1341 2757; x_wconf 84' lang='lat' dir='ltr'>habitum</span> 
     </span>
     <span class='ocr_line' id='line_1_65' title="bbox 272 2771 1341 2813; baseline -0.005 -7"><span class='ocrx_word' id='word_1_474' title='bbox 272 2785 340 2807; x_wconf 90' lang='lat' dir='ltr'>non</span> <span class='ocrx_word' id='word_1_475' title='bbox 363 2780 459 2806; x_wconf 85' lang='lat' dir='ltr'>vocat</span> <span class='ocrx_word' id='word_1_476' title='bbox 483 2774 635 2805; x_wconf 82' lang='lat' dir='ltr'>effectum</span> <span class='ocrx_word' id='word_1_477' title='bbox 657 2774 840 2804; x_wconf 86' lang='lat' dir='ltr'>intellectus</span> <span class='ocrx_word' id='word_1_478' title='bbox 855 2773 988 2813; x_wconf 86' lang='lat' dir='ltr'>agentis,</span> <span class='ocrx_word' id='word_1_479' title='bbox 1005 2772 1062 2803; x_wconf 89' lang='lat' dir='ltr'>sed</span> <span class='ocrx_word' id='word_1_480' title='bbox 1084 2773 1193 2812; x_wconf 90' lang='lat' dir='ltr'>ipsum</span> <span class='ocrx_word' id='word_1_481' title='bbox 1215 2771 1341 2802; x_wconf 86' lang='lat' dir='ltr'>intelle-</span> 
     </span>
     <span class='ocr_line' id='line_1_66' title="bbox 273 2816 1341 2860; baseline -0.006 -9"><span class='ocrx_word' id='word_1_482' title='bbox 273 2826 363 2851; x_wconf 88' lang='lat' dir='ltr'>ctum</span> <span class='ocrx_word' id='word_1_483' title='bbox 376 2825 535 2860; x_wconf 87' lang='lat' dir='ltr'>agentem,</span> <span class='ocrx_word' id='word_1_484' title='bbox 547 2820 743 2858; x_wconf 82' lang='lat' dir='ltr'>inquantum</span> <span class='ocrx_word' id='word_1_485' title='bbox 759 2817 835 2848; x_wconf 89' lang='lat' dir='ltr'>facit</span> <span class='ocrx_word' id='word_1_486' title='bbox 846 2818 1016 2847; x_wconf 86' lang='lat' dir='ltr'>hominem</span> <span class='ocrx_word' id='word_1_487' title='bbox 1030 2816 1208 2856; x_wconf 86' lang='lat' dir='ltr'>intelligere</span> <span class='ocrx_word' id='word_1_488' title='bbox 1220 2816 1341 2851; x_wconf 89' lang='lat' dir='ltr'>omnia,</span> 
     </span>
     <span class='ocr_line' id='line_1_67' title="bbox 273 2859 1342 2905; baseline -0.007 -9"><span class='ocrx_word' id='word_1_489' title='bbox 273 2870 305 2896; x_wconf 83' lang='lat' dir='ltr'>et</span> <span class='ocrx_word' id='word_1_490' title='bbox 329 2863 462 2905; x_wconf 86' lang='lat' dir='ltr'>quando</span> <span class='ocrx_word' id='word_1_491' title='bbox 477 2863 626 2894; x_wconf 83' lang='lat' dir='ltr'>voluerit.</span> <span class='ocrx_word' id='word_1_492' title='bbox 643 2862 707 2893; x_wconf 90' lang='lat' dir='ltr'>Sed</span> <span class='ocrx_word' id='word_1_493' title='bbox 722 2862 850 2892; x_wconf 89' lang='lat' dir='ltr'>habitus</span> <span class='ocrx_word' id='word_1_494' title='bbox 865 2871 934 2892; x_wconf 88' lang='lat' dir='ltr'>non</span> <span class='ocrx_word' id='word_1_495' title='bbox 950 2860 1147 2901; x_wconf 88' lang='lat' dir='ltr'>significatur</span> <span class='ocrx_word' id='word_1_496' title='bbox 1162 2865 1199 2890; x_wconf 93' lang='lat' dir='ltr'>ut</span> <span class='ocrx_word' id='word_1_497' title='bbox 1221 2859 1342 2900; x_wconf 91' lang='lat' dir='ltr'>aliquid</span> 
     </span>
     <span class='ocr_line' id='line_1_68' title="bbox 273 2905 1251 2950; baseline -0.006 -10"><span class='ocrx_word' id='word_1_498' title='bbox 273 2918 332 2950; x_wconf 86' lang='lat' dir='ltr'>per</span> <span class='ocrx_word' id='word_1_499' title='bbox 354 2918 388 2939; x_wconf 89' lang='lat' dir='ltr'>se</span> <span class='ocrx_word' id='word_1_500' title='bbox 411 2906 597 2943; x_wconf 83' lang='lat' dir='ltr'>subsistens,</span> <span class='ocrx_word' id='word_1_501' title='bbox 621 2906 679 2937; x_wconf 92' lang='lat' dir='ltr'>sed</span> <span class='ocrx_word' id='word_1_502' title='bbox 701 2911 738 2936; x_wconf 91' lang='lat' dir='ltr'>ut</span> <span class='ocrx_word' id='word_1_503' title='bbox 760 2906 896 2936; x_wconf 87' lang='lat' dir='ltr'>alicuius</span> <span class='ocrx_word' id='word_1_504' title='bbox 912 2906 1069 2938; x_wconf 86' lang='lat' dir='ltr'>habentis.</span> <span class='ocrx_word' id='word_1_505' title='bbox 1086 2905 1173 2945; x_wconf 86' lang='lat' dir='ltr'>Ergo</span> <span class='ocrx_word' id='word_1_506' title='bbox 1190 2909 1251 2934; x_wconf 88' lang='lat' dir='ltr'>etc.</span> 
     </span>
    </p>

    <p class='ocr_par' dir='ltr' id='par_1_18' title="bbox 273 2948 1346 3349">
     <span class='ocr_line' id='line_1_69' title="bbox 275 2948 1342 2992; baseline -0.006 -8"><span class='ocrx_word' id='word_1_507' title='bbox 275 2973 277 2976; x_wconf 94' lang='lat'>-</span> <span class='ocrx_word' id='word_1_508' title='bbox 330 2952 429 2984; x_wconf 89' lang='lat' dir='ltr'>Addit</span> <span class='ocrx_word' id='word_1_509' title='bbox 452 2961 587 2992; x_wconf 91' lang='lat' dir='ltr'>quoque</span> <span class='ocrx_word' id='word_1_510' title='bbox 611 2951 747 2982; x_wconf 88' lang='lat' dir='ltr'>Sanctus</span> <span class='ocrx_word' id='word_1_511' title='bbox 773 2950 930 2986; x_wconf 85' lang='lat' dir='ltr'>Thomas,</span> <span class='ocrx_word' id='word_1_512' title='bbox 954 2949 994 2980; x_wconf 83' lang='lat' dir='ltr'>ad</span> <span class='ocrx_word' id='word_1_513' title='bbox 1016 2949 1174 2980; x_wconf 84' lang='lat' dir='ltr'>maiorem</span> <span class='ocrx_word' id='word_1_514' title='bbox 1203 2948 1342 2979; x_wconf 85' lang='lat' dir='ltr'>declara·-</span> 
     </span>
     <span class='ocr_line' id='line_1_70' title="bbox 273 2991 1343 3037; baseline -0.006 -9"><span class='ocrx_word' id='word_1_515' title='bbox 273 2999 408 3034; x_wconf 80' lang='lat' dir='ltr'>tionem,</span> <span class='ocrx_word' id='word_1_516' title='bbox 433 2996 525 3037; x_wconf 93' lang='lat' dir='ltr'>quod</span> <span class='ocrx_word' id='word_1_517' title='bbox 546 2997 600 3026; x_wconf 90' lang='lat' dir='ltr'>hic</span> <span class='ocrx_word' id='word_1_518' title='bbox 623 3005 691 3025; x_wconf 90' lang='lat' dir='ltr'>non</span> <span class='ocrx_word' id='word_1_519' title='bbox 708 2995 865 3035; x_wconf 87' lang='lat' dir='ltr'>accipitur</span> <span class='ocrx_word' id='word_1_520' title='bbox 880 2994 1007 3024; x_wconf 83' lang='lat' dir='ltr'>habitus</span> <span class='ocrx_word' id='word_1_521' title='bbox 1021 2999 1059 3024; x_wconf 90' lang='lat' dir='ltr'>ut</span> <span class='ocrx_word' id='word_1_522' title='bbox 1082 2999 1130 3023; x_wconf 90' lang='lat' dir='ltr'>est</span> <span class='ocrx_word' id='word_1_523' title='bbox 1151 2994 1185 3023; x_wconf 93' lang='lat' dir='ltr'>in</span> <span class='ocrx_word' id='word_1_524' title='bbox 1201 2991 1343 3023; x_wconf 90' lang='lat' dir='ltr'>secunda</span> 
     </span>
     <span class='ocr_line' id='line_1_71' title="bbox 275 3038 1344 3082; baseline -0.005 -10"><span class='ocrx_word' id='word_1_525' title='bbox 275 3043 382 3082; x_wconf 89' lang='lat' dir='ltr'>specie</span> <span class='ocrx_word' id='word_1_526' title='bbox 406 3041 577 3082; x_wconf 87' lang='lat' dir='ltr'>qualitatis,</span> <span class='ocrx_word' id='word_1_527' title='bbox 593 3045 692 3080; x_wconf 90' lang='lat' dir='ltr'>prout</span> <span class='ocrx_word' id='word_1_528' title='bbox 716 3039 849 3079; x_wconf 88' lang='lat' dir='ltr'>quidam</span> <span class='ocrx_word' id='word_1_529' title='bbox 865 3038 1013 3069; x_wconf 87' lang='lat' dir='ltr'>dixerunt</span> <span class='ocrx_word' id='word_1_530' title='bbox 1028 3038 1229 3068; x_wconf 89' lang='lat' dir='ltr'>intellectum</span> <span class='ocrx_word' id='word_1_531' title='bbox 1247 3046 1344 3077; x_wconf 86' lang='lat' dir='ltr'>agen·</span> 
     </span>
     <span class='ocr_line' id='line_1_72' title="bbox 275 3082 1342 3124; baseline -0.006 -7"><span class='ocrx_word' id='word_1_532' title='bbox 275 3092 342 3117; x_wconf 89' lang='lat' dir='ltr'>tem</span> <span class='ocrx_word' id='word_1_533' title='bbox 366 3095 434 3117; x_wconf 89' lang='lat' dir='ltr'>esse</span> <span class='ocrx_word' id='word_1_534' title='bbox 457 3086 604 3116; x_wconf 90' lang='lat' dir='ltr'>habitum</span> <span class='ocrx_word' id='word_1_535' title='bbox 627 3084 878 3124; x_wconf 88' lang='lat' dir='ltr'>principiorum:</span> <span class='ocrx_word' id='word_1_536' title='bbox 903 3092 978 3113; x_wconf 90' lang='lat' dir='ltr'>cum</span> <span class='ocrx_word' id='word_1_537' title='bbox 1002 3083 1055 3113; x_wconf 90' lang='lat' dir='ltr'>ille</span> <span class='ocrx_word' id='word_1_538' title='bbox 1078 3083 1206 3113; x_wconf 88' lang='lat' dir='ltr'>habitus</span> <span class='ocrx_word' id='word_1_539' title='bbox 1228 3082 1269 3112; x_wconf 89' lang='lat' dir='ltr'>sit</span> <span class='ocrx_word' id='word_1_540' title='bbox 1291 3091 1342 3111; x_wconf 82' lang='lat' dir='ltr'>ac-</span> 
     </span>
     <span class='ocr_line' id='line_1_73' title="bbox 275 3126 1345 3172; baseline -0.006 -10"><span class='ocrx_word' id='word_1_541' title='bbox 275 3136 389 3172; x_wconf 89' lang='lat' dir='ltr'>ceptus</span> <span class='ocrx_word' id='word_1_542' title='bbox 412 3141 430 3160; x_wconf 93' lang='lat' dir='ltr'>a</span> <span class='ocrx_word' id='word_1_543' title='bbox 453 3129 666 3165; x_wconf 89' lang='lat' dir='ltr'>sensibilibus,</span> <span class='ocrx_word' id='word_1_544' title='bbox 690 3134 727 3159; x_wconf 94' lang='lat' dir='ltr'>ut</span> <span class='ocrx_word' id='word_1_545' title='bbox 749 3128 905 3168; x_wconf 90' lang='lat' dir='ltr'>probatur</span> <span class='ocrx_word' id='word_1_546' title='bbox 920 3127 947 3157; x_wconf 89' lang='lat'>11</span> <span class='ocrx_word' id='word_1_547' title='bbox 969 3127 1107 3163; x_wconf 71' lang='lat' dir='ltr'>Poster„</span> <span class='ocrx_word' id='word_1_548' title='bbox 1122 3132 1198 3157; x_wconf 84' lang='lat' dir='ltr'>text.</span> <span class='ocrx_word' id='word_1_549' title='bbox 1222 3126 1292 3162; x_wconf 64' lang='lat' dir='ltr'>ult„</span> <span class='ocrx_word' id='word_1_550' title='bbox 1313 3131 1345 3156; x_wconf 92' lang='lat' dir='ltr'>et</span> 
     </span>
     <span class='ocr_line' id='line_1_74' title="bbox 274 3169 1345 3215; baseline -0.006 -9"><span class='ocrx_word' id='word_1_551' title='bbox 274 3177 321 3206; x_wconf 89' lang='lat' dir='ltr'>sic</span> <span class='ocrx_word' id='word_1_552' title='bbox 344 3180 495 3215; x_wconf 83' lang='lat' dir='ltr'>oporteat</span> <span class='ocrx_word' id='word_1_553' title='bbox 517 3175 625 3214; x_wconf 89' lang='lat' dir='ltr'>ipsum</span> <span class='ocrx_word' id='word_1_554' title='bbox 652 3182 721 3204; x_wconf 88' lang='lat' dir='ltr'>esse</span> <span class='ocrx_word' id='word_1_555' title='bbox 745 3172 898 3203; x_wconf 89' lang='lat' dir='ltr'>effectum</span> <span class='ocrx_word' id='word_1_556' title='bbox 920 3171 1101 3202; x_wconf 88' lang='lat' dir='ltr'>intellectus</span> <span class='ocrx_word' id='word_1_557' title='bbox 1124 3171 1256 3211; x_wconf 86' lang='lat' dir='ltr'>agentis.</span> <span class='ocrx_word' id='word_1_558' title='bbox 1281 3169 1345 3201; x_wconf 90' lang='lat' dir='ltr'>Sed</span> 
     </span>
     <span class='ocr_line' id='line_1_75' title="bbox 276 3215 1346 3260; baseline -0.005 -10"><span class='ocrx_word' id='word_1_559' title='bbox 276 3221 433 3260; x_wconf 86' lang='lat' dir='ltr'>accipitur</span> <span class='ocrx_word' id='word_1_560' title='bbox 443 3225 480 3249; x_wconf 90' lang='lat' dir='ltr'>ut</span> <span class='ocrx_word' id='word_1_561' title='bbox 496 3218 648 3249; x_wconf 88' lang='lat' dir='ltr'>dividitur</span> <span class='ocrx_word' id='word_1_562' title='bbox 659 3223 771 3248; x_wconf 89' lang='lat' dir='ltr'>contra</span> <span class='ocrx_word' id='word_1_563' title='bbox 782 3216 1002 3257; x_wconf 83' lang='lat' dir='ltr'>privationem</span> <span class='ocrx_word' id='word_1_564' title='bbox 1013 3221 1046 3246; x_wconf 89' lang='lat' dir='ltr'>et</span> <span class='ocrx_word' id='word_1_565' title='bbox 1052 3215 1251 3256; x_wconf 82' lang='lat' dir='ltr'>potentiam:</span> <span class='ocrx_word' id='word_1_566' title='bbox 1263 3215 1346 3245; x_wconf 91' lang='lat' dir='ltr'>sicut</span> 
     </span>
     <span class='ocr_line' id='line_1_76' title="bbox 277 3261 1344 3302; baseline -0.006 -7"><span class='ocrx_word' id='word_1_567' title='bbox 277 3265 383 3295; x_wconf 87' lang='lat' dir='ltr'>omnis</span> <span class='ocrx_word' id='word_1_568' title='bbox 399 3264 504 3294; x_wconf 84' lang='lat' dir='ltr'>forma</span> <span class='ocrx_word' id='word_1_569' title='bbox 521 3268 552 3293; x_wconf 88' lang='lat' dir='ltr'>et</span> <span class='ocrx_word' id='word_1_570' title='bbox 568 3268 658 3293; x_wconf 84' lang='lat' dir='ltr'>actus</span> <span class='ocrx_word' id='word_1_571' title='bbox 674 3267 782 3302; x_wconf 87' lang='lat' dir='ltr'>potest</span> <span class='ocrx_word' id='word_1_572' title='bbox 798 3261 861 3291; x_wconf 92' lang='lat' dir='ltr'>dici</span> <span class='ocrx_word' id='word_1_573' title='bbox 876 3261 1013 3291; x_wconf 88' lang='lat' dir='ltr'>habitus.</span> <span class='ocrx_word' id='word_1_574' title='bbox 1031 3261 1107 3291; x_wconf 92' lang='lat' dir='ltr'>Hoc</span> <span class='ocrx_word' id='word_1_575' title='bbox 1123 3266 1231 3290; x_wconf 88' lang='lat' dir='ltr'>autem</span> <span class='ocrx_word' id='word_1_576' title='bbox 1246 3264 1344 3299; x_wconf 86' lang='lat' dir='ltr'>patet,</span> 
     </span>
     <span class='ocr_line' id='line_1_77' title="bbox 276 3304 1344 3349; baseline -0.007 -9"><span class='ocrx_word' id='word_1_577' title='bbox 276 3309 353 3349; x_wconf 87' lang='lat' dir='ltr'>quia</span> <span class='ocrx_word' id='word_1_578' title='bbox 369 3308 485 3340; x_wconf 90' lang='lat' dir='ltr'>dicitur</span> <span class='ocrx_word' id='word_1_579' title='bbox 499 3308 701 3338; x_wconf 86' lang='lat' dir='ltr'>intellectum</span> <span class='ocrx_word' id='word_1_580' title='bbox 717 3311 865 3346; x_wconf 85' lang='lat' dir='ltr'>agentem</span> <span class='ocrx_word' id='word_1_581' title='bbox 882 3315 950 3336; x_wconf 87' lang='lat' dir='ltr'>esse</span> <span class='ocrx_word' id='word_1_582' title='bbox 966 3305 1112 3335; x_wconf 86' lang='lat' dir='ltr'>habitum</span> <span class='ocrx_word' id='word_1_583' title='bbox 1126 3305 1211 3335; x_wconf 86' lang='lat' dir='ltr'>sicut</span> <span class='ocrx_word' id='word_1_584' title='bbox 1226 3304 1344 3334; x_wconf 86' lang='lat' dir='ltr'>lumen.</span> 
     </span>
    </p>

    <p class='ocr_par' dir='ltr' id='par_1_19' title="bbox 277 3349 1347 3703">
     <span class='ocr_line' id='line_1_78' title="bbox 331 3349 1346 3392; baseline -0.005 -9"><span class='ocrx_word' id='word_1_585' title='bbox 331 3352 575 3384; x_wconf 87' lang='lat' dir='ltr'>Advertendum</span> <span class='ocrx_word' id='word_1_586' title='bbox 597 3353 651 3382; x_wconf 91' lang='lat' dir='ltr'>hic</span> <span class='ocrx_word' id='word_1_587' title='bbox 674 3350 765 3392; x_wconf 91' lang='lat' dir='ltr'>quod</span> <span class='ocrx_word' id='word_1_588' title='bbox 793 3360 831 3381; x_wconf 83' lang='lat' dir='ltr'>ex</span> <span class='ocrx_word' id='word_1_589' title='bbox 854 3350 958 3380; x_wconf 90' lang='lat' dir='ltr'>verbis</span> <span class='ocrx_word' id='word_1_590' title='bbox 986 3349 1095 3380; x_wconf 89' lang='lat' dir='ltr'>Sancti</span> <span class='ocrx_word' id='word_1_591' title='bbox 1118 3349 1267 3379; x_wconf 90' lang='lat' dir='ltr'>Thomae</span> <span class='ocrx_word' id='word_1_592' title='bbox 1289 3357 1346 3388; x_wconf 90' lang='lat' dir='ltr'>ap-</span> 
     </span>
     <span class='ocr_line' id='line_1_79' title="bbox 277 3393 1345 3437; baseline -0.006 -9"><span class='ocrx_word' id='word_1_593' title='bbox 277 3402 368 3437; x_wconf 85' lang='lat' dir='ltr'>paret</span> <span class='ocrx_word' id='word_1_594' title='bbox 390 3397 517 3427; x_wconf 88' lang='lat' dir='ltr'>habitus</span> <span class='ocrx_word' id='word_1_595' title='bbox 532 3398 713 3437; x_wconf 87' lang='lat' dir='ltr'>primorum</span> <span class='ocrx_word' id='word_1_596' title='bbox 729 3395 975 3436; x_wconf 87' lang='lat' dir='ltr'>principiorum,</span> <span class='ocrx_word' id='word_1_597' title='bbox 997 3394 1053 3433; x_wconf 93' lang='lat' dir='ltr'>qui</span> <span class='ocrx_word' id='word_1_598' title='bbox 1077 3393 1229 3424; x_wconf 89' lang='lat' dir='ltr'>dicuntur</span> <span class='ocrx_word' id='word_1_599' title='bbox 1250 3393 1345 3422; x_wconf 89' lang='lat' dir='ltr'>nobis</span> 
     </span>
     <span class='ocr_line' id='line_1_80' title="bbox 278 3436 1346 3475; baseline -0.006 -3"><span class='ocrx_word' id='word_1_600' title='bbox 278 3442 438 3472; x_wconf 84' lang='lat' dir='ltr'>naturales</span> <span class='ocrx_word' id='word_1_601' title='bbox 453 3447 485 3471; x_wconf 89' lang='lat' dir='ltr'>et</span> <span class='ocrx_word' id='word_1_602' title='bbox 507 3442 613 3472; x_wconf 88' lang='lat' dir='ltr'>inesse</span> <span class='ocrx_word' id='word_1_603' title='bbox 628 3441 723 3471; x_wconf 91' lang='lat' dir='ltr'>nobis</span> <span class='ocrx_word' id='word_1_604' title='bbox 747 3450 764 3470; x_wconf 90' lang='lat' dir='ltr'>a</span> <span class='ocrx_word' id='word_1_605' title='bbox 787 3445 909 3475; x_wconf 87' lang='lat' dir='ltr'>natura,</span> <span class='ocrx_word' id='word_1_606' title='bbox 930 3448 998 3468; x_wconf 93' lang='lat' dir='ltr'>non</span> <span class='ocrx_word' id='word_1_607' title='bbox 1021 3438 1067 3468; x_wconf 87' lang='lat' dir='ltr'>sic</span> <span class='ocrx_word' id='word_1_608' title='bbox 1090 3437 1154 3468; x_wconf 90' lang='lat' dir='ltr'>dici</span> <span class='ocrx_word' id='word_1_609' title='bbox 1176 3436 1346 3473; x_wconf 83' lang='lat' dir='ltr'>naturales,</span> 
     </span>
     <span class='ocr_line' id='line_1_81' title="bbox 279 3481 1346 3525; baseline -0.006 -9"><span class='ocrx_word' id='word_1_610' title='bbox 279 3492 335 3516; x_wconf 90' lang='lat' dir='ltr'>aut</span> <span class='ocrx_word' id='word_1_611' title='bbox 356 3486 462 3516; x_wconf 88' lang='lat' dir='ltr'>inesse</span> <span class='ocrx_word' id='word_1_612' title='bbox 485 3495 504 3516; x_wconf 86' lang='lat' dir='ltr'>a</span> <span class='ocrx_word' id='word_1_613' title='bbox 526 3491 649 3522; x_wconf 85' lang='lat' dir='ltr'>natura,</span> <span class='ocrx_word' id='word_1_614' title='bbox 675 3485 766 3525; x_wconf 89' lang='lat' dir='ltr'>quasi</span> <span class='ocrx_word' id='word_1_615' title='bbox 782 3485 875 3514; x_wconf 87' lang='lat' dir='ltr'>nobis</span> <span class='ocrx_word' id='word_1_616' title='bbox 899 3483 1075 3513; x_wconf 86' lang='lat' dir='ltr'>formaliter</span> <span class='ocrx_word' id='word_1_617' title='bbox 1098 3482 1160 3512; x_wconf 88' lang='lat' dir='ltr'>sint</span> <span class='ocrx_word' id='word_1_618' title='bbox 1183 3481 1346 3521; x_wconf 84' lang='lat' dir='ltr'>congeniti</span> 
     </span>
     <span class='ocr_line' id='line_1_82' title="bbox 279 3525 1346 3570; baseline -0.007 -9"><span class='ocrx_word' id='word_1_619' title='bbox 279 3536 312 3561; x_wconf 89' lang='lat' dir='ltr'>et</span> <span class='ocrx_word' id='word_1_620' title='bbox 335 3531 375 3560; x_wconf 89' lang='lat' dir='ltr'>ab</span> <span class='ocrx_word' id='word_1_621' title='bbox 399 3531 469 3570; x_wconf 91' lang='lat' dir='ltr'>ipsa</span> <span class='ocrx_word' id='word_1_622' title='bbox 491 3530 655 3560; x_wconf 79' lang='lat' dir='ltr'>nativitate</span> <span class='ocrx_word' id='word_1_623' title='bbox 671 3530 765 3559; x_wconf 92' lang='lat' dir='ltr'>nobis</span> <span class='ocrx_word' id='word_1_624' title='bbox 788 3528 898 3558; x_wconf 86' lang='lat' dir='ltr'>inditi:</span> <span class='ocrx_word' id='word_1_625' title='bbox 922 3537 1008 3563; x_wconf 88' lang='lat' dir='ltr'>nam,</span> <span class='ocrx_word' id='word_1_626' title='bbox 1024 3527 1051 3556; x_wconf 91' lang='lat' dir='ltr'>si</span> <span class='ocrx_word' id='word_1_627' title='bbox 1074 3531 1180 3556; x_wconf 90' lang='lat' dir='ltr'>essent</span> <span class='ocrx_word' id='word_1_628' title='bbox 1203 3526 1237 3555; x_wconf 90' lang='lat' dir='ltr'>in</span> <span class='ocrx_word' id='word_1_629' title='bbox 1253 3525 1346 3555; x_wconf 90' lang='lat' dir='ltr'>nobis</span> 
     </span>
     <span class='ocr_line' id='line_1_83' title="bbox 279 3570 1347 3615; baseline -0.006 -10"><span class='ocrx_word' id='word_1_630' title='bbox 279 3584 299 3605; x_wconf 87' lang='lat' dir='ltr'>a</span> <span class='ocrx_word' id='word_1_631' title='bbox 314 3575 522 3615; x_wconf 87' lang='lat' dir='ltr'>generatione</span> <span class='ocrx_word' id='word_1_632' title='bbox 534 3574 715 3605; x_wconf 90' lang='lat' dir='ltr'>secundum</span> <span class='ocrx_word' id='word_1_633' title='bbox 731 3583 765 3604; x_wconf 91' lang='lat' dir='ltr'>se</span> <span class='ocrx_word' id='word_1_634' title='bbox 778 3579 810 3604; x_wconf 87' lang='lat' dir='ltr'>et</span> <span class='ocrx_word' id='word_1_635' title='bbox 826 3573 1011 3607; x_wconf 87' lang='lat' dir='ltr'>formaliter,</span> <span class='ocrx_word' id='word_1_636' title='bbox 1025 3580 1092 3601; x_wconf 89' lang='lat' dir='ltr'>non</span> <span class='ocrx_word' id='word_1_637' title='bbox 1105 3570 1347 3609; x_wconf 87' lang='lat' dir='ltr'>acquirerentur</span> 
     </span>
     <span class='ocr_line' id='line_1_84' title="bbox 281 3614 1347 3658; baseline -0.006 -9"><span class='ocrx_word' id='word_1_638' title='bbox 281 3628 319 3649; x_wconf 85' lang='lat' dir='ltr'>ex</span> <span class='ocrx_word' id='word_1_639' title='bbox 335 3619 547 3655; x_wconf 89' lang='lat' dir='ltr'>sensibilibus,</span> <span class='ocrx_word' id='word_1_640' title='bbox 563 3624 600 3649; x_wconf 87' lang='lat' dir='ltr'>ut</span> <span class='ocrx_word' id='word_1_641' title='bbox 614 3619 721 3658; x_wconf 87' lang='lat' dir='ltr'>inquit</span> <span class='ocrx_word' id='word_1_642' title='bbox 737 3618 871 3649; x_wconf 87' lang='lat' dir='ltr'>Sanctus</span> <span class='ocrx_word' id='word_1_643' title='bbox 884 3617 1028 3647; x_wconf 86' lang='lat' dir='ltr'>Thomas</span> <span class='ocrx_word' id='word_1_644' title='bbox 1041 3616 1103 3645; x_wconf 91' lang='lat' dir='ltr'>hic.</span> <span class='ocrx_word' id='word_1_645' title='bbox 1117 3614 1180 3645; x_wconf 89' lang='lat' dir='ltr'>Sed</span> <span class='ocrx_word' id='word_1_646' title='bbox 1197 3614 1347 3644; x_wconf 88' lang='lat' dir='ltr'>dicuntur</span> 
     </span>
     <span class='ocr_line' id='line_1_85' title="bbox 280 3659 1347 3703; baseline -0.006 -10"><span class='ocrx_word' id='word_1_647' title='bbox 280 3663 374 3693; x_wconf 83' lang='lat' dir='ltr'>nobis</span> <span class='ocrx_word' id='word_1_648' title='bbox 397 3663 567 3700; x_wconf 81' lang='lat' dir='ltr'>naturales,</span> <span class='ocrx_word' id='word_1_649' title='bbox 591 3663 668 3703; x_wconf 89' lang='lat' dir='ltr'>quia</span> <span class='ocrx_word' id='word_1_650' title='bbox 690 3672 758 3693; x_wconf 92' lang='lat' dir='ltr'>non</span> <span class='ocrx_word' id='word_1_651' title='bbox 783 3667 953 3693; x_wconf 88' lang='lat' dir='ltr'>causantur</span> <span class='ocrx_word' id='word_1_652' title='bbox 969 3671 1007 3691; x_wconf 88' lang='lat' dir='ltr'>ex</span> <span class='ocrx_word' id='word_1_653' title='bbox 1030 3659 1176 3690; x_wconf 89' lang='lat' dir='ltr'>discursu</span> <span class='ocrx_word' id='word_1_654' title='bbox 1200 3663 1232 3689; x_wconf 89' lang='lat' dir='ltr'>et</span> <span class='ocrx_word' id='word_1_655' title='bbox 1256 3667 1347 3697; x_wconf 85' lang='lat' dir='ltr'>argu-</span> 
     </span>
    </p>
   </div>
   <div class='ocr_carea' id='block_1_14' title="bbox 1393 1175 2470 3697">
    <p class='ocr_par' dir='ltr' id='par_1_20' title="bbox 1396 1175 2468 1703">
     <span class='ocr_line' id='line_1_86' title="bbox 1398 1175 2467 1215; baseline 0 -7"><span class='ocrx_word' id='word_1_656' title='bbox 1398 1177 1607 1213; x_wconf 88' lang='lat' dir='ltr'>mentatione,</span> <span class='ocrx_word' id='word_1_657' title='bbox 1631 1176 1689 1207; x_wconf 90' lang='lat' dir='ltr'>sed</span> <span class='ocrx_word' id='word_1_658' title='bbox 1710 1175 1895 1206; x_wconf 89' lang='lat' dir='ltr'>immediate</span> <span class='ocrx_word' id='word_1_659' title='bbox 1923 1185 1962 1206; x_wconf 83' lang='lat' dir='ltr'>ex</span> <span class='ocrx_word' id='word_1_660' title='bbox 1990 1176 2156 1206; x_wconf 90' lang='lat' dir='ltr'>intellectu</span> <span class='ocrx_word' id='word_1_661' title='bbox 2187 1181 2302 1215; x_wconf 89' lang='lat' dir='ltr'>agente</span> <span class='ocrx_word' id='word_1_662' title='bbox 2329 1175 2467 1208; x_wconf 82' lang='lat' dir='ltr'>faciente</span> 
     </span>
     <span class='ocr_line' id='line_1_87' title="bbox 1397 1219 2466 1262; baseline 0 -10"><span class='ocrx_word' id='word_1_663' title='bbox 1397 1222 1619 1262; x_wconf 88' lang='lat' dir='ltr'>phantasmata</span> <span class='ocrx_word' id='word_1_664' title='bbox 1641 1221 1852 1260; x_wconf 89' lang='lat' dir='ltr'>intelligibilia</span> <span class='ocrx_word' id='word_1_665' title='bbox 1874 1221 1909 1250; x_wconf 88' lang='lat' dir='ltr'>in</span> <span class='ocrx_word' id='word_1_666' title='bbox 1931 1225 2023 1256; x_wconf 80' lang='lat' dir='ltr'>actu3</span> <span class='ocrx_word' id='word_1_667' title='bbox 2048 1220 2105 1260; x_wconf 86' lang='lat' dir='ltr'>qui</span> <span class='ocrx_word' id='word_1_668' title='bbox 2128 1219 2261 1260; x_wconf 89' lang='lat' dir='ltr'>quidem</span> <span class='ocrx_word' id='word_1_669' title='bbox 2284 1220 2466 1252; x_wconf 87' lang='lat' dir='ltr'>intellectus</span> 
     </span>
     <span class='ocr_line' id='line_1_88' title="bbox 1399 1264 2466 1305; baseline 0 -9"><span class='ocrx_word' id='word_1_670' title='bbox 1399 1271 1430 1296; x_wconf 92' lang='lat' dir='ltr'>et</span> <span class='ocrx_word' id='word_1_671' title='bbox 1452 1266 1546 1296; x_wconf 92' lang='lat' dir='ltr'>nobis</span> <span class='ocrx_word' id='word_1_672' title='bbox 1569 1266 1653 1296; x_wconf 89' lang='lat' dir='ltr'>inest</span> <span class='ocrx_word' id='word_1_673' title='bbox 1668 1266 1708 1296; x_wconf 86' lang='lat' dir='ltr'>ab</span> <span class='ocrx_word' id='word_1_674' title='bbox 1731 1266 1800 1305; x_wconf 89' lang='lat' dir='ltr'>ipsa</span> <span class='ocrx_word' id='word_1_675' title='bbox 1815 1265 1989 1301; x_wconf 87' lang='lat' dir='ltr'>nativitate,</span> <span class='ocrx_word' id='word_1_676' title='bbox 2008 1269 2039 1294; x_wconf 91' lang='lat' dir='ltr'>et</span> <span class='ocrx_word' id='word_1_677' title='bbox 2061 1264 2255 1301; x_wconf 89' lang='lat' dir='ltr'>naturaliter,</span> <span class='ocrx_word' id='word_1_678' title='bbox 2273 1273 2349 1295; x_wconf 90' lang='lat' dir='ltr'>cum</span> <span class='ocrx_word' id='word_1_679' title='bbox 2363 1266 2466 1305; x_wconf 85' lang='lat' dir='ltr'>phan-</span> 
     </span>
     <span class='ocr_line' id='line_1_89' title="bbox 1398 1309 2466 1349; baseline 0 -9"><span class='ocrx_word' id='word_1_680' title='bbox 1398 1310 1585 1341; x_wconf 86' lang='lat' dir='ltr'>tasmatibus</span> <span class='ocrx_word' id='word_1_681' title='bbox 1602 1310 1815 1340; x_wconf 83' lang='lat' dir='ltr'>terminorum</span> <span class='ocrx_word' id='word_1_682' title='bbox 1830 1318 1915 1349; x_wconf 91' lang='lat' dir='ltr'>quae</span> <span class='ocrx_word' id='word_1_683' title='bbox 1932 1309 2084 1339; x_wconf 88' lang='lat' dir='ltr'>omnibus</span> <span class='ocrx_word' id='word_1_684' title='bbox 2099 1309 2219 1345; x_wconf 88' lang='lat' dir='ltr'>insunt,</span> <span class='ocrx_word' id='word_1_685' title='bbox 2235 1309 2323 1348; x_wconf 90' lang='lat' dir='ltr'>ipsos</span> <span class='ocrx_word' id='word_1_686' title='bbox 2339 1309 2466 1340; x_wconf 88' lang='lat' dir='ltr'>habitus</span> 
     </span>
     <span class='ocr_line' id='line_1_90' title="bbox 1397 1353 2466 1394; baseline -0.001 -9"><span class='ocrx_word' id='word_1_687' title='bbox 1397 1354 1432 1385; x_wconf 91' lang='lat' dir='ltr'>in</span> <span class='ocrx_word' id='word_1_688' title='bbox 1453 1354 1620 1389; x_wconf 88' lang='lat' dir='ltr'>intellectu</span> <span class='ocrx_word' id='word_1_689' title='bbox 1638 1354 1785 1394; x_wconf 88' lang='lat' dir='ltr'>possibili</span> <span class='ocrx_word' id='word_1_690' title='bbox 1807 1358 1968 1393; x_wconf 90' lang='lat' dir='ltr'>operatur.</span> <span class='ocrx_word' id='word_1_691' title='bbox 1985 1353 2061 1384; x_wconf 91' lang='lat' dir='ltr'>Non</span> <span class='ocrx_word' id='word_1_692' title='bbox 2080 1358 2190 1383; x_wconf 88' lang='lat' dir='ltr'>autem</span> <span class='ocrx_word' id='word_1_693' title='bbox 2213 1358 2364 1393; x_wconf 89' lang='lat' dir='ltr'>operatur</span> <span class='ocrx_word' id='word_1_694' title='bbox 2386 1353 2466 1384; x_wconf 89' lang='lat' dir='ltr'>alios</span> 
     </span>
     <span class='ocr_line' id='line_1_91' title="bbox 1397 1397 2465 1438; baseline -0.001 -9"><span class='ocrx_word' id='word_1_695' title='bbox 1397 1398 1525 1429; x_wconf 88' lang='lat' dir='ltr'>habitus</span> <span class='ocrx_word' id='word_1_696' title='bbox 1540 1398 1724 1429; x_wconf 89' lang='lat' dir='ltr'>naturaliter</span> <span class='ocrx_word' id='word_1_697' title='bbox 1737 1403 1819 1428; x_wconf 90' lang='lat' dir='ltr'>etex</span> <span class='ocrx_word' id='word_1_698' title='bbox 1834 1407 1868 1428; x_wconf 91' lang='lat' dir='ltr'>se</span> <span class='ocrx_word' id='word_1_699' title='bbox 1884 1397 2069 1428; x_wconf 90' lang='lat' dir='ltr'>immediate</span> <span class='ocrx_word' id='word_1_700' title='bbox 2084 1407 2162 1428; x_wconf 90' lang='lat' dir='ltr'>cum</span> <span class='ocrx_word' id='word_1_701' title='bbox 2176 1397 2465 1438; x_wconf 89' lang='lat' dir='ltr'>phantasmatibus:</span> 
     </span>
     <span class='ocr_line' id='line_1_92' title="bbox 1397 1441 2465 1483; baseline -0.002 -10"><span class='ocrx_word' id='word_1_702' title='bbox 1397 1442 1454 1473; x_wconf 87' lang='lat' dir='ltr'>sed</span> <span class='ocrx_word' id='word_1_703' title='bbox 1465 1443 1534 1483; x_wconf 90' lang='lat' dir='ltr'>ipse</span> <span class='ocrx_word' id='word_1_704' title='bbox 1550 1442 1731 1473; x_wconf 87' lang='lat' dir='ltr'>intellectus</span> <span class='ocrx_word' id='word_1_705' title='bbox 1746 1442 1916 1482; x_wconf 91' lang='lat' dir='ltr'>possibilis,</span> <span class='ocrx_word' id='word_1_706' title='bbox 1930 1441 2140 1472; x_wconf 83' lang='lat' dir='ltr'>discurrendo</span> <span class='ocrx_word' id='word_1_707' title='bbox 2153 1447 2184 1472; x_wconf 91' lang='lat' dir='ltr'>et</span> <span class='ocrx_word' id='word_1_708' title='bbox 2199 1441 2465 1481; x_wconf 86' lang='lat' dir='ltr'>argumentando,</span> 
     </span>
     <span class='ocr_line' id='line_1_93' title="bbox 1397 1485 2467 1526; baseline 0.001 -10"><span class='ocrx_word' id='word_1_709' title='bbox 1397 1487 1470 1516; x_wconf 92' lang='lat' dir='ltr'>illos</span> <span class='ocrx_word' id='word_1_710' title='bbox 1493 1487 1527 1516; x_wconf 92' lang='lat' dir='ltr'>in</span> <span class='ocrx_word' id='word_1_711' title='bbox 1551 1487 1658 1526; x_wconf 90' lang='lat' dir='ltr'>seipso</span> <span class='ocrx_word' id='word_1_712' title='bbox 1683 1491 1805 1522; x_wconf 86' lang='lat' dir='ltr'>causat;</span> <span class='ocrx_word' id='word_1_713' title='bbox 1830 1486 1905 1516; x_wconf 90' lang='lat' dir='ltr'>licet</span> <span class='ocrx_word' id='word_1_714' title='bbox 1928 1485 1968 1516; x_wconf 88' lang='lat' dir='ltr'>ad</span> <span class='ocrx_word' id='word_1_715' title='bbox 1991 1486 2063 1516; x_wconf 90' lang='lat' dir='ltr'>illos</span> <span class='ocrx_word' id='word_1_716' title='bbox 2091 1485 2270 1516; x_wconf 89' lang='lat' dir='ltr'>causandos</span> <span class='ocrx_word' id='word_1_717' title='bbox 2296 1486 2467 1518; x_wconf 84' lang='lat' dir='ltr'>concurrat</span> 
     </span>
     <span class='ocr_line' id='line_1_94' title="bbox 1398 1529 2468 1570; baseline -0.001 -9"><span class='ocrx_word' id='word_1_718' title='bbox 1398 1532 1496 1561; x_wconf 86' lang='lat' dir='ltr'>etiam</span> <span class='ocrx_word' id='word_1_719' title='bbox 1522 1531 1622 1561; x_wconf 84' lang='lat' dir='ltr'>virtus</span> <span class='ocrx_word' id='word_1_720' title='bbox 1647 1535 1679 1560; x_wconf 87' lang='lat' dir='ltr'>et</span> <span class='ocrx_word' id='word_1_721' title='bbox 1700 1530 1812 1560; x_wconf 89' lang='lat' dir='ltr'>lumen</span> <span class='ocrx_word' id='word_1_722' title='bbox 1835 1530 2016 1561; x_wconf 89' lang='lat' dir='ltr'>intellectus</span> <span class='ocrx_word' id='word_1_723' title='bbox 2040 1531 2172 1570; x_wconf 85' lang='lat' dir='ltr'>agentis.</span> <span class='ocrx_word' id='word_1_724' title='bbox 2197 1529 2293 1560; x_wconf 90' lang='lat' dir='ltr'>Unde</span> <span class='ocrx_word' id='word_1_725' title='bbox 2316 1535 2348 1560; x_wconf 89' lang='lat' dir='ltr'>et</span> <span class='ocrx_word' id='word_1_726' title='bbox 2369 1540 2468 1570; x_wconf 82' lang='lat' dir='ltr'>super</span> 
     </span>
     <span class='ocr_line' id='line_1_95' title="bbox 1396 1574 2465 1614; baseline 0 -9"><span class='ocrx_word' id='word_1_727' title='bbox 1396 1575 1512 1605; x_wconf 81' lang='lat' dir='ltr'>Boetio</span> <span class='ocrx_word' id='word_1_728' title='bbox 1536 1574 1576 1605; x_wconf 86' lang='lat' dir='ltr'>de</span> <span class='ocrx_word' id='word_1_729' title='bbox 1603 1574 1772 1609; x_wconf 85' lang='lat' dir='ltr'>Trinitate‚</span> <span class='ocrx_word' id='word_1_730' title='bbox 1804 1580 1860 1604; x_wconf 91' lang='lat' dir='ltr'>art.</span> <span class='ocrx_word' id='word_1_731' title='bbox 1890 1575 1947 1604; x_wconf 91' lang='lat' dir='ltr'>ult.</span> <span class='ocrx_word' id='word_1_732' title='bbox 1965 1576 1992 1610; x_wconf 48' lang='grc' dir='ltr'>ὓ,</span> <span class='ocrx_word' id='word_1_733' title='bbox 2020 1575 2127 1614; x_wconf 90' lang='lat' dir='ltr'>inquit</span> <span class='ocrx_word' id='word_1_734' title='bbox 2157 1574 2293 1604; x_wconf 86' lang='lat' dir='ltr'>Sanctus</span> <span class='ocrx_word' id='word_1_735' title='bbox 2321 1574 2465 1605; x_wconf 86' lang='lat' dir='ltr'>Thomas</span> 
     </span>
     <span class='ocr_line' id='line_1_96' title="bbox 1397 1618 2468 1660; baseline 0.001 -12"><span class='ocrx_word' id='word_1_736' title='bbox 1397 1618 1489 1658; x_wconf 90' lang='lat' dir='ltr'>quod</span> <span class='ocrx_word' id='word_1_737' title='bbox 1509 1618 1694 1649; x_wconf 83' lang='lat' dir='ltr'>huiusmodi</span> <span class='ocrx_word' id='word_1_738' title='bbox 1711 1619 1909 1649; x_wconf 84' lang='lat' dir='ltr'>naturaliter</span> <span class='ocrx_word' id='word_1_739' title='bbox 1924 1619 2058 1660; x_wconf 83' lang='lat' dir='ltr'>cognita</span> <span class='ocrx_word' id='word_1_740' title='bbox 2073 1618 2197 1648; x_wconf 84' lang='lat' dir='ltr'>homini</span> <span class='ocrx_word' id='word_1_741' title='bbox 2213 1618 2468 1658; x_wconf 72' lang='lat' dir='ltr'>manifestantur</span> 
     </span>
     <span class='ocr_line' id='line_1_97' title="bbox 1397 1662 2466 1703; baseline 0.001 -11"><span class='ocrx_word' id='word_1_742' title='bbox 1397 1672 1439 1692; x_wconf 84' lang='lat' dir='ltr'>ex</span> <span class='ocrx_word' id='word_1_743' title='bbox 1462 1663 1584 1693; x_wconf 87' lang='lat' dir='ltr'>lumine</span> <span class='ocrx_word' id='word_1_744' title='bbox 1608 1662 1789 1693; x_wconf 83' lang='lat' dir='ltr'>intellectus</span> <span class='ocrx_word' id='word_1_745' title='bbox 1812 1662 1950 1703; x_wconf 83' lang='lat' dir='ltr'>agentis,</span> <span class='ocrx_word' id='word_1_746' title='bbox 1974 1662 2062 1703; x_wconf 86' lang='lat' dir='ltr'>quod</span> <span class='ocrx_word' id='word_1_747' title='bbox 2085 1667 2132 1692; x_wconf 83' lang='lat' dir='ltr'>est</span> <span class='ocrx_word' id='word_1_748' title='bbox 2153 1662 2277 1692; x_wconf 81' lang='lat' dir='ltr'>homini</span> <span class='ocrx_word' id='word_1_749' title='bbox 2304 1663 2466 1693; x_wconf 87' lang='lat' dir='ltr'>naturale.</span> 
     </span>
    </p>

    <p class='ocr_par' dir='ltr' id='par_1_21' title="bbox 1394 1705 2467 2367">
     <span class='ocr_line' id='line_1_98' title="bbox 1452 1705 2467 1745; baseline 0.001 -9"><span class='ocrx_word' id='word_1_750' title='bbox 1452 1705 1698 1737; x_wconf 86' lang='lat' dir='ltr'>Attendendum</span> <span class='ocrx_word' id='word_1_751' title='bbox 1722 1707 1829 1742; x_wconf 87' lang='lat' dir='ltr'>etiam,</span> <span class='ocrx_word' id='word_1_752' title='bbox 1853 1716 1930 1737; x_wconf 86' lang='lat' dir='ltr'>curn</span> <span class='ocrx_word' id='word_1_753' title='bbox 1954 1706 2070 1737; x_wconf 90' lang='lat' dir='ltr'>dicitur</span> <span class='ocrx_word' id='word_1_754' title='bbox 2092 1705 2293 1736; x_wconf 87' lang='lat' dir='ltr'>intellectum</span> <span class='ocrx_word' id='word_1_755' title='bbox 2317 1712 2467 1745; x_wconf 88' lang='lat' dir='ltr'>agentem</span> 
     </span>
     <span class='ocr_line' id='line_1_99' title="bbox 1397 1749 2467 1785; baseline 0 -3"><span class='ocrx_word' id='word_1_756' title='bbox 1397 1760 1466 1782; x_wconf 83' lang='lat' dir='ltr'>esse</span> <span class='ocrx_word' id='word_1_757' title='bbox 1495 1751 1639 1781; x_wconf 77' lang='lat' dir='ltr'>habitum</span> <span class='ocrx_word' id='word_1_758' title='bbox 1671 1750 1757 1781; x_wconf 83' lang='lat' dir='ltr'>sicut</span> <span class='ocrx_word' id='word_1_759' title='bbox 1786 1751 1904 1785; x_wconf 82' lang='lat' dir='ltr'>lumen,</span> <span class='ocrx_word' id='word_1_760' title='bbox 1936 1750 2118 1781; x_wconf 89' lang='lat' dir='ltr'>secundum</span> <span class='ocrx_word' id='word_1_761' title='bbox 2148 1749 2329 1780; x_wconf 89' lang='lat' dir='ltr'>doctrinam</span> <span class='ocrx_word' id='word_1_762' title='bbox 2359 1750 2467 1782; x_wconf 87' lang='lat' dir='ltr'>Sancti</span> 
     </span>
     <span class='ocr_line' id='line_1_100' title="bbox 1397 1793 2467 1834; baseline -0.001 -9"><span class='ocrx_word' id='word_1_763' title='bbox 1397 1795 1547 1826; x_wconf 88' lang='lat' dir='ltr'>Thomae</span> <span class='ocrx_word' id='word_1_764' title='bbox 1570 1795 1604 1825; x_wconf 86' lang='lat' dir='ltr'>in</span> <span class='ocrx_word' id='word_1_765' title='bbox 1627 1794 1692 1832; x_wconf 92' lang='lat' dir='ltr'>Qu.</span> <span class='ocrx_word' id='word_1_766' title='bbox 1717 1794 1758 1825; x_wconf 86' lang='lat' dir='ltr'>de</span> <span class='ocrx_word' id='word_1_767' title='bbox 1779 1795 1908 1831; x_wconf 88' lang='lat' dir='ltr'>Anima,</span> <span class='ocrx_word' id='word_1_768' title='bbox 1933 1800 1989 1825; x_wconf 89' lang='lat' dir='ltr'>art.</span> <span class='ocrx_word' id='word_1_769' title='bbox 2006 1803 2038 1834; x_wconf 90' lang='lat'>4.</span> <span class='ocrx_word' id='word_1_770' title='bbox 2055 1794 2095 1825; x_wconf 91' lang='lat' dir='ltr'>ad</span> <span class='ocrx_word' id='word_1_771' title='bbox 2110 1803 2141 1833; x_wconf 93' lang='lat'>4,</span> <span class='ocrx_word' id='word_1_772' title='bbox 2166 1793 2256 1834; x_wconf 92' lang='lat' dir='ltr'>quod</span> <span class='ocrx_word' id='word_1_773' title='bbox 2278 1794 2362 1824; x_wconf 91' lang='lat' dir='ltr'>hanc</span> <span class='ocrx_word' id='word_1_774' title='bbox 2377 1804 2467 1825; x_wconf 90' lang='lat' dir='ltr'>com-</span> 
     </span>
     <span class='ocr_line' id='line_1_101' title="bbox 1396 1837 2465 1879; baseline 0 -9"><span class='ocrx_word' id='word_1_775' title='bbox 1396 1840 1598 1879; x_wconf 84' lang='lat' dir='ltr'>parationem</span> <span class='ocrx_word' id='word_1_776' title='bbox 1621 1839 1769 1879; x_wconf 89' lang='lat' dir='ltr'>intelligit</span> <span class='ocrx_word' id='word_1_777' title='bbox 1791 1839 1980 1870; x_wconf 84' lang='lat' dir='ltr'>Aristoteles</span> <span class='ocrx_word' id='word_1_778' title='bbox 1995 1844 2155 1879; x_wconf 91' lang='lat' dir='ltr'>quantum</span> <span class='ocrx_word' id='word_1_779' title='bbox 2177 1837 2218 1869; x_wconf 90' lang='lat' dir='ltr'>ad</span> <span class='ocrx_word' id='word_1_780' title='bbox 2232 1839 2465 1876; x_wconf 88' lang='lat' dir='ltr'>necessitatem,</span> 
     </span>
     <span class='ocr_line' id='line_1_102' title="bbox 1395 1883 2465 1923; baseline 0 -9"><span class='ocrx_word' id='word_1_781' title='bbox 1395 1893 1464 1915; x_wconf 89' lang='lat' dir='ltr'>non</span> <span class='ocrx_word' id='word_1_782' title='bbox 1487 1889 1596 1915; x_wconf 87' lang='lat' dir='ltr'>autem</span> <span class='ocrx_word' id='word_1_783' title='bbox 1619 1889 1780 1923; x_wconf 85' lang='lat' dir='ltr'>quantum</span> <span class='ocrx_word' id='word_1_784' title='bbox 1803 1883 1843 1914; x_wconf 91' lang='lat' dir='ltr'>ad</span> <span class='ocrx_word' id='word_1_785' title='bbox 1867 1883 2022 1914; x_wconf 88' lang='lat' dir='ltr'>officium.</span> <span class='ocrx_word' id='word_1_786' title='bbox 2040 1883 2130 1914; x_wconf 92' lang='lat' dir='ltr'>Sicut</span> <span class='ocrx_word' id='word_1_787' title='bbox 2146 1884 2233 1914; x_wconf 91' lang='lat' dir='ltr'>enim</span> <span class='ocrx_word' id='word_1_788' title='bbox 2250 1883 2318 1913; x_wconf 89' lang='lat' dir='ltr'>sine</span> <span class='ocrx_word' id='word_1_789' title='bbox 2341 1883 2465 1914; x_wconf 87' lang='lat' dir='ltr'>lumine</span> 
     </span>
     <span class='ocr_line' id='line_1_103' title="bbox 1395 1927 2464 1968; baseline 0 -10"><span class='ocrx_word' id='word_1_790' title='bbox 1395 1928 1488 1959; x_wconf 90' lang='lat' dir='ltr'>color</span> <span class='ocrx_word' id='word_1_791' title='bbox 1509 1927 1611 1958; x_wconf 85' lang='lat' dir='ltr'>videri</span> <span class='ocrx_word' id='word_1_792' title='bbox 1634 1937 1702 1959; x_wconf 92' lang='lat' dir='ltr'>non</span> <span class='ocrx_word' id='word_1_793' title='bbox 1726 1932 1843 1968; x_wconf 88' lang='lat' dir='ltr'>potest,</span> <span class='ocrx_word' id='word_1_794' title='bbox 1867 1928 1912 1958; x_wconf 88' lang='lat' dir='ltr'>ita</span> <span class='ocrx_word' id='word_1_795' title='bbox 1938 1937 1988 1958; x_wconf 92' lang='lat' dir='ltr'>res</span> <span class='ocrx_word' id='word_1_796' title='bbox 2018 1927 2198 1958; x_wconf 90' lang='lat' dir='ltr'>materiales</span> <span class='ocrx_word' id='word_1_797' title='bbox 2226 1927 2348 1967; x_wconf 89' lang='lat' dir='ltr'>absque</span> <span class='ocrx_word' id='word_1_798' title='bbox 2370 1928 2464 1958; x_wconf 89' lang='lat' dir='ltr'>intel-</span> 
     </span>
     <span class='ocr_line' id='line_1_104' title="bbox 1395 1971 2464 2012; baseline -0.001 -10"><span class='ocrx_word' id='word_1_799' title='bbox 1395 1972 1482 2003; x_wconf 89' lang='lat' dir='ltr'>lectu</span> <span class='ocrx_word' id='word_1_800' title='bbox 1506 1977 1618 2012; x_wconf 84' lang='lat' dir='ltr'>agente</span> <span class='ocrx_word' id='word_1_801' title='bbox 1641 1981 1710 2002; x_wconf 92' lang='lat' dir='ltr'>non</span> <span class='ocrx_word' id='word_1_802' title='bbox 1733 1977 1808 2003; x_wconf 90' lang='lat' dir='ltr'>sunt</span> <span class='ocrx_word' id='word_1_803' title='bbox 1831 1977 1905 2003; x_wconf 91' lang='lat' dir='ltr'>actu</span> <span class='ocrx_word' id='word_1_804' title='bbox 1928 1972 2153 2011; x_wconf 85' lang='lat' dir='ltr'>intelligibiles,</span> <span class='ocrx_word' id='word_1_805' title='bbox 2170 1971 2272 2002; x_wconf 91' lang='lat' dir='ltr'>modo</span> <span class='ocrx_word' id='word_1_806' title='bbox 2288 1972 2464 2011; x_wconf 76' lang='lat' dir='ltr'>superius*</span> 
     </span>
     <span class='ocr_line' id='line_1_105' title="bbox 1396 2015 2464 2056; baseline -0.001 -10"><span class='ocrx_word' id='word_1_807' title='bbox 1396 2016 1579 2056; x_wconf 85' lang='lat' dir='ltr'>explanato.</span> <span class='ocrx_word' id='word_1_808' title='bbox 1604 2016 1668 2047; x_wconf 90' lang='lat' dir='ltr'>Sed</span> <span class='ocrx_word' id='word_1_809' title='bbox 1684 2015 1830 2047; x_wconf 89' lang='lat' dir='ltr'>officium</span> <span class='ocrx_word' id='word_1_810' title='bbox 1845 2016 1977 2046; x_wconf 91' lang='lat' dir='ltr'>luminis</span> <span class='ocrx_word' id='word_1_811' title='bbox 1991 2016 2174 2047; x_wconf 88' lang='lat' dir='ltr'>intellectus</span> <span class='ocrx_word' id='word_1_812' title='bbox 2189 2016 2310 2056; x_wconf 84' lang='lat' dir='ltr'>agentis</span> <span class='ocrx_word' id='word_1_813' title='bbox 2333 2021 2382 2045; x_wconf 91' lang='lat' dir='ltr'>est</span> <span class='ocrx_word' id='word_1_814' title='bbox 2395 2016 2464 2055; x_wconf 88' lang='lat' dir='ltr'>ipsa</span> 
     </span>
     <span class='ocr_line' id='line_1_106' title="bbox 1394 2059 2461 2101; baseline -0.002 -9"><span class='ocrx_word' id='word_1_815' title='bbox 1394 2061 1625 2101; x_wconf 82' lang='lat' dir='ltr'>phantasmata,</span> <span class='ocrx_word' id='word_1_816' title='bbox 1650 2070 1734 2101; x_wconf 81' lang='lat' dir='ltr'>quae</span> <span class='ocrx_word' id='word_1_817' title='bbox 1749 2066 1825 2091; x_wconf 90' lang='lat' dir='ltr'>sunt</span> <span class='ocrx_word' id='word_1_818' title='bbox 1848 2061 2013 2091; x_wconf 89' lang='lat' dir='ltr'>obiectum</span> <span class='ocrx_word' id='word_1_819' title='bbox 2028 2060 2209 2090; x_wconf 86' lang='lat' dir='ltr'>intellectus</span> <span class='ocrx_word' id='word_1_820' title='bbox 2224 2059 2395 2100; x_wconf 86' lang='lat' dir='ltr'>possibilis,</span> <span class='ocrx_word' id='word_1_821' title='bbox 2415 2059 2461 2090; x_wconf 91' lang='lat' dir='ltr'>fa-</span> 
     </span>
     <span class='ocr_line' id='line_1_107' title="bbox 1394 2104 2462 2145; baseline -0.001 -10"><span class='ocrx_word' id='word_1_822' title='bbox 1394 2114 1466 2135; x_wconf 87' lang='lat' dir='ltr'>cere</span> <span class='ocrx_word' id='word_1_823' title='bbox 1485 2110 1559 2136; x_wconf 86' lang='lat' dir='ltr'>actu</span> <span class='ocrx_word' id='word_1_824' title='bbox 1582 2104 1803 2145; x_wconf 82' lang='lat' dir='ltr'>intelligibilia,</span> <span class='ocrx_word' id='word_1_825' title='bbox 1820 2104 1928 2135; x_wconf 90' lang='lat' dir='ltr'>dando</span> <span class='ocrx_word' id='word_1_826' title='bbox 1945 2105 1991 2135; x_wconf 89' lang='lat' dir='ltr'>eis</span> <span class='ocrx_word' id='word_1_827' title='bbox 2013 2105 2165 2135; x_wconf 86' lang='lat' dir='ltr'>virtutem</span> <span class='ocrx_word' id='word_1_828' title='bbox 2181 2109 2217 2135; x_wconf 91' lang='lat' dir='ltr'>ut</span> <span class='ocrx_word' id='word_1_829' title='bbox 2238 2113 2371 2134; x_wconf 91' lang='lat' dir='ltr'>movere</span> <span class='ocrx_word' id='word_1_830' title='bbox 2386 2113 2462 2144; x_wconf 90' lang='lat' dir='ltr'>pos-</span> 
     </span>
     <span class='ocr_line' id='line_1_108' title="bbox 1394 2148 2463 2188; baseline -0.001 -8"><span class='ocrx_word' id='word_1_831' title='bbox 1394 2150 1458 2180; x_wconf 89' lang='lat' dir='ltr'>sint</span> <span class='ocrx_word' id='word_1_832' title='bbox 1479 2150 1691 2180; x_wconf 86' lang='lat' dir='ltr'>intellectum.</span> <span class='ocrx_word' id='word_1_833' title='bbox 1716 2149 1844 2180; x_wconf 85' lang='lat' dir='ltr'>Lumen</span> <span class='ocrx_word' id='word_1_834' title='bbox 1874 2158 1951 2180; x_wconf 88' lang='lat' dir='ltr'>vero</span> <span class='ocrx_word' id='word_1_835' title='bbox 1982 2149 2151 2188; x_wconf 87' lang='lat' dir='ltr'>corporale</span> <span class='ocrx_word' id='word_1_836' title='bbox 2180 2158 2250 2179; x_wconf 90' lang='lat' dir='ltr'>non</span> <span class='ocrx_word' id='word_1_837' title='bbox 2280 2148 2334 2179; x_wconf 88' lang='lat' dir='ltr'>dat</span> <span class='ocrx_word' id='word_1_838' title='bbox 2360 2148 2463 2181; x_wconf 88' lang='lat' dir='ltr'>colori</span> 
     </span>
     <span class='ocr_line' id='line_1_109' title="bbox 1394 2192 2462 2234; baseline 0.001 -11"><span class='ocrx_word' id='word_1_839' title='bbox 1394 2194 1546 2224; x_wconf 89' lang='lat' dir='ltr'>virtutem</span> <span class='ocrx_word' id='word_1_840' title='bbox 1576 2199 1613 2224; x_wconf 91' lang='lat' dir='ltr'>ut</span> <span class='ocrx_word' id='word_1_841' title='bbox 1642 2193 1744 2234; x_wconf 86' lang='lat' dir='ltr'>possit</span> <span class='ocrx_word' id='word_1_842' title='bbox 1781 2202 1914 2225; x_wconf 89' lang='lat' dir='ltr'>movere</span> <span class='ocrx_word' id='word_1_843' title='bbox 1943 2194 2066 2224; x_wconf 87' lang='lat' dir='ltr'>visum:</span> <span class='ocrx_word' id='word_1_844' title='bbox 2104 2202 2182 2224; x_wconf 93' lang='lat' dir='ltr'>cum</span> <span class='ocrx_word' id='word_1_845' title='bbox 2212 2192 2335 2223; x_wconf 92' lang='lat' dir='ltr'>dicatur</span> <span class='ocrx_word' id='word_1_846' title='bbox 2365 2192 2393 2223; x_wconf 93' lang='lat'>11</span> <span class='ocrx_word' id='word_1_847' title='bbox 2423 2193 2462 2224; x_wconf 86' lang='lat' dir='ltr'>de</span> 
     </span>
     <span class='ocr_line' id='line_1_110' title="bbox 1394 2237 2461 2278; baseline -0.001 -10"><span class='ocrx_word' id='word_1_848' title='bbox 1394 2238 1513 2269; x_wconf 88' lang='lat' dir='ltr'>Anima</span> <span class='ocrx_word' id='word_1_849' title='bbox 1524 2239 1552 2275; x_wconf 63' lang='lat'>³,</span> <span class='ocrx_word' id='word_1_850' title='bbox 1568 2237 1659 2278; x_wconf 92' lang='lat' dir='ltr'>quod</span> <span class='ocrx_word' id='word_1_851' title='bbox 1674 2243 1722 2268; x_wconf 86' lang='lat' dir='ltr'>est</span> <span class='ocrx_word' id='word_1_852' title='bbox 1744 2247 1803 2278; x_wconf 90' lang='lat' dir='ltr'>per</span> <span class='ocrx_word' id='word_1_853' title='bbox 1825 2248 1859 2268; x_wconf 92' lang='lat' dir='ltr'>se</span> <span class='ocrx_word' id='word_1_854' title='bbox 1874 2238 2020 2268; x_wconf 88' lang='lat' dir='ltr'>visibilis:</span> <span class='ocrx_word' id='word_1_855' title='bbox 2045 2237 2102 2268; x_wconf 89' lang='lat' dir='ltr'>sed</span> <span class='ocrx_word' id='word_1_856' title='bbox 2124 2237 2200 2268; x_wconf 90' lang='lat' dir='ltr'>facit</span> <span class='ocrx_word' id='word_1_857' title='bbox 2215 2237 2413 2277; x_wconf 90' lang='lat' dir='ltr'>diaphanum</span> <span class='ocrx_word' id='word_1_858' title='bbox 2427 2237 2461 2268; x_wconf 91' lang='lat' dir='ltr'>in</span> 
     </span>
     <span class='ocr_line' id='line_1_111' title="bbox 1394 2281 2462 2323; baseline -0.003 -9"><span class='ocrx_word' id='word_1_859' title='bbox 1394 2288 1478 2319; x_wconf 87' lang='lat' dir='ltr'>actu,</span> <span class='ocrx_word' id='word_1_860' title='bbox 1502 2288 1539 2314; x_wconf 90' lang='lat' dir='ltr'>ut</span> <span class='ocrx_word' id='word_1_861' title='bbox 1561 2283 1663 2323; x_wconf 88' lang='lat' dir='ltr'>possit</span> <span class='ocrx_word' id='word_1_862' title='bbox 1686 2292 1705 2312; x_wconf 93' lang='lat' dir='ltr'>a</span> <span class='ocrx_word' id='word_1_863' title='bbox 1727 2283 1838 2313; x_wconf 89' lang='lat' dir='ltr'>colore</span> <span class='ocrx_word' id='word_1_864' title='bbox 1861 2283 1995 2313; x_wconf 88' lang='lat' dir='ltr'>moveri.</span> <span class='ocrx_word' id='word_1_865' title='bbox 2020 2282 2062 2313; x_wconf 93' lang='lat' dir='ltr'>Et</span> <span class='ocrx_word' id='word_1_866' title='bbox 2085 2281 2125 2312; x_wconf 87' lang='lat' dir='ltr'>ad</span> <span class='ocrx_word' id='word_1_867' title='bbox 2147 2282 2235 2312; x_wconf 90' lang='lat' dir='ltr'>hunc</span> <span class='ocrx_word' id='word_1_868' title='bbox 2258 2291 2390 2312; x_wconf 86' lang='lat' dir='ltr'>sensum</span> <span class='ocrx_word' id='word_1_869' title='bbox 2413 2281 2462 2312; x_wconf 88' lang='lat' dir='ltr'>in-</span> 
     </span>
     <span class='ocr_line' id='line_1_112' title="bbox 1394 2326 1998 2367; baseline -0.002 -10"><span class='ocrx_word' id='word_1_870' title='bbox 1394 2326 1567 2367; x_wconf 90' lang='lat' dir='ltr'>telligenda</span> <span class='ocrx_word' id='word_1_871' title='bbox 1590 2331 1666 2357; x_wconf 88' lang='lat' dir='ltr'>sunt</span> <span class='ocrx_word' id='word_1_872' title='bbox 1687 2326 1869 2357; x_wconf 88' lang='lat' dir='ltr'>Aristotelis</span> <span class='ocrx_word' id='word_1_873' title='bbox 1892 2326 1998 2357; x_wconf 86' lang='lat' dir='ltr'>verba.</span> 
     </span>
    </p>

    <p class='ocr_par' dir='ltr' id='par_1_22' title="bbox 1393 2369 2463 2500">
     <span class='ocr_line' id='line_1_113' title="bbox 1449 2369 2463 2411; baseline -0.002 -9"><span class='ocrx_word' id='word_1_874' title='bbox 1449 2371 1486 2402; x_wconf 91' lang='lat'>11.</span> <span class='ocrx_word' id='word_1_875' title='bbox 1511 2370 1563 2402; x_wconf 85' lang='lat' dir='ltr'>Ad</span> <span class='ocrx_word' id='word_1_876' title='bbox 1585 2371 1642 2401; x_wconf 91' lang='lat' dir='ltr'>has</span> <span class='ocrx_word' id='word_1_877' title='bbox 1664 2372 1805 2402; x_wconf 85' lang='lat' dir='ltr'>rationes</span> <span class='ocrx_word' id='word_1_878' title='bbox 1828 2370 1972 2411; x_wconf 85' lang='lat' dir='ltr'>quidam,</span> <span class='ocrx_word' id='word_1_879' title='bbox 1989 2371 2129 2401; x_wconf 89' lang='lat' dir='ltr'>arbitrati</span> <span class='ocrx_word' id='word_1_880' title='bbox 2145 2369 2184 2400; x_wconf 94' lang='lat' dir='ltr'>de</span> <span class='ocrx_word' id='word_1_881' title='bbox 2208 2374 2317 2400; x_wconf 90' lang='lat' dir='ltr'>mente</span> <span class='ocrx_word' id='word_1_882' title='bbox 2339 2369 2463 2400; x_wconf 87' lang='lat' dir='ltr'>Aristo—</span> 
     </span>
     <span class='ocr_line' id='line_1_114' title="bbox 1393 2414 2462 2455; baseline -0.002 -9"><span class='ocrx_word' id='word_1_883' title='bbox 1393 2416 1464 2447; x_wconf 88' lang='lat' dir='ltr'>telis</span> <span class='ocrx_word' id='word_1_884' title='bbox 1488 2425 1557 2447; x_wconf 90' lang='lat' dir='ltr'>esse</span> <span class='ocrx_word' id='word_1_885' title='bbox 1586 2415 1676 2455; x_wconf 87' lang='lat' dir='ltr'>quod</span> <span class='ocrx_word' id='word_1_886' title='bbox 1705 2415 1887 2446; x_wconf 88' lang='lat' dir='ltr'>intellectus</span> <span class='ocrx_word' id='word_1_887' title='bbox 1917 2425 2015 2455; x_wconf 89' lang='lat' dir='ltr'>agens</span> <span class='ocrx_word' id='word_1_888' title='bbox 2041 2415 2082 2446; x_wconf 88' lang='lat' dir='ltr'>sit</span> <span class='ocrx_word' id='word_1_889' title='bbox 2111 2414 2287 2445; x_wconf 88' lang='lat' dir='ltr'>substantia</span> <span class='ocrx_word' id='word_1_890' title='bbox 2310 2419 2462 2454; x_wconf 75' lang='lat' dir='ltr'>separam,</span> 
     </span>
     <span class='ocr_line' id='line_1_115' title="bbox 1393 2460 1634 2500; baseline -0.004 -9"><span class='ocrx_word' id='word_1_891' title='bbox 1393 2460 1592 2500; x_wconf 88' lang='lat' dir='ltr'>respondent</span> <span class='ocrx_word' id='word_1_892' title='bbox 1606 2461 1634 2490; x_wconf 48' lang='grc' dir='ltr'>ἕ.</span> 
     </span>
    </p>

    <p class='ocr_par' dir='ltr' id='par_1_23' title="bbox 1393 2502 2464 2890">
     <span class='ocr_line' id='line_1_116' title="bbox 1449 2502 2463 2544; baseline -0.002 -9"><span class='ocrx_word' id='word_1_893' title='bbox 1449 2504 1502 2536; x_wconf 83' lang='lat' dir='ltr'>Ad</span> <span class='ocrx_word' id='word_1_894' title='bbox 1524 2505 1663 2544; x_wconf 87' lang='lat' dir='ltr'>primam</span> <span class='ocrx_word' id='word_1_895' title='bbox 1686 2503 1819 2544; x_wconf 89' lang='lat' dir='ltr'>quidem</span> <span class='ocrx_word' id='word_1_896' title='bbox 1846 2503 1958 2534; x_wconf 91' lang='lat' dir='ltr'>dicunt</span> <span class='ocrx_word' id='word_1_897' title='bbox 1987 2502 2079 2544; x_wconf 91' lang='lat' dir='ltr'>quod</span> <span class='ocrx_word' id='word_1_898' title='bbox 2108 2512 2166 2543; x_wconf 90' lang='lat' dir='ltr'>per</span> <span class='ocrx_word' id='word_1_899' title='bbox 2193 2502 2246 2533; x_wconf 92' lang='lat' dir='ltr'>illa</span> <span class='ocrx_word' id='word_1_900' title='bbox 2269 2502 2366 2532; x_wconf 86' lang='lat' dir='ltr'>verba</span> <span class='ocrx_word' id='word_1_901' title='bbox 2394 2512 2463 2533; x_wconf 90' lang='lat' dir='ltr'>non</span> 
     </span>
     <span class='ocr_line' id='line_1_117' title="bbox 1393 2547 2464 2588; baseline -0.003 -9"><span class='ocrx_word' id='word_1_902' title='bbox 1393 2548 1531 2580; x_wconf 87' lang='lat' dir='ltr'>intendit</span> <span class='ocrx_word' id='word_1_903' title='bbox 1553 2549 1742 2580; x_wconf 86' lang='lat' dir='ltr'>Aristoteles</span> <span class='ocrx_word' id='word_1_904' title='bbox 1766 2547 1857 2588; x_wconf 92' lang='lat' dir='ltr'>quod</span> <span class='ocrx_word' id='word_1_905' title='bbox 1878 2547 1912 2578; x_wconf 88' lang='lat' dir='ltr'>in</span> <span class='ocrx_word' id='word_1_906' title='bbox 1928 2548 2039 2578; x_wconf 83' lang='lat' dir='ltr'>anima</span> <span class='ocrx_word' id='word_1_907' title='bbox 2062 2547 2128 2578; x_wconf 86' lang='lat' dir='ltr'>sint</span> <span class='ocrx_word' id='word_1_908' title='bbox 2150 2556 2252 2587; x_wconf 84' lang='lat' dir='ltr'>agens</span> <span class='ocrx_word' id='word_1_909' title='bbox 2278 2551 2310 2577; x_wconf 84' lang='lat' dir='ltr'>et</span> <span class='ocrx_word' id='word_1_910' title='bbox 2332 2547 2464 2586; x_wconf 82' lang='lat' dir='ltr'>patiens</span> 
     </span>
     <span class='ocr_line' id='line_1_118' title="bbox 1394 2591 2464 2633; baseline -0.003 -10"><span class='ocrx_word' id='word_1_911' title='bbox 1394 2593 1441 2624; x_wconf 90' lang='lat' dir='ltr'>ita</span> <span class='ocrx_word' id='word_1_912' title='bbox 1464 2592 1552 2633; x_wconf 83' lang='lat' dir='ltr'>quod</span> <span class='ocrx_word' id='word_1_913' title='bbox 1567 2602 1634 2623; x_wconf 89' lang='lat' dir='ltr'>una</span> <span class='ocrx_word' id='word_1_914' title='bbox 1657 2597 1690 2623; x_wconf 83' lang='lat' dir='ltr'>et</span> <span class='ocrx_word' id='word_1_915' title='bbox 1702 2592 1814 2623; x_wconf 84' lang='lat' dir='ltr'>eadem</span> <span class='ocrx_word' id='word_1_916' title='bbox 1838 2601 1974 2622; x_wconf 88' lang='lat' dir='ltr'>numero</span> <span class='ocrx_word' id='word_1_917' title='bbox 1991 2592 2103 2621; x_wconf 87' lang='lat' dir='ltr'>anima</span> <span class='ocrx_word' id='word_1_918' title='bbox 2117 2591 2161 2622; x_wconf 85' lang='lat' dir='ltr'>sit</span> <span class='ocrx_word' id='word_1_919' title='bbox 2174 2600 2277 2631; x_wconf 79' lang='lat' dir='ltr'>agens</span> <span class='ocrx_word' id='word_1_920' title='bbox 2293 2595 2325 2620; x_wconf 90' lang='lat' dir='ltr'>et</span> <span class='ocrx_word' id='word_1_921' title='bbox 2333 2591 2464 2630; x_wconf 83' lang='lat' dir='ltr'>patiens</span> 
     </span>
     <span class='ocr_line' id='line_1_119' title="bbox 1394 2635 2462 2677; baseline -0.003 -9"><span class='ocrx_word' id='word_1_922' title='bbox 1394 2637 1531 2668; x_wconf 72' lang='lat' dir='ltr'>diuersis</span> <span class='ocrx_word' id='word_1_923' title='bbox 1548 2637 1724 2677; x_wconf 77' lang='lat' dir='ltr'>potentiis:</span> <span class='ocrx_word' id='word_1_924' title='bbox 1739 2636 1796 2667; x_wconf 85' lang='lat' dir='ltr'>sed</span> <span class='ocrx_word' id='word_1_925' title='bbox 1810 2636 1918 2666; x_wconf 85' lang='lat' dir='ltr'>solum</span> <span class='ocrx_word' id='word_1_926' title='bbox 1932 2635 2020 2676; x_wconf 86' lang='lat' dir='ltr'>quod</span> <span class='ocrx_word' id='word_1_927' title='bbox 2042 2636 2103 2665; x_wconf 86' lang='lat' dir='ltr'>hae</span> <span class='ocrx_word' id='word_1_928' title='bbox 2118 2635 2323 2675; x_wconf 66' lang='lat' dir='ltr'>differentiae</span> <span class='ocrx_word' id='word_1_929' title='bbox 2337 2640 2414 2666; x_wconf 86' lang='lat' dir='ltr'>sunt</span> <span class='ocrx_word' id='word_1_930' title='bbox 2428 2635 2462 2665; x_wconf 85' lang='lat' dir='ltr'>in</span> 
     </span>
     <span class='ocr_line' id='line_1_120' title="bbox 1395 2679 2462 2719; baseline -0.002 -7"><span class='ocrx_word' id='word_1_931' title='bbox 1395 2682 1507 2712; x_wconf 87' lang='lat' dir='ltr'>anima</span> <span class='ocrx_word' id='word_1_932' title='bbox 1529 2681 1614 2712; x_wconf 85' lang='lat' dir='ltr'>sicut</span> <span class='ocrx_word' id='word_1_933' title='bbox 1629 2681 1661 2711; x_wconf 86' lang='lat' dir='ltr'>in</span> <span class='ocrx_word' id='word_1_934' title='bbox 1679 2681 1768 2711; x_wconf 87' lang='lat' dir='ltr'>omni</span> <span class='ocrx_word' id='word_1_935' title='bbox 1782 2681 1851 2711; x_wconf 84' lang='lat' dir='ltr'>alia</span> <span class='ocrx_word' id='word_1_936' title='bbox 1867 2685 1998 2711; x_wconf 86' lang='lat' dir='ltr'>natura.</span> <span class='ocrx_word' id='word_1_937' title='bbox 2018 2680 2155 2710; x_wconf 87' lang='lat' dir='ltr'>Constat</span> <span class='ocrx_word' id='word_1_938' title='bbox 2169 2684 2278 2710; x_wconf 88' lang='lat' dir='ltr'>autem</span> <span class='ocrx_word' id='word_1_939' title='bbox 2293 2679 2381 2719; x_wconf 85' lang='lat' dir='ltr'>quod</span> <span class='ocrx_word' id='word_1_940' title='bbox 2397 2689 2462 2710; x_wconf 89' lang='lat' dir='ltr'>non</span> 
     </span>
     <span class='ocr_line' id='line_1_121' title="bbox 1394 2724 2464 2765; baseline -0.003 -8"><span class='ocrx_word' id='word_1_941' title='bbox 1394 2726 1443 2759; x_wconf 83' lang='lat' dir='ltr'>sic</span> <span class='ocrx_word' id='word_1_942' title='bbox 1451 2730 1529 2757; x_wconf 76' lang='lat' dir='ltr'>sunt</span> <span class='ocrx_word' id='word_1_943' title='bbox 1544 2725 1577 2756; x_wconf 90' lang='lat' dir='ltr'>in</span> <span class='ocrx_word' id='word_1_944' title='bbox 1594 2725 1683 2756; x_wconf 86' lang='lat' dir='ltr'>omni</span> <span class='ocrx_word' id='word_1_945' title='bbox 1696 2730 1817 2756; x_wconf 86' lang='lat' dir='ltr'>natura</span> <span class='ocrx_word' id='word_1_946' title='bbox 1829 2724 1916 2765; x_wconf 79' lang='lat' dir='ltr'>quod</span> <span class='ocrx_word' id='word_1_947' title='bbox 1929 2734 1994 2754; x_wconf 86' lang='lat' dir='ltr'>una</span> <span class='ocrx_word' id='word_1_948' title='bbox 2008 2733 2144 2754; x_wconf 88' lang='lat' dir='ltr'>numero</span> <span class='ocrx_word' id='word_1_949' title='bbox 2159 2728 2279 2754; x_wconf 87' lang='lat' dir='ltr'>natura</span> <span class='ocrx_word' id='word_1_950' title='bbox 2293 2728 2464 2764; x_wconf 83' lang='lat' dir='ltr'>utramque</span> 
     </span>
     <span class='ocr_line' id='line_1_122' title="bbox 1394 2767 2464 2801; baseline -0.002 -1"><span class='ocrx_word' id='word_1_951' title='bbox 1394 2771 1512 2801; x_wconf 83' lang='lat' dir='ltr'>habeat</span> <span class='ocrx_word' id='word_1_952' title='bbox 1533 2770 1618 2800; x_wconf 85' lang='lat' dir='ltr'>sicut</span> <span class='ocrx_word' id='word_1_953' title='bbox 1638 2770 1815 2801; x_wconf 84' lang='lat' dir='ltr'>subiectum</span> <span class='ocrx_word' id='word_1_954' title='bbox 1838 2769 2037 2799; x_wconf 82' lang='lat' dir='ltr'>accidentia:</span> <span class='ocrx_word' id='word_1_955' title='bbox 2059 2768 2116 2799; x_wconf 87' lang='lat' dir='ltr'>sed</span> <span class='ocrx_word' id='word_1_956' title='bbox 2137 2773 2214 2799; x_wconf 87' lang='lat' dir='ltr'>sunt</span> <span class='ocrx_word' id='word_1_957' title='bbox 2236 2767 2320 2798; x_wconf 83' lang='lat' dir='ltr'>sicut</span> <span class='ocrx_word' id='word_1_958' title='bbox 2345 2777 2464 2798; x_wconf 86' lang='lat' dir='ltr'>causae</span> 
     </span>
     <span class='ocr_line' id='line_1_123' title="bbox 1396 2811 2464 2855; baseline -0.005 -9"><span class='ocrx_word' id='word_1_959' title='bbox 1396 2816 1429 2847; x_wconf 88' lang='lat' dir='ltr'>in</span> <span class='ocrx_word' id='word_1_960' title='bbox 1453 2824 1513 2846; x_wconf 81' lang='lat' dir='ltr'>suo</span> <span class='ocrx_word' id='word_1_961' title='bbox 1538 2815 1665 2855; x_wconf 79' lang='lat' dir='ltr'>effectu.</span> <span class='ocrx_word' id='word_1_962' title='bbox 1682 2813 1759 2845; x_wconf 90' lang='lat' dir='ltr'>Ideo</span> <span class='ocrx_word' id='word_1_963' title='bbox 1776 2819 1808 2844; x_wconf 88' lang='lat' dir='ltr'>et</span> <span class='ocrx_word' id='word_1_964' title='bbox 1830 2814 1876 2844; x_wconf 91' lang='lat' dir='ltr'>sic</span> <span class='ocrx_word' id='word_1_965' title='bbox 1890 2813 2056 2844; x_wconf 88' lang='lat' dir='ltr'>dumtaxat</span> <span class='ocrx_word' id='word_1_966' title='bbox 2071 2811 2317 2852; x_wconf 88' lang='lat' dir='ltr'>intelligendum</span> <span class='ocrx_word' id='word_1_967' title='bbox 2333 2817 2380 2842; x_wconf 89' lang='lat' dir='ltr'>est</span> <span class='ocrx_word' id='word_1_968' title='bbox 2394 2812 2464 2852; x_wconf 87' lang='lat' dir='ltr'>ipsa</span> 
     </span>
     <span class='ocr_line' id='line_1_124' title="bbox 1395 2859 1662 2890; baseline -0.004 0"><span class='ocrx_word' id='word_1_969' title='bbox 1395 2860 1429 2890; x_wconf 94' lang='lat' dir='ltr'>in</span> <span class='ocrx_word' id='word_1_970' title='bbox 1453 2859 1559 2889; x_wconf 89' lang='lat' dir='ltr'>anima</span> <span class='ocrx_word' id='word_1_971' title='bbox 1583 2868 1662 2889; x_wconf 87' lang='lat' dir='ltr'>esse.</span> 
     </span>
    </p>

    <p class='ocr_par' dir='ltr' id='par_1_24' title="bbox 1395 2900 2465 3113">
     <span class='ocr_line' id='line_1_125' title="bbox 1451 2900 2464 2943; baseline -0.005 -9"><span class='ocrx_word' id='word_1_972' title='bbox 1451 2904 1512 2938; x_wconf 84' lang='lat' dir='ltr'>Per</span> <span class='ocrx_word' id='word_1_973' title='bbox 1533 2904 1598 2934; x_wconf 87' lang='lat' dir='ltr'>hoc</span> <span class='ocrx_word' id='word_1_974' title='bbox 1614 2904 1712 2934; x_wconf 89' lang='lat' dir='ltr'>etiam</span> <span class='ocrx_word' id='word_1_975' title='bbox 1734 2907 1823 2943; x_wconf 84' lang='lat' dir='ltr'>patet</span> <span class='ocrx_word' id='word_1_976' title='bbox 1838 2901 1878 2932; x_wconf 90' lang='lat' dir='ltr'>ad</span> <span class='ocrx_word' id='word_1_977' title='bbox 1893 2901 2084 2932; x_wconf 89' lang='lat' dir='ltr'>secundum.</span> <span class='ocrx_word' id='word_1_978' title='bbox 2109 2901 2165 2932; x_wconf 91' lang='lat' dir='ltr'>Illa</span> <span class='ocrx_word' id='word_1_979' title='bbox 2182 2901 2269 2931; x_wconf 91' lang='lat' dir='ltr'>enim</span> <span class='ocrx_word' id='word_1_980' title='bbox 2284 2900 2464 2931; x_wconf 87' lang='lat' dir='ltr'>Aristotelis</span> 
     </span>
     <span class='ocr_line' id='line_1_126' title="bbox 1395 2945 2465 2986; baseline -0.005 -7"><span class='ocrx_word' id='word_1_981' title='bbox 1395 2948 1477 2979; x_wconf 88' lang='lat' dir='ltr'>ratio</span> <span class='ocrx_word' id='word_1_982' title='bbox 1500 2957 1570 2978; x_wconf 92' lang='lat' dir='ltr'>non</span> <span class='ocrx_word' id='word_1_983' title='bbox 1597 2947 1729 2978; x_wconf 91' lang='lat' dir='ltr'>deducit</span> <span class='ocrx_word' id='word_1_984' title='bbox 1755 2946 1818 2977; x_wconf 87' lang='lat' dir='ltr'>nisi</span> <span class='ocrx_word' id='word_1_985' title='bbox 1848 2945 1889 2976; x_wconf 92' lang='lat' dir='ltr'>ad</span> <span class='ocrx_word' id='word_1_986' title='bbox 1915 2946 1978 2977; x_wconf 92' lang='lat' dir='ltr'>hoc</span> <span class='ocrx_word' id='word_1_987' title='bbox 2010 2945 2100 2986; x_wconf 92' lang='lat' dir='ltr'>quod</span> <span class='ocrx_word' id='word_1_988' title='bbox 2130 2950 2260 2985; x_wconf 89' lang='lat' dir='ltr'>oportet</span> <span class='ocrx_word' id='word_1_989' title='bbox 2289 2945 2324 2974; x_wconf 90' lang='lat' dir='ltr'>in</span> <span class='ocrx_word' id='word_1_990' title='bbox 2352 2950 2465 2974; x_wconf 89' lang='lat' dir='ltr'>natura</span> 
     </span>
     <span class='ocr_line' id='line_1_127' title="bbox 1396 2988 2464 3024; baseline -0.004 -2"><span class='ocrx_word' id='word_1_991' title='bbox 1396 2993 1523 3024; x_wconf 85' lang='lat' dir='ltr'>animae</span> <span class='ocrx_word' id='word_1_992' title='bbox 1546 2992 1603 3022; x_wconf 89' lang='lat' dir='ltr'>has</span> <span class='ocrx_word' id='word_1_993' title='bbox 1626 3001 1695 3022; x_wconf 88' lang='lat' dir='ltr'>esse</span> <span class='ocrx_word' id='word_1_994' title='bbox 1719 2990 1912 3022; x_wconf 85' lang='lat' dir='ltr'>differentias</span> <span class='ocrx_word' id='word_1_995' title='bbox 1936 2991 2019 3021; x_wconf 89' lang='lat' dir='ltr'>sicut</span> <span class='ocrx_word' id='word_1_996' title='bbox 2043 2995 2075 3021; x_wconf 92' lang='lat' dir='ltr'>et</span> <span class='ocrx_word' id='word_1_997' title='bbox 2096 2990 2130 3020; x_wconf 92' lang='lat' dir='ltr'>in</span> <span class='ocrx_word' id='word_1_998' title='bbox 2154 2989 2246 3020; x_wconf 89' lang='lat' dir='ltr'>omni</span> <span class='ocrx_word' id='word_1_999' title='bbox 2269 2988 2330 3019; x_wconf 91' lang='lat' dir='ltr'>alia</span> <span class='ocrx_word' id='word_1_1000' title='bbox 2351 2994 2464 3019; x_wconf 90' lang='lat' dir='ltr'>natura</span> 
     </span>
     <span class='ocr_line' id='line_1_128' title="bbox 1397 3033 2464 3077; baseline -0.005 -10"><span class='ocrx_word' id='word_1_1001' title='bbox 1397 3042 1446 3067; x_wconf 89' lang='lat' dir='ltr'>est</span> <span class='ocrx_word' id='word_1_1002' title='bbox 1468 3046 1565 3077; x_wconf 87' lang='lat' dir='ltr'>agens</span> <span class='ocrx_word' id='word_1_1003' title='bbox 1589 3042 1621 3068; x_wconf 90' lang='lat' dir='ltr'>et</span> <span class='ocrx_word' id='word_1_1004' title='bbox 1644 3036 1783 3076; x_wconf 88' lang='lat' dir='ltr'>patiens:</span> <span class='ocrx_word' id='word_1_1005' title='bbox 1808 3044 1892 3075; x_wconf 89' lang='lat' dir='ltr'>quae</span> <span class='ocrx_word' id='word_1_1006' title='bbox 1916 3040 2042 3065; x_wconf 89' lang='lat' dir='ltr'>constat</span> <span class='ocrx_word' id='word_1_1007' title='bbox 2057 3044 2126 3065; x_wconf 91' lang='lat' dir='ltr'>non</span> <span class='ocrx_word' id='word_1_1008' title='bbox 2150 3038 2300 3074; x_wconf 90' lang='lat' dir='ltr'>oportere</span> <span class='ocrx_word' id='word_1_1009' title='bbox 2315 3033 2349 3063; x_wconf 90' lang='lat' dir='ltr'>in</span> <span class='ocrx_word' id='word_1_1010' title='bbox 2366 3042 2464 3063; x_wconf 88' lang='lat' dir='ltr'>unam</span> 
     </span>
     <span class='ocr_line' id='line_1_129' title="bbox 1396 3079 1975 3113; baseline -0.005 -1"><span class='ocrx_word' id='word_1_1011' title='bbox 1396 3090 1535 3113; x_wconf 87' lang='lat' dir='ltr'>numero</span> <span class='ocrx_word' id='word_1_1012' title='bbox 1558 3081 1769 3112; x_wconf 88' lang='lat' dir='ltr'>substantiam</span> <span class='ocrx_word' id='word_1_1013' title='bbox 1792 3079 1975 3110; x_wconf 89' lang='lat' dir='ltr'>convenire.</span> 
     </span>
    </p>

    <p class='ocr_par' dir='ltr' id='par_1_25' title="bbox 1398 3121 2466 3428">
     <span class='ocr_line' id='line_1_130' title="bbox 1453 3121 2464 3163; baseline -0.006 -6"><span class='ocrx_word' id='word_1_1014' title='bbox 1453 3125 1506 3157; x_wconf 89' lang='lat' dir='ltr'>Ad</span> <span class='ocrx_word' id='word_1_1015' title='bbox 1528 3126 1653 3156; x_wconf 84' lang='lat' dir='ltr'>tertiam</span> <span class='ocrx_word' id='word_1_1016' title='bbox 1680 3134 1758 3155; x_wconf 91' lang='lat' dir='ltr'>vero</span> <span class='ocrx_word' id='word_1_1017' title='bbox 1785 3123 1901 3154; x_wconf 84' lang='lat' dir='ltr'>dicitur</span> <span class='ocrx_word' id='word_1_1018' title='bbox 1927 3122 2018 3163; x_wconf 92' lang='lat' dir='ltr'>quod</span> <span class='ocrx_word' id='word_1_1019' title='bbox 2044 3122 2236 3153; x_wconf 87' lang='lat' dir='ltr'>assimilatio</span> <span class='ocrx_word' id='word_1_1020' title='bbox 2260 3122 2345 3152; x_wconf 88' lang='lat' dir='ltr'>inter</span> <span class='ocrx_word' id='word_1_1021' title='bbox 2372 3121 2464 3151; x_wconf 87' lang='lat' dir='ltr'>intel-</span> 
     </span>
     <span class='ocr_line' id='line_1_131' title="bbox 1398 3165 2464 3211; baseline -0.005 -11"><span class='ocrx_word' id='word_1_1022' title='bbox 1398 3169 1514 3200; x_wconf 89' lang='lat' dir='ltr'>lectum</span> <span class='ocrx_word' id='word_1_1023' title='bbox 1537 3175 1688 3211; x_wconf 78' lang='lat' dir='ltr'>agentem</span> <span class='ocrx_word' id='word_1_1024' title='bbox 1716 3174 1748 3199; x_wconf 89' lang='lat' dir='ltr'>et</span> <span class='ocrx_word' id='word_1_1025' title='bbox 1774 3169 1917 3199; x_wconf 81' lang='lat' dir='ltr'>habitum</span> <span class='ocrx_word' id='word_1_1026' title='bbox 1945 3177 1985 3198; x_wconf 89' lang='lat' dir='ltr'>ac</span> <span class='ocrx_word' id='word_1_1027' title='bbox 2007 3168 2115 3198; x_wconf 89' lang='lat' dir='ltr'>lumen</span> <span class='ocrx_word' id='word_1_1028' title='bbox 2141 3176 2205 3197; x_wconf 87' lang='lat' dir='ltr'>non</span> <span class='ocrx_word' id='word_1_1029' title='bbox 2234 3171 2282 3196; x_wconf 89' lang='lat' dir='ltr'>est</span> <span class='ocrx_word' id='word_1_1030' title='bbox 2308 3166 2393 3196; x_wconf 86' lang='lat' dir='ltr'>inter</span> <span class='ocrx_word' id='word_1_1031' title='bbox 2416 3165 2464 3195; x_wconf 88' lang='lat' dir='ltr'>in-</span> 
     </span>
     <span class='ocr_line' id='line_1_132' title="bbox 1398 3209 2464 3247; baseline -0.004 -3"><span class='ocrx_word' id='word_1_1032' title='bbox 1398 3214 1560 3245; x_wconf 86' lang='lat' dir='ltr'>tellectum</span> <span class='ocrx_word' id='word_1_1033' title='bbox 1584 3215 1616 3244; x_wconf 87' lang='lat' dir='ltr'>in</span> <span class='ocrx_word' id='word_1_1034' title='bbox 1639 3224 1675 3245; x_wconf 89' lang='lat' dir='ltr'>se</span> <span class='ocrx_word' id='word_1_1035' title='bbox 1696 3218 1728 3244; x_wconf 87' lang='lat' dir='ltr'>et</span> <span class='ocrx_word' id='word_1_1036' title='bbox 1749 3213 1891 3243; x_wconf 83' lang='lat' dir='ltr'>habitum</span> <span class='ocrx_word' id='word_1_1037' title='bbox 1922 3221 1962 3242; x_wconf 87' lang='lat' dir='ltr'>ac</span> <span class='ocrx_word' id='word_1_1038' title='bbox 1989 3211 2108 3247; x_wconf 86' lang='lat' dir='ltr'>lumen,</span> <span class='ocrx_word' id='word_1_1039' title='bbox 2139 3211 2196 3241; x_wconf 84' lang='lat' dir='ltr'>sed</span> <span class='ocrx_word' id='word_1_1040' title='bbox 2220 3211 2304 3240; x_wconf 86' lang='lat' dir='ltr'>inter</span> <span class='ocrx_word' id='word_1_1041' title='bbox 2333 3209 2464 3240; x_wconf 86' lang='lat' dir='ltr'>modum</span> 
     </span>
     <span class='ocr_line' id='line_1_133' title="bbox 1398 3254 2464 3299; baseline -0.004 -11"><span class='ocrx_word' id='word_1_1042' title='bbox 1398 3259 1520 3299; x_wconf 83' lang='lat' dir='ltr'>agendi</span> <span class='ocrx_word' id='word_1_1043' title='bbox 1544 3259 1721 3299; x_wconf 83' lang='lat' dir='ltr'>utriusque,</span> <span class='ocrx_word' id='word_1_1044' title='bbox 1753 3257 1874 3288; x_wconf 85' lang='lat' dir='ltr'>scilicet</span> <span class='ocrx_word' id='word_1_1045' title='bbox 1903 3256 1935 3286; x_wconf 91' lang='lat' dir='ltr'>in</span> <span class='ocrx_word' id='word_1_1046' title='bbox 1961 3255 2127 3296; x_wconf 87' lang='lat' dir='ltr'>operando</span> <span class='ocrx_word' id='word_1_1047' title='bbox 2151 3254 2281 3296; x_wconf 83' lang='lat' dir='ltr'>quando</span> <span class='ocrx_word' id='word_1_1048' title='bbox 2306 3255 2464 3284; x_wconf 80' lang='lat' dir='ltr'>volumus.</span> 
     </span>
     <span class='ocr_line' id='line_1_134' title="bbox 1398 3300 2466 3343; baseline -0.007 -8"><span class='ocrx_word' id='word_1_1049' title='bbox 1398 3303 1494 3334; x_wconf 89' lang='lat' dir='ltr'>Unde</span> <span class='ocrx_word' id='word_1_1050' title='bbox 1509 3313 1578 3334; x_wconf 91' lang='lat' dir='ltr'>non</span> <span class='ocrx_word' id='word_1_1051' title='bbox 1602 3303 1756 3343; x_wconf 87' lang='lat' dir='ltr'>sequitur,</span> <span class='ocrx_word' id='word_1_1052' title='bbox 1773 3302 1799 3332; x_wconf 89' lang='lat' dir='ltr'>si</span> <span class='ocrx_word' id='word_1_1053' title='bbox 1821 3301 1947 3331; x_wconf 87' lang='lat' dir='ltr'>habitus</span> <span class='ocrx_word' id='word_1_1054' title='bbox 1964 3305 2012 3330; x_wconf 92' lang='lat' dir='ltr'>est</span> <span class='ocrx_word' id='word_1_1055' title='bbox 2034 3301 2068 3331; x_wconf 91' lang='lat' dir='ltr'>in</span> <span class='ocrx_word' id='word_1_1056' title='bbox 2083 3300 2178 3330; x_wconf 90' lang='lat' dir='ltr'>nobis</span> <span class='ocrx_word' id='word_1_1057' title='bbox 2194 3309 2262 3330; x_wconf 90' lang='lat' dir='ltr'>non</span> <span class='ocrx_word' id='word_1_1058' title='bbox 2286 3304 2395 3329; x_wconf 88' lang='lat' dir='ltr'>autem</span> <span class='ocrx_word' id='word_1_1059' title='bbox 2419 3303 2466 3328; x_wconf 88' lang='lat' dir='ltr'>est</span> 
     </span>
     <span class='ocr_line' id='line_1_135' title="bbox 1398 3342 2465 3388; baseline -0.005 -10"><span class='ocrx_word' id='word_1_1060' title='bbox 1398 3356 1449 3378; x_wconf 84' lang='lat' dir='ltr'>res</span> <span class='ocrx_word' id='word_1_1061' title='bbox 1472 3353 1626 3388; x_wconf 87' lang='lat' dir='ltr'>separata,</span> <span class='ocrx_word' id='word_1_1062' title='bbox 1651 3346 1742 3387; x_wconf 92' lang='lat' dir='ltr'>quod</span> <span class='ocrx_word' id='word_1_1063' title='bbox 1764 3345 1908 3376; x_wconf 88' lang='lat' dir='ltr'>similiter</span> <span class='ocrx_word' id='word_1_1064' title='bbox 1923 3344 2104 3374; x_wconf 91' lang='lat' dir='ltr'>intellectus</span> <span class='ocrx_word' id='word_1_1065' title='bbox 2121 3353 2218 3384; x_wconf 88' lang='lat' dir='ltr'>agens</span> <span class='ocrx_word' id='word_1_1066' title='bbox 2241 3344 2281 3373; x_wconf 92' lang='lat' dir='ltr'>sit</span> <span class='ocrx_word' id='word_1_1067' title='bbox 2303 3344 2338 3373; x_wconf 89' lang='lat' dir='ltr'>in</span> <span class='ocrx_word' id='word_1_1068' title='bbox 2360 3342 2465 3379; x_wconf 90' lang='lat' dir='ltr'>nobis,</span> 
     </span>
     <span class='ocr_line' id='line_1_136' title="bbox 1399 3390 2034 3428; baseline -0.009 -5"><span class='ocrx_word' id='word_1_1069' title='bbox 1399 3401 1467 3423; x_wconf 90' lang='lat' dir='ltr'>non</span> <span class='ocrx_word' id='word_1_1070' title='bbox 1492 3397 1601 3422; x_wconf 87' lang='lat' dir='ltr'>autem</span> <span class='ocrx_word' id='word_1_1071' title='bbox 1623 3392 1663 3422; x_wconf 89' lang='lat' dir='ltr'>sit</span> <span class='ocrx_word' id='word_1_1072' title='bbox 1686 3390 1859 3421; x_wconf 89' lang='lat' dir='ltr'>substantia</span> <span class='ocrx_word' id='word_1_1073' title='bbox 1882 3394 2034 3428; x_wconf 88' lang='lat' dir='ltr'>separata.</span> 
     </span>
    </p>

    <p class='ocr_par' dir='ltr' id='par_1_26' title="bbox 1399 3431 2469 3609">
     <span class='ocr_line' id='line_1_137' title="bbox 1455 3431 2467 3475; baseline -0.006 -8"><span class='ocrx_word' id='word_1_1074' title='bbox 1455 3436 1506 3466; x_wconf 90' lang='grc' dir='ltr'>ΙΙΙ.</span> <span class='ocrx_word' id='word_1_1075' title='bbox 1532 3435 1596 3467; x_wconf 91' lang='lat' dir='ltr'>Sed</span> <span class='ocrx_word' id='word_1_1076' title='bbox 1619 3435 1709 3475; x_wconf 90' lang='lat' dir='ltr'>quod</span> <span class='ocrx_word' id='word_1_1077' title='bbox 1732 3435 1810 3465; x_wconf 90' lang='lat' dir='ltr'>istae</span> <span class='ocrx_word' id='word_1_1078' title='bbox 1833 3433 2060 3473; x_wconf 88' lang='lat' dir='ltr'>responsiones</span> <span class='ocrx_word' id='word_1_1079' title='bbox 2083 3442 2151 3462; x_wconf 90' lang='lat' dir='ltr'>non</span> <span class='ocrx_word' id='word_1_1080' title='bbox 2175 3432 2238 3462; x_wconf 88' lang='lat' dir='ltr'>sint</span> <span class='ocrx_word' id='word_1_1081' title='bbox 2260 3431 2300 3462; x_wconf 91' lang='lat' dir='ltr'>ad</span> <span class='ocrx_word' id='word_1_1082' title='bbox 2323 3436 2467 3461; x_wconf 87' lang='lat' dir='ltr'>mentem</span> 
     </span>
     <span class='ocr_line' id='line_1_138' title="bbox 1399 3475 2468 3516; baseline -0.007 -4"><span class='ocrx_word' id='word_1_1083' title='bbox 1399 3481 1590 3516; x_wconf 84' lang='lat' dir='ltr'>Aristotelis,</span> <span class='ocrx_word' id='word_1_1084' title='bbox 1608 3479 1700 3510; x_wconf 86' lang='lat' dir='ltr'>facile</span> <span class='ocrx_word' id='word_1_1085' title='bbox 1725 3484 1772 3509; x_wconf 87' lang='lat' dir='ltr'>est</span> <span class='ocrx_word' id='word_1_1086' title='bbox 1786 3477 1904 3513; x_wconf 86' lang='lat' dir='ltr'>videre,</span> <span class='ocrx_word' id='word_1_1087' title='bbox 1922 3478 1948 3507; x_wconf 91' lang='lat' dir='ltr'>si</span> <span class='ocrx_word' id='word_1_1088' title='bbox 1970 3477 2102 3507; x_wconf 88' lang='lat' dir='ltr'>rationis</span> <span class='ocrx_word' id='word_1_1089' title='bbox 2122 3477 2192 3506; x_wconf 89' lang='lat' dir='ltr'>eius</span> <span class='ocrx_word' id='word_1_1090' title='bbox 2215 3475 2357 3506; x_wconf 88' lang='lat' dir='ltr'>efficacia</span> <span class='ocrx_word' id='word_1_1091' title='bbox 2372 3475 2468 3506; x_wconf 84' lang='lat' dir='ltr'>fuerit</span> 
     </span>
     <span class='ocr_line' id='line_1_139' title="bbox 1401 3519 2469 3563; baseline -0.006 -8"><span class='ocrx_word' id='word_1_1092' title='bbox 1401 3530 1538 3556; x_wconf 88' lang='lat' dir='ltr'>ostensa.</span> <span class='ocrx_word' id='word_1_1093' title='bbox 1568 3524 1662 3555; x_wconf 91' lang='lat' dir='ltr'>Unde</span> <span class='ocrx_word' id='word_1_1094' title='bbox 1692 3524 1807 3563; x_wconf 89' lang='lat' dir='ltr'>primo,</span> <span class='ocrx_word' id='word_1_1095' title='bbox 1832 3522 1891 3552; x_wconf 87' lang='lat' dir='ltr'>ista</span> <span class='ocrx_word' id='word_1_1096' title='bbox 1916 3522 1997 3551; x_wconf 90' lang='lat' dir='ltr'>ratio</span> <span class='ocrx_word' id='word_1_1097' title='bbox 2022 3519 2210 3560; x_wconf 87' lang='lat' dir='ltr'>explicanda</span> <span class='ocrx_word' id='word_1_1098' title='bbox 2232 3525 2295 3556; x_wconf 84' lang='lat' dir='ltr'>est;</span> <span class='ocrx_word' id='word_1_1099' title='bbox 2326 3525 2398 3550; x_wconf 91' lang='lat' dir='ltr'>tum</span> <span class='ocrx_word' id='word_1_1100' title='bbox 2419 3529 2469 3551; x_wconf 90' lang='lat' dir='ltr'>re-</span> 
     </span>
     <span class='ocr_line' id='line_1_140' title="bbox 1400 3565 1982 3609; baseline -0.009 -9"><span class='ocrx_word' id='word_1_1101' title='bbox 1400 3570 1594 3609; x_wconf 88' lang='lat' dir='ltr'>sponsiones</span> <span class='ocrx_word' id='word_1_1102' title='bbox 1618 3568 1710 3598; x_wconf 86' lang='lat' dir='ltr'>datae</span> <span class='ocrx_word' id='word_1_1103' title='bbox 1734 3565 1944 3597; x_wconf 89' lang='lat' dir='ltr'>excludentur</span> <span class='ocrx_word' id='word_1_1104' title='bbox 1956 3566 1982 3595; x_wconf 44' lang='grc' dir='ltr'>ὓ.</span> 
     </span>
    </p>

    <p class='ocr_par' dir='ltr' id='par_1_27' title="bbox 1403 3608 2470 3697">
     <span class='ocr_line' id='line_1_141' title="bbox 1458 3608 2469 3650; baseline -0.007 -6"><span class='ocrx_word' id='word_1_1105' title='bbox 1458 3613 1510 3644; x_wconf 89' lang='lat' dir='ltr'>Ad</span> <span class='ocrx_word' id='word_1_1106' title='bbox 1541 3612 1734 3643; x_wconf 87' lang='lat' dir='ltr'>evidentiam</span> <span class='ocrx_word' id='word_1_1107' title='bbox 1763 3611 1859 3650; x_wconf 89' lang='lat' dir='ltr'>igitur</span> <span class='ocrx_word' id='word_1_1108' title='bbox 1890 3610 2031 3645; x_wconf 89' lang='lat' dir='ltr'>rationis,</span> <span class='ocrx_word' id='word_1_1109' title='bbox 2062 3608 2334 3639; x_wconf 86' lang='lat' dir='ltr'>considerandum</span> <span class='ocrx_word' id='word_1_1110' title='bbox 2363 3608 2469 3648; x_wconf 91' lang='lat' dir='ltr'>primo</span> 
     </span>
     <span class='ocr_line' id='line_1_142' title="bbox 1403 3652 2470 3697; baseline -0.007 -8"><span class='ocrx_word' id='word_1_1111' title='bbox 1403 3657 1504 3697; x_wconf 90' lang='lat' dir='ltr'>quod,</span> <span class='ocrx_word' id='word_1_1112' title='bbox 1529 3666 1605 3688; x_wconf 90' lang='lat' dir='ltr'>cum</span> <span class='ocrx_word' id='word_1_1113' title='bbox 1629 3661 1750 3687; x_wconf 87' lang='lat' dir='ltr'>natura</span> <span class='ocrx_word' id='word_1_1114' title='bbox 1777 3654 1996 3694; x_wconf 88' lang='lat' dir='ltr'>multipliciter</span> <span class='ocrx_word' id='word_1_1115' title='bbox 2019 3653 2152 3690; x_wconf 87' lang='lat' dir='ltr'>dicatur,</span> <span class='ocrx_word' id='word_1_1116' title='bbox 2177 3658 2214 3683; x_wconf 91' lang='lat' dir='ltr'>ut</span> <span class='ocrx_word' id='word_1_1117' title='bbox 2236 3658 2324 3693; x_wconf 89' lang='lat' dir='ltr'>patet</span> <span class='ocrx_word' id='word_1_1118' title='bbox 2347 3652 2375 3682; x_wconf 97' lang='lat' dir='ltr'>V</span> <span class='ocrx_word' id='word_1_1119' title='bbox 2399 3653 2470 3683; x_wconf 89' lang='lat' dir='ltr'>Me-</span> 
     </span>
    </p>
   </div>
   <div class='ocr_carea' id='block_1_15' title="bbox 2494 1580 2707 1632">
    <p class='ocr_par' dir='ltr' id='par_1_28' title="bbox 2494 1580 2707 1632">
     <span class='ocr_line' id='line_1_143' title="bbox 2494 1580 2707 1608; baseline 0 -7"><span class='ocrx_word' id='word_1_1120' title='bbox 2494 1581 2503 1590; x_wconf 90' lang='lat'>&#39;‘</span> <span class='ocrx_word' id='word_1_1121' title='bbox 2512 1580 2639 1606; x_wconf 62' lang='lat' dir='ltr'>ALIecta,</span> <span class='ocrx_word' id='word_1_1122' title='bbox 2650 1586 2707 1608; x_wconf 85' lang='lat' dir='ltr'>q.n‚</span> 
     </span>
     <span class='ocr_line' id='line_1_144' title="bbox 2494 1612 2549 1632; baseline 0 -5"><span class='ocrx_word' id='word_1_1123' title='bbox 2494 1612 2515 1627; x_wconf 82' lang='lat' dir='ltr'>a.</span> <span class='ocrx_word' id='word_1_1124' title='bbox 2523 1613 2549 1632; x_wconf 86' lang='lat'>4.</span> 
     </span>
    </p>
   </div>
   <div class='ocr_carea' id='block_1_16' title="bbox 2492 1975 2704 2030">
    <p class='ocr_par' dir='ltr' id='par_1_29' title="bbox 2492 1975 2704 2030">
     <span class='ocr_line' id='line_1_145' title="bbox 2492 1975 2704 2003; baseline 0 -7"><span class='ocrx_word' id='word_1_1125' title='bbox 2492 1976 2502 1985; x_wconf 88' lang='grc'><em>·</em></span> <span class='ocrx_word' id='word_1_1126' title='bbox 2511 1975 2643 1997; x_wconf 85' lang='lat' dir='ltr'>Commem.</span> <span class='ocrx_word' id='word_1_1127' title='bbox 2655 1981 2704 2003; x_wconf 84' lang='lat' dir='ltr'>cap.</span> 
     </span>
     <span class='ocr_line' id='line_1_146' title="bbox 2492 2007 2704 2030; baseline 0 -7"><span class='ocrx_word' id='word_1_1128' title='bbox 2492 2007 2577 2029; x_wconf 62' lang='lat' dir='ltr'>praec„</span> <span class='ocrx_word' id='word_1_1129' title='bbox 2588 2008 2611 2023; x_wconf 90' lang='lat' dir='ltr'>n.</span> <span class='ocrx_word' id='word_1_1130' title='bbox 2622 2008 2704 2030; x_wconf 83' lang='lat' dir='ltr'>msqq.</span> 
     </span>
    </p>
   </div>
   <div class='ocr_carea' id='block_1_17' title="bbox 2490 2243 2547 2264">
    <p class='ocr_par' dir='ltr' id='par_1_30' title="bbox 2490 2243 2547 2264">
     <span class='ocr_line' id='line_1_147' title="bbox 2490 2243 2547 2264; baseline 0 0"><span class='ocrx_word' id='word_1_1131' title='bbox 2490 2243 2547 2264; x_wconf 87' lang='lat' dir='ltr'>&#39;Ca</span> 
     </span>
    </p>
   </div>
   <div class='ocr_carea' id='block_1_18' title="bbox 2489 2249 2702 2296">
    <p class='ocr_par' dir='ltr' id='par_1_31' title="bbox 2489 2249 2702 2296">
     <span class='ocr_line' id='line_1_148' title="bbox 2566 2249 2702 2269; baseline 0 -4"><span class='ocrx_word' id='word_1_1132' title='bbox 2566 2259 2572 2265; x_wconf 88' lang='lat'>.</span> <span class='ocrx_word' id='word_1_1133' title='bbox 2589 2249 2631 2269; x_wconf 85' lang='lat' dir='ltr'>vu,</span> <span class='ocrx_word' id='word_1_1134' title='bbox 2649 2250 2666 2269; x_wconf 78' lang='lat'>¹;</span> <span class='ocrx_word' id='word_1_1135' title='bbox 2683 2249 2702 2265; x_wconf 79' lang='lat' dir='ltr'>s.</span> 
     </span>
     <span class='ocr_line' id='line_1_149' title="bbox 2489 2269 2612 2296; baseline -0.008 -5"><span class='ocrx_word' id='word_1_1136' title='bbox 2489 2269 2535 2291; x_wconf 82' lang='lat' dir='ltr'>Th.</span> <span class='ocrx_word' id='word_1_1137' title='bbox 2558 2285 2565 2291; x_wconf 85' lang='lat'><strong><em>.</em></strong></span> <span class='ocrx_word' id='word_1_1138' title='bbox 2578 2277 2612 2296; x_wconf 76' lang='lat'>¹4·</span> 
     </span>
    </p>
   </div>
   <div class='ocr_carea' id='block_1_19' title="bbox 2491 2458 2704 2539">
    <p class='ocr_par' dir='ltr' id='par_1_32' title="bbox 2491 2458 2704 2539">
     <span class='ocr_line' id='line_1_150' title="bbox 2491 2458 2703 2481; baseline -0.005 0"><span class='ocrx_word' id='word_1_1139' title='bbox 2491 2460 2501 2470; x_wconf 73' lang='lat'>&#39;</span> <span class='ocrx_word' id='word_1_1140' title='bbox 2519 2459 2591 2481; x_wconf 83' lang='lat' dir='ltr'>Caiet.</span> <span class='ocrx_word' id='word_1_1141' title='bbox 2610 2458 2703 2480; x_wconf 90' lang='lat' dir='ltr'>Comm.</span> 
     </span>
     <span class='ocr_line' id='line_1_151' title="bbox 2491 2485 2703 2511; baseline -0.009 -3"><span class='ocrx_word' id='word_1_1142' title='bbox 2491 2486 2514 2508; x_wconf 89' lang='lat' dir='ltr'>in</span> <span class='ocrx_word' id='word_1_1143' title='bbox 2531 2486 2561 2507; x_wconf 83' lang='lat'>111</span> <span class='ocrx_word' id='word_1_1144' title='bbox 2572 2485 2601 2507; x_wconf 78' lang='lat' dir='ltr'>de</span> <span class='ocrx_word' id='word_1_1145' title='bbox 2610 2485 2703 2511; x_wconf 83' lang='lat' dir='ltr'>Anima,</span> 
     </span>
     <span class='ocr_line' id='line_1_152' title="bbox 2491 2511 2704 2539; baseline -0.009 -5"><span class='ocrx_word' id='word_1_1146' title='bbox 2491 2519 2541 2539; x_wconf 83' lang='lat' dir='ltr'>cap.</span> <span class='ocrx_word' id='word_1_1147' title='bbox 2558 2518 2575 2534; x_wconf 88' lang='lat' dir='ltr'>n</span> <span class='ocrx_word' id='word_1_1148' title='bbox 2592 2511 2704 2539; x_wconf 80' lang='lat' dir='ltr'>(Florem.</span> 
     </span>
    </p>
   </div>
   <div class='ocr_carea' id='block_1_20' title="bbox 2493 2539 2565 2568">
    <p class='ocr_par' dir='ltr' id='par_1_33' title="bbox 2493 2539 2565 2568">
     <span class='ocr_line' id='line_1_153' title="bbox 2493 2539 2565 2568; baseline -0.028 0"><span class='ocrx_word' id='word_1_1149' title='bbox 2493 2539 2565 2568; x_wconf 82' lang='lat'><strong>¹509)-</strong></span> 
     </span>
    </p>
   </div>
   <div class='ocr_carea' id='block_1_21' title="bbox 2496 3568 2635 3590">
    <p class='ocr_par' dir='ltr' id='par_1_34' title="bbox 2496 3568 2635 3590">
     <span class='ocr_line' id='line_1_154' title="bbox 2496 3568 2635 3590; baseline -0.022 0"><span class='ocrx_word' id='word_1_1150' title='bbox 2496 3570 2507 3580; x_wconf 81' lang='lat'>¹¹</span> <span class='ocrx_word' id='word_1_1151' title='bbox 2521 3568 2591 3590; x_wconf 86' lang='lat' dir='ltr'>Num.</span> <span class='ocrx_word' id='word_1_1152' title='bbox 2603 3573 2635 3588; x_wconf 86' lang='grc' dir='ltr'>ιν.</span> 
     </span>
    </p>
   </div>
  </div>
 </body>
</html>
