2768 4134
34 1567 43 1575 ⁶
54 1566 89 1588 cf.
98 1569 152 1587 text.
164 1569 186 1587 et
199 1571 246 1587 var.

275 277 349 313 282

329 356 484 386 Probatur
507 358 615 383 autem
640 350 808 381 conclusio
833 359 871 380 ex
895 350 933 379 iis
958 358 1041 388 quae
1066 353 1195 378 ostensa
1218 353 1293 377 sunt
1314 348 1348 378 in

272 402 378 441 primo
402 399 494 429 libro.

329 444 365 473 11.
390 443 510 472 Primo.
537 440 713 471 Ostensum
745 445 792 470 est
823 447 929 478 supra,
954 437 994 467 de
1018 442 1127 467 mente
1155 436 1346 472 Aristotelis,

271 497 340 519 esse
356 487 497 527 aliquam
513 486 650 525 primam
666 493 796 515 causam
813 488 971 523 agentem,
990 491 1073 522 quae
1090 487 1137 512 est
1153 481 1252 511 Deus.
1270 480 1347 511 Effi-

271 534 358 563 ciens
382 537 491 561 autem
515 539 591 560 suos
615 528 748 560 effectus
772 527 926 559 conducit
950 525 990 557 ad
1014 536 1092 557 esse.
1118 526 1212 568 Ergo*
1229 531 1290 556 etc.

326 574 571 606 Advertendum
603 573 704 614 quod,
736 574 811 604 licet
839 572 963 603 formae
994 571 1140 602 dicamus
1171 571 1346 601 convenire

272 626 308 652 ut
323 620 377 651 det
394 629 473 656 esse,
489 628 558 650 non
575 619 696 650 utimur
712 624 821 649 tamen
837 618 900 648 hoc
917 615 1020 646 modo
1037 615 1166 646 dicendi
1181 616 1215 646 in
1231 615 1346 652 forma,

272 664 362 706 quod
377 664 526 706 effectum
539 663 692 694 conducit
707 663 750 694 ad
762 672 839 693 esse.
858 662 932 692 Hoc
949 661 1036 691 enim
1050 661 1181 701 proprie
1198 661 1348 701 exprimit

272 710 491 741 causalitatem
507 708 684 745 efficientis,
703 709 795 739 cuius
812 713 859 737 est
882 705 1036 736 reducere
1053 704 1206 736 effectum
1231 705 1270 736 de
1286 714 1347 746 po-

271 755 370 785 tentia
394 753 434 784 ad
457 758 576 790 actum,
601 752 815 793 producendo
840 751 990 787 formam,
1024 760 1041 780 a
1065 760 1129 791 qua
1153 760 1204 780 res
1227 749 1348 780 forma-

271 800 343 830 liter
366 799 462 829 habet
485 808 565 829 esse.
590 798 708 828 Forma
732 803 841 827 autem
858 805 925 826 non
942 794 1098 826 conducit
1122 794 1163 825 ad
1186 804 1255 825 esse
1271 794 1348 825 effe-

272 850 361 875 ctum
381 849 537 884 tanquam
554 852 622 874 esse
639 842 762 873 formae
779 842 818 871 sit
835 840 957 880 aliquid
974 840 1112 870 omnino
1131 840 1347 870 extrinsecum

272 899 290 919 a
321 889 434 924 forma,
467 889 549 919 sicut
573 893 620 918 est
645 888 859 918 extrinsecum
891 886 929 915 ab
961 890 1075 925 agente
1099 890 1135 915 ut
1162 894 1261 924 agens
1284 890 1346 915 est:

272 935 375 965 immo
392 942 461 963 esse
485 938 532 963 est
555 933 616 972 ipsi
640 931 763 962 formae
781 931 996 961 coniunctum
1011 935 1168 970 tanquam
1185 929 1255 960 eius
1271 928 1348 960 effe-

273 984 343 1009 ctus
367 978 520 1014 formalis,
545 978 583 1007 ab
614 978 683 1018 ipsa
707 985 764 1016 per
789 974 953 1015 quandam
981 974 1161 1006 naturalem
1191 974 1348 1004 resultan-

272 1025 349 1054 tiam
374 1032 537 1054 emanans.
562 1020 713 1052 Efficiens
737 1030 813 1060 ergo
839 1019 956 1050 dicitur
986 1018 1138 1050 effectum
1163 1018 1348 1050 conducere

273 1068 313 1099 ad
336 1078 414 1103 esse,
439 1068 515 1107 quia
539 1065 667 1096 effectui
692 1065 780 1106 prius
804 1064 932 1095 distanti
958 1064 997 1094 ab
1022 1073 1091 1094 esse
1117 1063 1170 1094 dat
1197 1062 1347 1101 formam,

273 1123 330 1153 per
353 1122 452 1152 quam
476 1117 523 1142 est
546 1112 578 1141 in
604 1120 710 1141 rerum
734 1115 857 1140 natura.

328 1156 487 1187 Secundo.
501 1156 645 1186 Primum
661 1164 797 1186 movens
814 1155 846 1185 in
860 1154 1007 1195 quolibet
1021 1153 1134 1184 ordine
1147 1153 1283 1193 (scilicet
1299 1163 1347 1184 es-

272 1201 410 1242 sentiali)
434 1207 586 1231 motuum
604 1206 651 1231 est
667 1209 762 1230 causa
779 1199 929 1230 omnium
945 1203 1099 1229 motuum
1115 1197 1200 1229 illius
1215 1198 1348 1229 ordinis.

273 1246 336 1278 Sed
352 1246 454 1277 multa
470 1255 508 1276 ex
524 1246 668 1276 motibus
685 1244 764 1276 caeli
781 1244 1008 1286 producuntur
1023 1244 1057 1274 in
1074 1252 1153 1274 esse.
1177 1243 1280 1274 Cuius
1297 1253 1349 1273 or-

273 1291 356 1322 dinis
379 1297 530 1322 motuum
547 1295 715 1321 ostensum
735 1295 782 1320 est
806 1290 839 1320 in
863 1289 973 1320 Primo
990 1289 1099 1319 Deum
1119 1297 1188 1319 esse
1205 1289 1348 1329 primum

273 1346 419 1367 movens.
436 1336 523 1376 Ergo
539 1335 650 1366 multis
666 1335 778 1365 saltem
794 1335 891 1366 rebus
909 1334 999 1365 Deus
1020 1334 1078 1364 erit
1100 1343 1196 1364 causa
1211 1332 1348 1364 essendi.

328 1381 379 1412 111.
394 1381 514 1412 Tertio.
532 1381 621 1411 Deus
645 1385 692 1411 est
708 1389 765 1411 ens
781 1386 865 1411 actu.
879 1379 966 1420 Ergo
983 1384 1044 1410 etc.
1061 1396 1083 1400 -
1096 1378 1254 1409 Probatur
1270 1388 1350 1410 con-

274 1426 452 1467 sequentia.
476 1425 633 1456 Existenti
657 1425 689 1456 in
715 1431 788 1456 actu
813 1424 967 1456 convenit
990 1433 1048 1464 per
1071 1433 1104 1454 se
1137 1423 1280 1464 aliquem
1304 1422 1350 1454 ef-

274 1470 396 1502 fectum
413 1480 516 1511 agere.
537 1471 624 1511 Ergo
641 1479 739 1501 omne
756 1479 814 1501 ens
830 1475 904 1501 actu
920 1474 1033 1500 natum
1050 1473 1098 1499 est
1113 1477 1207 1509 agere
1227 1467 1350 1510 aliquid

275 1521 348 1547 actu
372 1516 520 1547 existens.
536 1515 624 1555 Ergo
641 1520 701 1546 etc.
720 1533 741 1537 —
761 1515 852 1546 Patet
874 1515 978 1556 prima
1001 1514 1249 1554 consequentia:
1275 1513 1351 1554 quia

275 1561 365 1602 quod
386 1571 443 1602 per
459 1571 492 1592 se
508 1561 605 1592 alicui
624 1561 788 1597 convenit,
807 1560 1020 1591 naturaliter*
1041 1559 1070 1589 ei
1088 1559 1181 1589 inest.
1203 1577 1225 1581 -
1250 1559 1351 1589 Ante·

276 1606 394 1637 cedens
418 1607 514 1637 etiam
538 1604 747 1637 manifestum
776 1611 837 1636 est:
863 1606 939 1646 quia
969 1603 1221 1644 unumquodque
1248 1613 1352 1645 agens

275 1651 452 1683 secundum
474 1651 536 1682 hoc
559 1650 631 1692 agit
653 1650 742 1692 quod
765 1655 813 1681 est
836 1650 869 1680 in
894 1655 980 1680 actu.

333 1696 427 1727 Circa
450 1696 711 1737 propositionem
737 1695 923 1726 immediate
947 1698 1146 1734 assumptam
1173 1693 1351 1724 dubitatur:

278 1741 353 1781 quia
376 1750 444 1772 non
468 1740 595 1772 videtur
619 1739 814 1772 concludere
838 1739 1056 1781 propositum.
1080 1738 1172 1769 Licet
1201 1738 1288 1769 enim
1313 1737 1353 1768 ad

277 1786 342 1817 hoc
366 1792 402 1816 ut
425 1785 547 1826 aliquid
570 1792 651 1826 agat,
676 1795 807 1816 necesse
832 1786 871 1816 sit
894 1786 1001 1825 ipsum
1028 1793 1097 1814 esse
1120 1784 1153 1814 in
1178 1789 1262 1820 actu,
1284 1792 1353 1814 non

278 1835 386 1862 tamen
412 1840 450 1861 ex
474 1832 538 1861 hoc
562 1830 688 1862 videtur
711 1831 803 1871 sequi
832 1836 868 1861 ut
899 1838 998 1860 omne
1023 1827 1114 1869 quod
1145 1833 1192 1859 est
1221 1828 1255 1858 in
1279 1833 1353 1858 actu

278 1885 335 1917 per
358 1885 392 1906 se
416 1881 448 1906 et
470 1876 655 1907 naturaliter
679 1881 766 1915 agat:
792 1876 885 1911 sicut,
909 1875 985 1905 licet
1009 1873 1049 1904 ad
1079 1873 1143 1904 hoc
1171 1879 1207 1903 ut
1231 1872 1354 1913 aliquid

278 1921 318 1951 sit
341 1921 469 1957 risibile,
494 1926 624 1961 oportet
647 1921 755 1961 ipsum
780 1929 849 1951 esse
865 1919 994 1956 animal,
1010 1927 1079 1949 non
1095 1923 1204 1948 tamen
1224 1922 1354 1958 oportet

279 1971 314 1995 ut
337 1974 436 1996 omne
461 1965 551 2005 quod
576 1971 623 1996 est
645 1965 763 1996 animal
792 1965 832 1995 sit
855 1963 984 1995 risibile.
1010 1963 1107 2003 Ergo,
1132 1962 1207 1992 licet
1235 1971 1354 1993 unum-

277 2009 435 2051 quodque
459 2015 530 2051 agat
553 2010 750 2050 inquantum
774 2014 821 2040 est
844 2009 878 2039 in
895 2013 980 2045 actu,
1004 2017 1072 2038 non
1090 2012 1198 2037 tamen
1223 2011 1354 2047 oportet

278 2060 314 2086 ut
337 2064 436 2085 omne
461 2056 598 2086 existens
622 2055 654 2085 in
680 2059 754 2085 actu
778 2054 818 2085 sit
841 2054 993 2084 activum.

333 2099 562 2140 Respondetur
577 2099 678 2140 quod,
695 2108 772 2130 cum
792 2098 919 2135 dicitur,
940 2097 1201 2138 Unumquodque
1216 2096 1289 2138 agit
1306 2105 1355 2127 se-

278 2144 420 2176 cundum
436 2144 524 2186 quod
546 2150 594 2176 est
613 2145 646 2175 in
671 2149 757 2180 actu,
781 2144 814 2185 ly
830 2143 1007 2175 secundum
1023 2142 1112 2184 quod
1127 2141 1293 2182 specificat
1307 2151 1355 2172 ra-

278 2190 403 2220 tionem
419 2188 550 2231 agendi:
575 2190 659 2220 sicut
682 2190 770 2221 enim
787 2189 875 2220 calor
892 2194 940 2220 est
962 2187 1068 2219 forma
1083 2197 1141 2228 per
1157 2196 1257 2228 quam
1274 2186 1356 2227 ignis

280 2234 425 2265 calefacit
441 2240 473 2266 et
489 2238 536 2266 est
551 2235 611 2266 sibi
627 2235 709 2266 ratio
725 2233 946 2270 calefaciendi,
963 2233 1007 2264 ita
1018 2232 1240 2264 universaliter
1253 2231 1357 2263 forma

280 2285 311 2310 et
327 2285 417 2310 actus
441 2284 488 2311 est
511 2280 617 2320 agenti
642 2280 723 2310 ratio
742 2278 868 2321 agendi,
893 2288 969 2309 cum
986 2287 1086 2309 omne
1109 2287 1207 2320 agens
1230 2275 1356 2318 agendo

280 2323 375 2355 faciat
398 2324 520 2365 aliquid
544 2333 612 2355 esse
637 2325 669 2355 in
694 2330 778 2355 actu.
796 2324 853 2355 Est
873 2329 982 2354 autem
999 2322 1221 2354 universaliter
1244 2330 1357 2352 verum

281 2368 382 2410 quod,
407 2370 462 2400 ubi
486 2374 534 2400 est
566 2370 646 2400 ratio
671 2368 815 2400 formalis
846 2368 992 2404 alicuius,
1017 2373 1149 2408 oportet
1172 2366 1253 2398 illud
1277 2375 1356 2402 esse,

282 2419 323 2451 et,
348 2414 405 2445 ubi
428 2414 508 2445 illud
532 2420 594 2450 est,
619 2420 751 2455 oportet
779 2413 939 2445 rationem
969 2412 1141 2444 formalem
1165 2421 1251 2443 esse:
1275 2412 1358 2442 sicut

281 2460 315 2490 in
335 2468 549 2500 quocumque
573 2464 621 2490 est
645 2459 742 2496 calor,
767 2464 898 2500 oportet
921 2457 1000 2490 illud
1025 2467 1093 2489 esse
1117 2456 1358 2493 calefactivum;

282 2510 314 2535 et
337 2505 369 2535 in
395 2505 485 2535 omni
510 2502 698 2536 calefactivo
723 2513 792 2536 esse
817 2503 958 2535 calorem
982 2512 1113 2534 necesse
1138 2507 1195 2538 est,
1215 2507 1270 2533 aut
1294 2500 1358 2532 for-

282 2548 407 2580 maliter
427 2554 482 2579 aut
504 2549 690 2580 virtualiter.
708 2548 741 2581 Si
765 2558 842 2589 ergo
860 2557 928 2579 esse
953 2548 985 2578 in
1003 2553 1076 2579 actu
1094 2553 1140 2578 est
1163 2547 1270 2588 agenti
1286 2546 1359 2578 uni-

283 2595 402 2634 cuique
433 2595 513 2624 ratio
542 2594 667 2634 agendi,
693 2597 823 2635 oportet
846 2599 882 2624 ut
906 2602 1006 2624 omne
1029 2601 1127 2633 agens
1151 2592 1191 2622 sit
1216 2592 1250 2622 in
1274 2596 1358 2628 actu,

283 2645 314 2670 et
338 2648 437 2670 omne
461 2638 552 2680 quod
577 2644 624 2670 est
647 2639 680 2670 in
705 2644 780 2670 actu
803 2638 843 2668 sit
872 2639 1014 2669 activum
1043 2637 1238 2669 naturaliter.
1263 2636 1359 2668 Unde

283 2683 361 2715 dixit
384 2683 521 2715 Sanctus
536 2683 684 2715 Thomas
699 2683 791 2725 quod
806 2693 877 2715 esse
893 2684 1035 2715 activum
1056 2681 1190 2714 effectus
1209 2681 1361 2713 convenit

278 2739 340 2769 per
355 2738 389 2759 se
412 2729 559 2760 existenti
583 2729 615 2759 in
640 2735 728 2760 actu:
753 2728 846 2765 idest,
872 2728 1025 2759 convenit
1041 2728 1099 2759 sibi
1122 2737 1180 2769 per
1195 2727 1360 2769 propriam

283 2773 422 2804 formam
446 2783 503 2814 per
527 2783 625 2815 quam
650 2779 698 2805 est
725 2775 759 2804 in
783 2779 874 2810 actu;
899 2779 932 2804 et
963 2782 1022 2814 per
1051 2781 1257 2814 consequens
1281 2781 1360 2803 con-

283 2819 370 2850 venit
386 2819 446 2850 sibi
462 2818 658 2856 naturaliter,
679 2828 755 2850 nam
775 2828 859 2860 quae
878 2817 1018 2849 formam
1035 2819 1080 2850 rei
1101 2823 1360 2858 consequuntur,

282 2864 438 2895 naturalia
462 2869 548 2894 sunt.

339 2908 391 2939 Ad
414 2909 598 2939 instantiam
622 2908 837 2950 respondetur
853 2907 954 2948 quod,
974 2907 1049 2938 licet
1073 2917 1141 2938 esse
1158 2907 1276 2938 risibile
1292 2915 1361 2937 non

283 2954 456 2984 conveniat
479 2953 540 2984 nisi
565 2953 594 2983 ei
619 2953 710 2994 quod
727 2959 774 2984 est
799 2952 928 2989 animal,
947 2962 1015 2983 esse
1031 2958 1139 2983 tamen
1158 2952 1277 2983 animal
1292 2961 1361 2983 non

285 3004 331 3029 est
343 2999 424 3029 ratio
437 3007 537 3039 quare
550 2997 673 3038 aliquid
689 2998 728 3028 sit
744 2998 874 3029 risibile.
888 2997 963 3028 Non
982 2998 1068 3028 enim
1086 2996 1223 3028 dicimus
1240 2995 1362 3038 aliquid

284 3053 352 3074 esse
365 3043 483 3074 risibile
496 3044 692 3083 inquantum
709 3049 756 3074 est
769 3042 900 3079 animal,
914 3042 969 3073 sed
982 3043 1177 3083 inquantum
1194 3042 1361 3073 rationale.

341 3088 396 3119 lv.
410 3087 550 3125 Quarto.
568 3088 656 3119 Deus
673 3093 721 3119 est
736 3088 876 3120 maxime
893 3087 1065 3128 perfectus.
1079 3087 1166 3128 Ergo
1177 3093 1238 3118 etc.
1250 3105 1273 3110 —
1284 3087 1363 3118 Pro-

286 3133 377 3164 batur
401 3133 646 3174 consequentia.
671 3132 758 3171 Quia
781 3133 911 3174 signum
927 3132 1135 3173 perfectionis
1155 3138 1202 3163 est
1218 3133 1251 3163 in
1266 3132 1363 3163 rebus

286 3177 501 3214 inferioribus,
526 3183 562 3209 ut
585 3177 702 3210 dicitur
719 3178 761 3209 lv
778 3178 1014 3213 Meteororum,
1032 3176 1122 3218 quod
1146 3183 1283 3218 possunt
1303 3176 1363 3207 sibi

287 3223 400 3254 similia
417 3222 531 3254 facere.
548 3222 638 3254 Deus
658 3229 767 3255 autem
792 3228 839 3254 est
862 3223 971 3264 ipsum
995 3232 1064 3253 esse
1088 3227 1172 3253 actu.
1197 3221 1284 3263 Ergo
1301 3227 1363 3252 etc.

792 270 982 307 SUMMA
1011 268 1233 306 CONTRA
1263 267 1540 311 GENTILES,
1569 267 1727 312 LIB.11,
1759 266 1871 303 CAP.
1892 267 1954 304 Vl.

1458 346 1704 377 Advertendum
1729 346 1830 387 quod,
1854 347 1929 378 licet
1953 353 2117 378 creaturae
2148 358 2216 380 non
2247 350 2373 390 possint
2401 352 2478 382 assi-

1401 391 1506 422 milari
1529 391 1603 422 Deo
1631 392 1665 422 in
1694 392 1819 423 ratione
1843 402 1909 423 una
1939 391 2101 432 specifica,
2134 399 2271 433 possunt
2299 399 2407 426 tamen
2431 396 2477 426 illi

1401 436 1568 467 assimilari
1592 437 1625 466 in
1650 437 1919 467 communissima
1935 437 2086 467 omnium
2102 436 2314 478 perfectione,
2331 448 2415 479 quae
2431 445 2479 471 est

1401 491 1480 512 esse.
1507 480 1584 511 Ideo
1608 480 1745 512 Sanctus
1761 481 1918 518 Thomas,
1943 491 1982 512 ex
2006 491 2047 512 eo
2071 481 2162 522 quod
2185 482 2274 513 Deus
2297 488 2406 523 potest
2419 485 2479 516 sibi

1401 526 1505 556 simile
1530 523 1645 562 facere,
1670 525 1838 557 concludit
1867 527 1976 567 ipsum
2006 535 2103 567 posse
2133 526 2239 558 facere
2270 527 2392 568 aliquid
2422 537 2479 559 ens

1401 576 1485 607 actu,
1510 571 1594 601 sicut
1616 571 1686 611 ipse
1710 576 1759 601 est
1781 576 1882 613 actus.

1449 615 1584 652 Quinto.
1609 615 1698 646 Deus
1728 615 1798 646 vult
1825 625 1923 646 suum
1951 625 2022 647 esse
2050 617 2294 647 communicare
2324 616 2393 647 aliis
2422 626 2481 657 per

1401 659 1540 691 modum
1563 659 1793 690 similitudinis.
1810 659 1898 700 Ergo
1914 666 1963 691 est
1985 661 2055 692 aliis
2071 671 2168 692 causa
2183 661 2320 692 essendi.
2337 680 2360 684 —
2378 662 2480 693 Ante-

1401 705 1520 736 cedens
1544 710 1714 735 ostensum
1744 710 1792 735 est
1818 705 1966 745 superius
1989 706 2023 736 in
2046 706 2166 737 Primo.
2187 723 2211 728 —
2236 706 2481 746 Consequentia

1402 759 1479 781 vero
1503 750 1668 790 probatur,
1686 749 1907 790 supponendo
1924 749 2016 790 quod
2031 750 2071 781 de
2088 750 2288 792 perfectione
2305 752 2480 782 voluntatis

1402 800 1449 826 est
1473 800 1509 825 ut
1532 795 1572 824 sit
1595 794 1732 825 actionis
1755 799 1787 825 et
1811 799 1921 825 motus
1944 795 2152 836 principium,
2175 801 2211 827 ut
2235 795 2352 827 dicitur
2375 795 2418 826 111
2442 795 2481 827 de

1402 839 1531 870 Anima.
1556 839 1717 870 Voluntas
1742 838 1850 869 divina
1873 844 1922 870 est
1939 838 2092 880 perfecta.
2112 840 2200 881 Ergo
2223 850 2292 871 non
2316 840 2406 872 deest
2421 841 2481 871 sibi

1402 885 1502 917 virtus
1518 882 1784 916 communicandi
1801 893 1870 915 esse
1886 893 1945 925 per
1958 883 2096 915 modum
2114 884 2341 922 similitudinis,
2358 887 2384 916 si
2400 885 2480 916 illud

1403 929 1472 960 vult
1495 930 1748 960 communicare.

1458 974 1599 1005 Adverte
1612 973 1704 1014 quod
1719 983 1787 1004 non
1801 972 1878 1004 dicit
1893 972 2030 1004 Sanctus
2047 973 2193 1004 Thomas
2210 974 2357 1005 absolute
2373 975 2481 1006 Deum

1402 1019 1484 1050 velle
1509 1019 1752 1050 communicare
1775 1027 1872 1049 suum
1897 1028 1967 1049 esse
1991 1018 2070 1054 aliis,
2095 1018 2152 1050 sed
2171 1018 2302 1055 addidit,
2322 1029 2387 1060 per
2412 1029 2480 1050 mo—

1402 1063 1478 1094 dum
1495 1063 1736 1094 similitudinis:
1751 1068 1788 1094 ut
1804 1061 1953 1094 ostendat
1968 1062 2107 1094 modum
2124 1063 2432 1094 communicationis
2447 1065 2481 1095 in

1402 1109 1556 1139 creaturis
1579 1108 1706 1139 differre
1730 1118 1748 1138 a
1771 1107 1874 1138 modo
1899 1117 1966 1149 quo
1990 1118 2055 1139 una
2079 1108 2223 1139 Persona
2245 1108 2353 1139 divina
2385 1118 2481 1140 suum

1403 1163 1472 1184 esse
1496 1153 1586 1184 alteri
1609 1153 1771 1186 Personae
1795 1153 2028 1184 communicat.
2053 1153 2100 1184 lbi
2117 1154 2205 1184 enim
2221 1154 2483 1186 communicatur

1403 1198 1490 1230 idem
1514 1208 1583 1229 esse
1606 1207 1762 1229 numero:
1786 1197 1839 1228 hic
1863 1203 1973 1228 autem
1997 1197 2274 1235 communicatur⁴
2282 1206 2351 1229 non
2374 1198 2483 1240 ipsum

1403 1252 1473 1274 esse
1497 1242 1645 1274 divinum
1668 1243 1701 1273 in
1726 1252 1770 1279 se,
1802 1241 1859 1273 sed
1889 1242 2050 1283 quaedam
2074 1242 2253 1274 similitudo
2277 1237 2482 1280 divini‘esse,

1402 1289 1598 1329 inquantum
1632 1297 1702 1318 esse
1732 1293 1896 1318 creaturae
1927 1293 1975 1319 est
2004 1287 2165 1329 quaedam
2197 1288 2266 1319 eius
2295 1288 2485 1331 participata

1403 1332 1591 1364 similitudo.

1448 1378 1488 1408 V.
1517 1378 1650 1408 Ultimo.
1677 1377 1738 1408 Per
1761 1382 1870 1408 actum
1893 1378 1951 1418 qui
1973 1378 2006 1408 in
2025 1378 2121 1409 nobis
2139 1383 2198 1414 est,
2218 1387 2395 1419 possumus
2413 1387 2483 1413 non

1403 1423 1512 1454 solum
1527 1423 1562 1453 in
1578 1423 1723 1455 actiones
1745 1423 1971 1459 immanentes,
1988 1421 2045 1454 sed
2061 1423 2159 1454 etiam
2173 1423 2207 1454 in
2222 1423 2368 1454 actiones
2382 1428 2484 1455 nans-

1405 1473 1528 1504 euntes‚
1542 1476 1599 1508 per
1611 1477 1692 1508 quas
1708 1467 1816 1508 aliqua
1833 1465 1916 1498 facta
1927 1466 2151 1508 producimus.
2164 1466 2252 1509 Ergo
2264 1467 2370 1499 multo
2382 1467 2484 1509 magis

1404 1514 1468 1544 hoc
1491 1517 1600 1554 potest
1622 1511 1722 1543 Deus.
1746 1511 1834 1553 Ergo
1863 1516 1972 1553 potest
1994 1512 2063 1543 aliis
2086 1515 2156 1543 ess'e
2179 1521 2276 1544 causa
2300 1511 2437 1543 essendi.
2461 1530 2485 1534 —

1405 1558 1563 1589 Probatur
1586 1557 1831 1598 consequentia.
1849 1556 1936 1596 Quia
1951 1562 2076 1598 quanto
2093 1557 2229 1588 alicuius
2245 1557 2382 1588 actionis
2396 1557 2485 1598 prin·-

1405 1603 1529 1644 cipium
1546 1608 1594 1633 est
1609 1602 1792 1643 perfectius,
1811 1607 1901 1633 tanto
1920 1603 2083 1633 actionem
2099 1611 2193 1634 suam
2208 1607 2317 1644 potest
2338 1603 2372 1632 in
2393 1602 2486 1643 plura

1406 1653 1438 1679 et
1462 1647 1502 1678 ad
1525 1648 1701 1678 remotiora
1724 1646 1907 1678 extendere.
1931 1647 2030 1687 Ergo,
2059 1647 2084 1678 si
2115 1652 2206 1679 actus
2234 1647 2270 1678 in
2299 1647 2397 1678 nobis
2419 1647 2485 1678 exi-

1406 1698 1503 1729 stens,
1528 1693 1586 1733 qui
1609 1697 1658 1723 est
1680 1692 1846 1733 potentiae
1869 1693 2059 1733 permixtus,
2083 1697 2193 1732 potest
2220 1701 2289 1724 non
2321 1692 2429 1724 solum
2451 1692 2486 1725 in

1407 1738 1571 1769 actionem
1584 1738 1829 1774 immanentem,
1845 1736 1903 1768 sed
1918 1737 2015 1768 etiam
2027 1737 2061 1768 in
2077 1737 2241 1768 actionem
2253 1737 2382 1778 quaein
2399 1742 2486 1769 exte-

1407 1783 1491 1814 riora
1509 1782 1631 1818 transit,
1647 1781 1753 1813 multo
1769 1782 1872 1822 magis
1886 1781 1952 1813 hoc
1968 1781 2087 1823 poterit
2103 1787 2194 1814 actus
2209 1782 2263 1813 cui
2278 1781 2368 1813 nulla
2384 1780 2486 1813 admi-

1408 1833 1515 1859 scetur
1538 1827 1694 1868 potentia,
1718 1827 1802 1858 sicut
1824 1832 1873 1857 est
1895 1826 1996 1858 Deus.

1464 1870 1710 1903 Advertendum
1725 1872 1844 1912 primo,
1860 1870 1952 1912 quod
1967 1871 2077 1902 nullus
2092 1875 2184 1902 actus
2195 1871 2333 1902 existens
2348 1871 2382 1901 in
2396 1877 2487 1902 crea-

1410 1923 1481 1948 tura
1505 1922 1553 1947 est
1576 1916 1634 1956 qui
1657 1925 1726 1947 non
1750 1921 1958 1956 comparetur
1988 1915 2029 1947 ad
2060 1925 2130 1947 esse
2159 1915 2244 1946 sicut
2270 1915 2418 1956 potentia
2444 1914 2488 1950 ad

1410 1967 1534 1992 actum:
1559 1970 1636 1992 cum
1661 1969 1730 1991 esse
1753 1961 1794 1991 sit
1817 1960 1983 1992 actualitas
2007 1960 2168 1991 omnium.
2192 1959 2329 2001 Propter
2350 1959 2419 1991 hoc
2437 1959 2488 1999 infr

1410 2006 1481 2047 quit
1503 2005 1641 2037 Sanctus
1665 2004 1812 2036 Thomas
1836 2003 1928 2047 quod
1951 2010 2042 2036 actus
2065 2005 2098 2036 in
2123 2004 2219 2036 nobis
2250 2009 2299 2036 est
2318 2004 2490 2046 potentiae

1405 2050 1601 2092 permixtus.

1465 2094 1711 2127 Advertendum
1734 2093 1891 2131 secundo,
1920 2093 2012 2135 quod
2042 2093 2162 2135 duplex
2190 2099 2281 2125 actus
2310 2093 2488 2125 intellectui

1411 2146 1443 2172 et
1465 2140 1626 2172 voluntati
1641 2140 1836 2176 attribuitur,
1851 2148 1937 2173 unus
1952 2140 2145 2176 immanens,
2165 2137 2289 2171 scilicet
2310 2137 2490 2180 intelligere

1411 2191 1443 2218 et
1459 2186 1541 2219 velle
1556 2186 1719 2222 absoluta
1745 2185 1827 2217 alius
1843 2185 2010 2221 transiens,
2027 2185 2085 2225 qui
2109 2189 2157 2215 est
2179 2192 2324 2221 movere,
2340 2184 2417 2215 sive
2427 2189 2490 2225 vpet

1412 2231 1551 2263 modum
1574 2231 1740 2272 potentiae
1764 2230 1963 2271 imperantis,
1987 2229 2054 2261 sive
2077 2238 2136 2270 per
2158 2228 2297 2261 modum
2324 2228 2491 2270 potentiae

1411 2275 1599 2308 immediate
1615 2275 1772 2307 elicientis
1789 2279 1934 2312 motum;
1949 2284 2018 2306 non
2042 2274 2130 2305 enim
2149 2272 2256 2311 refert,
2272 2278 2434 2315 quantum
2449 2267 2491 2306 ad

1415 2322 1632 2363 propositum,
1645 2320 1725 2362 quid
1736 2321 1856 2352 horum
1869 2319 2054 2352 dixerimus.
2067 2318 2155 2361 Cum
2172 2326 2250 2360 ergo
2263 2317 2341 2350 dicit
2352 2317 2491 2349 Sanctus

1413 2366 1559 2397 Thomas
1582 2365 1673 2407 quod
1697 2375 1756 2406 per
1778 2371 1887 2396 actum
1909 2365 1944 2396 in
1968 2364 2064 2395 nobis
2093 2363 2285 2395 existentem
2315 2371 2491 2404 possumus

1412 2412 1446 2443 in
1470 2411 1634 2442 actionem
1663 2412 1897 2442 immanentem
1921 2415 1954 2441 et
1974 2413 2206 2446 transeuntem,
2235 2407 2372 2439 nomine
2399 2410 2492 2439 aetus

1413 2457 1446 2487 in
1473 2456 1565 2488 nobis
1587 2456 1755 2487 existentis
1777 2463 1954 2496 possumus
1967 2453 2146 2495 intelligere
2163 2453 2366 2485 voluntatem
2387 2457 2420 2484 et
2442 2453 2493 2485 in-

1412 2501 1595 2533 tellectum:
1620 2506 1656 2532 ut
1679 2501 1725 2532 sic
1748 2501 1788 2532 sit
1818 2498 2108 2541 correspondentia
2136 2503 2168 2530 et
2199 2497 2379 2530 similitudo
2409 2497 2492 2529 inter

1413 2556 1475 2577 nos
1499 2550 1530 2577 et
1554 2546 1672 2582 Deum,
1697 2545 1772 2576 licet
1795 2543 2000 2586 imperfecta;
2024 2544 2058 2575 in
2082 2544 2178 2575 nobis
2201 2543 2290 2574 enim
2313 2547 2346 2574 et
2369 2542 2403 2574 in
2418 2540 2492 2587 Deo

1414 2596 1552 2632 uterque
1572 2591 1692 2622 horum
1708 2595 1842 2622 actuum
1866 2588 2048 2621 attribuitur
2066 2587 2226 2620 voluntati
2249 2593 2281 2619 et
2303 2584 2492 2620 intellectui.

1414 2636 1593 2667 Possumus
1616 2636 1713 2667 etiam
1737 2635 1915 2676 intelligere
1939 2634 2043 2675 ipsam
2067 2633 2220 2670 animam,
2243 2642 2329 2674 quae
2361 2630 2493 2664 diversis

1414 2682 1569 2722 potentiis
1601 2681 1635 2712 in
1665 2680 1806 2711 diversas
1833 2680 1891 2711 has
1919 2679 2126 2720 operationes
2153 2682 2273 2720 potest.
2303 2675 2492 2709 Secundum

1415 2725 1542 2758 videtur
1565 2726 1696 2757 melius:
1722 2725 1799 2766 quia
1821 2734 1890 2756 non
1921 2724 2067 2765 loquitur
2096 2723 2150 2755 hic
2179 2723 2317 2755 Sanctus
2347 2722 2494 2754 Thomas

1415 2771 1456 2803 de
1479 2777 1554 2803 actu
1578 2771 1635 2812 qui
1658 2776 1706 2802 est
1729 2779 1862 2802 movere
1884 2769 2030 2801 localiter
2053 2777 2174 2810 corpus
2196 2768 2421 2804 coniunctum,
2437 2765 2494 2799 aed

1415 2816 1455 2848 de
1480 2822 1554 2847 actu
1578 2815 1714 2849 alicuius
1737 2815 1907 2847 extrinseci
1935 2813 2141 2855 productivo,
2165 2822 2266 2854 quem
2298 2817 2496 2844 certum—est

1415 2861 1565 2893 membro
1581 2861 1692 2902 aliquo
1709 2869 1870 2901 corporeo
1887 2859 2037 2890 exerceri.
2054 2857 2118 2890 Sed
2133 2863 2223 2895 tunc,
2239 2858 2314 2890 licet
2328 2857 2370 2888 sit
2386 2856 2495 2897 aliqua

1415 2905 1594 2938 similitudo
1618 2906 1702 2937 inter
1724 2914 1786 2936 nos
1810 2910 1842 2936 et
1857 2904 1966 2936 Deum
1982 2902 2093 2945 quoad
2107 2903 2188 2934 istos
2204 2907 2306 2939 actus,
2321 2907 2371 2933 est
2383 2906 2495 2933 tamen

1417 2950 1644 2983 dissimilitudo
1668 2951 1702 2982 in
1725 2951 1789 2981 hoc
1814 2948 1905 2990 quod
1934 2949 1992 2980 has
2020 2949 2164 2980 actiones
2193 2957 2255 2979 nos
2283 2955 2341 2988 per
2371 2945 2495 2978 diversa

1416 2996 1575 3038 principia
1597 2996 1746 3037 proxima
1770 2995 1928 3031 elicimus,
1952 2993 2042 3025 Deus
2065 2998 2174 3024 autem
2197 2993 2298 3024 unico
2322 2990 2495 3033 principio,

1417 3051 1501 3083 quae
1526 3046 1574 3072 est
1597 3041 1666 3072 eius
1681 3039 1843 3071 voluntas.
1860 3038 1961 3077 Quod
1985 3044 2118 3080 propter
2140 3038 2241 3079 ipsius
2261 3035 2495 3078 perfectionem

1418 3085 1544 3122 accidit,
1569 3095 1608 3116 ex
1632 3095 1697 3126 qua
1721 3085 1817 3116 habet
1840 3090 1876 3116 ut
1900 3083 1992 3125 quod
2015 3084 2112 3115 estin
2128 3082 2282 3114 creaturis
2297 3080 2501 3124 distinet-na

1417 3132 1486 3172 ipse
1511 3131 1602 3162 unite
1624 3136 1657 3161 et
1679 3128 1914 3161 indivisibiliter
1936 3128 2062 3160 habeat.
2487 3131 2501 3149 γ’

1475 3175 1709 3206 Cosrmumm
1734 3179 1901 3215 postremo
1927 3173 2097 3205 conclusio
2117 3173 2197 3204 haec
2221 3170 2411 3203 auctoritate
2426 3168 2496 3204 101».

1420 3231 1438 3250 v
1458 3229 1546 3261 cap.:
1573 3219 1640 3257 Qui
1654 3219 1747 3262 facit
1769 3228 1904 3261 magna.

1126 3435 1599 3475 ——wolfsM—<
1604 3452 1663 3458 «-
