2768 4134
606 287 794 324 SUMMA
824 286 1046 324 CONTRA
1075 284 1349 330 GENTILES,

265 373 297 398 et
320 367 383 398 alio
407 366 509 398 modo
534 377 567 398 se
590 367 707 398 habere
731 376 819 397 nunc
849 373 880 397 et
907 367 1012 407 prius:
1045 365 1231 396 affirmative
1255 364 1338 394 acci-

263 412 386 453 piendo
410 411 501 452 quod
524 412 557 442 in
582 417 773 452 argumento
797 411 955 451 negative,
980 416 1140 451 quantum
1155 409 1196 440 ad
1211 417 1338 444 vocem,

265 456 368 488 fuerat
392 462 574 497 acceptum.
603 462 605 465 ’

321 501 374 532 111.
398 501 449 531 Ad
473 501 612 536 tertium,
638 500 754 530 dicitur
778 499 869 540 quod
899 509 955 530 ens
987 504 1140 535 creatum,
1165 503 1339 537 antequam

265 551 358 582 esset,
374 545 436 576 fuit
458 545 612 586 possibile
635 554 693 584 per
716 545 897 584 potentiam
913 544 1045 584 agentis,
1065 543 1116 573 vel
1136 547 1269 582 propter
1284 541 1339 571 ha-

265 590 446 621 bitudinem
476 590 701 624 terminorum,
725 598 793 619 non
825 595 933 619 autem
963 598 1021 629 per
1052 588 1194 627 aliquam
1224 591 1339 626 poten-

265 635 343 665 tiam
366 635 526 675 passivam
549 634 583 664 in
607 634 751 664 entibus:
777 634 853 673 quia
876 634 940 663 hoc
956 633 990 663 in
1006 633 1067 663 illis
1083 637 1209 662 tantum
1228 639 1339 660 neces-

266 680 385 710 sarium
410 684 456 709 est
480 687 563 719 quae
587 688 644 718 per
667 684 796 708 motum
821 678 944 708 essendi
970 677 1168 717 principium
1196 680 1339 706 sumunt.

1378 284 1472 321 LIB.
1498 285 1539 330 II,
1570 285 1680 322 CAP.
1702 287 1889 334 XXXVII,
1910 289 2112 326 XXXVIII.
2383 291 2456 329 355

1448 363 1499 392 Ad
1522 369 1684 403 quartum,
1709 365 1785 396 dicit
1809 367 1897 407 quod
1920 369 1953 398 in
1977 370 2015 399 iis
2035 378 2117 409 quae
2134 379 2201 400 non
2217 370 2300 402 fiunt
2314 380 2372 411 per
2387 381 2459 403 mo-

1391 413 1473 443 tum,
1489 416 1557 437 non
1580 409 1669 448 prius
1693 415 1740 439 est
1763 409 1832 440 fieri
1857 421 1954 451 quam
1979 422 2062 443 esse:
2088 414 2143 444 sed
2159 416 2241 445 bene
2262 416 2295 446 in
2314 416 2352 446 iis
2375 425 2458 456 quae

1393 451 1476 482 fiunt
1498 461 1556 491 per
1579 459 1717 483 motum.
1749 454 1790 484 Et
1819 454 1893 485 ideo
1924 466 1991 486 non
2016 464 2143 497 oportet
2167 465 2202 489 ut
2224 460 2298 489 talia
2322 460 2459 491 habeant

1393 496 1527 536 aliquod
1550 497 1732 527 subiectum
1758 500 1982 537 praeexistens.

1449 540 1639 570 Com-*umm-
1663 548 1828 580 postremo
1853 543 1987 574 Sanctus
2010 544 2154 576 Thomas
2181 548 2356 588 principale
2383 558 2458 588 pro-

1393 585 1538 625 positum
1570 586 1758 615 auctoritate
1784 586 1863 616 Gen.
1886 598 1906 623 1,
1931 588 1969 617 In
1995 589 2158 630 principio
2182 593 2304 622 creavit
2327 599 2403 629 etc.;
2427 598 2458 623 et

1393 629 1490 659 Prov.
1507 639 1572 665 vm,
1590 631 1769 669 Antequam
1794 631 1962 671 quicquam
1978 634 2109 672 faceret
2133 641 2191 665 etc.

1342 770 1636 811 esw—

627 932 1111 989 CAPITULUM
1148 929 1203 987 T
1206 929 1672 986 RIGESIMUM
1711 930 2109 987 OCTAVUM

1054 1041 1285 1082 Fragmentum
1310 1050 1349 1071 ex
1372 1041 1401 1070 A
1427 1039 1467 1070 38
1481 1050 1496 1070 r
1531 1049 1547 1069 a
1565 1048 1590 1069 1.

518 1129 828 1170 RATIONES
879 1127 1105 1181 QUIBUS
1156 1127 1401 1180 QUIDAM
1452 1126 1794 1167 CONANTUR
1844 1126 2214 1168 OSTENDERE

851 1190 1126 1232 MUNDUM
1169 1190 1299 1230 NON
1343 1188 1495 1230 ESSE
1539 1188 1884 1229 AETERNUM

330 1325 537 1368 2*;15.;‡3UNT
565 1322 696 1351 autem
726 1313 922 1362 quaedam
950 1312 1117 1349 rationes
1138 1324 1161 1349 a
1180 1311 1339 1361 quibus-

297 1364 308 1377 ’
351 1353 449 1420 ‘222'
478 1367 571 1406 dam
597 1366 776 1404 inductae
796 1366 845 1403 ad
864 1365 1115 1416 probandum
1143 1365 1341 1402 mundum

276 1421 392 1472 ς-ἑὲᾎ
404 1414 453 1463 ’ζῆ
478 1432 559 1457 non
588 1431 743 1469 semper
774 1419 901 1466 fuisse,
932 1426 1110 1468 sumptae
1138 1430 1185 1455 ex
1214 1418 1285 1455 his.

277 1469 325 1501 ’θ’
370 1481 378 1489 '
532 1474 663 1510 Deum
683 1473 789 1510 enim
805 1485 888 1510 esse
903 1472 1084 1510 omnium
1099 1484 1231 1509 rerum
1251 1483 1341 1508 cau-

268 1539 352 1564 sam
380 1535 436 1564 est
463 1527 786 1564 demonstratum.
822 1526 990 1563 Causam
1026 1533 1158 1562 autem
1190 1532 1341 1574 oportet

267 1580 471 1618 duratione
490 1580 721 1629 praecedere
742 1591 787 1616 ea
806 1591 907 1629 quae
935 1590 1006 1629 per
1033 1578 1225 1616 actionem
1252 1590 1341 1615 cau-

267 1645 332 1671 sae
360 1633 471 1670 fiuht.

321 1687 428 1725 Item.
460 1687 563 1724 Cum
592 1693 718 1723 toturn
747 1697 816 1722 ens
836 1697 859 1722 a
878 1685 964 1722 Deo
990 1685 1036 1722 sit
1055 1692 1239 1730 creatum,
1260 1696 1342 1721 non

267 1748 394 1790 potest
411 1740 495 1777 diei
523 1739 667 1777 facturn
696 1751 779 1776 esse
809 1751 855 1775 ex
885 1737 1016 1787 aliquo
1037 1746 1135 1784 ente,
1156 1746 1192 1774 et
1212 1737 1265 1774 sic
1284 1749 1341 1774 re-

267 1793 455 1844 linquitur
473 1793 582 1843 quod
602 1793 648 1830 sit
670 1793 815 1830 sactum
842 1804 889 1829 ex
917 1792 1050 1829 nihilo.
1082 1793 1131 1829 Et
1155 1803 1226 1840 per
1249 1802 1342 1828 con·

268 1859 437 1897 sequens
465 1847 574 1897 quod
603 1846 743 1883 habeat
771 1857 854 1883 esse
882 1853 970 1895 post
998 1857 1079 1882 non
1107 1857 1202 1882 esse.

322 1901 475 1938 Adhuc.
496 1899 600 1947 Quia
619 1898 769 1936 infinita
788 1910 869 1936 non
889 1907 945 1935 est
963 1899 1134 1936 transire.
1154 1897 1195 1936 Si
1211 1905 1342 1935 autem

268 1955 442 1992 mundus
471 1965 628 2003 semper
654 1952 796 1998 fuisset,
820 1960 946 1989 essent
974 1952 1052 1989 iam
1080 1951 1230 1989 infinita
1257 1963 1342 2001 per-

268 2007 443 2046 transita:
473 2006 566 2056 quia
585 2006 695 2056 quod
713 2005 964 2055 praeteritum
982 2014 1049 2052 est,
1069 2004 1343 2054 pertransitum

269 2069 345 2107 est;
367 2068 457 2098 sunt
476 2068 608 2097 autem
627 2059 766 2096 infiniti
785 2059 866 2096 dies
886 2060 948 2096 vel
967 2058 1233 2096 circulationes
1254 2057 1344 2094 solis

268 2113 506 2164 praeteritae,
535 2112 566 2150 si
595 2113 769 2150 mundus
798 2124 953 2161 semper
980 2112 1060 2149 fuit.

323 2169 536 2205 Praeterea.
569 2166 753 2215 Sequitur
780 2166 888 2215 quod
917 2165 1068 2203 infinito
1088 2165 1155 2202 fiat
1179 2163 1341 2202 additio:

269 2233 361 2259 cum
381 2221 430 2258 ad
450 2220 531 2258 dies
551 2221 613 2257 vel
632 2219 899 2256 circulationes
926 2218 1147 2268 praeteritas
1171 2217 1344 2269 quotidie

269 2275 318 2321 de
347 2286 454 2312 novo
483 2273 658 2311 addatur.

269 2348 271 2350 ·
323 2327 514 2376 Amplius.
546 2325 730 2375 Sequitur
748 2326 856 2375 quod
876 2326 915 2363 in
935 2325 1061 2362 causis
1089 2325 1343 2362 efficientibus
1358 2340 1385 2354 ²0

270 2381 317 2418 sit
344 2381 555 2431 procedere
584 2380 624 2416 in
653 2379 861 2426 infinitum,
882 2379 913 2416 si
931 2379 1126 2428 generatio
1154 2378 1224 2415 fuit
1243 2391 1343 2416 sem-

267 2447 350 2486 per,
367 2434 475 2484 quod
494 2440 646 2483 oportet
661 2432 787 2470 dicere
802 2433 954 2470 mundo
970 2444 1125 2482 semper
1143 2432 1340 2470 existente:

270 2500 363 2526 narn
383 2487 452 2525 filii
480 2499 597 2524 causa
625 2494 680 2524 est
708 2494 827 2536 pater,
849 2494 885 2523 et
908 2485 1025 2523 huius
1045 2485 1153 2533 alius,
1175 2494 1211 2523 et
1231 2486 1284 2523 sic
1303 2485 1343 2522 in

271 2541 480 2579 infinitum.

325 2593 486 2632 Rursus.
518 2594 710 2643 Sequetur
744 2594 853 2643 quod
888 2593 962 2630 sint
998 2593 1165 2630 infinita:
1205 2593 1342 2630 scilicet

271 2647 512 2685 infinitorum
542 2647 751 2684 hominum
779 2647 1074 2697 praeteritorum
1099 2646 1252 2683 animae
1272 2646 1342 2683 irn-

271 2703 465 2739 mortales.

324 2755 410 2792 Hae
431 2762 564 2792 autem
592 2755 759 2793 rationes
778 2753 871 2803 quia
889 2766 968 2791 non
990 2765 1274 2802 usquequaque
1294 2753 1342 2789 de

271 2808 494 2846 necessitate
529 2809 785 2852 concludunt,
815 2806 900 2844 licet
934 2806 1243 2856 probabilitatem
1275 2807 1342 2843 ha-

271 2861 402 2907 beant,
432 2861 571 2898 sufficit
599 2870 753 2910 tangere
788 2861 934 2906 solum,
963 2872 1013 2897 ne
1041 2860 1217 2897 videatur
1244 2859 1343 2896 fides

273 2913 472 2951 Catholica
500 2914 541 2950 in
568 2914 679 2952 vanis
707 2913 920 2950 rationibus
948 2913 1167 2959 constituta,
1197 2921 1234 2950 et
1262 2925 1342 2950 non

270 2966 400 3016 potius
429 2967 468 3004 in
495 2967 726 3004 solidissima
744 2966 818 3003 Dei
844 2966 1028 3003 doctrina.
1059 2967 1107 3003 Et
1137 2965 1226 3004 ideo
1251 2978 1342 3003 con-

270 3020 432 3057 veniens
459 3020 613 3058 videtur
639 3032 785 3070 ponere
814 3018 976 3068 qualiter
1004 3019 1182 3057 obvietur
1201 3019 1255 3056 eis
1273 3032 1343 3069 per

271 3086 339 3110 eos
368 3073 435 3122 qui
464 3074 728 3111 aeternitatem
756 3072 895 3109 mundi
922 3081 1150 3122 posuerunt.

326 3127 447 3173 Quod
466 3127 572 3164 enim
591 3127 721 3177 primo
741 3126 889 3171 dicitur,
909 3138 1026 3174 agens
1046 3126 1094 3163 de
1120 3126 1341 3163 necessitate

270 3181 503 3230 praecedere
532 3180 713 3217 effectum
743 3179 810 3228 qui
837 3191 908 3228 per
934 3191 1047 3216 suam
1075 3179 1343 3229 operationem

271 3233 325 3279 fit,
346 3246 484 3271 verum
505 3242 560 3270 est
579 3234 619 3270 in
639 3233 698 3270 his
718 3245 818 3282 quae
847 3241 964 3280 agunt
992 3232 1137 3282 aliquid
1163 3245 1235 3282 per
1257 3245 1342 3270 mo-

271 3294 373 3323 tum:
395 3287 487 3336 quia
507 3287 665 3324 effectus
685 3299 766 3325 non
786 3294 842 3323 est
861 3285 933 3322 nisi
952 3285 992 3322 in
1010 3285 1176 3323 termino
1192 3294 1341 3332 motus;

272 3351 388 3387 agens
416 3343 547 3378 autem
576 3353 733 3378 necesse
762 3348 817 3377 est
846 3351 928 3376 esse
957 3338 1072 3376 etiam
1101 3352 1193 3376 cum
1211 3347 1342 3376 motus

272 3391 414 3442 incipit.
444 3395 486 3430 In
515 3393 574 3430 his
603 3402 734 3431 autem
755 3406 855 3443 quae
880 3393 919 3429 in
945 3391 1098 3429 instanti
1117 3401 1245 3441 agunt,
1266 3394 1342 3430 hoc

1396 1323 1478 1347 non
1497 1318 1553 1347 est
1571 1321 1747 1347 necesse:
1770 1309 1866 1346 sicut
1881 1309 1996 1346 simul
2012 1310 2106 1347 dum
2122 1313 2178 1348 sol
2192 1320 2246 1348 est
2261 1312 2299 1349 in
2318 1323 2462 1362 puncto

1396 1363 1564 1410 orientis,
1591 1363 1780 1400 illuminat
1808 1371 1986 1400 nostrum
2015 1364 2354 1413 hemisphaerium.

1450 1417 1572 1464 Quod
1599 1416 1716 1454 etiam
1745 1417 1919 1454 seeundo
1947 1416 2095 1463 dicitur,
2124 1430 2204 1454 non
2233 1427 2287 1455 est
2316 1419 2460 1457 efficax.

1396 1470 1443 1508 Ei
1471 1470 1578 1508 enim
1606 1470 1714 1520 quod
1751 1478 1808 1507 est
1841 1483 1892 1507 ex
1919 1470 2043 1519 aliquo
2078 1471 2219 1520 aliquid
2238 1474 2342 1520 fieri,
2373 1485 2462 1510 con-

1363 1539 1373 1559 ς
1395 1524 1661 1561 tradictorium
1682 1524 1790 1573 quod
1810 1531 1962 1573 oportet
1981 1523 2073 1560 dare
2095 1524 2125 1560 si
2146 1525 2220 1561 hoc
2239 1537 2319 1562 non
2342 1526 2462 1572 detur,

1397 1585 1453 1614 est
1473 1590 1547 1615 non
1578 1589 1628 1614 ex
1655 1578 1780 1627 aliquo
1796 1579 1894 1625 fieri
1899 1591 1911 1613 .-
1939 1589 2019 1613 non
2039 1585 2168 1614 autem
2190 1579 2265 1616 hoc
2284 1580 2389 1628 quod
2410 1588 2465 1616 est

1397 1644 1447 1668 ex
1472 1631 1599 1678 nihilo,
1620 1629 1693 1667 nisi
1713 1631 1786 1667 sub
1806 1642 1923 1667 sensu
1951 1630 2084 1680 primi;
2114 1643 2159 1667 ex
2188 1643 2268 1680 quo
2287 1633 2465 1670 concludi

1397 1696 1478 1722 non
1506 1692 1632 1734 potest
1659 1684 1769 1733 quod
1796 1683 1864 1721 fiat
1892 1692 1979 1733 post
2008 1696 2089 1721 non
2118 1696 2211 1721 esse.

1451 1738 1572 1785 Quod
1610 1737 1726 1775 etiam
1762 1737 1872 1774 tertio
1906 1737 2078 1787 ponitur,
2112 1750 2193 1775 non
2226 1746 2280 1775 est
2313 1750 2464 1787 cogens.

1358 1808 1384 1823 ιο
1397 1793 1503 1829 Nam
1531 1790 1739 1836 infinitum,
1759 1791 1826 1828 etsi
1854 1802 1935 1827 non
1959 1790 2005 1827 sit
2029 1790 2145 1828 simul
2164 1791 2203 1828 in
2227 1799 2324 1837 actu,
2344 1800 2467 1841 potest

1397 1854 1528 1882 tamen
1557 1857 1640 1882 esse
1660 1843 1700 1881 in
1719 1844 1981 1882 successione:
2012 1843 2103 1894 quia
2123 1844 2176 1881 sic
2196 1845 2393 1893 quodlibet
2412 1845 2466 1882 in-

1397 1898 1552 1935 finitum
1572 1905 1776 1947 acceptum
1798 1897 1954 1934 finitum
1969 1905 2036 1934 est.
2054 1898 2258 1944 Quaelibet
2272 1898 2384 1946 igitur
2397 1898 2466 1935 cir-

1398 1950 1538 1989 culatio
1558 1950 1875 2000 praecedentium
1900 1950 2050 1988 transiri
2076 1951 2217 2000 potuit:
2245 1951 2335 2000 quia
2359 1951 2467 1989 finita

1398 2005 1477 2042 fuit.
1502 2006 1544 2042 In
1569 2004 1754 2042 omnibus
1773 2012 1904 2042 autem
1925 2004 2051 2050 simul,
2071 2004 2102 2041 si
2122 2005 2294 2041 mundus
2313 2017 2466 2053 semper

1360 2059 1540 2104 ¹sfuisset,
1570 2070 1650 2094 non
1683 2066 1782 2095 esset
1814 2057 1989 2107 accipere
2024 2058 2202 2107 primam.
2234 2059 2281 2094 Et
2313 2058 2363 2094 ita
2395 2070 2466 2095 nec

1399 2112 1612 2156 transitum,
1643 2111 1710 2160 qui
1740 2122 1895 2161 semper
1923 2111 2036 2159 exigit
2065 2112 2144 2148 duo
2174 2119 2352 2148 extrema.

1453 2165 1574 2212 Quod
1594 2164 1709 2201 etiam
1725 2172 1863 2214 quarto
1879 2164 2122 2214 proponitur,
2138 2164 2261 2201 debile
2281 2172 2346 2201 est.
2362 2164 2466 2200 Nam

1398 2218 1493 2255 nihil
1526 2217 1707 2267 prohibet
1745 2217 1896 2255 infinito
1930 2230 1976 2255 ex
2010 2230 2055 2255 ea
2091 2226 2197 2268 parte
2231 2217 2466 2255 additionem

1397 2271 1483 2308 fieri
1511 2284 1590 2320 qua
1618 2279 1674 2308 est
1702 2270 1869 2308 finitum.
1901 2272 1959 2308 Ex
1992 2272 2069 2308 hoc
2101 2279 2231 2309 autem
2259 2271 2365 2320 quod
2398 2283 2466 2319 po-

1398 2325 1502 2362 nitur
1530 2333 1685 2374 tempus
1705 2333 1918 2370 aeternum,
1940 2324 2112 2374 sequitur
2132 2325 2238 2374 quod
2268 2324 2313 2361 sit
2342 2323 2465 2361 infini-

1398 2387 1482 2415 tum
1503 2390 1549 2415 ex
1569 2386 1676 2428 parte
1696 2385 1793 2424 ante,
1810 2379 1877 2415 sed
1898 2378 2053 2415 finitum
2074 2391 2119 2415 ex
2139 2386 2245 2427 parte
2259 2384 2362 2428 post.-
2376 2390 2467 2414 nam

1398 2444 1581 2482 praesens
1610 2440 1665 2469 est
1693 2432 1881 2469 terminus
1909 2432 2111 2482 praeteriti.

1452 2486 1571 2533 Quod
1603 2485 1718 2523 etiam
1747 2485 1884 2535 quinto
1913 2485 2101 2531 obiicitur,
2121 2497 2201 2522 non
2228 2484 2336 2533 cogit.
2365 2483 2468 2530 Quia

1398 2551 1535 2577 causas
1563 2547 1718 2588 agentes
1737 2539 1778 2576 in
1796 2539 1992 2576 infinitum
2020 2539 2229 2588 procedere
2250 2546 2304 2575 est
2323 2537 2466 2586 impos-

1358 2606 1381 2626 τε
1399 2592 1523 2639 sibile,
1553 2590 1772 2630 secundum
1809 2593 2083 2642 philosoph03‚
2113 2592 2151 2628 in
2190 2590 2313 2628 causis
2351 2590 2466 2626 simul

1398 2646 1616 2694 agentibus:
1647 2646 1739 2695 quia
1767 2654 1961 2696 oporteret
1980 2646 2161 2682 effectum
2180 2643 2398 2693 dependere
2418 2655 2464 2678 ex

1398 2699 1613 2737 actionibus
1642 2699 1799 2736 infinitis
1828 2699 1943 2736 simul
1972 2697 2226 2735 existentibus.
2256 2697 2304 2733 Et
2331 2695 2463 2731 huius'-

1397 2753 1506 2790 modi
1535 2761 1625 2790 sunt
1653 2765 1792 2790 causae
1821 2765 1891 2802 per
1919 2765 1958 2789 se
1988 2751 2173 2789 infinitae:
2204 2749 2294 2799 quia
2329 2759 2462 2784 earum

1382 2806 1565 2844 'infinitas
1585 2807 1635 2844 ad
1654 2814 1857 2844 causatum
1886 2804 2100 2855 requiritur.
2115 2830 2117 2833 .
2130 2805 2172 2840 In
2191 2801 2313 2840 causis
2332 2808 2462 2837 autem

1359 2872 1384 2891 ³⁰
1397 2872 1479 2896 non
1508 2859 1624 2897 simul
1657 2860 1876 2908 agentibus,
1906 2860 1981 2895 hoc
2016 2870 2095 2894 non
2129 2864 2184 2893 est
2216 2853 2460 2904 impossibile,

1398 2913 1616 2950 seeundum
1645 2926 1712 2951 eos
1741 2913 1807 2962 qui
1836 2919 1988 2961 ponunt
2015 2909 2299 2959 generationem
2326 2918 2461 2956 perpe-

1397 2974 1517 3004 tuam.
1538 2967 1646 3004 Haec
1666 2975 1797 3004 autem
1817 2965 1983 3002 infinitas
2004 2963 2137 3001 accidit
2160 2961 2298 2999 causis:
2329 2958 2461 2996 accidit

1398 3020 1503 3057 enim
1531 3019 1630 3069 patri
1660 3020 1780 3057 Sortis
1808 3019 1915 3068 quod
1944 3018 1989 3054 sit
2013 3016 2163 3054 alterius
2182 3014 2282 3051 filius
2300 3014 2362 3049 vel
2380 3023 2460 3048 non

1397 3073 1511 3111 filius.
1536 3074 1630 3110 Non
1651 3081 1782 3110 autem
1802 3072 1936 3109 accidit
1955 3071 2104 3115 baculo,
2125 3069 2354 3116 inquantum
2376 3076 2460 3100 mo-

1398 3135 1462 3164 vet
1480 3127 1661 3176 lapidem,
1677 3127 1784 3175 quod
1805 3125 1850 3161 sit
1865 3133 1993 3161 motus
2012 3136 2034 3160 a
2052 3134 2189 3159 manu:
2211 3126 2341 3156 movet
2355 3117 2459 3154 enim

1398 3180 1629 3229 inquantum
1661 3189 1716 3216 est
1744 3187 1884 3216 motus.

1452 3234 1572 3280 Quod
1602 3241 1732 3270 autern
1762 3233 1809 3268 de
1838 3229 2039 3267 animabus
2068 3225 2243 3264 obiicitur
2270 3222 2459 3260 difficilius

1398 3294 1464 3323 est.
1496 3287 1572 3324 Sed
1600 3294 1731 3323 tamen
1760 3284 1854 3321 ratio
1874 3295 1953 3319 non
1973 3289 2027 3318 est
2046 3281 2211 3316 multum
2231 3276 2344 3313 utilis:
2369 3275 2459 3325 quia

1398 3341 1520 3377 multa
1540 3339 1723 3389 supponit
1737 3338 1767 3374 ²³⁶.
1784 3336 1814 3388 †
1830 3336 2001 3382 Quidam
2015 3343 2183 3381 namque
2199 3329 2459 3388 aeternitatem

1357 3416 1385 3436 40
1399 3393 1537 3430 mundi
1557 3391 1787 3442 ponentium
1806 3394 2017 3438 posuerunt
2036 3385 2149 3422 etiam
2169 3384 2360 3419 humanas
2379 3394 2458 3419 am-

1358 3137 1381 3158 33

324 3515 342 3538 4
361 3507 430 3532 enim
450 3514 493 3532 om
512 3507 579 3533 DW.

271 3542 327 3567 Has
347 3543 394 3573 Pc;
411 3546 474 3574 post
493 3542 526 3567 30
545 3547 651 3575 tangere
670 3543 713 3567 NZ
732 3543 840 3567 addunt
859 3549 912 3567 eaS.

272 3578 352 3609 DEG,
371 3586 424 3603 non
443 3586 582 3611 usqueque
601 3578 632 3610 N,
652 3579 739 3602 minus
759 3586 838 3611 quam
857 3578 886 3603 Z.

833 3612 849 3638 ὁ
869 3612 928 3646 hoc]
949 3620 979 3637 ex
998 3612 1048 3637 hoc
1067 3612 1212 3643 EGsNbcd,
1231 3620 1272 3637 om
1293 3613 1321 3637 Ρ.

665 3506 679 3532 5
701 3512 741 3531 est
755 3509 819 3540 post
837 3506 1045 3531 demonstratum
1064 3505 1201 3531 EGNZPc.

327 3613 340 3638 5
362 3613 442 3647 quod]
462 3622 515 3638 non
534 3614 613 3644 NYZ,
632 3621 674 3638 om
695 3614 743 3638 Pd.

272 3648 349 3681 primi
367 3650 457 3675 ceteri.
546 3656 577 3673 22
597 3649 734 3682 terminus]
749 3648 813 3674 ‘finis
833 3649 904 3679 EGb,
923 3656 966 3673 res
986 3647 1145 3681 (praeterita)
1164 3648 1192 3673 Z.

272 3685 362 3709 ceteri.
437 3684 469 3709 32
489 3684 585 3717 autem]
605 3692 640 3709 an
661 3684 744 3709 enirn?

1293 3506 1324 3530 25
1344 3505 1450 3540 infinita]
1471 3512 1528 3531 actu
1547 3506 1652 3530 addunt
1670 3504 1726 3529 XY.

1003 3549 1055 3565 non
1074 3549 1264 3574 usquequaque
1284 3542 1327 3567 Ita
1345 3542 1474 3572 WYsHb;
1494 3547 1685 3574 usquequaque
1704 3546 1755 3563 non
1775 3538 1817 3567 Pc,
1844 3543 1895 3559 non
1923 3541 2034 3566 usquam
2062 3532 2102 3556 ax
2121 3535 2147 3556 et
2166 3538 2261 3563 margo
2278 3531 2307 3560 Z,
2328 3537 2459 3562 nusquam

1281 3648 1312 3674 25
1334 3646 1488 3680 secundum]
1509 3655 1568 3671 nam
1589 3645 1730 3670 secundum
1752 3641 1846 3666 «DEY.

819 3684 851 3718 39
872 3684 983 3714 Quidam
1003 3683 1139 3715 Reincipit
1158 3685 1180 3707 Α
1200 3690 1282 3716 usque
1300 3684 1336 3708 ad
1354 3691 1413 3716 cap.
1430 3687 1484 3712 44.
1505 3681 1576 3715 3692
1598 3681 1628 3705 25
1644 3686 1683 3704 est
1697 3679 1775 3703 idem.

1818 3500 1848 3525 26
1868 3498 2063 3532 praeteritorum
2083 3504 2126 3521 om
2147 3496 2255 3520 aDWX.
2341 3494 2374 3519 28
2393 3494 2458 3527 Hae]

1412 3611 1428 3637 8
1447 3618 1506 3645 post
1527 3613 1568 3636 Ita
1584 3609 1748 3638 WsDNde3
1767 3608 1878 3639 primurn
1893 3605 1922 3635 E,
1941 3603 2022 3636 (quod
2038 3607 2176 3634 antequam
2188 3601 2232 3626 fiat
2244 3601 2287 3633 sit)
2301 3601 2413 3633 primum
2426 3600 2459 3631 Y,

1933 3638 1965 3663 26
1984 3642 2116 3670 oporteret
2134 3638 2176 3662 Ita
2195 3636 2342 3667 EGNXYb3
2357 3641 2460 3668 oportet

1850 3682 2007 3707 namque...
2030 3672 2079 3698 356
2093 3673 2108 3697 b
2121 3680 2149 3697 11
2168 3671 2280 3701 Quidam
2295 3672 2354 3697 hom
2370 3679 2412 3696 om
2426 3671 2459 3696 H.

2487 3289 2495 3297 ·
2511 3287 2546 3309 Cf.
2568 3287 2627 3309 infra
2648 3293 2699 3314 cap.

2486 3320 2564 3340 unxi,
2587 3314 2699 3335 Occasio-

2487 3347 2618 3394 ἶιι-εᾏυτοσ.
2638 3366 2700 3387 νΛτ.

2486 3394 2530 3422 381·
2543 3400 2564 3414 a.
2574 3401 2592 3415 ι.
