2768 4134
15 533 26 544 '¹
40 531 77 555 Ci-
94 531 127 554 Vl
145 530 232 559 mic„

15 564 42 586 n.
51 565 73 588 3·

13 961 25 973 '
38 959 96 990 cap.
106 966 164 983 ιω
177 966 230 989 sqq.

0 2119 1 2122 =
15 2105 27 2118 ⁸
41 2103 80 2128 Cl-
96 2104 231 2128 Commeat.

0 2136 68 2162 ,up-
79 2136 167 2160 me..
181 2131 233 2154 init.

708 288 898 326 SUMMA
927 288 1150 326 CONTRA
1178 288 1455 337 GENTILES,
1484 289 1578 326 LIB.
1601 290 1642 335 ΙΙ,
1673 289 1785 326 CAP.
1805 272 2014 327 LXXXIV.

258 367 336 404 hoc
351 374 483 404 autem
498 374 701 404 aeternum
715 376 966 417 comparatur
979 367 1120 414 anima,
1137 380 1218 405 non
1237 368 1334 405 sicut

260 419 479 457 subiectum
498 421 548 458 ad
572 421 752 468 formam,
774 421 840 458 sed
861 420 959 458 sicut
982 433 1042 458 res
1061 421 1111 458 ad
1130 421 1334 471 proprium

259 472 400 511 finem:
422 486 515 511 nam
534 485 675 511 verum
694 481 751 511 est
777 474 930 512 bonum
958 473 1170 512 intellectus
1190 482 1226 512 et
1244 474 1334 512 finis

260 526 381 577 ipsius
395 527 426 564 ²¹⁶.
442 528 502 564 Ex
520 527 600 565 fine
620 534 752 564 autem
767 535 1042 576 argumentum
1057 527 1230 578 accipere
1244 540 1334 578 pos-

260 593 398 618 sumus
417 581 466 618 de
486 581 541 618 rei
559 580 775 627 duratione,
799 580 897 618 sicut
924 589 961 619 et
989 581 1037 618 de
1066 580 1174 618 initio
1202 581 1257 618 rei
1276 593 1334 619 ar—

259 634 477 682 gumentari
505 646 718 683 possumus
735 646 807 684 per
824 646 984 672 causam
1008 642 1204 683 agentem:
1226 635 1334 684 quod

260 686 366 724 enim
381 694 438 724 est
451 687 675 724 ordinatum
695 688 744 725 ad
764 687 886 725 finem
905 687 1198 737 sempiternum,
1219 699 1334 738 opor-

258 748 311 778 tet
339 752 422 777 esse
441 752 563 790 capax
590 748 801 791 perpetuae
825 741 1049 779 durationis.
1071 741 1184 779 Unde
1210 748 1335 791 potest

258 793 414 843 probari
431 805 478 831 ex
494 794 715 832 aeternitate
730 793 898 832 veritatis
913 793 1154 844 intelligibilis
1173 794 1334 832 immor-

258 845 380 884 talitas
399 846 565 894 animae,
586 860 667 885 non
685 855 817 885 autem
840 847 923 885 eius
942 847 1155 885 aeternitas.
1172 870 1196 874 -
1213 847 1334 895 Quod
1350 862 1376 876 ιο

258 911 353 937 vero
373 900 490 938 etiam
508 913 590 938 non
608 901 730 951 possit
743 901 900 951 probari
919 913 967 938 ex
985 901 1205 939 aeternitate
1220 912 1334 949 agen-

257 952 315 999 tis,
345 961 448 1003 patet
466 966 514 991 ex
533 954 593 991 his
617 967 718 1004 quae
742 966 860 1004 supra
874 954 894 976 *
923 953 1024 992 dicta
1047 962 1136 991 sunt
1163 966 1256 991 cum
1284 953 1333 991 de

257 1007 479 1045 aeternitate
507 1015 774 1045 creaturarum
802 1015 1063 1058 quaereretur.

312 1061 434 1108 Quod
448 1060 566 1098 etiarn
583 1061 694 1099 tertio
715 1060 903 1107 obiicitur,
923 1061 972 1098 de
995 1059 1228 1110 perfectione
1248 1060 1333 1098 uni-

257 1113 370 1160 versi,
390 1114 659 1152 necessitatem
677 1126 759 1152 non
779 1114 907 1157 habet.
925 1113 1103 1152 Universi
1123 1114 1228 1151 enim
1247 1126 1332 1164 per·
1349 1134 1358 1148 1

256 1166 369 1205 sectio
397 1167 606 1207 attenditur
623 1175 816 1218 quantum
835 1167 884 1205 ad
914 1167 1072 1217 species,
1101 1179 1183 1205 non
1202 1175 1333 1205 autem

257 1228 450 1270 quantum
479 1221 529 1258 ad
556 1221 774 1259 individua:
804 1233 898 1258 cum
929 1220 1114 1258 continue
1148 1220 1332 1258 universo

255 1273 426 1324 plurima
449 1273 652 1314 individua
671 1275 865 1312 addantur
882 1273 1224 1325 praeexistentium
1247 1286 1333 1324 spe-

257 1326 418 1366 cierum.
453 1327 620 1370 Animae
652 1335 785 1365 autem
817 1329 1016 1365 humanae
1049 1339 1131 1365 non
1159 1334 1250 1364 sunt
1277 1327 1332 1364 di-

254 1393 391 1434 yersae
411 1382 632 1419 secundum
651 1381 833 1431 speciem,
854 1381 923 1418 sed
942 1382 1071 1418 solum
1090 1392 1271 1427 numero,
1291 1388 1333 1418 ut
1347 1398 1374 1413 ιο

255 1435 468 1484 probatum
503 1442 560 1472 est
577 1434 609 1472 ²⁵².
640 1435 753 1472 Unde
781 1446 863 1471 non
891 1441 1080 1484 repugnat
1107 1433 1332 1483 perfectioni

256 1487 429 1525 universi
456 1488 487 1525 si
515 1487 670 1525 animae
698 1488 748 1525 de
776 1499 884 1525 novo
912 1494 1102 1524 creentur.

310 1541 370 1579 Ex
389 1553 470 1590 quo
490 1541 607 1579 etiam
634 1548 738 1590 patet
757 1540 899 1578 solutio
918 1541 968 1578 ad
997 1539 1036 1577 id
1064 1540 1172 1590 quod
1191 1546 1331 1589 quarto

255 1593 446 1633 obiicitur.
467 1594 593 1632 Simul
611 1593 718 1631 enim
737 1593 887 1640 dicitur,
911 1594 1003 1631 Gen.
1027 1593 1080 1639 1³¹²,
1101 1593 1211 1642 quod
1230 1594 1332 1629 Deus

309 1707 330 1733 δ’
344 1707 530 1741 argumentari]
549 1715 659 1741 arguere
677 1708 707 1733 Z.
805 1715 823 1741 9
842 1707 1020 1740 intelligibilis]
1040 1707 1148 1740 intelligi
1167 1715 1194 1732 α.

255 1743 310 1771 bati
327 1743 358 1776 Z,
376 1750 421 1769 om
440 1743 509 1769 GPc.
601 1742 635 1769 16
653 1748 741 1769 autem
759 1750 804 1768 om
822 1743 889 1768 zpc.
982 1750 1016 1775 24
1034 1742 1128 1776 Simul]
1148 1742 1246 1768 scilicet
1264 1742 1292 1774 d,
1311 1742 1435 1767 Similiter
1453 1742 1507 1767 ΧΡ.

254 1778 510 1848 κςίἐὲτὲκὸῧῖἰυω
534 1787 609 1805 suam
633 1777 795 1813 opinionem]
815 1786 863 1804 sun
886 1779 1010 1813 opinione
1033 1778 1089 1804 EG.
1187 1777 1220 1803 ιδ
1240 1777 1335 1812 potest]
1360 1785 1414 1803 non
1440 1782 1527 1811 potest
1552 1777 1581 1802 Z.

2387 291 2456 328 531

1389 370 1661 406 consummavit
1680 380 1796 418 opera
1813 381 1894 414 sua,
1915 377 1951 406 et
1969 369 2078 418 quod
2097 371 2274 419 requievit
2292 372 2341 407 ab
2360 373 2466 408 omni

1390 434 1503 471 opere
1522 422 1622 471 quod
1632 427 1819 471 patrarat.
1842 421 1948 460 Sicut
1968 434 2058 471 ergo
2074 423 2362 460 consummatio
2382 423 2464 461 sive

1389 474 1571 524 perfectio
1591 482 1855 512 creaturarum
1875 476 2093 513 secundum
2113 476 2260 526 species
2288 476 2463 514 conside-

1391 535 1497 565 ratur
1524 535 1560 564 et
1588 539 1669 565 non
1698 528 1917 566 secundum
1946 528 2158 576 individua,
2182 529 2233 567 ita
2260 530 2371 579 quies
2389 530 2463 567 Dei

1390 588 1447 618 est
1474 580 1718 629 intelligenda
1755 582 1973 619 secundum
2007 583 2269 620 cessationem
2294 596 2318 621 a
2349 583 2463 620 novis

1389 633 1593 684 speciebus
1621 634 1850 671 condendis:
1872 647 1953 672 non
1981 643 2112 673 autem
2140 649 2162 673 a
2185 636 2298 673 novis
2326 636 2462 674 indivi—

1389 687 1488 733 duis,
1522 699 1693 737 quorum
1722 686 1860 724 similia
1895 689 2111 726 secundum
2147 689 2317 739 speciem
2353 702 2462 739 prae—

1389 748 1597 778 cesserunt.
1628 741 1677 777 Et
1705 740 1768 787 sic,
1797 753 1890 778 cum
1919 753 2056 778 omnes
2085 741 2238 780 animae
2266 744 2462 781 humanae

1389 793 1463 831 sint
1491 794 1608 831 unius
1636 793 1777 843 speciei
1805 793 1903 831 sicut
1931 802 1967 831 et
1995 806 2133 831 omnes
2161 795 2352 842 homines,
2381 808 2462 834 non

1389 855 1578 897 repugnat
1597 847 1814 897 praedictae
1831 847 1950 897 quieti
1970 847 2000 884 si
2019 848 2127 885 Deus
2147 848 2319 897 quotidie
2339 861 2462 887 novas

1389 913 1540 938 ammas
1567 909 1681 938 creat.

1444 953 1656 992 Sciendum
1676 962 1808 991 autem
1828 961 1884 991 est
1902 954 2011 1003 quod
2031 954 2080 991 ab
2095 954 2296 992 Aristotele
2311 967 2392 992 non
2406 955 2462 992 in-

1389 1007 1543 1044 venitur
1557 1007 1702 1045 dictum
1719 1008 1827 1057 quod
1843 1007 2054 1044 intellectus
2068 1008 2266 1045 humanus
2286 1008 2332 1045 sit
2346 1015 2462 1045 aeter-

1390 1074 1478 1098 nus.-
1510 1061 1618 1110 quod
1646 1068 1778 1098 tamen
1806 1060 1934 1098 dicere
1967 1060 2170 1098 consuevit
2198 1061 2238 1098 in
2270 1061 2331 1098 his
2359 1073 2460 1111 quae

1389 1114 1608 1151 secundum
1628 1126 1741 1151 suam
1756 1113 1982 1163 opinionem
2003 1126 2158 1164 semper
2175 1114 2341 1152 fuerunt.
2362 1114 2464 1152 Dicit

1389 1175 1521 1205 autem
1540 1167 1670 1216 ipsum
1686 1179 1769 1205 esse
1783 1174 2006 1217 perpetuum
2021 1168 2056 1204 ²¹²:
2073 1168 2182 1217 quod
2197 1167 2357 1217 quidem
2376 1175 2461 1217 pot-

1389 1228 1445 1258 est
1472 1220 1547 1258 dici
1574 1221 1623 1258 de
1644 1220 1704 1258 his
1731 1232 1833 1269 quae
1853 1232 2009 1270 semper
2027 1229 2150 1267 erunt,
2178 1221 2295 1259 etiam
2322 1221 2354 1258 si
2381 1233 2462 1259 non

1389 1285 1545 1324 semper
1571 1274 1737 1311 fuerunt.
1767 1274 1880 1312 Unde
1908 1281 1946 1310 et
1973 1273 2012 1311 in
2041 1275 2092 1311 XI
2119 1276 2288 1324 Metaph.
2309 1274 2340 1320 ²⁸,
2369 1286 2462 1312 curn

1388 1327 1561 1365 animam
1582 1326 1853 1364 intellectivam
1868 1339 1890 1364 a
1905 1326 2127 1365 conditione
2142 1327 2306 1365 aliarum
2319 1327 2461 1365 forma-

1388 1392 1478 1418 rum
1498 1379 1700 1430 exciperet,
1722 1392 1804 1418 non
1833 1380 1926 1418 dixit
1945 1381 2052 1430 quod
2073 1381 2170 1418 haec
2197 1381 2323 1426 forma
2349 1381 2462 1418 fuerit

1388 1441 1476 1470 ante
1505 1433 1719 1479 materiam,
1739 1434 1847 1482 quod
1872 1442 2005 1471 tamen
2032 1435 2140 1471 Plato
2170 1433 2218 1471 de
2247 1435 2338 1471 ideis
2361 1434 2462 1471 dice-

1388 1486 1463 1532 bat,
1483 1494 1521 1523 et
1545 1486 1598 1524 sic
1623 1486 1829 1524 videbatur
1847 1486 2085 1524 conveniens
2105 1487 2288 1525 materiae
2315 1487 2356 1524 in
2384 1499 2464 1537 qua

1387 1539 1620 1589 loquebatur
1639 1547 1681 1576 ut
1709 1539 1855 1589 aliquid
1882 1541 1956 1577 tale
1984 1540 2033 1577 de
2053 1540 2183 1578 anima
2211 1540 2369 1578 diceret:
2395 1541 2463 1578 sed

1387 1592 1480 1630 dixit
1508 1592 1616 1642 quod
1646 1598 1772 1630 manet
1794 1599 1879 1642 post
1907 1605 2052 1643 corpur.

1295 1713 1323 1732 ιι
1347 1706 1425 1732 etiam
1443 1706 1487 1732 hic
1506 1706 1597 1738 CWY,
1611 1709 1676 1738 post
1695 1714 1747 1731 non
1767 1706 1852 1739 possit
1875 1706 2014 1736 BDFEXb,
2035 1707 2080 1732 ubi
2103 1708 2126 1732 H
2146 1705 2309 1742 in(probari),
2324 1711 2388 1740 post
2405 1715 2465 1740 pro-

1599 1741 1668 1768 enim
1689 1748 1732 1767 om
1753 1742 1804 1767 αΧ.

1681 1784 1714 1811 ¹9
1733 1784 1749 1802 a
1773 1776 1930 1810 conditione]
1951 1777 2098 1803 conditione
2122 1778 2172 1803 αΧ.
2270 1784 2303 1804 20
2328 1777 2464 1811 exciperet]

1021 1911 1361 1945 Commentaria
1389 1910 1700 1943 Fax-ramensis

334 2019 440 2046 oum
463 2010 686 2049 conclusione,
711 2015 743 2040 et
767 2008 917 2049 Origenis
937 2008 1146 2049 Platonisque
1170 2007 1248 2039 falsa
1264 2009 1336 2048 opi-

314 2056 416 2087 nione
438 2055 634 2095 improbata,
665 2053 821 2084 solvenda
849 2058 924 2084 sunt
951 2058 1140 2094 argumenta
1164 2062 1248 2093 quae
1274 2062 1335 2093 pro

259 2100 418 2141 opinione
440 2099 585 2130 Platonis
609 2104 642 2129 et
664 2098 814 2139 Origenis
837 2103 914 2128 sunt
936 2097 1075 2129 adducta
1090 2098 1117 2128 ἦ

315 2145 340 2175 1.
368 2144 422 2176 Ad
450 2145 590 2185 primam
619 2152 764 2184 namque
793 2142 1022 2183 respondetur,
1054 2151 1212 2173 concesso
1243 2141 1335 2182 quod

259 2189 369 2221 anima
394 2189 511 2220 habeat
539 2189 692 2220 virtutem
720 2193 756 2218 ut
782 2187 823 2218 sit
849 2196 987 2228 semper,
1011 2192 1043 2218 et
1071 2186 1189 2218 dicitur
1214 2187 1334 2226 primo,

261 2234 354 2275 quod
375 2243 416 2265 ex
438 2243 480 2264 eo
504 2232 596 2273 quod
625 2233 734 2263 anima
757 2232 854 2262 habet
883 2232 1036 2263 virtutem
1064 2237 1101 2262 ut
1129 2231 1170 2262 sit
1196 2240 1334 2272 semper,

260 2278 414 2310 concludi
429 2287 499 2309 non
521 2282 629 2318 potest
645 2277 737 2318 quod
752 2286 882 2317 semper
897 2275 1003 2313 fuerit,
1020 2275 1078 2307 sed
1095 2275 1187 2316 quod
1210 2285 1336 2317 semper

259 2324 341 2354 erit:
364 2323 441 2364 quia
455 2323 557 2354 virtus
573 2328 606 2353 et
620 2322 767 2363 potentia
782 2322 828 2352 rei
847 2330 915 2352 non
931 2330 966 2352 se
982 2320 1125 2352 extendit
1139 2320 1181 2351 ad
1195 2320 1229 2351 id
1244 2320 1335 2361 quod

259 2367 331 2405 fuit,
348 2367 498 2399 videlicet
518 2372 674 2407 tanquam
690 2372 807 2407 potens
823 2365 904 2396 illud
924 2365 1040 2405 facere,
1060 2365 1118 2396 sed
1140 2364 1181 2396 ad
1195 2364 1229 2396 id
1245 2365 1347 2409 quod*

260 2418 309 2444 est
330 2413 383 2443 vel
407 2413 476 2442 erit.

316 2457 443 2488 Dicitur
466 2455 623 2492 secundo,
647 2453 738 2496 quod
761 2464 800 2486 ex
829 2454 884 2486 illa
913 2455 1030 2486 virtute
1058 2453 1185 2485 essendi
1207 2463 1336 2494 semper

259 2511 329 2533 non
351 2506 460 2542 potest
484 2499 638 2531 concludi
653 2499 746 2540 quod
765 2499 872 2531 anima
895 2500 935 2530 sit
955 2508 1094 2540 semper,
1109 2499 1171 2530 nisi
1193 2505 1335 2539 ponatur

261 2545 352 2587 quod
375 2546 483 2576 anima
506 2545 590 2575 hanc
618 2545 771 2575 virtutem
792 2544 942 2575 habuerit
963 2544 1003 2575 ab
1027 2549 1176 2574 aeterno:
1203 2543 1280 2584 quia
1301 2542 1335 2574 id

260 2590 302 2622 ad
317 2589 408 2631 quod
424 2595 472 2620 est
495 2589 606 2626 virtus,
621 2598 691 2620 non
706 2589 853 2629 sequitur
866 2589 930 2620 nisi
944 2589 1191 2629 praesupposita
1206 2588 1334 2618 virtute.

315 2634 457 2666 Adverte
481 2633 572 2674 quod
595 2643 634 2664 ex
657 2634 717 2664 ista
739 2634 953 2673 responsione
979 2638 1115 2674 negatur
1137 2632 1190 2663 illa
1213 2641 1335 2672 propo-

260 2680 349 2710 sitio:
373 2679 424 2710 De
439 2687 478 2709 eo
501 2678 591 2719 quod
604 2678 700 2709 habet
721 2678 874 2708 virtutem
891 2683 928 2709 ut
947 2678 991 2708 sit
1013 2686 1148 2718 semper,
1169 2685 1335 2717 nunquam

259 2729 309 2756 est
331 2733 444 2755 verum
467 2722 576 2754 dicere
597 2723 686 2763 quod
709 2732 775 2753 non
799 2727 856 2753 est.
883 2722 960 2753 Non
991 2728 1039 2752 est
1062 2721 1150 2752 enim
1176 2730 1252 2751 vera
1274 2721 1336 2751 nisi

261 2768 302 2800 de
325 2777 366 2800 eo
391 2766 482 2808 quod
504 2768 602 2798 talem
625 2768 778 2798 virtutem
800 2767 898 2798 habet
921 2767 960 2797 ab
985 2773 1126 2797 aeterno.
1143 2784 1166 2788 —
1183 2765 1336 2796 Probatio

261 2813 365 2844 etiam,
381 2812 472 2844 nulla
494 2817 551 2843 est.
576 2811 663 2850 Quia
685 2821 799 2842 verum
823 2810 957 2851 quidem
981 2816 1028 2841 est
1051 2809 1152 2851 quod,
1177 2815 1336 2850 quantum

260 2867 295 2888 se
319 2856 463 2888 extendit
485 2857 586 2887 virtus
610 2855 747 2893 essendi,
771 2861 897 2886 tanturn
922 2855 1015 2886 durat
1037 2864 1106 2886 esse
1122 2855 1184 2885 rei:
1210 2854 1267 2885 sed
1289 2859 1336 2884 ta-

260 2911 338 2933 men
360 2902 462 2932 virtus
486 2900 613 2932 essendi
635 2909 704 2931 non
727 2909 761 2931 se
785 2899 928 2931 extendit
950 2900 1012 2930 nisi
1028 2898 1069 2930 ad
1084 2898 1118 2929 id
1141 2898 1232 2939 quod
1248 2897 1335 2929 futu-

260 2955 334 2978 rum
358 2951 406 2977 est
431 2951 607 2986 postquam
622 2945 693 2976 talis
708 2945 809 2976 virtus
825 2949 873 2975 est
890 2945 925 2975 in
940 2954 984 2975 re.
1009 2943 1086 2975 Ideo
1102 2953 1172 2974 non
1191 2943 1337 2983 sequitur

261 2990 353 3032 quod
376 3000 426 3022 res
439 2990 610 3022 ,duraverit
633 2990 672 3020 ab
696 2994 838 3026 aeterno,
862 2988 919 3020 sed
935 2988 1027 3029 quod
1048 2997 1176 3028 semper
1199 2987 1335 3018 durabit.

319 3045 348 3067 2.
373 3034 438 3067 Sed
453 3040 565 3066 contra
581 3035 664 3065 hanc
680 3034 929 3074 responsionem
945 3033 1035 3074 argui
1050 3037 1161 3073 posset
1177 3041 1216 3063 ex
1231 3032 1336 3063 verbis

262 3080 550 3116 Commentatoris‚
579 3079 592 3109 1
621 3078 724 3114 Caeli,
753 3083 931 3110 comment.
960 3077 1032 3108 136.
1060 3077 1140 3108 Vult
1168 3077 1256 3107 enim
1291 3077 1336 3107 ibi

261 3134 361 3156 omne
384 3124 476 3165 quod
498 3124 595 3155 habet
617 3123 798 3164 potentiam
821 3128 858 3154 ut
881 3123 922 3153 sit
939 3127 1089 3162 tempore
1111 3120 1252 3157 infinito,
1268 3121 1336 3152 sive

261 3176 336 3201 ante
359 3168 488 3200 infinito
518 3175 667 3208 tempore
695 3173 837 3208 ponatur
867 3176 936 3198 esse
961 3172 994 3198 et
1023 3165 1237 3207 posmodum
1264 3175 1335 3196 cor-

260 3215 380 3255 rumpi,
403 3214 470 3244 sive
493 3219 634 3254 ponatur
657 3213 801 3252 incipere
828 3221 898 3243 esse
927 3216 959 3242 et
985 3216 1100 3252 postea
1125 3219 1254 3251 semper
1277 3209 1336 3240 du-

260 3269 340 3296 rare,
363 3259 482 3289 habere
507 3258 688 3299 potentiam
714 3255 884 3287 infinitam.
915 3255 964 3286 Ex
987 3256 1048 3286 hac
1075 3255 1164 3286 enim
1185 3255 1336 3295 proposi-

261 3305 352 3336 tione
375 3304 520 3344 arguitur
543 3303 598 3333 sic.
628 3301 662 3333 Si
685 3301 861 3333 substantia
884 3309 968 3340 quae
998 3300 1095 3330 habet
1124 3300 1276 3330 virtutem
1299 3303 1336 3329 ut

261 3349 302 3379 sit
324 3357 453 3389 semper
467 3349 501 3378 in
518 3347 675 3383 futurum,
691 3355 759 3377 non
776 3345 838 3377 fuit
858 3345 898 3375 ab
915 3350 1057 3381 aeterno,
1077 3344 1223 3384 sequitur
1246 3342 1337 3384 quod

260 3393 322 3424 ista
343 3392 462 3424 virtute
485 3393 546 3423 alia
568 3392 668 3422 virtus
691 3391 795 3422 maior
818 3399 887 3421 esse
910 3389 1023 3430 possit,
1046 3388 1112 3419 illa>
1126 3388 1249 3419 scilicet
1272 3397 1337 3428 qua

261 3436 385 3477 aliquid
409 3442 457 3468 est
479 3442 512 3468 et
533 3437 574 3467 ab
597 3441 729 3467 aeterno
753 3440 785 3466 et
799 3443 928 3475 semper
949 3434 984 3464 in
1007 3432 1164 3464 futurum.
1189 3432 1253 3464 Sed
1271 3433 1336 3463 hoc

263 3487 310 3512 est
324 3482 540 3521 impossibile:
560 3482 637 3522 quia
652 3481 724 3512 talis
739 3481 840 3511 virtus
857 3484 905 3510 est
922 3477 1058 3514 infinita,
1074 3476 1203 3508 infinito
1227 3483 1336 3508 autem

261 3536 330 3557 non
354 3526 448 3557 datur
462 3527 578 3557 maius.
598 3526 685 3566 Ergo
701 3524 792 3566 quod
808 3525 904 3554 habet
918 3523 1072 3553 virtutem
1094 3527 1130 3552 ut
1145 3522 1186 3552 sit
1208 3531 1337 3562 semper

262 3571 296 3602 in
313 3570 477 3606 lfuturum,
502 3576 550 3601 est
572 3571 612 3601 ab
636 3575 780 3601 aeterno.
808 3569 849 3599 Et
879 3569 924 3599 sic
952 3576 1123 3607 nunquam
1151 3571 1198 3596 est
1220 3575 1336 3597 verum

263 3615 370 3646 dicere
402 3614 493 3655 quod
522 3624 591 3646 non
622 3620 679 3645 est.
712 3614 815 3645 Cuius
847 3612 1044 3644 contrarium
1072 3610 1196 3642 dictum
1227 3615 1275 3641 est
1301 3611 1335 3641 in

262 3660 486 3700 responsione.

1449 2007 1478 2038 3.
1502 2006 1741 2048 Respondetur‚
1763 2012 1795 2038 et
1817 2005 1933 2038 dicitur
1955 2006 2073 2048 primo,
2091 2005 2180 2047 quod
2204 2006 2303 2037 virtus
2327 2006 2464 2038 existens

1389 2053 1423 2083 in
1446 2062 1481 2083 re
1505 2051 1545 2082 ad
1569 2051 1752 2082 durandum
1775 2050 1903 2082 infinito
1927 2056 2085 2092 tempore,
2104 2060 2173 2082 non
2198 2055 2245 2082 est
2268 2049 2393 2081 infinita
2415 2052 2464 2082 in—

1390 2097 1524 2133 tensive,
1548 2096 1605 2127 sed
1632 2096 1796 2127 extensive
1824 2101 1967 2126 tantum:
1993 2095 2069 2136 quia
2095 2096 2165 2136 ipsa
2192 2105 2261 2126 non
2290 2101 2337 2126 est
2368 2105 2464 2126 causa

1390 2141 1537 2172 effectiva
1558 2150 1627 2171 esse
1650 2141 1707 2178 rei,
1724 2140 1781 2171 sed
1795 2145 1922 2171 tantum
1939 2139 2093 2171 formalis.
2109 2139 2163 2171 Ad
2177 2140 2275 2170 talem
2298 2140 2386 2170 enim
2401 2141 2463 2171 vir-

1388 2191 1492 2217 tutem
1515 2195 1574 2226 per
1597 2195 1631 2216 se
1648 2185 1859 2226 consequitur
1878 2185 1960 2215 sicut
1979 2184 2019 2215 ad
2043 2184 2230 2216 dualitatem
2253 2185 2464 2225 consequitur

1389 2239 1456 2271 par.
1481 2229 1586 2267 Vnde,
1609 2231 1692 2261 sicut
1714 2239 1783 2260 non
1799 2229 1942 2270 arguitur
1961 2228 2101 2260 infinitas
2121 2229 2280 2260 intensiva
2303 2228 2463 2260 dualitatis

1390 2285 1429 2306 ex
1453 2285 1493 2306 eo
1518 2274 1609 2316 quod
1632 2284 1760 2315 semper
1784 2279 1831 2305 est
1854 2283 1921 2314 par,
1938 2274 1982 2304 ita
1996 2283 2065 2304 non
2082 2274 2224 2314 arguitur
2246 2272 2386 2304 infinitas
2402 2274 2463 2304 vir-

1389 2320 1466 2350 tutis
1490 2319 1616 2350 essendi
1640 2319 1803 2350 existentis
1826 2319 1859 2349 in
1890 2328 1924 2348 re
1952 2328 1990 2348 ex
2014 2328 2054 2348 eo
2082 2317 2172 2358 quod
2201 2327 2259 2358 per
2281 2318 2384 2358 ipsam
2408 2317 2464 2348 ali-

1389 2363 1470 2405 quid
1491 2363 1619 2395 infinito
1643 2369 1791 2404 tempore
1815 2362 1928 2394 durare
1951 2363 2070 2403 possit:
2096 2362 2153 2393 sed
2175 2367 2301 2393 tantum
2323 2361 2464 2393 infinitas

1390 2409 1552 2440 extensiva
1569 2414 1601 2440 et
1623 2408 1811 2439 durationis.
1828 2407 1923 2438 Unde
1939 2406 1979 2438 de
1996 2408 2065 2439 eius
2087 2406 2245 2438 infinitate
2261 2406 2463 2447 loquendum

1389 2459 1438 2484 est
1460 2454 1544 2484 sicut
1567 2453 1607 2484 de
1630 2452 1756 2484 infinita
1779 2452 1959 2483 duratione.

1445 2498 1571 2529 Dicitur
1587 2497 1742 2534 secundo,
1759 2497 1850 2537 quod
1873 2506 1941 2527 non
1966 2502 2013 2527 est
2033 2496 2265 2527 inconveniens
2289 2505 2393 2526 unum
2415 2496 2464 2526 in-

1389 2542 1519 2573 finitum
1549 2541 1731 2573 secundum
1762 2541 1968 2572 durationem
1996 2550 2064 2571 esse
2095 2540 2199 2571 maius
2229 2539 2292 2570 alio
2323 2539 2462 2576 infinito,

1390 2586 1523 2627 quando
1547 2586 1627 2617 illud
1649 2595 1717 2617 non
1742 2590 1789 2616 est
1821 2585 2009 2625 simpliciter
2038 2590 2070 2615 et
2096 2593 2134 2614 ex
2165 2584 2256 2614 omni
2278 2589 2368 2624 parte
2390 2583 2463 2614 infi-

1389 2632 1506 2662 nitum.
1531 2630 1679 2671 Tempus
1703 2630 1790 2661 enim
1812 2634 1888 2670 post
1914 2628 2000 2660 istud
2022 2629 2144 2659 instans
2167 2627 2323 2664 futurum,
2347 2637 2462 2659 secun-

1391 2675 1470 2706 dum
1493 2675 1711 2711 Aristotelem,
1736 2680 1783 2704 est
1808 2673 1973 2704 infinitum
2002 2678 2158 2713 tanquam
2185 2682 2295 2703 carens
2321 2671 2396 2703 fine.
2420 2672 2463 2703 Et

1390 2725 1500 2751 tamen
1522 2724 1653 2760 tempus
1682 2724 1799 2755 totum,
1823 2717 1914 2759 quod
1943 2717 2065 2748 scilicet
2095 2722 2142 2748 est
2164 2716 2328 2747 infinitum
2355 2722 2420 2747 tam
2444 2727 2462 2747 a

1390 2769 1481 2805 parte
1504 2769 1580 2794 ante
1603 2773 1703 2804 quam
1727 2773 1745 2794 a
1767 2768 1858 2804 parte
1875 2767 1963 2803 post,
1988 2767 2036 2792 est
2058 2762 2130 2802 ipso
2154 2761 2272 2792 maius:
2298 2761 2374 2801 quia
2393 2770 2461 2791 non

1391 2814 1439 2840 est
1461 2807 1626 2839 infinitum
1649 2808 1710 2839 nisi
1737 2813 1863 2839 tanturn
1890 2817 1908 2836 a
1930 2812 2020 2846 parte
2044 2811 2132 2846 post.
2164 2805 2216 2836 Sic
2240 2806 2336 2836 etiam
2362 2805 2462 2836 virtus

1391 2853 1518 2884 essendi
1532 2858 1681 2893 tempore
1696 2851 1824 2883 infinito
1842 2861 1859 2882 a
1874 2856 1964 2892 parte
1974 2855 2062 2891 post,
2087 2856 2134 2881 est
2156 2849 2280 2880 infinita
2298 2859 2366 2880 non
2386 2850 2461 2880 sim-

1390 2898 1526 2939 pliciter,
1550 2897 1607 2928 sed
1629 2902 1756 2928 tantum
1773 2895 1955 2927 secundum
1978 2894 2072 2936 quid:
2089 2894 2163 2926 ideo
2187 2899 2294 2935 potest
2308 2895 2377 2934 ipsa
2393 2903 2462 2925 esse

1391 2943 1453 2973 alia
1475 2942 1580 2973 maior
1603 2942 1714 2972 virtus.

1446 2986 1542 3018 Unde
1566 2996 1605 3017 ex
1627 2986 1682 3017 illa
1711 2985 1937 3026 propositione
1961 2983 2236 3015 Commentatoris
2263 2992 2330 3013 non
2354 2987 2462 3023 potest

1391 3030 1545 3062 concludi
1559 3036 1597 3062 ut
1619 3030 1652 3061 id
1676 3029 1767 3071 quod
1790 3038 1918 3069 semper
1937 3029 2005 3065 erit,
2030 3037 2157 3068 semper
2180 3028 2276 3058 etiam
2299 3026 2404 3057 fuen't.
2420 3026 2462 3057 Et

1390 3076 1418 3106 si
1442 3075 1539 3106 vellet
1567 3074 1816 3106 Commentator
1842 3073 1931 3104 illam
1957 3072 2218 3114 propositionem
2249 3071 2394 3111 accipere
2422 3070 2462 3101 ad

1390 3121 1479 3151 hunc
1502 3129 1645 3156 sensum,
1669 3118 1761 3160 quod
1784 3127 1883 3149 omne
1906 3118 2028 3148 habens
2053 3117 2205 3147 virtutem
2233 3115 2358 3146 essendi
2380 3121 2461 3146 tem-

1390 3174 1472 3206 pore
1495 3164 1606 3196 futuro
1629 3163 1769 3200 infinito,
1790 3163 1886 3194 habet
1908 3162 2089 3202 potentiam
2111 3160 2281 3196 infinitam,
2305 3159 2387 3190 idest
2403 3169 2462 3200 per

1391 3219 1490 3250 quam
1513 3214 1561 3240 est
1583 3214 1731 3249 tempore
1746 3206 1874 3238 infinito
1894 3206 2081 3247 praeterito:
2106 3215 2174 3236 non
2194 3210 2276 3236 esset
2298 3214 2316 3234 a
2340 3203 2461 3235 Catho-

1390 3254 1455 3285 lico
1467 3254 1537 3285 eius
1549 3253 1722 3284 auctoritas
1734 3253 1768 3283 in
1783 3252 1843 3282 hac
1859 3256 1949 3292 parte
1964 3249 2159 3290 recipienda.
2176 3249 2210 3281 Si
2225 3254 2334 3280 autem
2349 3258 2462 3280 sensus

1391 3299 1460 3329 eius
1483 3298 1524 3329 sit
1547 3297 1638 3339 quod
1662 3306 1760 3328 omne
1783 3296 1904 3326 habens
1922 3295 2102 3336 potentiam
2118 3299 2155 3325 ut
2176 3294 2216 3324 sit
2239 3302 2366 3333 semper
2379 3298 2461 3324 tem-

1389 3352 1471 3383 pore
1494 3342 1615 3379 futuro‚
1631 3342 1727 3373 habet
1742 3340 1923 3382 potentiam
1938 3338 2108 3376 infinitam,
2131 3338 2222 3375 idest,
2246 3338 2343 3368 habet
2365 3337 2460 3368 etiam

1390 3387 1572 3428 potentiam
1594 3392 1631 3418 ut
1653 3386 1797 3427 potuerit
1818 3384 1931 3415 durare
1947 3389 2096 3424 tempore
2112 3383 2299 3423 simpliciter
2320 3380 2460 3418 infinito,

1391 3431 1596 3463 conceditur:
1614 3432 1700 3472 quia,
1717 3431 1744 3460 si
1767 3429 1879 3460 fuisset
1894 3429 1934 3459 ab
1958 3433 2089 3459 aeterno
2105 3426 2313 3468 productum,
2335 3425 2462 3457 duraret

1390 3482 1540 3517 tempore
1563 3475 1751 3517 simpliciter
1773 3473 1913 3504 infinito.
1938 3472 2014 3504 Non
2031 3477 2140 3502 autem
2156 3481 2194 3502 ex
2217 3472 2282 3502 hoc
2305 3471 2460 3511 sequitur,

1390 3521 1481 3561 quod
1505 3520 1602 3551 fuerit
1618 3520 1656 3550 ab
1681 3524 1822 3550 aeterno.
1839 3518 1975 3557 Propter
1998 3517 2063 3547 hoc
2085 3517 2192 3556 inquit
2211 3515 2347 3546 Sanctus
2370 3515 2461 3546 Tho-

1389 3575 1459 3596 mas
1482 3565 1515 3596 in
1538 3566 1599 3595 hac
1622 3563 1836 3604 responsione
1852 3560 1953 3602 quod,
1971 3561 2118 3601 quamvis
2137 3561 2245 3591 anima
2268 3560 2384 3591 habeat
2398 3559 2461 3590 vir-

1389 3615 1494 3640 tutem
1516 3614 1554 3640 ut
1577 3609 1617 3639 sit
1640 3617 1778 3648 semper,
1794 3616 1863 3637 non
1881 3611 1989 3636 tamen
2013 3610 2120 3646 potest
2136 3604 2289 3636 concludi
2309 3603 2399 3644 quod
2422 3604 2462 3634 sit

1390 3663 1527 3695 semper,
1551 3653 1612 3684 nisi
1641 3658 1815 3692 postquam
1845 3651 1929 3681 hanc
1956 3651 2107 3681 virtutem
2136 3649 2276 3689 accepit:
2302 3654 2334 3680 et
2361 3648 2460 3689 quod,

2490 1173 2499 1182 ·
2524 1172 2560 1194 cf.
2584 1178 2611 1194 ca

2488 1199 2532 1225 428
2555 1205 2569 1220 a
2589 1204 2602 1220 2

2489 1226 2661 1255 Lxxvur,495b
2695 1241 2702 1247 .

2489 1283 2499 1293 '¹
2512 1282 2537 1305 S.
2547 1282 2594 1304 Th.
2601 1282 2640 1304 lib.
2650 1282 2703 1310 xn,

2489 1309 2504 1331 l.
2514 1315 2539 1338 33
2554 1309 2608 1332 Did.
2616 1308 2656 1336 XI,
2667 1315 2704 1336 tu,

2623 1189 2703 1225 icas
