<?xml version="1.0" encoding="UTF-8"?>
<!DOCTYPE html PUBLIC "-//W3C//DTD XHTML 1.0 Transitional//EN"
    "http://www.w3.org/TR/xhtml1/DTD/xhtml1-transitional.dtd">
<html xmlns="http://www.w3.org/1999/xhtml" xml:lang="en" lang="en">
 <head>
  <title>
</title>
<meta http-equiv="Content-Type" content="text/html;charset=utf-8" />
  <meta name='ocr-system' content='tesseract 3.04.00' />
  <meta name='ocr-capabilities' content='ocr_page ocr_carea ocr_par ocr_line ocrx_word'/>
</head>
<body>
  <div class='ocr_page' id='page_1' title='image "./operaomniaiussui13thom/operaomniaiussui13thom_0716.png"; bbox 0 0 2716 4302; ppageno 0'>
   <div class='ocr_carea' id='block_1_1' title="bbox 32 587 245 687">
    <p class='ocr_par' dir='ltr' id='par_1_1' title="bbox 32 587 245 687">
     <span class='ocr_line' id='line_1_1' title="bbox 32 587 245 608; baseline -0.009 0"><span class='ocrx_word' id='word_1_1' title='bbox 32 589 39 597; x_wconf 69' lang='lat'><strong><em>³</em></strong></span> <span class='ocrx_word' id='word_1_2' title='bbox 56 587 116 608; x_wconf 81' lang='lat' dir='ltr'>Casu</span> <span class='ocrx_word' id='word_1_3' title='bbox 138 592 182 607; x_wconf 88' lang='lat' dir='ltr'>non</span> <span class='ocrx_word' id='word_1_4' title='bbox 199 593 245 606; x_wconf 78' lang='lat' dir='ltr'>coi·</span> 
     </span>
     <span class='ocr_line' id='line_1_2' title="bbox 33 613 245 641; baseline -0.014 -6"><span class='ocrx_word' id='word_1_5' title='bbox 33 615 73 641; x_wconf 82' lang='lat' dir='ltr'>rig.</span> <span class='ocrx_word' id='word_1_6' title='bbox 90 614 112 634; x_wconf 85' lang='lat' dir='ltr'>in</span> <span class='ocrx_word' id='word_1_7' title='bbox 135 613 245 634; x_wconf 63' lang='lat' dir='ltr'>delet-mi*-</span> 
     </span>
     <span class='ocr_line' id='line_1_3' title="bbox 32 639 242 687; baseline -0.01 -26"><span class='ocrx_word' id='word_1_8' title='bbox 32 643 110 687; x_wconf 67' lang='lat' dir='ltr'>¹›taliar-</span> <span class='ocrx_word' id='word_1_9' title='bbox 134 639 186 660; x_wconf 81' lang='lat' dir='ltr'>vid.</span> <span class='ocrx_word' id='word_1_10' title='bbox 213 639 242 666; x_wconf 52' lang='lat' dir='ltr'>fid</span> 
     </span>
     <span class='ocr_line' id='line_1_4' title="bbox 40 673 74 687; baseline 0 0"><span class='ocrx_word' id='word_1_11' title='bbox 40 673 74 687; x_wconf 78' lang='lat' dir='ltr'>oc.</span> 
     </span>
    </p>
   </div>
   <div class='ocr_carea' id='block_1_2' title="bbox 20 2028 204 2055">
    <p class='ocr_par' dir='ltr' id='par_1_2' title="bbox 20 2028 204 2055">
     <span class='ocr_line' id='line_1_5' title="bbox 20 2028 204 2055; baseline -0.005 -5"><span class='ocrx_word' id='word_1_12' title='bbox 20 2035 68 2055; x_wconf 74' lang='lat' dir='ltr'>24r</span> <span class='ocrx_word' id='word_1_13' title='bbox 84 2035 95 2049; x_wconf 85' lang='lat' dir='ltr'>a</span> <span class='ocrx_word' id='word_1_14' title='bbox 112 2035 149 2051; x_wconf 68' lang='lat' dir='ltr'>tn:</span> <span class='ocrx_word' id='word_1_15' title='bbox 165 2028 204 2049; x_wconf 79' lang='lat' dir='ltr'>int.</span> 
     </span>
    </p>
   </div>
   <div class='ocr_carea' id='block_1_3' title="bbox 19 2336 130 2362">
    <p class='ocr_par' dir='ltr' id='par_1_3' title="bbox 19 2336 130 2362">
     <span class='ocr_line' id='line_1_6' title="bbox 19 2336 130 2362; baseline -0.009 -5"><span class='ocrx_word' id='word_1_16' title='bbox 19 2336 51 2357; x_wconf 80' lang='lat' dir='ltr'>lb.</span> <span class='ocrx_word' id='word_1_17' title='bbox 69 2343 79 2356; x_wconf 39' lang='grc' dir='ltr'>ιο</span> <span class='ocrx_word' id='word_1_18' title='bbox 95 2342 130 2362; x_wconf 62' lang='lat'>41³-</span> 
     </span>
    </p>
   </div>
   <div class='ocr_carea' id='block_1_4' title="bbox 19 2439 146 2464">
    <p class='ocr_par' dir='ltr' id='par_1_4' title="bbox 19 2439 146 2464">
     <span class='ocr_line' id='line_1_7' title="bbox 19 2439 146 2464; baseline -0.008 -3"><span class='ocrx_word' id='word_1_19' title='bbox 19 2439 76 2461; x_wconf 84' lang='lat' dir='ltr'>&#39;lb.</span> <span class='ocrx_word' id='word_1_20' title='bbox 94 2439 146 2464; x_wconf 73' lang='lat' dir='ltr'>b4.</span> 
     </span>
    </p>
   </div>
   <div class='ocr_carea' id='block_1_5' title="bbox 22 3412 234 3441">
    <p class='ocr_par' dir='ltr' id='par_1_5' title="bbox 22 3412 234 3441">
     <span class='ocr_line' id='line_1_8' title="bbox 22 3412 234 3441; baseline 0.005 -7"><span class='ocrx_word' id='word_1_21' title='bbox 22 3419 47 3439; x_wconf 67' lang='lat'>24</span> <span class='ocrx_word' id='word_1_22' title='bbox 61 3418 71 3434; x_wconf 81' lang='grc' dir='ltr'>ι·</span> <span class='ocrx_word' id='word_1_23' title='bbox 86 3412 99 3432; x_wconf 82' lang='lat' dir='ltr'>b</span> <span class='ocrx_word' id='word_1_24' title='bbox 111 3414 179 3440; x_wconf 63' lang='lat' dir='ltr'>211⁴p.</span> <span class='ocrx_word' id='word_1_25' title='bbox 189 3419 234 3441; x_wconf 64' lang='lat' dir='ltr'>eju.</span> 
     </span>
    </p>
   </div>
   <div class='ocr_carea' id='block_1_6' title="bbox 24 3514 199 3536">
    <p class='ocr_par' dir='ltr' id='par_1_6' title="bbox 24 3514 199 3536">
     <span class='ocr_line' id='line_1_9' title="bbox 24 3514 199 3536; baseline 0.006 -2"><span class='ocrx_word' id='word_1_26' title='bbox 24 3515 32 3523; x_wconf 87' lang='grc'><em>·</em></span> <span class='ocrx_word' id='word_1_27' title='bbox 44 3514 95 3535; x_wconf 68' lang='lat' dir='ltr'>Via.</span> <span class='ocrx_word' id='word_1_28' title='bbox 113 3514 139 3535; x_wconf 79' lang='lat' dir='ltr'>ad</span> <span class='ocrx_word' id='word_1_29' title='bbox 156 3515 199 3536; x_wconf 81' lang='lat' dir='ltr'>loc.</span> 
     </span>
    </p>
   </div>
   <div class='ocr_carea' id='block_1_7' title="bbox 27 3823 134 3843">
    <p class='ocr_par' dir='ltr' id='par_1_7' title="bbox 27 3823 134 3843">
     <span class='ocr_line' id='line_1_10' title="bbox 27 3823 134 3843; baseline 0.009 -5"><span class='ocrx_word' id='word_1_30' title='bbox 27 3823 134 3843; x_wconf 54' lang='grc' dir='ltr'>υκαι.</span> 
     </span>
    </p>
   </div>
   <div class='ocr_carea' id='block_1_8' title="bbox 279 132 349 180">
    <p class='ocr_par' dir='ltr' id='par_1_8' title="bbox 279 132 349 180">
     <span class='ocr_line' id='line_1_11' title="bbox 279 132 349 180; baseline 0 -11"><span class='ocrx_word' id='word_1_31' title='bbox 279 132 349 180; x_wconf 63' lang='lat'>34*-</span> 
     </span>
    </p>
   </div>
   <div class='ocr_carea' id='block_1_9' title="bbox 262 211 1380 2100">
    <p class='ocr_par' dir='ltr' id='par_1_9' title="bbox 275 211 1351 254">
     <span class='ocr_line' id='line_1_12' title="bbox 275 211 1351 254; baseline -0.005 -8"><span class='ocrx_word' id='word_1_32' title='bbox 275 216 353 246; x_wconf 90' lang='lat' dir='ltr'>libet</span> <span class='ocrx_word' id='word_1_33' title='bbox 369 224 447 251; x_wconf 87' lang='lat' dir='ltr'>esse,</span> <span class='ocrx_word' id='word_1_34' title='bbox 466 214 596 254; x_wconf 86' lang='lat' dir='ltr'>quando</span> <span class='ocrx_word' id='word_1_35' title='bbox 615 215 760 254; x_wconf 86' lang='lat' dir='ltr'>operatio</span> <span class='ocrx_word' id='word_1_36' title='bbox 779 215 904 244; x_wconf 86' lang='lat' dir='ltr'>virtutis</span> <span class='ocrx_word' id='word_1_37' title='bbox 924 224 941 244; x_wconf 83' lang='lat' dir='ltr'>a</span> <span class='ocrx_word' id='word_1_38' title='bbox 964 219 1081 244; x_wconf 90' lang='lat' dir='ltr'>neutro</span> <span class='ocrx_word' id='word_1_39' title='bbox 1107 212 1277 252; x_wconf 78' lang='lat' dir='ltr'>dependet,</span> <span class='ocrx_word' id='word_1_40' title='bbox 1295 211 1351 251; x_wconf 83' lang='lat' dir='ltr'>sed</span> 
     </span>
    </p>

    <p class='ocr_par' dir='ltr' id='par_1_10' title="bbox 275 262 1350 305">
     <span class='ocr_line' id='line_1_13' title="bbox 275 262 1350 305; baseline -0.005 -9"><span class='ocrx_word' id='word_1_41' title='bbox 275 273 383 296; x_wconf 86' lang='lat' dir='ltr'>tamen</span> <span class='ocrx_word' id='word_1_42' title='bbox 409 272 582 305; x_wconf 88' lang='lat' dir='ltr'>utrumque</span> <span class='ocrx_word' id='word_1_43' title='bbox 607 275 675 295; x_wconf 86' lang='lat' dir='ltr'>esse</span> <span class='ocrx_word' id='word_1_44' title='bbox 700 270 824 305; x_wconf 86' lang='lat' dir='ltr'>potest:</span> <span class='ocrx_word' id='word_1_45' title='bbox 850 266 932 296; x_wconf 90' lang='lat' dir='ltr'>sicut</span> <span class='ocrx_word' id='word_1_46' title='bbox 956 275 1015 303; x_wconf 87' lang='lat' dir='ltr'>ars,</span> <span class='ocrx_word' id='word_1_47' title='bbox 1041 274 1124 304; x_wconf 90' lang='lat' dir='ltr'>quae</span> <span class='ocrx_word' id='word_1_48' title='bbox 1148 262 1279 293; x_wconf 87' lang='lat' dir='ltr'>diversis</span> <span class='ocrx_word' id='word_1_49' title='bbox 1302 262 1350 291; x_wconf 93' lang='lat' dir='ltr'>in-</span> 
     </span>
    </p>

    <p class='ocr_par' dir='ltr' id='par_1_11' title="bbox 275 313 1348 356">
     <span class='ocr_line' id='line_1_14' title="bbox 275 313 1348 356; baseline -0.006 -8"><span class='ocrx_word' id='word_1_50' title='bbox 275 318 459 348; x_wconf 86' lang='lat' dir='ltr'>strumentis</span> <span class='ocrx_word' id='word_1_51' title='bbox 477 317 522 346; x_wconf 90' lang='lat' dir='ltr'>uti</span> <span class='ocrx_word' id='word_1_52' title='bbox 536 321 643 356; x_wconf 86' lang='lat' dir='ltr'>potest</span> <span class='ocrx_word' id='word_1_53' title='bbox 656 315 694 345; x_wconf 87' lang='lat' dir='ltr'>ad</span> <span class='ocrx_word' id='word_1_54' title='bbox 713 315 797 346; x_wconf 90' lang='lat' dir='ltr'>idem</span> <span class='ocrx_word' id='word_1_55' title='bbox 816 325 900 355; x_wconf 91' lang='lat' dir='ltr'>opus</span> <span class='ocrx_word' id='word_1_56' title='bbox 913 315 1090 355; x_wconf 87' lang='lat' dir='ltr'>aequaliter</span> <span class='ocrx_word' id='word_1_57' title='bbox 1103 313 1348 354; x_wconf 85' lang='lat' dir='ltr'>perficiendum,</span> 
     </span>
    </p>

    <p class='ocr_par' dir='ltr' id='par_1_12' title="bbox 275 367 1349 404">
     <span class='ocr_line' id='line_1_15' title="bbox 275 367 1349 404; baseline -0.005 -7"><span class='ocrx_word' id='word_1_58' title='bbox 275 379 300 398; x_wconf 87' lang='lat' dir='ltr'>et</span> <span class='ocrx_word' id='word_1_59' title='bbox 322 373 441 397; x_wconf 86' lang='lat' dir='ltr'>voluntas</span> <span class='ocrx_word' id='word_1_60' title='bbox 461 378 528 404; x_wconf 90' lang='lat' dir='ltr'>quae</span> <span class='ocrx_word' id='word_1_61' title='bbox 554 371 661 395; x_wconf 79' lang='lat' dir='ltr'>diversis</span> <span class='ocrx_word' id='word_1_62' title='bbox 681 370 728 395; x_wconf 86' lang='lat' dir='ltr'>viis</span> <span class='ocrx_word' id='word_1_63' title='bbox 748 375 833 402; x_wconf 84' lang='lat' dir='ltr'>potest</span> <span class='ocrx_word' id='word_1_64' title='bbox 851 370 993 403; x_wconf 83' lang='lat' dir='ltr'>aequaliter</span> <span class='ocrx_word' id='word_1_65' title='bbox 1011 370 1147 402; x_wconf 75' lang='lat' dir='ltr'>pervenis-e</span> <span class='ocrx_word' id='word_1_66' title='bbox 1169 369 1201 393; x_wconf 89' lang='lat' dir='ltr'>ad</span> <span class='ocrx_word' id='word_1_67' title='bbox 1229 367 1308 393; x_wconf 85' lang='lat' dir='ltr'>finem</span> <span class='ocrx_word' id='word_1_68' title='bbox 1334 375 1349 399; x_wconf 92' lang='lat' dir='ltr'><em>q</em></span> 
     </span>
    </p>

    <p class='ocr_par' dir='ltr' id='par_1_13' title="bbox 263 414 1380 2055">
     <span class='ocr_line' id='line_1_16' title="bbox 274 414 1380 458; baseline -0.005 -9"><span class='ocrx_word' id='word_1_69' title='bbox 274 420 347 450; x_wconf 89' lang='lat' dir='ltr'>Hoc</span> <span class='ocrx_word' id='word_1_70' title='bbox 372 425 479 450; x_wconf 89' lang='lat' dir='ltr'>autem</span> <span class='ocrx_word' id='word_1_71' title='bbox 504 418 543 448; x_wconf 88' lang='lat' dir='ltr'>ad</span> <span class='ocrx_word' id='word_1_72' title='bbox 571 417 853 458; x_wconf 86' lang='lat' dir='ltr'>imperfectionem</span> <span class='ocrx_word' id='word_1_73' title='bbox 883 418 1007 447; x_wconf 73' lang='lat' dir='ltr'>virtutis</span> <span class='ocrx_word' id='word_1_74' title='bbox 1036 427 1102 446; x_wconf 94' lang='lat' dir='ltr'>non</span> <span class='ocrx_word' id='word_1_75' title='bbox 1129 417 1266 456; x_wconf 83' lang='lat' dir='ltr'>pertinet</span> <span class='ocrx_word' id='word_1_76' title='bbox 1294 414 1349 445; x_wconf 87' lang='lat' dir='ltr'>sed</span> <span class='ocrx_word' id='word_1_77' title='bbox 1372 431 1380 450; x_wconf 73' lang='grc' dir='ltr'><strong><em>ς</em></strong></span> 
     </span>
     <span class='ocr_line' id='line_1_17' title="bbox 275 467 1348 510; baseline -0.004 -10"><span class='ocrx_word' id='word_1_78' title='bbox 275 471 375 510; x_wconf 86' lang='lat' dir='ltr'>magis</span> <span class='ocrx_word' id='word_1_79' title='bbox 403 469 442 499; x_wconf 91' lang='lat' dir='ltr'>ad</span> <span class='ocrx_word' id='word_1_80' title='bbox 470 471 538 499; x_wconf 88' lang='lat' dir='ltr'>eius</span> <span class='ocrx_word' id='word_1_81' title='bbox 563 469 772 499; x_wconf 76' lang='lat' dir='ltr'>eminentiam</span> <span class='ocrx_word' id='word_1_82' title='bbox 798 480 827 496; x_wconf 86' lang='lat' dir='ltr'>ex</span> <span class='ocrx_word' id='word_1_83' title='bbox 852 480 903 505; x_wconf 80' lang='lat' dir='ltr'>qua</span> <span class='ocrx_word' id='word_1_84' title='bbox 927 471 956 497; x_wconf 80' lang='lat' dir='ltr'>fit</span> <span class='ocrx_word' id='word_1_85' title='bbox 979 475 1008 496; x_wconf 78' lang='lat' dir='ltr'>ut</span> <span class='ocrx_word' id='word_1_86' title='bbox 1033 473 1104 504; x_wconf 85' lang='lat' dir='ltr'>quod</span> <span class='ocrx_word' id='word_1_87' title='bbox 1124 467 1348 508; x_wconf 78' lang='lat' dir='ltr'>(inquantum)</span> 
     </span>
     <span class='ocr_line' id='line_1_18' title="bbox 275 518 1348 560; baseline -0.004 -9"><span class='ocrx_word' id='word_1_88' title='bbox 275 521 462 551; x_wconf 86' lang='lat' dir='ltr'>utrumlibet</span> <span class='ocrx_word' id='word_1_89' title='bbox 487 521 715 560; x_wconf 86' lang='lat' dir='ltr'>oppositorum</span> <span class='ocrx_word' id='word_1_90' title='bbox 733 524 837 548; x_wconf 75' lang='lat' dir='ltr'>excedat</span> <span class='ocrx_word' id='word_1_91' title='bbox 856 519 1006 559; x_wconf 87' lang='lat' dir='ltr'>(excedit)</span> <span class='ocrx_word' id='word_1_92' title='bbox 1034 526 1064 549; x_wconf 87' lang='lat' dir='ltr'>et</span> <span class='ocrx_word' id='word_1_93' title='bbox 1089 519 1131 549; x_wconf 92' lang='lat' dir='ltr'>ob</span> <span class='ocrx_word' id='word_1_94' title='bbox 1157 519 1219 548; x_wconf 87' lang='lat' dir='ltr'>hoc</span> <span class='ocrx_word' id='word_1_95' title='bbox 1245 518 1348 548; x_wconf 88' lang='lat' dir='ltr'>deter-</span> 
     </span>
     <span class='ocr_line' id='line_1_19' title="bbox 274 570 1348 607; baseline -0.005 -4"><span class='ocrx_word' id='word_1_96' title='bbox 274 575 413 603; x_wconf 81' lang='lat' dir='ltr'>minetur</span> <span class='ocrx_word' id='word_1_97' title='bbox 430 573 446 588; x_wconf 89' lang='grc'>3·”</span> <span class='ocrx_word' id='word_1_98' title='bbox 470 571 508 602; x_wconf 88' lang='lat' dir='ltr'>ad</span> <span class='ocrx_word' id='word_1_99' title='bbox 533 578 696 607; x_wconf 89' lang='lat' dir='ltr'>neutrum,</span> <span class='ocrx_word' id='word_1_100' title='bbox 723 582 755 601; x_wconf 87' lang='lat' dir='ltr'>se</span> <span class='ocrx_word' id='word_1_101' title='bbox 781 571 819 600; x_wconf 86' lang='lat' dir='ltr'>ad</span> <span class='ocrx_word' id='word_1_102' title='bbox 845 571 1033 601; x_wconf 84' lang='lat' dir='ltr'>utrumlibet</span> <span class='ocrx_word' id='word_1_103' title='bbox 1058 571 1188 600; x_wconf 78' lang='lat' dir='ltr'>liabens.</span> <span class='ocrx_word' id='word_1_104' title='bbox 1215 570 1267 599; x_wconf 78' lang='lat' dir='ltr'>Sic</span> <span class='ocrx_word' id='word_1_105' title='bbox 1293 578 1348 598; x_wconf 90' lang='lat' dir='ltr'>au-</span> 
     </span>
     <span class='ocr_line' id='line_1_20' title="bbox 273 620 1348 661; baseline -0.007 -6"><span class='ocrx_word' id='word_1_106' title='bbox 273 631 337 655; x_wconf 89' lang='lat' dir='ltr'>tem</span> <span class='ocrx_word' id='word_1_107' title='bbox 356 648 363 654; x_wconf 90' lang='lat'>.</span> <span class='ocrx_word' id='word_1_108' title='bbox 379 648 384 653; x_wconf 97' lang='lat'>.</span> <span class='ocrx_word' id='word_1_109' title='bbox 402 647 407 653; x_wconf 93' lang='lat'>.</span> <span class='ocrx_word' id='word_1_110' title='bbox 428 624 525 654; x_wconf 80' lang='lat' dir='ltr'>unita.</span> <span class='ocrx_word' id='word_1_111' title='bbox 551 623 625 652; x_wconf 72' lang='lat' dir='ltr'>Non</span> <span class='ocrx_word' id='word_1_112' title='bbox 650 623 747 661; x_wconf 83' lang='lat' dir='ltr'>igitur</span> <span class='ocrx_word' id='word_1_113' title='bbox 763 627 894 661; x_wconf 84' lang='lat' dir='ltr'>oportet</span> <span class='ocrx_word' id='word_1_114' title='bbox 911 621 1180 661; x_wconf 86' lang='lat' dir='ltr'>potentialitatem</span> <span class='ocrx_word' id='word_1_115' title='bbox 1206 620 1348 658; x_wconf 81' lang='lat' dir='ltr'>aliquam</span> 
     </span>
     <span class='ocr_line' id='line_1_21' title="bbox 273 671 1348 713; baseline -0.006 -8"><span class='ocrx_word' id='word_1_116' title='bbox 273 677 302 705; x_wconf 90' lang='lat' dir='ltr'>in</span> <span class='ocrx_word' id='word_1_117' title='bbox 329 675 435 705; x_wconf 89' lang='lat' dir='ltr'>divina</span> <span class='ocrx_word' id='word_1_118' title='bbox 461 675 625 704; x_wconf 78' lang='lat' dir='ltr'>voluntate</span> <span class='ocrx_word' id='word_1_119' title='bbox 652 674 739 713; x_wconf 86' lang='lat' dir='ltr'>poni.</span> <span class='ocrx_word' id='word_1_120' title='bbox 765 674 783 710; x_wconf 59' lang='grc' dir='ltr'><strong>ξ</strong></span> <span class='ocrx_word' id='word_1_121' title='bbox 800 673 952 703; x_wconf 81' lang='lat' dir='ltr'>Similiter</span> <span class='ocrx_word' id='word_1_122' title='bbox 976 678 1083 702; x_wconf 88' lang='lat' dir='ltr'>autem</span> <span class='ocrx_word' id='word_1_123' title='bbox 1103 673 1191 710; x_wconf 79' lang='lat' dir='ltr'>(nec)</span> <span class='ocrx_word' id='word_1_124' title='bbox 1210 671 1348 700; x_wconf 89' lang='lat' dir='ltr'>mutabi-</span> 
     </span>
     <span class='ocr_line' id='line_1_22' title="bbox 272 722 1346 762; baseline -0.004 -6"><span class='ocrx_word' id='word_1_125' title='bbox 272 727 402 756; x_wconf 83' lang='lat' dir='ltr'>litatem.</span> <span class='ocrx_word' id='word_1_126' title='bbox 429 726 459 756; x_wconf 81' lang='lat' dir='ltr'>Si</span> <span class='ocrx_word' id='word_1_127' title='bbox 487 726 572 755; x_wconf 85' lang='lat' dir='ltr'>enim</span> <span class='ocrx_word' id='word_1_128' title='bbox 606 725 636 754; x_wconf 89' lang='lat' dir='ltr'>in</span> <span class='ocrx_word' id='word_1_129' title='bbox 667 723 774 754; x_wconf 80' lang='lat' dir='ltr'>divina</span> <span class='ocrx_word' id='word_1_130' title='bbox 806 724 970 754; x_wconf 72' lang='lat' dir='ltr'>voluntate</span> <span class='ocrx_word' id='word_1_131' title='bbox 1003 723 1091 753; x_wconf 86' lang='lat' dir='ltr'>nulla</span> <span class='ocrx_word' id='word_1_132' title='bbox 1115 729 1162 752; x_wconf 90' lang='lat' dir='ltr'>est</span> <span class='ocrx_word' id='word_1_133' title='bbox 1187 722 1346 762; x_wconf 89' lang='lat' dir='ltr'>potentia-</span> 
     </span>
     <span class='ocr_line' id='line_1_23' title="bbox 271 774 1346 815; baseline -0.005 -8"><span class='ocrx_word' id='word_1_134' title='bbox 271 779 350 812; x_wconf 82' lang='lat' dir='ltr'>litas,</span> <span class='ocrx_word' id='word_1_135' title='bbox 369 787 434 806; x_wconf 90' lang='lat' dir='ltr'>non</span> <span class='ocrx_word' id='word_1_136' title='bbox 453 777 496 805; x_wconf 86' lang='lat' dir='ltr'>sic</span> <span class='ocrx_word' id='word_1_137' title='bbox 514 776 634 815; x_wconf 80' lang='lat' dir='ltr'>absque</span> <span class='ocrx_word' id='word_1_138' title='bbox 653 775 841 805; x_wconf 85' lang='lat' dir='ltr'>necessitate</span> <span class='ocrx_word' id='word_1_139' title='bbox 859 774 993 804; x_wconf 87' lang='lat' dir='ltr'>alterurn</span> <span class='ocrx_word' id='word_1_140' title='bbox 1008 774 1237 813; x_wconf 88' lang='lat' dir='ltr'>oppositorum</span> <span class='ocrx_word' id='word_1_141' title='bbox 1256 782 1346 812; x_wconf 90' lang='lat' dir='ltr'>prae-</span> 
     </span>
     <span class='ocr_line' id='line_1_24' title="bbox 270 825 1345 868; baseline -0.005 -9"><span class='ocrx_word' id='word_1_142' title='bbox 270 830 386 868; x_wconf 88' lang='lat' dir='ltr'>accipit</span> <span class='ocrx_word' id='word_1_143' title='bbox 404 834 451 857; x_wconf 76' lang='lat' dir='ltr'>abs</span> <span class='ocrx_word' id='word_1_144' title='bbox 471 829 553 858; x_wconf 82' lang='lat' dir='ltr'>circa</span> <span class='ocrx_word' id='word_1_145' title='bbox 571 838 626 857; x_wconf 89' lang='lat' dir='ltr'>sua</span> <span class='ocrx_word' id='word_1_146' title='bbox 653 833 780 857; x_wconf 87' lang='lat' dir='ltr'>causata</span> <span class='ocrx_word' id='word_1_147' title='bbox 798 828 888 866; x_wconf 83' lang='lat' dir='ltr'>quasi</span> <span class='ocrx_word' id='word_1_148' title='bbox 906 826 1127 856; x_wconf 85' lang='lat' dir='ltr'>consideretur</span> <span class='ocrx_word' id='word_1_149' title='bbox 1144 826 1175 854; x_wconf 90' lang='lat' dir='ltr'>in</span> <span class='ocrx_word' id='word_1_150' title='bbox 1202 825 1345 865; x_wconf 86' lang='lat' dir='ltr'>potentia</span> 
     </span>
     <span class='ocr_line' id='line_1_25' title="bbox 270 878 1345 920; baseline -0.007 -8"><span class='ocrx_word' id='word_1_151' title='bbox 270 882 308 912; x_wconf 87' lang='lat' dir='ltr'>ad</span> <span class='ocrx_word' id='word_1_152' title='bbox 342 888 526 920; x_wconf 82' lang='lat' dir='ltr'>utrumque,</span> <span class='ocrx_word' id='word_1_153' title='bbox 553 886 586 909; x_wconf 89' lang='lat' dir='ltr'>ut</span> <span class='ocrx_word' id='word_1_154' title='bbox 612 879 718 918; x_wconf 88' lang='lat' dir='ltr'>primo</span> <span class='ocrx_word' id='word_1_155' title='bbox 743 879 781 908; x_wconf 87' lang='lat' dir='ltr'>sit</span> <span class='ocrx_word' id='word_1_156' title='bbox 808 879 919 908; x_wconf 81' lang='lat' dir='ltr'>volens</span> <span class='ocrx_word' id='word_1_157' title='bbox 944 878 1088 917; x_wconf 85' lang='lat' dir='ltr'>potentia</span> <span class='ocrx_word' id='word_1_158' title='bbox 1114 883 1290 915; x_wconf 87' lang='lat' dir='ltr'>utrumque</span> <span class='ocrx_word' id='word_1_159' title='bbox 1315 882 1345 905; x_wconf 90' lang='lat' dir='ltr'>et</span> 
     </span>
     <span class='ocr_line' id='line_1_26' title="bbox 269 927 1344 974; baseline -0.007 -11"><span class='ocrx_word' id='word_1_160' title='bbox 269 933 479 974; x_wconf 86' lang='lat' dir='ltr'>postmodum</span> <span class='ocrx_word' id='word_1_161' title='bbox 499 931 610 961; x_wconf 87' lang='lat' dir='ltr'>volens</span> <span class='ocrx_word' id='word_1_162' title='bbox 628 937 711 964; x_wconf 81' lang='lat' dir='ltr'>actu,</span> <span class='ocrx_word' id='word_1_163' title='bbox 735 929 790 960; x_wconf 86' lang='lat' dir='ltr'>sed</span> <span class='ocrx_word' id='word_1_164' title='bbox 807 939 934 969; x_wconf 82' lang='lat' dir='ltr'>semper</span> <span class='ocrx_word' id='word_1_165' title='bbox 959 935 1005 958; x_wconf 83' lang='lat' dir='ltr'>est</span> <span class='ocrx_word' id='word_1_166' title='bbox 1031 928 1143 958; x_wconf 80' lang='lat' dir='ltr'>volens</span> <span class='ocrx_word' id='word_1_167' title='bbox 1160 934 1234 957; x_wconf 90' lang='lat' dir='ltr'>actu</span> <span class='ocrx_word' id='word_1_168' title='bbox 1254 927 1344 966; x_wconf 80' lang='lat' dir='ltr'>quic—</span> 
     </span>
     <span class='ocr_line' id='line_1_27' title="bbox 270 979 1344 1025; baseline -0.007 -11"><span class='ocrx_word' id='word_1_169' title='bbox 270 984 347 1025; x_wconf 89' lang='lat' dir='ltr'>quid</span> <span class='ocrx_word' id='word_1_170' title='bbox 365 983 431 1013; x_wconf 80' lang='lat' dir='ltr'>vult</span> <span class='ocrx_word' id='word_1_171' title='bbox 448 991 515 1013; x_wconf 90' lang='lat' dir='ltr'>non</span> <span class='ocrx_word' id='word_1_172' title='bbox 533 982 638 1012; x_wconf 88' lang='lat' dir='ltr'>solum</span> <span class='ocrx_word' id='word_1_173' title='bbox 657 982 739 1011; x_wconf 84' lang='lat' dir='ltr'>circa</span> <span class='ocrx_word' id='word_1_174' title='bbox 761 990 803 1015; x_wconf 86' lang='lat' dir='ltr'>se,</span> <span class='ocrx_word' id='word_1_175' title='bbox 830 979 884 1010; x_wconf 86' lang='lat' dir='ltr'>sed</span> <span class='ocrx_word' id='word_1_176' title='bbox 910 981 1006 1010; x_wconf 87' lang='lat' dir='ltr'>etiam</span> <span class='ocrx_word' id='word_1_177' title='bbox 1031 980 1114 1009; x_wconf 86' lang='lat' dir='ltr'>circa</span> <span class='ocrx_word' id='word_1_178' title='bbox 1131 985 1276 1008; x_wconf 86' lang='lat' dir='ltr'>causata:</span> <span class='ocrx_word' id='word_1_179' title='bbox 1298 983 1344 1006; x_wconf 78' lang='lat' dir='ltr'>sed</span> 
     </span>
     <span class='ocr_line' id='line_1_28' title="bbox 269 1029 1344 1077; baseline -0.007 -11"><span class='ocrx_word' id='word_1_180' title='bbox 269 1035 338 1077; x_wconf 57' lang='lat' dir='ltr'>(sed</span> <span class='ocrx_word' id='word_1_181' title='bbox 355 1036 431 1075; x_wconf 87' lang='lat' dir='ltr'>quia</span> <span class='ocrx_word' id='word_1_182' title='bbox 453 1034 587 1064; x_wconf 79' lang='lat' dir='ltr'>volitum</span> <span class='ocrx_word' id='word_1_183' title='bbox 607 1043 672 1062; x_wconf 89' lang='lat' dir='ltr'>non</span> <span class='ocrx_word' id='word_1_184' title='bbox 699 1033 793 1062; x_wconf 83' lang='lat' dir='ltr'>habet</span> <span class='ocrx_word' id='word_1_185' title='bbox 818 1031 1034 1061; x_wconf 82' lang='lat' dir='ltr'>necessarium</span> <span class='ocrx_word' id='word_1_186' title='bbox 1060 1030 1208 1060; x_wconf 84' lang='lat' dir='ltr'>ordinem</span> <span class='ocrx_word' id='word_1_187' title='bbox 1233 1030 1271 1060; x_wconf 91' lang='lat' dir='ltr'>ad</span> <span class='ocrx_word' id='word_1_188' title='bbox 1297 1029 1344 1059; x_wconf 93' lang='lat' dir='ltr'>di-</span> 
     </span>
     <span class='ocr_line' id='line_1_29' title="bbox 269 1081 1344 1124; baseline -0.007 -7"><span class='ocrx_word' id='word_1_189' title='bbox 269 1089 374 1117; x_wconf 86' lang='lat' dir='ltr'>vinam</span> <span class='ocrx_word' id='word_1_190' title='bbox 394 1086 582 1120; x_wconf 84' lang='lat' dir='ltr'>bonitatem,</span> <span class='ocrx_word' id='word_1_191' title='bbox 600 1094 683 1124; x_wconf 87' lang='lat' dir='ltr'>quae</span> <span class='ocrx_word' id='word_1_192' title='bbox 705 1091 751 1114; x_wconf 80' lang='lat' dir='ltr'>est</span> <span class='ocrx_word' id='word_1_193' title='bbox 771 1084 939 1123; x_wconf 85' lang='lat' dir='ltr'>proprium</span> <span class='ocrx_word' id='word_1_194' title='bbox 958 1083 1123 1112; x_wconf 87' lang='lat' dir='ltr'>obiectum</span> <span class='ocrx_word' id='word_1_195' title='bbox 1141 1081 1269 1112; x_wconf 80' lang='lat' dir='ltr'>divinae</span> <span class='ocrx_word' id='word_1_196' title='bbox 1286 1091 1344 1111; x_wconf 88' lang='lat' dir='ltr'>vo-</span> 
     </span>
     <span class='ocr_line' id='line_1_30' title="bbox 268 1133 1342 1177; baseline -0.006 -9"><span class='ocrx_word' id='word_1_197' title='bbox 268 1136 411 1177; x_wconf 91' lang='lat' dir='ltr'>luntatis)</span> <span class='ocrx_word' id='word_1_198' title='bbox 437 1146 493 1177; x_wconf 88' lang='lat' dir='ltr'>per</span> <span class='ocrx_word' id='word_1_199' title='bbox 525 1136 661 1166; x_wconf 90' lang='lat' dir='ltr'>modum</span> <span class='ocrx_word' id='word_1_200' title='bbox 694 1145 760 1175; x_wconf 87' lang='lat' dir='ltr'>quo</span> <span class='ocrx_word' id='word_1_201' title='bbox 794 1144 860 1164; x_wconf 88' lang='lat' dir='ltr'>non</span> <span class='ocrx_word' id='word_1_202' title='bbox 892 1135 1070 1164; x_wconf 86' lang='lat' dir='ltr'>necessaria</span> <span class='ocrx_word' id='word_1_203' title='bbox 1094 1133 1149 1163; x_wconf 90' lang='lat' dir='ltr'>sed</span> <span class='ocrx_word' id='word_1_204' title='bbox 1178 1133 1342 1173; x_wconf 89' lang='lat' dir='ltr'>possibilia</span> 
     </span>
     <span class='ocr_line' id='line_1_31' title="bbox 267 1186 1343 1226; baseline -0.006 -6"><span class='ocrx_word' id='word_1_205' title='bbox 267 1189 474 1220; x_wconf 79' lang='lat' dir='ltr'>enuntiabilia</span> <span class='ocrx_word' id='word_1_206' title='bbox 503 1188 640 1218; x_wconf 87' lang='lat' dir='ltr'>dicimus</span> <span class='ocrx_word' id='word_1_207' title='bbox 669 1186 800 1226; x_wconf 85' lang='lat' dir='ltr'>quando</span> <span class='ocrx_word' id='word_1_208' title='bbox 825 1190 971 1215; x_wconf 73' lang='lat' dir='ltr'>subiectum</span> <span class='ocrx_word' id='word_1_209' title='bbox 992 1197 1044 1214; x_wconf 83' lang='lat' dir='ltr'>non</span> <span class='ocrx_word' id='word_1_210' title='bbox 1065 1189 1216 1214; x_wconf 77' lang='lat' dir='ltr'>necessaria</span> <span class='ocrx_word' id='word_1_211' title='bbox 1235 1189 1343 1214; x_wconf 86' lang='lat' dir='ltr'>subiecti</span> 
     </span>
     <span class='ocr_line' id='line_1_32' title="bbox 266 1240 1344 1276; baseline -0.006 -6"><span class='ocrx_word' id='word_1_212' title='bbox 266 1246 331 1270; x_wconf 87' lang='lat' dir='ltr'>ratio</span> <span class='ocrx_word' id='word_1_213' title='bbox 350 1253 401 1269; x_wconf 91' lang='lat' dir='ltr'>non</span> <span class='ocrx_word' id='word_1_214' title='bbox 421 1244 551 1276; x_wconf 85' lang='lat' dir='ltr'>dependet</span> <span class='ocrx_word' id='word_1_215' title='bbox 570 1243 715 1276; x_wconf 77' lang='lat' dir='ltr'>aliqualiter</span> <span class='ocrx_word' id='word_1_216' title='bbox 734 1250 747 1266; x_wconf 88' lang='lat' dir='ltr'>a</span> <span class='ocrx_word' id='word_1_217' title='bbox 768 1242 922 1274; x_wconf 82' lang='lat' dir='ltr'>praedicato.</span> <span class='ocrx_word' id='word_1_218' title='bbox 948 1241 992 1265; x_wconf 89' lang='lat' dir='ltr'>llla</span> <span class='ocrx_word' id='word_1_219' title='bbox 1018 1241 1086 1265; x_wconf 89' lang='lat' dir='ltr'>enim</span> <span class='ocrx_word' id='word_1_220' title='bbox 1113 1240 1279 1265; x_wconf 78' lang='lat' dir='ltr'>enuntiabilia</span> <span class='ocrx_word' id='word_1_221' title='bbox 1297 1247 1344 1273; x_wconf 87' lang='lat' dir='ltr'>per</span> 
     </span>
     <span class='ocr_line' id='line_1_33' title="bbox 267 1291 1342 1327; baseline -0.004 -7"><span class='ocrx_word' id='word_1_222' title='bbox 267 1304 295 1320; x_wconf 87' lang='lat' dir='ltr'>se</span> <span class='ocrx_word' id='word_1_223' title='bbox 315 1295 459 1320; x_wconf 88' lang='lat' dir='ltr'>necessaria</span> <span class='ocrx_word' id='word_1_224' title='bbox 479 1300 539 1319; x_wconf 88' lang='lat' dir='ltr'>sunt</span> <span class='ocrx_word' id='word_1_225' title='bbox 563 1302 606 1327; x_wconf 80' lang='lat' dir='ltr'>qu,</span> <span class='ocrx_word' id='word_1_226' title='bbox 627 1295 663 1322; x_wconf 84' lang='lat' dir='ltr'>in,</span> <span class='ocrx_word' id='word_1_227' title='bbox 688 1301 801 1326; x_wconf 88' lang='lat' dir='ltr'>quorum</span> <span class='ocrx_word' id='word_1_228' title='bbox 826 1293 972 1326; x_wconf 88' lang='lat' dir='ltr'>praedicata</span> <span class='ocrx_word' id='word_1_229' title='bbox 990 1293 1015 1316; x_wconf 90' lang='lat' dir='ltr'>in</span> <span class='ocrx_word' id='word_1_230' title='bbox 1039 1291 1235 1317; x_wconf 86' lang='lat' dir='ltr'>diffinitionibus</span> <span class='ocrx_word' id='word_1_231' title='bbox 1257 1291 1342 1316; x_wconf 89' lang='lat' dir='ltr'>subie-</span> 
     </span>
     <span class='ocr_line' id='line_1_34' title="bbox 267 1344 1344 1379; baseline -0.004 -7"><span class='ocrx_word' id='word_1_232' title='bbox 267 1353 368 1372; x_wconf 81' lang='lat' dir='ltr'>ctorum</span> <span class='ocrx_word' id='word_1_233' title='bbox 389 1351 528 1379; x_wconf 77' lang='lat' dir='ltr'>ponuntur,</span> <span class='ocrx_word' id='word_1_234' title='bbox 540 1346 581 1370; x_wconf 87' lang='lat' dir='ltr'>vel</span> <span class='ocrx_word' id='word_1_235' title='bbox 595 1346 740 1370; x_wconf 87' lang='lat' dir='ltr'>secundum</span> <span class='ocrx_word' id='word_1_236' title='bbox 760 1353 789 1369; x_wconf 86' lang='lat' dir='ltr'>se</span> <span class='ocrx_word' id='word_1_237' title='bbox 809 1346 850 1369; x_wconf 81' lang='lat' dir='ltr'>ve!</span> <span class='ocrx_word' id='word_1_238' title='bbox 868 1344 1013 1370; x_wconf 83' lang='lat' dir='ltr'>secundum</span> <span class='ocrx_word' id='word_1_239' title='bbox 1033 1350 1142 1368; x_wconf 82' lang='lat' dir='ltr'>causam</span> <span class='ocrx_word' id='word_1_240' title='bbox 1161 1350 1238 1368; x_wconf 79' lang='lat' dir='ltr'>suam</span> <span class='ocrx_word' id='word_1_241' title='bbox 1258 1346 1296 1372; x_wconf 77' lang='lat' dir='ltr'>ut,</span> <span class='ocrx_word' id='word_1_242' title='bbox 1317 1349 1344 1368; x_wconf 89' lang='lat' dir='ltr'>ut</span> 
     </span>
     <span class='ocr_line' id='line_1_35' title="bbox 267 1395 1341 1432; baseline -0.004 -9"><span class='ocrx_word' id='word_1_243' title='bbox 267 1399 371 1432; x_wconf 84' lang='lat' dir='ltr'>quando</span> <span class='ocrx_word' id='word_1_244' title='bbox 391 1406 473 1431; x_wconf 84' lang='lat' dir='ltr'>genus</span> <span class='ocrx_word' id='word_1_245' title='bbox 499 1399 661 1431; x_wconf 85' lang='lat' dir='ltr'>praedicatur</span> <span class='ocrx_word' id='word_1_246' title='bbox 687 1398 719 1422; x_wconf 92' lang='lat' dir='ltr'>de</span> <span class='ocrx_word' id='word_1_247' title='bbox 743 1397 861 1422; x_wconf 75' lang='lat' dir='ltr'>subiecto</span> <span class='ocrx_word' id='word_1_248' title='bbox 885 1396 985 1428; x_wconf 85' lang='lat' dir='ltr'>specie;</span> <span class='ocrx_word' id='word_1_249' title='bbox 1014 1396 1054 1420; x_wconf 93' lang='lat' dir='ltr'>vel</span> <span class='ocrx_word' id='word_1_250' title='bbox 1079 1396 1172 1420; x_wconf 85' lang='lat' dir='ltr'>saltem</span> <span class='ocrx_word' id='word_1_251' title='bbox 1197 1395 1341 1420; x_wconf 80' lang='lat' dir='ltr'>secundum</span> 
     </span>
     <span class='ocr_line' id='line_1_36' title="bbox 265 1447 1342 1482; baseline -0.006 -5"><span class='ocrx_word' id='word_1_252' title='bbox 265 1460 370 1477; x_wconf 87' lang='lat' dir='ltr'>causam</span> <span class='ocrx_word' id='word_1_253' title='bbox 395 1459 479 1481; x_wconf 82' lang='lat' dir='ltr'>suam,</span> <span class='ocrx_word' id='word_1_254' title='bbox 505 1456 533 1474; x_wconf 88' lang='lat' dir='ltr'>ut</span> <span class='ocrx_word' id='word_1_255' title='bbox 557 1450 662 1482; x_wconf 80' lang='lat' dir='ltr'>quando</span> <span class='ocrx_word' id='word_1_256' title='bbox 687 1448 775 1481; x_wconf 82' lang='lat' dir='ltr'>passio</span> <span class='ocrx_word' id='word_1_257' title='bbox 794 1456 861 1480; x_wconf 88' lang='lat' dir='ltr'>quae</span> <span class='ocrx_word' id='word_1_258' title='bbox 880 1452 1001 1472; x_wconf 76' lang='lat' dir='ltr'>causatur</span> <span class='ocrx_word' id='word_1_259' title='bbox 1020 1455 1049 1472; x_wconf 85' lang='lat' dir='ltr'>ex</span> <span class='ocrx_word' id='word_1_260' title='bbox 1070 1447 1178 1472; x_wconf 84' lang='lat' dir='ltr'>subiecti</span> <span class='ocrx_word' id='word_1_261' title='bbox 1202 1447 1342 1480; x_wconf 78' lang='lat' dir='ltr'>principiis,</span> 
     </span>
     <span class='ocr_line' id='line_1_37' title="bbox 266 1498 1343 1535; baseline -0.006 -7"><span class='ocrx_word' id='word_1_262' title='bbox 266 1504 297 1528; x_wconf 91' lang='lat' dir='ltr'>de</span> <span class='ocrx_word' id='word_1_263' title='bbox 317 1504 409 1528; x_wconf 87' lang='lat' dir='ltr'>eodem</span> <span class='ocrx_word' id='word_1_264' title='bbox 436 1503 604 1535; x_wconf 87' lang='lat' dir='ltr'>praedicatur.</span> <span class='ocrx_word' id='word_1_265' title='bbox 632 1501 706 1526; x_wconf 82' lang='lat' dir='ltr'>Ratio</span> <span class='ocrx_word' id='word_1_266' title='bbox 734 1508 848 1532; x_wconf 88' lang='lat' dir='ltr'>namque</span> <span class='ocrx_word' id='word_1_267' title='bbox 879 1498 1044 1532; x_wconf 80' lang='lat' dir='ltr'>perfectionis</span> <span class='ocrx_word' id='word_1_268' title='bbox 1075 1499 1175 1523; x_wconf 80' lang='lat' dir='ltr'>divinae</span> <span class='ocrx_word' id='word_1_269' title='bbox 1203 1498 1343 1523; x_wconf 84' lang='lat' dir='ltr'>voluntatis</span> 
     </span>
     <span class='ocr_line' id='line_1_38' title="bbox 266 1551 1343 1585; baseline -0.005 -6"><span class='ocrx_word' id='word_1_270' title='bbox 266 1563 317 1579; x_wconf 91' lang='lat' dir='ltr'>non</span> <span class='ocrx_word' id='word_1_271' title='bbox 337 1554 449 1580; x_wconf 81' lang='lat' dir='ltr'>includit</span> <span class='ocrx_word' id='word_1_272' title='bbox 476 1553 585 1578; x_wconf 85' lang='lat' dir='ltr'>volitum</span> <span class='ocrx_word' id='word_1_273' title='bbox 615 1553 744 1585; x_wconf 87' lang='lat' dir='ltr'>dependet</span> <span class='ocrx_word' id='word_1_274' title='bbox 769 1560 784 1576; x_wconf 85' lang='lat' dir='ltr'>a</span> <span class='ocrx_word' id='word_1_275' title='bbox 807 1552 887 1576; x_wconf 82' lang='lat' dir='ltr'>volito</span> <span class='ocrx_word' id='word_1_276' title='bbox 913 1556 1028 1580; x_wconf 77' lang='lat' dir='ltr'>causato.</span> <span class='ocrx_word' id='word_1_277' title='bbox 1052 1551 1119 1575; x_wconf 86' lang='lat' dir='ltr'>sicut</span> <span class='ocrx_word' id='word_1_278' title='bbox 1143 1555 1281 1575; x_wconf 80' lang='lat' dir='ltr'>ostensum</span> <span class='ocrx_word' id='word_1_279' title='bbox 1303 1555 1343 1574; x_wconf 85' lang='lat' dir='ltr'>est</span> 
     </span>
     <span class='ocr_line' id='line_1_39' title="bbox 267 1597 1343 1645; baseline -0.007 -11"><span class='ocrx_word' id='word_1_280' title='bbox 267 1605 346 1645; x_wconf 82' lang='lat' dir='ltr'>(non</span> <span class='ocrx_word' id='word_1_281' title='bbox 371 1609 417 1633; x_wconf 87' lang='lat' dir='ltr'>est</span> <span class='ocrx_word' id='word_1_282' title='bbox 437 1603 634 1633; x_wconf 87' lang='lat' dir='ltr'>necessarius</span> <span class='ocrx_word' id='word_1_283' title='bbox 651 1600 732 1631; x_wconf 90' lang='lat' dir='ltr'>ordo</span> <span class='ocrx_word' id='word_1_284' title='bbox 754 1599 926 1640; x_wconf 87' lang='lat' dir='ltr'>praedicati</span> <span class='ocrx_word' id='word_1_285' title='bbox 951 1599 990 1629; x_wconf 87' lang='lat' dir='ltr'>ad</span> <span class='ocrx_word' id='word_1_286' title='bbox 1015 1597 1222 1638; x_wconf 88' lang='lat' dir='ltr'>subiectum.)</span> <span class='ocrx_word' id='word_1_287' title='bbox 1248 1598 1343 1628; x_wconf 85' lang='lat' dir='ltr'>Unde</span> 
     </span>
     <span class='ocr_line' id='line_1_40' title="bbox 265 1649 1344 1690; baseline -0.006 -5"><span class='ocrx_word' id='word_1_288' title='bbox 265 1664 340 1685; x_wconf 89' lang='lat' dir='ltr'>cum</span> <span class='ocrx_word' id='word_1_289' title='bbox 374 1653 499 1690; x_wconf 85' lang='lat' dir='ltr'>dicitur,</span> <span class='ocrx_word' id='word_1_290' title='bbox 532 1654 619 1683; x_wconf 86' lang='lat' dir='ltr'>Deus</span> <span class='ocrx_word' id='word_1_291' title='bbox 654 1652 721 1682; x_wconf 81' lang='lat' dir='ltr'>vult</span> <span class='ocrx_word' id='word_1_292' title='bbox 757 1652 818 1682; x_wconf 88' lang='lat' dir='ltr'>hoc</span> <span class='ocrx_word' id='word_1_293' title='bbox 856 1657 1033 1686; x_wconf 88' lang='lat' dir='ltr'>causatum,</span> <span class='ocrx_word' id='word_1_294' title='bbox 1065 1649 1272 1680; x_wconf 87' lang='lat' dir='ltr'>manifestum</span> <span class='ocrx_word' id='word_1_295' title='bbox 1297 1656 1344 1679; x_wconf 89' lang='lat' dir='ltr'>est</span> 
     </span>
     <span class='ocr_line' id='line_1_41' title="bbox 265 1700 1344 1741; baseline -0.006 -5"><span class='ocrx_word' id='word_1_296' title='bbox 265 1715 332 1736; x_wconf 85' lang='lat' dir='ltr'>esse</span> <span class='ocrx_word' id='word_1_297' title='bbox 354 1705 550 1735; x_wconf 83' lang='lat' dir='ltr'>enuntiabile</span> <span class='ocrx_word' id='word_1_298' title='bbox 567 1713 633 1734; x_wconf 88' lang='lat' dir='ltr'>non</span> <span class='ocrx_word' id='word_1_299' title='bbox 659 1703 875 1733; x_wconf 87' lang='lat' dir='ltr'>necessarium</span> <span class='ocrx_word' id='word_1_300' title='bbox 891 1701 947 1732; x_wconf 83' lang='lat' dir='ltr'>sed</span> <span class='ocrx_word' id='word_1_301' title='bbox 973 1701 1135 1741; x_wconf 90' lang='lat' dir='ltr'>possibile,</span> <span class='ocrx_word' id='word_1_302' title='bbox 1160 1700 1216 1731; x_wconf 90' lang='lat' dir='ltr'>illo</span> <span class='ocrx_word' id='word_1_303' title='bbox 1241 1700 1344 1730; x_wconf 92' lang='lat' dir='ltr'>modo</span> 
     </span>
     <span class='ocr_line' id='line_1_42' title="bbox 266 1753 1342 1796; baseline -0.005 -10"><span class='ocrx_word' id='word_1_304' title='bbox 266 1761 366 1786; x_wconf 83' lang='lat' dir='ltr'>dicendi</span> <span class='ocrx_word' id='word_1_305' title='bbox 385 1760 510 1794; x_wconf 77' lang='lat' dir='ltr'>possibile</span> <span class='ocrx_word' id='word_1_306' title='bbox 545 1766 611 1796; x_wconf 83' lang='lat' dir='ltr'>quo</span> <span class='ocrx_word' id='word_1_307' title='bbox 645 1765 710 1785; x_wconf 90' lang='lat' dir='ltr'>non</span> <span class='ocrx_word' id='word_1_308' title='bbox 743 1754 858 1784; x_wconf 89' lang='lat' dir='ltr'>dicitur</span> <span class='ocrx_word' id='word_1_309' title='bbox 890 1753 1011 1794; x_wconf 88' lang='lat' dir='ltr'>aliquid</span> <span class='ocrx_word' id='word_1_310' title='bbox 1043 1753 1196 1793; x_wconf 88' lang='lat' dir='ltr'>possibile</span> <span class='ocrx_word' id='word_1_311' title='bbox 1228 1761 1342 1782; x_wconf 89' lang='lat' dir='ltr'>secun·</span> 
     </span>
     <span class='ocr_line' id='line_1_43' title="bbox 265 1806 1342 1848; baseline -0.006 -9"><span class='ocrx_word' id='word_1_312' title='bbox 265 1808 343 1839; x_wconf 91' lang='lat' dir='ltr'>dum</span> <span class='ocrx_word' id='word_1_313' title='bbox 371 1809 510 1848; x_wconf 83' lang='lat' dir='ltr'>aliquam</span> <span class='ocrx_word' id='word_1_314' title='bbox 537 1808 725 1847; x_wconf 85' lang='lat' dir='ltr'>potentiam,</span> <span class='ocrx_word' id='word_1_315' title='bbox 751 1806 806 1836; x_wconf 91' lang='lat' dir='ltr'>sed</span> <span class='ocrx_word' id='word_1_316' title='bbox 831 1806 919 1846; x_wconf 90' lang='lat' dir='ltr'>quod</span> <span class='ocrx_word' id='word_1_317' title='bbox 948 1815 1015 1836; x_wconf 90' lang='lat' dir='ltr'>non</span> <span class='ocrx_word' id='word_1_318' title='bbox 1040 1814 1171 1835; x_wconf 90' lang='lat' dir='ltr'>necesse</span> <span class='ocrx_word' id='word_1_319' title='bbox 1199 1810 1246 1834; x_wconf 90' lang='lat' dir='ltr'>est</span> <span class='ocrx_word' id='word_1_320' title='bbox 1274 1813 1342 1833; x_wconf 90' lang='lat' dir='ltr'>esse</span> 
     </span>
     <span class='ocr_line' id='line_1_44' title="bbox 265 1856 1341 1899; baseline -0.005 -9"><span class='ocrx_word' id='word_1_321' title='bbox 265 1869 324 1890; x_wconf 87' lang='lat' dir='ltr'>nec</span> <span class='ocrx_word' id='word_1_322' title='bbox 349 1860 548 1899; x_wconf 77' lang='lat' dir='ltr'>impossibile</span> <span class='ocrx_word' id='word_1_323' title='bbox 574 1866 619 1888; x_wconf 80' lang='lat' dir='ltr'>est</span> <span class='ocrx_word' id='word_1_324' title='bbox 645 1859 723 1894; x_wconf 78' lang='lat' dir='ltr'>esse,</span> <span class='ocrx_word' id='word_1_325' title='bbox 758 1864 791 1887; x_wconf 90' lang='lat' dir='ltr'>ut</span> <span class='ocrx_word' id='word_1_326' title='bbox 822 1858 1038 1897; x_wconf 87' lang='lat' dir='ltr'>philosophus</span> <span class='ocrx_word' id='word_1_327' title='bbox 1063 1856 1157 1886; x_wconf 84' lang='lat' dir='ltr'>tradit</span> <span class='ocrx_word' id='word_1_328' title='bbox 1181 1857 1213 1886; x_wconf 92' lang='lat' dir='ltr'>in</span> <span class='ocrx_word' id='word_1_329' title='bbox 1237 1865 1258 1885; x_wconf 89' lang='lat' dir='ltr'>v</span> <span class='ocrx_word' id='word_1_330' title='bbox 1274 1865 1341 1885; x_wconf 91' lang='lat' dir='ltr'>me-</span> 
     </span>
     <span class='ocr_line' id='line_1_45' title="bbox 263 1908 1342 1951; baseline -0.005 -10"><span class='ocrx_word' id='word_1_331' title='bbox 263 1912 350 1951; x_wconf 87' lang='lat' dir='ltr'>taph.</span> <span class='ocrx_word' id='word_1_332' title='bbox 384 1911 473 1940; x_wconf 83' lang='lat' dir='ltr'>Sicut</span> <span class='ocrx_word' id='word_1_333' title='bbox 505 1910 700 1949; x_wconf 76' lang='lat' dir='ltr'>triangulum</span> <span class='ocrx_word' id='word_1_334' title='bbox 720 1919 897 1948; x_wconf 92' lang='lat' dir='ltr'>...neque</span> <span class='ocrx_word' id='word_1_335' title='bbox 923 1914 1043 1938; x_wconf 87' lang='lat' dir='ltr'>motus.</span> <span class='ocrx_word' id='word_1_336' title='bbox 1069 1908 1220 1938; x_wconf 86' lang='lat' dir='ltr'>Exclusio</span> <span class='ocrx_word' id='word_1_337' title='bbox 1245 1908 1342 1947; x_wconf 82' lang='lat' dir='ltr'>igitur</span> 
     </span>
     <span class='ocr_line' id='line_1_46' title="bbox 263 1959 1379 2001; baseline -0.004 -9"><span class='ocrx_word' id='word_1_338' title='bbox 263 1963 458 1993; x_wconf 79' lang='lat' dir='ltr'>necessitatis</span> <span class='ocrx_word' id='word_1_339' title='bbox 478 1962 656 2001; x_wconf 79' lang='lat' dir='ltr'>praedictae</span> <span class='ocrx_word' id='word_1_340' title='bbox 675 1961 997 2001; x_wconf 60' lang='lat' dir='ltr'>(immutabilitatem</span> <span class='ocrx_word' id='word_1_341' title='bbox 1019 1960 1146 1990; x_wconf 76' lang='lat' dir='ltr'>divinae</span> <span class='ocrx_word' id='word_1_342' title='bbox 1167 1959 1341 1989; x_wconf 81' lang='lat' dir='ltr'>voluntatis</span> <span class='ocrx_word' id='word_1_343' title='bbox 1358 1977 1379 1995; x_wconf 51' lang='grc' dir='ltr'>ἶς</span> 
     </span>
     <span class='ocr_line' id='line_1_47' title="bbox 263 2011 1340 2055; baseline -0.006 -12"><span class='ocrx_word' id='word_1_344' title='bbox 263 2012 356 2055; x_wconf 88' lang='lat' dir='ltr'>(non)</span> <span class='ocrx_word' id='word_1_345' title='bbox 381 2013 474 2043; x_wconf 88' lang='lat' dir='ltr'>tollit.</span> <span class='ocrx_word' id='word_1_346' title='bbox 500 2012 607 2049; x_wconf 89' lang='lat' dir='ltr'>Quam</span> <span class='ocrx_word' id='word_1_347' title='bbox 638 2012 793 2051; x_wconf 84' lang='lat' dir='ltr'>scriptura</span> <span class='ocrx_word' id='word_1_348' title='bbox 811 2035 818 2041; x_wconf 98' lang='lat'>.</span> <span class='ocrx_word' id='word_1_349' title='bbox 834 2035 840 2040; x_wconf 95' lang='lat'>.</span> <span class='ocrx_word' id='word_1_350' title='bbox 856 2035 863 2041; x_wconf 98' lang='lat'>.</span> <span class='ocrx_word' id='word_1_351' title='bbox 881 2021 948 2041; x_wconf 92' lang='lat' dir='ltr'>non</span> <span class='ocrx_word' id='word_1_352' title='bbox 968 2011 1115 2042; x_wconf 77' lang='lat' dir='ltr'>flectetur</span> <span class='ocrx_word' id='word_1_353' title='bbox 1139 2012 1155 2026; x_wconf 40' lang='grc' dir='ltr'><strong>θ</strong></span> <span class='ocrx_word' id='word_1_354' title='bbox 1174 2012 1205 2052; x_wconf 68' lang='lat'>(5</span> <span class='ocrx_word' id='word_1_355' title='bbox 1222 2014 1273 2038; x_wconf 84' lang='lat' dir='ltr'>Per</span> <span class='ocrx_word' id='word_1_356' title='bbox 1291 2013 1340 2038; x_wconf 83' lang='lat' dir='ltr'>hoc</span> 
     </span>
    </p>

    <p class='ocr_par' dir='ltr' id='par_1_14' title="bbox 262 2065 1339 2100">
     <span class='ocr_line' id='line_1_48' title="bbox 262 2065 1339 2100; baseline -0.003 -8"><span class='ocrx_word' id='word_1_357' title='bbox 262 2069 338 2092; x_wconf 84' lang='lat' dir='ltr'>etiam</span> <span class='ocrx_word' id='word_1_358' title='bbox 359 2073 428 2100; x_wconf 82' lang='lat' dir='ltr'>patet</span> <span class='ocrx_word' id='word_1_359' title='bbox 447 2069 519 2099; x_wconf 79' lang='lat' dir='ltr'>quod</span> <span class='ocrx_word' id='word_1_360' title='bbox 540 2068 623 2091; x_wconf 79' lang='lat' dir='ltr'>Deum</span> <span class='ocrx_word' id='word_1_361' title='bbox 648 2067 716 2091; x_wconf 77' lang='lat' dir='ltr'>velle</span> <span class='ocrx_word' id='word_1_362' title='bbox 740 2066 790 2090; x_wconf 87' lang='lat' dir='ltr'>hoc</span> <span class='ocrx_word' id='word_1_363' title='bbox 809 2071 952 2095; x_wconf 79' lang='lat' dir='ltr'>causatum.</span> <span class='ocrx_word' id='word_1_364' title='bbox 971 2066 1019 2090; x_wconf 80' lang='lat' dir='ltr'>etsi</span> <span class='ocrx_word' id='word_1_365' title='bbox 1038 2074 1091 2090; x_wconf 92' lang='lat' dir='ltr'>non</span> <span class='ocrx_word' id='word_1_366' title='bbox 1111 2066 1143 2090; x_wconf 82' lang='lat' dir='ltr'>sit</span> <span class='ocrx_word' id='word_1_367' title='bbox 1163 2065 1339 2090; x_wconf 49' lang='lat' dir='ltr'>necessarium</span> 
     </span>
    </p>
   </div>
   <div class='ocr_carea' id='block_1_10' title="bbox 1359 1463 1382 1482">
    <p class='ocr_par' dir='ltr' id='par_1_15' title="bbox 1359 1463 1382 1482">
     <span class='ocr_line' id='line_1_49' title="bbox 1359 1463 1382 1482; baseline 0 0"><span class='ocrx_word' id='word_1_368' title='bbox 1359 1463 1382 1482; x_wconf 76' lang='lat'>25</span> 
     </span>
    </p>
   </div>
   <div class='ocr_carea' id='block_1_11' title="bbox 260 2115 1341 2876">
    <p class='ocr_par' dir='ltr' id='par_1_16' title="bbox 260 2115 1341 2876">
     <span class='ocr_line' id='line_1_50' title="bbox 261 2115 1339 2148; baseline -0.002 -6"><span class='ocrx_word' id='word_1_369' title='bbox 261 2118 388 2146; x_wconf 83' lang='lat' dir='ltr'>absolute,</span> <span class='ocrx_word' id='word_1_370' title='bbox 406 2121 445 2142; x_wconf 85' lang='lat' dir='ltr'>est</span> <span class='ocrx_word' id='word_1_371' title='bbox 465 2122 562 2145; x_wconf 81' lang='lat' dir='ltr'>tamen,</span> <span class='ocrx_word' id='word_1_372' title='bbox 579 2125 607 2140; x_wconf 84' lang='lat' dir='ltr'>ex</span> <span class='ocrx_word' id='word_1_373' title='bbox 629 2116 678 2140; x_wconf 87' lang='lat' dir='ltr'>hoc</span> <span class='ocrx_word' id='word_1_374' title='bbox 698 2116 769 2148; x_wconf 85' lang='lat' dir='ltr'>quod</span> <span class='ocrx_word' id='word_1_375' title='bbox 790 2115 838 2140; x_wconf 90' lang='lat' dir='ltr'>hoc</span> <span class='ocrx_word' id='word_1_376' title='bbox 859 2116 967 2140; x_wconf 86' lang='lat' dir='ltr'>volitum</span> <span class='ocrx_word' id='word_1_377' title='bbox 988 2124 1040 2140; x_wconf 91' lang='lat' dir='ltr'>non</span> <span class='ocrx_word' id='word_1_378' title='bbox 1060 2115 1138 2140; x_wconf 86' lang='lat' dir='ltr'>habet</span> <span class='ocrx_word' id='word_1_379' title='bbox 1155 2116 1275 2140; x_wconf 81' lang='lat' dir='ltr'>ordinem</span> <span class='ocrx_word' id='word_1_380' title='bbox 1295 2123 1339 2140; x_wconf 86' lang='lat' dir='ltr'>ne-</span> 
     </span>
     <span class='ocr_line' id='line_1_51' title="bbox 261 2167 1340 2200; baseline -0.002 -7"><span class='ocrx_word' id='word_1_381' title='bbox 261 2169 403 2193; x_wconf 81' lang='lat' dir='ltr'>cessarium</span> <span class='ocrx_word' id='word_1_382' title='bbox 422 2169 453 2192; x_wconf 82' lang='lat' dir='ltr'>ad</span> <span class='ocrx_word' id='word_1_383' title='bbox 479 2169 592 2192; x_wconf 79' lang='lat' dir='ltr'>divinam</span> <span class='ocrx_word' id='word_1_384' title='bbox 613 2168 782 2193; x_wconf 82' lang='lat' dir='ltr'>voluntatem.</span> <span class='ocrx_word' id='word_1_385' title='bbox 806 2172 846 2191; x_wconf 80' lang='lat' dir='ltr'>est</span> <span class='ocrx_word' id='word_1_386' title='bbox 870 2172 957 2192; x_wconf 87' lang='lat' dir='ltr'>tamen</span> <span class='ocrx_word' id='word_1_387' title='bbox 982 2167 1158 2192; x_wconf 76' lang='lat' dir='ltr'>necessarium</span> <span class='ocrx_word' id='word_1_388' title='bbox 1185 2174 1215 2191; x_wconf 87' lang='lat' dir='ltr'>ex</span> <span class='ocrx_word' id='word_1_389' title='bbox 1241 2174 1340 2200; x_wconf 82' lang='lat' dir='ltr'>suppo·</span> 
     </span>
     <span class='ocr_line' id='line_1_52' title="bbox 261 2219 1339 2253; baseline -0.001 -8"><span class='ocrx_word' id='word_1_390' title='bbox 261 2221 354 2246; x_wconf 85' lang='lat' dir='ltr'>sitione</span> <span class='ocrx_word' id='word_1_391' title='bbox 367 2228 419 2253; x_wconf 87' lang='lat' dir='ltr'>qua</span> <span class='ocrx_word' id='word_1_392' title='bbox 432 2226 587 2253; x_wconf 78' lang='lat' dir='ltr'>supponitur</span> <span class='ocrx_word' id='word_1_393' title='bbox 601 2220 684 2244; x_wconf 84' lang='lat' dir='ltr'>Deum</span> <span class='ocrx_word' id='word_1_394' title='bbox 709 2219 758 2244; x_wconf 93' lang='lat' dir='ltr'>hoc</span> <span class='ocrx_word' id='word_1_395' title='bbox 773 2220 853 2245; x_wconf 86' lang='lat' dir='ltr'>velle:</span> <span class='ocrx_word' id='word_1_396' title='bbox 870 2220 1032 2252; x_wconf 86' lang='lat' dir='ltr'>impossibile</span> <span class='ocrx_word' id='word_1_397' title='bbox 1046 2220 1115 2245; x_wconf 89' lang='lat' dir='ltr'>enim</span> <span class='ocrx_word' id='word_1_398' title='bbox 1129 2226 1169 2245; x_wconf 86' lang='lat' dir='ltr'>est</span> <span class='ocrx_word' id='word_1_399' title='bbox 1182 2221 1253 2253; x_wconf 83' lang='lat' dir='ltr'>quod</span> <span class='ocrx_word' id='word_1_400' title='bbox 1269 2220 1339 2244; x_wconf 80' lang='lat' dir='ltr'>Deus</span> 
     </span>
     <span class='ocr_line' id='line_1_53' title="bbox 261 2271 1339 2305; baseline 0 -8"><span class='ocrx_word' id='word_1_401' title='bbox 261 2273 356 2305; x_wconf 85' lang='lat' dir='ltr'>aliquid</span> <span class='ocrx_word' id='word_1_402' title='bbox 376 2273 442 2297; x_wconf 90' lang='lat' dir='ltr'>velle</span> <span class='ocrx_word' id='word_1_403' title='bbox 457 2272 551 2304; x_wconf 80' lang='lat' dir='ltr'>incipit</span> <span class='ocrx_word' id='word_1_404' title='bbox 563 2272 665 2304; x_wconf 81' lang='lat' dir='ltr'>incipiat</span> <span class='ocrx_word' id='word_1_405' title='bbox 680 2277 724 2296; x_wconf 84' lang='lat' dir='ltr'>aut</span> <span class='ocrx_word' id='word_1_406' title='bbox 743 2271 851 2301; x_wconf 86' lang='lat' dir='ltr'>desinat,</span> <span class='ocrx_word' id='word_1_407' title='bbox 872 2277 979 2305; x_wconf 82' lang='lat' dir='ltr'>propter</span> <span class='ocrx_word' id='word_1_408' title='bbox 997 2271 1234 2297; x_wconf 75' lang='lat' dir='ltr'>immutabilitatem</span> <span class='ocrx_word' id='word_1_409' title='bbox 1253 2277 1278 2297; x_wconf 91' lang='lat' dir='ltr'>et</span> <span class='ocrx_word' id='word_1_410' title='bbox 1297 2280 1339 2297; x_wconf 85' lang='lat' dir='ltr'>ae-</span> 
     </span>
     <span class='ocr_line' id='line_1_54' title="bbox 261 2320 1339 2358; baseline 0.001 -8"><span class='ocrx_word' id='word_1_411' title='bbox 261 2326 407 2350; x_wconf 84' lang='lat' dir='ltr'>ternitatem</span> <span class='ocrx_word' id='word_1_412' title='bbox 428 2333 490 2350; x_wconf 77' lang='lat' dir='ltr'>suae</span> <span class='ocrx_word' id='word_1_413' title='bbox 510 2325 668 2357; x_wconf 77' lang='lat' dir='ltr'>voluntatis.)</span> <span class='ocrx_word' id='word_1_414' title='bbox 690 2322 705 2336; x_wconf 64' lang='grc'><strong><em>3</em></strong></span> <span class='ocrx_word' id='word_1_415' title='bbox 722 2322 739 2358; x_wconf 63' lang='lat'><strong>5</strong></span> <span class='ocrx_word' id='word_1_416' title='bbox 759 2321 916 2358; x_wconf 73' lang='lat' dir='ltr'>Quamvis</span> <span class='ocrx_word' id='word_1_417' title='bbox 933 2327 1042 2351; x_wconf 89' lang='lat' dir='ltr'>autem</span> <span class='ocrx_word' id='word_1_418' title='bbox 1057 2344 1065 2351; x_wconf 93' lang='lat'>.</span> <span class='ocrx_word' id='word_1_419' title='bbox 1080 2345 1086 2350; x_wconf 95' lang='lat'>.</span> <span class='ocrx_word' id='word_1_420' title='bbox 1103 2345 1109 2351; x_wconf 96' lang='lat'>.</span> <span class='ocrx_word' id='word_1_421' title='bbox 1123 2331 1191 2351; x_wconf 87' lang='lat' dir='ltr'>non</span> <span class='ocrx_word' id='word_1_422' title='bbox 1209 2321 1267 2351; x_wconf 86' lang='lat' dir='ltr'>erit</span> <span class='ocrx_word' id='word_1_423' title='bbox 1284 2320 1339 2351; x_wconf 90' lang='lat' dir='ltr'>de-</span> 
     </span>
     <span class='ocr_line' id='line_1_55' title="bbox 261 2372 1336 2412; baseline -0.001 -9"><span class='ocrx_word' id='word_1_424' title='bbox 261 2373 446 2403; x_wconf 82' lang='lat' dir='ltr'>terminatio</span> <span class='ocrx_word' id='word_1_425' title='bbox 475 2372 649 2402; x_wconf 68' lang='lat' dir='ltr'>voluntatis</span> <span class='ocrx_word' id='word_1_426' title='bbox 675 2383 726 2408; x_wconf 79' lang='lat' dir='ltr'>per·</span> <span class='ocrx_word' id='word_1_427' title='bbox 751 2372 877 2402; x_wconf 84' lang='lat' dir='ltr'>divinae</span> <span class='ocrx_word' id='word_1_428' title='bbox 907 2382 963 2412; x_wconf 85' lang='lat' dir='ltr'>per</span> <span class='ocrx_word' id='word_1_429' title='bbox 995 2373 1117 2412; x_wconf 89' lang='lat' dir='ltr'>aliquid</span> <span class='ocrx_word' id='word_1_430' title='bbox 1150 2379 1336 2403; x_wconf 84' lang='lat' dir='ltr'>extraneum</span> 
     </span>
     <span class='ocr_line' id='line_1_56' title="bbox 263 2423 1337 2465; baseline -0.001 -10"><span class='ocrx_word' id='word_1_431' title='bbox 263 2425 355 2455; x_wconf 86' lang='lat' dir='ltr'>facta.</span> <span class='ocrx_word' id='word_1_432' title='bbox 372 2425 387 2440; x_wconf 62' lang='lat'>⁴*</span> <span class='ocrx_word' id='word_1_433' title='bbox 414 2424 596 2454; x_wconf 85' lang='lat' dir='ltr'>intellectus</span> <span class='ocrx_word' id='word_1_434' title='bbox 621 2433 707 2452; x_wconf 84' lang='lat' dir='ltr'>nutem</span> <span class='ocrx_word' id='word_1_435' title='bbox 733 2424 847 2465; x_wconf 64' lang='lat' dir='ltr'>(enim)</span> <span class='ocrx_word' id='word_1_436' title='bbox 873 2424 1000 2454; x_wconf 85' lang='lat' dir='ltr'>divinus</span> <span class='ocrx_word' id='word_1_437' title='bbox 1029 2423 1242 2464; x_wconf 80' lang='lat' dir='ltr'>apprehendit</span> <span class='ocrx_word' id='word_1_438' title='bbox 1270 2434 1337 2455; x_wconf 90' lang='lat' dir='ltr'>non</span> 
     </span>
     <span class='ocr_line' id='line_1_57' title="bbox 261 2475 1341 2515; baseline -0.002 -9"><span class='ocrx_word' id='word_1_439' title='bbox 261 2477 366 2506; x_wconf 88' lang='lat' dir='ltr'>solum</span> <span class='ocrx_word' id='word_1_440' title='bbox 393 2475 538 2506; x_wconf 83' lang='lat' dir='ltr'>divinum</span> <span class='ocrx_word' id='word_1_441' title='bbox 564 2485 642 2509; x_wconf 77' lang='lat' dir='ltr'>esse.</span> <span class='ocrx_word' id='word_1_442' title='bbox 669 2475 758 2515; x_wconf 87' lang='lat' dir='ltr'>quod</span> <span class='ocrx_word' id='word_1_443' title='bbox 780 2482 825 2505; x_wconf 88' lang='lat' dir='ltr'>est</span> <span class='ocrx_word' id='word_1_444' title='bbox 851 2476 978 2506; x_wconf 78' lang='lat' dir='ltr'>bonitas</span> <span class='ocrx_word' id='word_1_445' title='bbox 1002 2476 1071 2506; x_wconf 84' lang='lat' dir='ltr'>eius</span> <span class='ocrx_word' id='word_1_446' title='bbox 1091 2484 1116 2504; x_wconf 88' lang='lat' dir='ltr'>et</span> <span class='ocrx_word' id='word_1_447' title='bbox 1135 2487 1183 2512; x_wconf 82' lang='lat' dir='ltr'>per</span> <span class='ocrx_word' id='word_1_448' title='bbox 1202 2487 1231 2504; x_wconf 78' lang='lat' dir='ltr'>se</span> <span class='ocrx_word' id='word_1_449' title='bbox 1245 2481 1341 2505; x_wconf 87' lang='lat' dir='ltr'>volun·</span> 
     </span>
     <span class='ocr_line' id='line_1_58' title="bbox 261 2526 1337 2567; baseline 0.003 -12"><span class='ocrx_word' id='word_1_450' title='bbox 261 2531 318 2555; x_wconf 88' lang='lat' dir='ltr'>tatis</span> <span class='ocrx_word' id='word_1_451' title='bbox 339 2531 477 2557; x_wconf 78' lang='lat' dir='ltr'>obiectum.</span> <span class='ocrx_word' id='word_1_452' title='bbox 498 2526 552 2556; x_wconf 87' lang='lat' dir='ltr'>sed</span> <span class='ocrx_word' id='word_1_453' title='bbox 578 2527 674 2556; x_wconf 85' lang='lat' dir='ltr'>etiam</span> <span class='ocrx_word' id='word_1_454' title='bbox 700 2527 759 2556; x_wconf 87' lang='lat' dir='ltr'>alia</span> <span class='ocrx_word' id='word_1_455' title='bbox 784 2527 878 2565; x_wconf 82' lang='lat' dir='ltr'>bona,</span> <span class='ocrx_word' id='word_1_456' title='bbox 905 2533 938 2556; x_wconf 90' lang='lat' dir='ltr'>ut</span> <span class='ocrx_word' id='word_1_457' title='bbox 967 2536 1063 2567; x_wconf 86' lang='lat' dir='ltr'>supra</span> <span class='ocrx_word' id='word_1_458' title='bbox 1087 2534 1255 2557; x_wconf 85' lang='lat' dir='ltr'>ostensum</span> <span class='ocrx_word' id='word_1_459' title='bbox 1281 2534 1337 2558; x_wconf 89' lang='lat' dir='ltr'>est.</span> 
     </span>
     <span class='ocr_line' id='line_1_59' title="bbox 260 2578 1338 2619; baseline 0.001 -10"><span class='ocrx_word' id='word_1_460' title='bbox 260 2578 352 2616; x_wconf 86' lang='lat' dir='ltr'>Quae</span> <span class='ocrx_word' id='word_1_461' title='bbox 381 2578 512 2619; x_wconf 90' lang='lat' dir='ltr'>quidem</span> <span class='ocrx_word' id='word_1_462' title='bbox 546 2578 757 2618; x_wconf 81' lang='lat' dir='ltr'>apprehendit</span> <span class='ocrx_word' id='word_1_463' title='bbox 787 2585 821 2608; x_wconf 90' lang='lat' dir='ltr'>ut</span> <span class='ocrx_word' id='word_1_464' title='bbox 853 2579 1079 2609; x_wconf 84' lang='lat' dir='ltr'>similitudines</span> <span class='ocrx_word' id='word_1_465' title='bbox 1110 2579 1266 2619; x_wconf 85' lang='lat' dir='ltr'>quasdam</span> <span class='ocrx_word' id='word_1_466' title='bbox 1292 2579 1338 2610; x_wconf 87' lang='lat' dir='ltr'>di-</span> 
     </span>
     <span class='ocr_line' id='line_1_60' title="bbox 261 2631 1338 2671; baseline 0.002 -11"><span class='ocrx_word' id='word_1_467' title='bbox 261 2632 352 2660; x_wconf 86' lang='lat' dir='ltr'>vinae</span> <span class='ocrx_word' id='word_1_468' title='bbox 378 2631 528 2660; x_wconf 83' lang='lat' dir='ltr'>bonitatis</span> <span class='ocrx_word' id='word_1_469' title='bbox 546 2636 576 2660; x_wconf 90' lang='lat' dir='ltr'>et</span> <span class='ocrx_word' id='word_1_470' title='bbox 601 2631 768 2665; x_wconf 80' lang='lat' dir='ltr'>essentiae,</span> <span class='ocrx_word' id='word_1_471' title='bbox 786 2641 852 2661; x_wconf 88' lang='lat' dir='ltr'>non</span> <span class='ocrx_word' id='word_1_472' title='bbox 879 2637 912 2661; x_wconf 91' lang='lat' dir='ltr'>ut</span> <span class='ocrx_word' id='word_1_473' title='bbox 931 2631 999 2661; x_wconf 88' lang='lat' dir='ltr'>eius</span> <span class='ocrx_word' id='word_1_474' title='bbox 1017 2631 1192 2671; x_wconf 81' lang='lat' dir='ltr'>principia:</span> <span class='ocrx_word' id='word_1_475' title='bbox 1219 2631 1276 2670; x_wconf 83' lang='lat' dir='ltr'>(et)</span> <span class='ocrx_word' id='word_1_476' title='bbox 1293 2633 1338 2662; x_wconf 91' lang='lat' dir='ltr'>sic</span> 
     </span>
     <span class='ocr_line' id='line_1_61' title="bbox 260 2682 1338 2714; baseline 0.004 -4"><span class='ocrx_word' id='word_1_477' title='bbox 260 2692 285 2710; x_wconf 75' lang='lat' dir='ltr'>et</span> <span class='ocrx_word' id='word_1_478' title='bbox 306 2683 453 2712; x_wconf 76' lang='lat' dir='ltr'>voluntas</span> <span class='ocrx_word' id='word_1_479' title='bbox 478 2682 584 2711; x_wconf 85' lang='lat' dir='ltr'>divina</span> <span class='ocrx_word' id='word_1_480' title='bbox 601 2683 632 2712; x_wconf 92' lang='lat' dir='ltr'>in</span> <span class='ocrx_word' id='word_1_481' title='bbox 655 2682 706 2712; x_wconf 85' lang='lat' dir='ltr'>illa</span> <span class='ocrx_word' id='word_1_482' title='bbox 732 2683 831 2712; x_wconf 89' lang='lat' dir='ltr'>tendit</span> <span class='ocrx_word' id='word_1_483' title='bbox 847 2690 881 2713; x_wconf 89' lang='lat' dir='ltr'>ut</span> <span class='ocrx_word' id='word_1_484' title='bbox 900 2694 949 2712; x_wconf 83' lang='lat' dir='ltr'>con</span> <span class='ocrx_word' id='word_1_485' title='bbox 971 2693 1047 2713; x_wconf 87' lang='lat' dir='ltr'>suae</span> <span class='ocrx_word' id='word_1_486' title='bbox 1065 2684 1199 2713; x_wconf 88' lang='lat' dir='ltr'>bonitati</span> <span class='ocrx_word' id='word_1_487' title='bbox 1218 2693 1338 2714; x_wconf 80' lang='lat' dir='ltr'>conve-</span> 
     </span>
     <span class='ocr_line' id='line_1_62' title="bbox 260 2734 1336 2770; baseline 0.002 -6"><span class='ocrx_word' id='word_1_488' title='bbox 260 2734 389 2770; x_wconf 87' lang='lat' dir='ltr'>nientia,</span> <span class='ocrx_word' id='word_1_489' title='bbox 403 2744 469 2764; x_wconf 90' lang='lat' dir='ltr'>non</span> <span class='ocrx_word' id='word_1_490' title='bbox 486 2741 519 2764; x_wconf 88' lang='lat' dir='ltr'>ut</span> <span class='ocrx_word' id='word_1_491' title='bbox 536 2734 574 2764; x_wconf 91' lang='lat' dir='ltr'>ad</span> <span class='ocrx_word' id='word_1_492' title='bbox 593 2744 682 2764; x_wconf 83' lang='lat' dir='ltr'>suam</span> <span class='ocrx_word' id='word_1_493' title='bbox 698 2735 875 2765; x_wconf 83' lang='lat' dir='ltr'>bonitatem</span> <span class='ocrx_word' id='word_1_494' title='bbox 893 2736 1080 2766; x_wconf 85' lang='lat' dir='ltr'>necessaria.</span> <span class='ocrx_word' id='word_1_495' title='bbox 1096 2736 1148 2766; x_wconf 83' lang='lat' dir='ltr'>Sic</span> <span class='ocrx_word' id='word_1_496' title='bbox 1165 2742 1275 2766; x_wconf 83' lang='lat' dir='ltr'>autem</span> <span class='ocrx_word' id='word_1_497' title='bbox 1289 2759 1295 2766; x_wconf 90' lang='lat'>.</span> <span class='ocrx_word' id='word_1_498' title='bbox 1310 2759 1316 2766; x_wconf 92' lang='lat'>.</span> <span class='ocrx_word' id='word_1_499' title='bbox 1331 2760 1336 2766; x_wconf 95' lang='lat'>.</span> 
     </span>
     <span class='ocr_line' id='line_1_63' title="bbox 260 2787 1338 2822; baseline 0.003 -7"><span class='ocrx_word' id='word_1_500' title='bbox 260 2795 326 2815; x_wconf 87' lang='lat' dir='ltr'>non</span> <span class='ocrx_word' id='word_1_501' title='bbox 352 2787 531 2815; x_wconf 80' lang='lat' dir='ltr'>necessario</span> <span class='ocrx_word' id='word_1_502' title='bbox 556 2790 602 2814; x_wconf 77' lang='lat' dir='ltr'>sed</span> <span class='ocrx_word' id='word_1_503' title='bbox 622 2795 764 2822; x_wconf 77' lang='lat' dir='ltr'>spontanee</span> <span class='ocrx_word' id='word_1_504' title='bbox 788 2788 819 2816; x_wconf 91' lang='lat' dir='ltr'>in</span> <span class='ocrx_word' id='word_1_505' title='bbox 846 2787 924 2817; x_wconf 87' lang='lat' dir='ltr'>illud</span> <span class='ocrx_word' id='word_1_506' title='bbox 949 2787 1061 2817; x_wconf 87' lang='lat' dir='ltr'>tendit.</span> <span class='ocrx_word' id='word_1_507' title='bbox 1089 2787 1181 2818; x_wconf 86' lang='lat' dir='ltr'>Unde</span> <span class='ocrx_word' id='word_1_508' title='bbox 1206 2797 1266 2818; x_wconf 85' lang='lat' dir='ltr'>nec</span> <span class='ocrx_word' id='word_1_509' title='bbox 1291 2787 1338 2818; x_wconf 80' lang='lat' dir='ltr'>di-</span> 
     </span>
     <span class='ocr_line' id='line_1_64' title="bbox 260 2838 1339 2876; baseline 0.002 -9"><span class='ocrx_word' id='word_1_510' title='bbox 260 2838 333 2868; x_wconf 87' lang='lat' dir='ltr'>vina</span> <span class='ocrx_word' id='word_1_511' title='bbox 359 2838 505 2868; x_wconf 68' lang='lat' dir='ltr'>voluntas</span> <span class='ocrx_word' id='word_1_512' title='bbox 531 2838 628 2868; x_wconf 87' lang='lat' dir='ltr'>tendit</span> <span class='ocrx_word' id='word_1_513' title='bbox 649 2839 679 2868; x_wconf 92' lang='lat' dir='ltr'>in</span> <span class='ocrx_word' id='word_1_514' title='bbox 702 2848 756 2868; x_wconf 86' lang='lat' dir='ltr'>sua</span> <span class='ocrx_word' id='word_1_515' title='bbox 782 2845 910 2869; x_wconf 79' lang='lat' dir='ltr'>causata</span> <span class='ocrx_word' id='word_1_516' title='bbox 928 2840 1120 2875; x_wconf 86' lang='lat' dir='ltr'>necessario,</span> <span class='ocrx_word' id='word_1_517' title='bbox 1145 2843 1220 2876; x_wconf 73' lang='lat' dir='ltr'>quast</span> <span class='ocrx_word' id='word_1_518' title='bbox 1239 2850 1269 2868; x_wconf 85' lang='lat' dir='ltr'>ex</span> <span class='ocrx_word' id='word_1_519' title='bbox 1290 2843 1339 2869; x_wconf 81' lang='lat' dir='ltr'>hoc</span> 
     </span>
    </p>
   </div>
   <div class='ocr_carea' id='block_1_12' title="bbox 1356 2491 1379 2511">
    <p class='ocr_par' dir='ltr' id='par_1_17' title="bbox 1356 2491 1379 2511">
     <span class='ocr_line' id='line_1_65' title="bbox 1356 2491 1379 2511; baseline 0.043 -1"><span class='ocrx_word' id='word_1_520' title='bbox 1356 2491 1379 2511; x_wconf 55' lang='grc' dir='ltr'>ὣς</span> 
     </span>
    </p>
   </div>
   <div class='ocr_carea' id='block_1_13' title="bbox 261 2893 1376 3138">
    <p class='ocr_par' dir='ltr' id='par_1_18' title="bbox 261 2893 1376 3138">
     <span class='ocr_line' id='line_1_66' title="bbox 261 2893 1337 2928; baseline 0.005 -12"><span class='ocrx_word' id='word_1_521' title='bbox 261 2893 308 2917; x_wconf 71' lang='lat' dir='ltr'>sibi</span> <span class='ocrx_word' id='word_1_522' title='bbox 328 2894 360 2917; x_wconf 71' lang='lat' dir='ltr'>sit</span> <span class='ocrx_word' id='word_1_523' title='bbox 374 2894 469 2926; x_wconf 82' lang='lat' dir='ltr'>aliquid</span> <span class='ocrx_word' id='word_1_524' title='bbox 490 2894 593 2925; x_wconf 77' lang='lat' dir='ltr'>melius,</span> <span class='ocrx_word' id='word_1_525' title='bbox 613 2895 661 2918; x_wconf 88' lang='lat' dir='ltr'>sed</span> <span class='ocrx_word' id='word_1_526' title='bbox 682 2895 767 2918; x_wconf 87' lang='lat' dir='ltr'>solum</span> <span class='ocrx_word' id='word_1_527' title='bbox 789 2901 940 2927; x_wconf 80' lang='lat' dir='ltr'>spontanee,</span> <span class='ocrx_word' id='word_1_528' title='bbox 960 2896 1021 2928; x_wconf 83' lang='lat' dir='ltr'>quia</span> <span class='ocrx_word' id='word_1_529' title='bbox 1041 2900 1081 2920; x_wconf 81' lang='lat' dir='ltr'>est</span> <span class='ocrx_word' id='word_1_530' title='bbox 1103 2895 1151 2920; x_wconf 82' lang='lat' dir='ltr'>sibi</span> <span class='ocrx_word' id='word_1_531' title='bbox 1170 2897 1337 2921; x_wconf 80' lang='lat' dir='ltr'>conveniens.</span> 
     </span>
     <span class='ocr_line' id='line_1_67' title="bbox 261 2943 1339 2981; baseline 0.005 -13"><span class='ocrx_word' id='word_1_532' title='bbox 261 2944 293 2968; x_wconf 77' lang='lat' dir='ltr'>Et</span> <span class='ocrx_word' id='word_1_533' title='bbox 310 2944 359 2969; x_wconf 85' lang='lat' dir='ltr'>hoc</span> <span class='ocrx_word' id='word_1_534' title='bbox 379 2943 522 2976; x_wconf 76' lang='lat' dir='ltr'>significant</span> <span class='ocrx_word' id='word_1_535' title='bbox 541 2947 619 2970; x_wconf 80' lang='lat' dir='ltr'>verba</span> <span class='ocrx_word' id='word_1_536' title='bbox 641 2947 717 2979; x_wconf 81' lang='lat' dir='ltr'>scrip.</span> <span class='ocrx_word' id='word_1_537' title='bbox 731 2955 789 2979; x_wconf 83' lang='lat' dir='ltr'>gen.</span> <span class='ocrx_word' id='word_1_538' title='bbox 803 2948 896 2980; x_wconf 82' lang='lat' dir='ltr'>primo.</span> <span class='ocrx_word' id='word_1_539' title='bbox 913 2947 980 2972; x_wconf 84' lang='lat' dir='ltr'>Vidit</span> <span class='ocrx_word' id='word_1_540' title='bbox 995 2948 1065 2972; x_wconf 81' lang='lat' dir='ltr'>neus</span> <span class='ocrx_word' id='word_1_541' title='bbox 1079 2948 1166 2973; x_wconf 88' lang='lat' dir='ltr'>lucem</span> <span class='ocrx_word' id='word_1_542' title='bbox 1183 2948 1255 2981; x_wconf 82' lang='lat' dir='ltr'>quod</span> <span class='ocrx_word' id='word_1_543' title='bbox 1269 2953 1339 2974; x_wconf 78' lang='lat' dir='ltr'>esset</span> 
     </span>
     <span class='ocr_line' id='line_1_68' title="bbox 261 2994 1376 3033; baseline 0.004 -15"><span class='ocrx_word' id='word_1_544' title='bbox 261 2994 329 3018; x_wconf 79' lang='lat' dir='ltr'>bona</span> <span class='ocrx_word' id='word_1_545' title='bbox 349 2999 396 3019; x_wconf 82' lang='lat' dir='ltr'>etc.</span> <span class='ocrx_word' id='word_1_546' title='bbox 418 2994 474 3019; x_wconf 86' lang='lat' dir='ltr'>Non</span> <span class='ocrx_word' id='word_1_547' title='bbox 494 2995 585 3020; x_wconf 80' lang='lat' dir='ltr'>dicitur</span> <span class='ocrx_word' id='word_1_548' title='bbox 604 2996 674 3028; x_wconf 82' lang='lat' dir='ltr'>quod</span> <span class='ocrx_word' id='word_1_549' title='bbox 699 3001 768 3020; x_wconf 81' lang='lat' dir='ltr'>essct</span> <span class='ocrx_word' id='word_1_550' title='bbox 789 2998 882 3033; x_wconf 49' lang='lat' dir='ltr'>meluis</span> <span class='ocrx_word' id='word_1_551' title='bbox 907 2998 943 3022; x_wconf 71' lang='lat' dir='ltr'>sic</span> <span class='ocrx_word' id='word_1_552' title='bbox 968 3004 1036 3026; x_wconf 76' lang='lat' dir='ltr'>esse,</span> <span class='ocrx_word' id='word_1_553' title='bbox 1055 2998 1095 3022; x_wconf 83' lang='lat' dir='ltr'>vel</span> <span class='ocrx_word' id='word_1_554' title='bbox 1122 2998 1196 3030; x_wconf 81' lang='lat' dir='ltr'>quasi</span> <span class='ocrx_word' id='word_1_555' title='bbox 1221 2998 1269 3022; x_wconf 84' lang='lat' dir='ltr'>sibi</span> <span class='ocrx_word' id='word_1_556' title='bbox 1294 3006 1337 3023; x_wconf 90' lang='lat' dir='ltr'>ne·</span> <span class='ocrx_word' id='word_1_557' title='bbox 1356 3007 1376 3026; x_wconf 76' lang='lat'>55</span> 
     </span>
     <span class='ocr_line' id='line_1_69' title="bbox 262 3044 1337 3084; baseline 0.007 -15"><span class='ocrx_word' id='word_1_558' title='bbox 262 3047 413 3071; x_wconf 77' lang='lat' dir='ltr'>cessarium.</span> <span class='ocrx_word' id='word_1_559' title='bbox 432 3044 450 3081; x_wconf 62' lang='grc' dir='ltr'><strong>ξ</strong></span> <span class='ocrx_word' id='word_1_560' title='bbox 468 3044 539 3073; x_wconf 81' lang='lat' dir='ltr'>Non</span> <span class='ocrx_word' id='word_1_561' title='bbox 562 3053 648 3071; x_wconf 81' lang='lat' dir='ltr'>autem</span> <span class='ocrx_word' id='word_1_562' title='bbox 671 3045 794 3083; x_wconf 8' lang='lat' dir='ltr'>(petiam)</span> <span class='ocrx_word' id='word_1_563' title='bbox 812 3052 941 3084; x_wconf 79' lang='lat' dir='ltr'>oportet</span> <span class='ocrx_word' id='word_1_564' title='bbox 961 3069 967 3075; x_wconf 90' lang='lat'>.</span> <span class='ocrx_word' id='word_1_565' title='bbox 983 3069 989 3075; x_wconf 93' lang='lat'>.</span> <span class='ocrx_word' id='word_1_566' title='bbox 1006 3070 1011 3074; x_wconf 93' lang='lat'>.</span> <span class='ocrx_word' id='word_1_567' title='bbox 1028 3046 1219 3076; x_wconf 81' lang='lat' dir='ltr'>voluntaria.</span> <span class='ocrx_word' id='word_1_568' title='bbox 1238 3046 1337 3083; x_wconf 88' lang='lat' dir='ltr'>Quod</span> 
     </span>
     <span class='ocr_line' id='line_1_70' title="bbox 261 3093 1336 3138; baseline 0.006 -16"><span class='ocrx_word' id='word_1_569' title='bbox 261 3095 346 3123; x_wconf 81' lang='lat' dir='ltr'>enirn</span> <span class='ocrx_word' id='word_1_570' title='bbox 367 3094 582 3126; x_wconf 80' lang='lat' dir='ltr'>voluntarium</span> <span class='ocrx_word' id='word_1_571' title='bbox 602 3102 657 3132; x_wconf 82' lang='lat' dir='ltr'>est,</span> <span class='ocrx_word' id='word_1_572' title='bbox 684 3106 791 3136; x_wconf 84' lang='lat' dir='ltr'>neque</span> <span class='ocrx_word' id='word_1_573' title='bbox 808 3093 952 3127; x_wconf 79' lang='lat' dir='ltr'>naturale</span> <span class='ocrx_word' id='word_1_574' title='bbox 973 3106 1010 3126; x_wconf 78' lang='lat' dir='ltr'>es!</span> <span class='ocrx_word' id='word_1_575' title='bbox 1032 3107 1139 3138; x_wconf 84' lang='lat' dir='ltr'>neque</span> <span class='ocrx_word' id='word_1_576' title='bbox 1158 3098 1336 3128; x_wconf 72' lang='lat' dir='ltr'>violentum</span> 
     </span>
    </p>
   </div>
   <div class='ocr_carea' id='block_1_14' title="bbox 263 3153 556 3177">
    <p class='ocr_par' dir='ltr' id='par_1_19' title="bbox 263 3153 556 3177">
     <span class='ocr_line' id='line_1_71' title="bbox 263 3153 556 3177; baseline 0.007 -2"><span class='ocrx_word' id='word_1_577' title='bbox 263 3156 391 3176; x_wconf 60' lang='lat' dir='ltr'>HCCCSMZ</span> <span class='ocrx_word' id='word_1_578' title='bbox 415 3153 458 3176; x_wconf 64' lang='lat' dir='ltr'>est</span> <span class='ocrx_word' id='word_1_579' title='bbox 478 3157 556 3177; x_wconf 74' lang='lat' dir='ltr'>CSSC.</span> 
     </span>
    </p>
   </div>
   <div class='ocr_carea' id='block_1_15' title="bbox 564 3320 1032 3341">
    <p class='ocr_par' dir='ltr' id='par_1_20' title="bbox 564 3320 1032 3341">
     <span class='ocr_line' id='line_1_72' title="bbox 564 3320 1032 3341; baseline 0.004 -2"><span class='ocrx_word' id='word_1_580' title='bbox 564 3320 767 3340; x_wconf 72' lang='lat' dir='ltr'>NECESSITATE</span> <span class='ocrx_word' id='word_1_581' title='bbox 792 3321 814 3340; x_wconf 88' lang='lat' dir='ltr'>Sl</span> <span class='ocrx_word' id='word_1_582' title='bbox 821 3321 990 3341; x_wconf 59' lang='lat' dir='ltr'>inposirtow</span> <span class='ocrx_word' id='word_1_583' title='bbox 997 3321 1032 3341; x_wconf 85' lang='lat' dir='ltr'>lS.</span> 
     </span>
    </p>
   </div>
   <div class='ocr_carea' id='block_1_16' title="bbox 264 3403 1339 3498">
    <p class='ocr_par' dir='ltr' id='par_1_21' title="bbox 264 3403 1339 3498">
     <span class='ocr_line' id='line_1_73' title="bbox 307 3403 1339 3445; baseline 0.005 -13"><span class='ocrx_word' id='word_1_584' title='bbox 307 3403 387 3440; x_wconf 81' lang='lat' dir='ltr'>§Ex</span> <span class='ocrx_word' id='word_1_585' title='bbox 412 3403 460 3433; x_wconf 87' lang='lat' dir='ltr'>his</span> <span class='ocrx_word' id='word_1_586' title='bbox 484 3410 591 3434; x_wconf 88' lang='lat' dir='ltr'>autem</span> <span class='ocrx_word' id='word_1_587' title='bbox 622 3405 729 3434; x_wconf 84' lang='lat' dir='ltr'>haberi</span> <span class='ocrx_word' id='word_1_588' title='bbox 760 3411 862 3444; x_wconf 88' lang='lat' dir='ltr'>potest</span> <span class='ocrx_word' id='word_1_589' title='bbox 894 3405 995 3445; x_wconf 88' lang='lat' dir='ltr'>quod,</span> <span class='ocrx_word' id='word_1_590' title='bbox 1030 3406 1103 3436; x_wconf 85' lang='lat' dir='ltr'>licet</span> <span class='ocrx_word' id='word_1_591' title='bbox 1135 3406 1223 3436; x_wconf 89' lang='lat' dir='ltr'>Deus</span> <span class='ocrx_word' id='word_1_592' title='bbox 1255 3407 1339 3437; x_wconf 80' lang='lat' dir='ltr'>circa</span> 
     </span>
     <span class='ocr_line' id='line_1_74' title="bbox 264 3454 1339 3498; baseline 0.006 -16"><span class='ocrx_word' id='word_1_593' title='bbox 264 3459 389 3483; x_wconf 84' lang='lat' dir='ltr'>causata</span> <span class='ocrx_word' id='word_1_594' title='bbox 414 3454 491 3484; x_wconf 88' lang='lat' dir='ltr'>nihil</span> <span class='ocrx_word' id='word_1_595' title='bbox 516 3456 697 3494; x_wconf 85' lang='lat' dir='ltr'>necessario</span> <span class='ocrx_word' id='word_1_596' title='bbox 716 3455 790 3485; x_wconf 78' lang='lat' dir='ltr'>velit</span> <span class='ocrx_word' id='word_1_597' title='bbox 806 3457 964 3493; x_wconf 86' lang='lat' dir='ltr'>absolute,</span> <span class='ocrx_word' id='word_1_598' title='bbox 993 3457 1060 3487; x_wconf 88' lang='lat' dir='ltr'>vult</span> <span class='ocrx_word' id='word_1_599' title='bbox 1084 3463 1192 3487; x_wconf 85' lang='lat' dir='ltr'>tamen</span> <span class='ocrx_word' id='word_1_600' title='bbox 1218 3457 1339 3498; x_wconf 85' lang='lat' dir='ltr'>aliquid</span> 
     </span>
    </p>
   </div>
   <div class='ocr_carea' id='block_1_17' title="bbox 264 3505 1378 3548">
    <p class='ocr_par' dir='ltr' id='par_1_22' title="bbox 264 3505 1378 3548">
     <span class='ocr_line' id='line_1_75' title="bbox 264 3505 1378 3548; baseline 0.005 -14"><span class='ocrx_word' id='word_1_601' title='bbox 264 3505 442 3534; x_wconf 84' lang='lat' dir='ltr'>necessario</span> <span class='ocrx_word' id='word_1_602' title='bbox 461 3515 497 3535; x_wconf 84' lang='lat' dir='ltr'>ex</span> <span class='ocrx_word' id='word_1_603' title='bbox 518 3509 663 3534; x_wconf 79' lang='lat' dir='ltr'>conditione</span> <span class='ocrx_word' id='word_1_604' title='bbox 683 3510 747 3541; x_wconf 68' lang='lat' dir='ltr'>ivel)</span> <span class='ocrx_word' id='word_1_605' title='bbox 767 3507 1003 3548; x_wconf 86' lang='lat' dir='ltr'>suppositione.</span> <span class='ocrx_word' id='word_1_606' title='bbox 1021 3509 1036 3524; x_wconf 81' lang='lat'>⁴·</span> <span class='ocrx_word' id='word_1_607' title='bbox 1059 3508 1235 3538; x_wconf 87' lang='lat' dir='ltr'>Ostensum</span> <span class='ocrx_word' id='word_1_608' title='bbox 1253 3509 1339 3539; x_wconf 89' lang='lat' dir='ltr'>enim</span> <span class='ocrx_word' id='word_1_609' title='bbox 1354 3523 1378 3541; x_wconf 71' lang='grc' dir='ltr'>«ις</span> 
     </span>
    </p>
   </div>
   <div class='ocr_carea' id='block_1_18' title="bbox 264 3555 1340 3752">
    <p class='ocr_par' dir='ltr' id='par_1_23' title="bbox 264 3555 1340 3752">
     <span class='ocr_line' id='line_1_76' title="bbox 265 3555 1340 3599; baseline 0.006 -15"><span class='ocrx_word' id='word_1_610' title='bbox 265 3562 310 3584; x_wconf 81' lang='lat' dir='ltr'>est</span> <span class='ocrx_word' id='word_1_611' title='bbox 327 3555 467 3586; x_wconf 88' lang='lat' dir='ltr'>divinam</span> <span class='ocrx_word' id='word_1_612' title='bbox 486 3556 685 3588; x_wconf 84' lang='lat' dir='ltr'>voluntatem</span> <span class='ocrx_word' id='word_1_613' title='bbox 703 3558 936 3588; x_wconf 82' lang='lat' dir='ltr'>immutabilem</span> <span class='ocrx_word' id='word_1_614' title='bbox 956 3569 1034 3589; x_wconf 84' lang='lat' dir='ltr'>esse.</span> <span class='ocrx_word' id='word_1_615' title='bbox 1062 3559 1095 3589; x_wconf 94' lang='lat' dir='ltr'>ln</span> <span class='ocrx_word' id='word_1_616' title='bbox 1117 3559 1263 3599; x_wconf 90' lang='lat' dir='ltr'>quolibet</span> <span class='ocrx_word' id='word_1_617' title='bbox 1283 3570 1340 3590; x_wconf 92' lang='lat' dir='ltr'>au-</span> 
     </span>
     <span class='ocr_line' id='line_1_77' title="bbox 264 3606 1338 3650; baseline 0.006 -15"><span class='ocrx_word' id='word_1_618' title='bbox 264 3611 329 3635; x_wconf 87' lang='lat' dir='ltr'>tem</span> <span class='ocrx_word' id='word_1_619' title='bbox 353 3606 544 3637; x_wconf 84' lang='lat' dir='ltr'>immutabili</span> <span class='ocrx_word' id='word_1_620' title='bbox 569 3609 594 3637; x_wconf 88' lang='lat' dir='ltr'>si</span> <span class='ocrx_word' id='word_1_621' title='bbox 619 3609 717 3638; x_wconf 84' lang='lat' dir='ltr'>semel</span> <span class='ocrx_word' id='word_1_622' title='bbox 744 3614 790 3639; x_wconf 86' lang='lat' dir='ltr'>est</span> <span class='ocrx_word' id='word_1_623' title='bbox 814 3619 866 3638; x_wconf 83' lang='lat' dir='ltr'>non</span> <span class='ocrx_word' id='word_1_624' title='bbox 883 3616 973 3644; x_wconf 74' lang='lat' dir='ltr'>potest</span> <span class='ocrx_word' id='word_1_625' title='bbox 991 3613 1095 3646; x_wconf 75' lang='lat' dir='ltr'>aliquid</span> <span class='ocrx_word' id='word_1_626' title='bbox 1115 3609 1247 3650; x_wconf 87' lang='lat' dir='ltr'>aliquid,</span> <span class='ocrx_word' id='word_1_627' title='bbox 1273 3620 1338 3641; x_wconf 91' lang='lat' dir='ltr'>non</span> 
     </span>
     <span class='ocr_line' id='line_1_78' title="bbox 265 3652 1338 3695; baseline 0.007 -11"><span class='ocrx_word' id='word_1_628' title='bbox 265 3661 371 3695; x_wconf 86' lang='lat' dir='ltr'>potest</span> <span class='ocrx_word' id='word_1_629' title='bbox 406 3657 616 3695; x_wconf 88' lang='lat' dir='ltr'>postmodum</span> <span class='ocrx_word' id='word_1_630' title='bbox 653 3668 718 3688; x_wconf 93' lang='lat' dir='ltr'>non</span> <span class='ocrx_word' id='word_1_631' title='bbox 753 3669 830 3689; x_wconf 87' lang='lat' dir='ltr'>esse.</span> <span class='ocrx_word' id='word_1_632' title='bbox 864 3660 936 3690; x_wconf 84' lang='lat' dir='ltr'>Hoc</span> <span class='ocrx_word' id='word_1_633' title='bbox 971 3661 1129 3691; x_wconf 89' lang='lat' dir='ltr'>enim...</span> <span class='ocrx_word' id='word_1_634' title='bbox 1153 3661 1215 3691; x_wconf 88' lang='lat' dir='ltr'>hoc</span> <span class='ocrx_word' id='word_1_635' title='bbox 1247 3652 1338 3692; x_wconf 87' lang='lat' dir='ltr'>velle.</span> 
     </span>
     <span class='ocr_line' id='line_1_79' title="bbox 265 3706 1338 3752; baseline 0.007 -16"><span class='ocrx_word' id='word_1_636' title='bbox 265 3707 283 3745; x_wconf 65' lang='grc' dir='ltr'><strong>δ</strong></span> <span class='ocrx_word' id='word_1_637' title='bbox 300 3706 389 3737; x_wconf 90' lang='lat' dir='ltr'>Item.</span> <span class='ocrx_word' id='word_1_638' title='bbox 415 3707 522 3738; x_wconf 90' lang='lat' dir='ltr'>Omne</span> <span class='ocrx_word' id='word_1_639' title='bbox 549 3715 715 3740; x_wconf 88' lang='lat' dir='ltr'>aeternum</span> <span class='ocrx_word' id='word_1_640' title='bbox 735 3735 740 3740; x_wconf 92' lang='lat'>.</span> <span class='ocrx_word' id='word_1_641' title='bbox 757 3735 784 3741; x_wconf 89' lang='lat'>..</span> <span class='ocrx_word' id='word_1_642' title='bbox 804 3721 840 3742; x_wconf 82' lang='lat' dir='ltr'>ex</span> <span class='ocrx_word' id='word_1_643' title='bbox 867 3713 1103 3752; x_wconf 88' lang='lat' dir='ltr'>suppositione.</span> <span class='ocrx_word' id='word_1_644' title='bbox 1128 3714 1146 3751; x_wconf 64' lang='grc' dir='ltr'><strong>ξ</strong></span> <span class='ocrx_word' id='word_1_645' title='bbox 1162 3713 1338 3744; x_wconf 83' lang='lat' dir='ltr'>Praeterea.</span> 
     </span>
    </p>
   </div>
   <div class='ocr_carea' id='block_1_19' title="bbox 266 3757 1381 3805">
    <p class='ocr_par' dir='ltr' id='par_1_24' title="bbox 266 3757 1381 3805">
     <span class='ocr_line' id='line_1_80' title="bbox 266 3757 1381 3805; baseline 0.007 -18"><span class='ocrx_word' id='word_1_646' title='bbox 266 3757 432 3798; x_wconf 88' lang='lat' dir='ltr'>Quicquid</span> <span class='ocrx_word' id='word_1_647' title='bbox 452 3769 582 3789; x_wconf 89' lang='lat' dir='ltr'>...non</span> <span class='ocrx_word' id='word_1_648' title='bbox 609 3761 687 3791; x_wconf 85' lang='lat' dir='ltr'>velle</span> <span class='ocrx_word' id='word_1_649' title='bbox 711 3766 842 3799; x_wconf 78' lang='lat' dir='ltr'>quidquid</span> <span class='ocrx_word' id='word_1_650' title='bbox 861 3764 1015 3804; x_wconf 89' lang='lat' dir='ltr'>quicquid</span> <span class='ocrx_word' id='word_1_651' title='bbox 1042 3764 1155 3795; x_wconf 87' lang='lat' dir='ltr'>voluit.</span> <span class='ocrx_word' id='word_1_652' title='bbox 1181 3764 1237 3795; x_wconf 79' lang='lat' dir='ltr'>Est</span> <span class='ocrx_word' id='word_1_653' title='bbox 1262 3774 1338 3805; x_wconf 80' lang='lat' dir='ltr'>ergo</span> <span class='ocrx_word' id='word_1_654' title='bbox 1355 3777 1381 3796; x_wconf 71' lang='lat' dir='ltr'>:o</span> 
     </span>
    </p>
   </div>
   <div class='ocr_carea' id='block_1_20' title="bbox 266 3809 1339 4054">
    <p class='ocr_par' dir='ltr' id='par_1_25' title="bbox 266 3809 1339 4054">
     <span class='ocr_line' id='line_1_81' title="bbox 267 3809 1339 3855; baseline 0.006 -17"><span class='ocrx_word' id='word_1_655' title='bbox 267 3832 273 3838; x_wconf 96' lang='lat'>.</span> <span class='ocrx_word' id='word_1_656' title='bbox 289 3832 295 3838; x_wconf 94' lang='lat'>.</span> <span class='ocrx_word' id='word_1_657' title='bbox 311 3831 317 3838; x_wconf 96' lang='lat'>.</span> <span class='ocrx_word' id='word_1_658' title='bbox 337 3809 437 3839; x_wconf 88' lang='lat' dir='ltr'>modo</span> <span class='ocrx_word' id='word_1_659' title='bbox 463 3810 636 3849; x_wconf 85' lang='lat' dir='ltr'>praedicto.</span> <span class='ocrx_word' id='word_1_660' title='bbox 662 3814 679 3850; x_wconf 57' lang='grc' dir='ltr'>ᾗ</span> <span class='ocrx_word' id='word_1_661' title='bbox 697 3814 854 3853; x_wconf 83' lang='lat' dir='ltr'>Amplius.</span> <span class='ocrx_word' id='word_1_662' title='bbox 873 3815 1084 3855; x_wconf 85' lang='lat' dir='ltr'>Quicumque</span> <span class='ocrx_word' id='word_1_663' title='bbox 1109 3817 1124 3832; x_wconf 66' lang='lat'>⁴*</span> <span class='ocrx_word' id='word_1_664' title='bbox 1139 3816 1206 3846; x_wconf 77' lang='lat' dir='ltr'>vult</span> <span class='ocrx_word' id='word_1_665' title='bbox 1223 3820 1339 3845; x_wconf 76' lang='lat' dir='ltr'>ordinate</span> 
     </span>
     <span class='ocr_line' id='line_1_82' title="bbox 266 3860 1338 3906; baseline 0.008 -17"><span class='ocrx_word' id='word_1_666' title='bbox 266 3860 452 3900; x_wconf 88' lang='lat' dir='ltr'>aliquid...</span> <span class='ocrx_word' id='word_1_667' title='bbox 478 3861 539 3891; x_wconf 89' lang='lat' dir='ltr'>dici</span> <span class='ocrx_word' id='word_1_668' title='bbox 565 3871 630 3892; x_wconf 89' lang='lat' dir='ltr'>non</span> <span class='ocrx_word' id='word_1_669' title='bbox 657 3870 800 3902; x_wconf 85' lang='lat' dir='ltr'>possunt.</span> <span class='ocrx_word' id='word_1_670' title='bbox 827 3866 858 3896; x_wconf 86' lang='lat' dir='ltr'>Si</span> <span class='ocrx_word' id='word_1_671' title='bbox 884 3866 978 3906; x_wconf 87' lang='lat' dir='ltr'>igitur</span> <span class='ocrx_word' id='word_1_672' title='bbox 1005 3867 1101 3902; x_wconf 84' lang='lat' dir='ltr'>Deus,</span> <span class='ocrx_word' id='word_1_673' title='bbox 1127 3867 1268 3898; x_wconf 88' lang='lat' dir='ltr'>volendo</span> <span class='ocrx_word' id='word_1_674' title='bbox 1294 3877 1338 3906; x_wconf 80' lang='lat' dir='ltr'>se,</span> 
     </span>
     <span class='ocr_line' id='line_1_83' title="bbox 267 3912 1338 3952; baseline 0.008 -11"><span class='ocrx_word' id='word_1_675' title='bbox 267 3912 333 3942; x_wconf 89' lang='lat' dir='ltr'>vult</span> <span class='ocrx_word' id='word_1_676' title='bbox 358 3912 478 3952; x_wconf 85' lang='lat' dir='ltr'>aliquid</span> <span class='ocrx_word' id='word_1_677' title='bbox 501 3913 588 3944; x_wconf 83' lang='lat' dir='ltr'>aliud</span> <span class='ocrx_word' id='word_1_678' title='bbox 613 3923 629 3943; x_wconf 88' lang='lat' dir='ltr'>a</span> <span class='ocrx_word' id='word_1_679' title='bbox 654 3924 697 3949; x_wconf 85' lang='lat' dir='ltr'>se,</span> <span class='ocrx_word' id='word_1_680' title='bbox 722 3918 936 3947; x_wconf 79' lang='lat' dir='ltr'>necessarium</span> <span class='ocrx_word' id='word_1_681' title='bbox 962 3925 1007 3948; x_wconf 86' lang='lat' dir='ltr'>est</span> <span class='ocrx_word' id='word_1_682' title='bbox 1032 3928 1107 3949; x_wconf 91' lang='lat' dir='ltr'>eum</span> <span class='ocrx_word' id='word_1_683' title='bbox 1134 3919 1214 3949; x_wconf 89' lang='lat' dir='ltr'>velle</span> <span class='ocrx_word' id='word_1_684' title='bbox 1239 3928 1338 3950; x_wconf 88' lang='lat' dir='ltr'>omne</span> 
     </span>
     <span class='ocr_line' id='line_1_84' title="bbox 266 3961 1337 4005; baseline 0.008 -13"><span class='ocrx_word' id='word_1_685' title='bbox 266 3961 343 3991; x_wconf 85' lang='lat' dir='ltr'>illud</span> <span class='ocrx_word' id='word_1_686' title='bbox 364 3970 420 3994; x_wconf 76' lang='lat' dir='ltr'>sine</span> <span class='ocrx_word' id='word_1_687' title='bbox 439 3977 490 4002; x_wconf 81' lang='lat' dir='ltr'>quo</span> <span class='ocrx_word' id='word_1_688' title='bbox 509 3970 525 3995; x_wconf 85' lang='grc' dir='ltr'>Ιι</span> <span class='ocrx_word' id='word_1_689' title='bbox 550 3964 639 4005; x_wconf 82' lang='lat' dir='ltr'>quod</span> <span class='ocrx_word' id='word_1_690' title='bbox 663 3965 701 3995; x_wconf 81' lang='lat' dir='ltr'>ad</span> <span class='ocrx_word' id='word_1_691' title='bbox 729 3966 862 3997; x_wconf 78' lang='lat' dir='ltr'>volitum</span> <span class='ocrx_word' id='word_1_692' title='bbox 888 3969 926 3996; x_wconf 84' lang='lat' dir='ltr'>ab</span> <span class='ocrx_word' id='word_1_693' title='bbox 952 3978 991 3998; x_wconf 85' lang='lat' dir='ltr'>eo</span> <span class='ocrx_word' id='word_1_694' title='bbox 1017 3979 1054 3999; x_wconf 85' lang='lat' dir='ltr'>ex</span> <span class='ocrx_word' id='word_1_695' title='bbox 1078 3970 1268 4000; x_wconf 81' lang='lat' dir='ltr'>necessitate</span> <span class='ocrx_word' id='word_1_696' title='bbox 1290 3979 1337 4000; x_wconf 89' lang='lat' dir='ltr'>re-</span> 
     </span>
     <span class='ocr_line' id='line_1_85' title="bbox 268 4015 873 4054; baseline 0.002 -9"><span class='ocrx_word' id='word_1_697' title='bbox 268 4015 412 4054; x_wconf 82' lang='lat' dir='ltr'>quiritur.</span> <span class='ocrx_word' id='word_1_698' title='bbox 430 4015 518 4046; x_wconf 83' lang='lat' dir='ltr'>Sicut</span> <span class='ocrx_word' id='word_1_699' title='bbox 533 4040 539 4046; x_wconf 93' lang='lat'>.</span> <span class='ocrx_word' id='word_1_700' title='bbox 556 4040 561 4046; x_wconf 92' lang='lat'>.</span> <span class='ocrx_word' id='word_1_701' title='bbox 579 4040 584 4045; x_wconf 92' lang='lat'>.</span> <span class='ocrx_word' id='word_1_702' title='bbox 602 4017 769 4046; x_wconf 84' lang='lat' dir='ltr'>hominem</span> <span class='ocrx_word' id='word_1_703' title='bbox 795 4027 873 4047; x_wconf 81' lang='lat' dir='ltr'>csse.</span> 
     </span>
    </p>
   </div>
   <div class='ocr_carea' id='block_1_21' title="bbox 1365 689 1389 702">
    <p class='ocr_par' dir='ltr' id='par_1_26' title="bbox 1365 689 1389 702">
     <span class='ocr_line' id='line_1_86' title="bbox 1365 689 1389 702; baseline 0 -2"><span class='ocrx_word' id='word_1_704' title='bbox 1365 689 1389 702; x_wconf 73' lang='grc' dir='ltr'>ιο</span> 
     </span>
    </p>
   </div>
   <div class='ocr_carea' id='block_1_22' title="bbox 1359 1203 1385 1216">
    <p class='ocr_par' dir='ltr' id='par_1_27' title="bbox 1359 1203 1385 1216">
     <span class='ocr_line' id='line_1_87' title="bbox 1359 1203 1385 1216; baseline 0 0"><span class='ocrx_word' id='word_1_705' title='bbox 1359 1203 1385 1216; x_wconf 83' lang='grc'>20</span> 
     </span>
    </p>
   </div>
   <div class='ocr_carea' id='block_1_23' title="bbox 1360 1718 1384 1735">
    <p class='ocr_par' dir='ltr' id='par_1_28' title="bbox 1360 1718 1384 1735">
     <span class='ocr_line' id='line_1_88' title="bbox 1360 1718 1384 1735; baseline 0 -5"><span class='ocrx_word' id='word_1_706' title='bbox 1360 1718 1384 1735; x_wconf 59' lang='lat'>10</span> 
     </span>
    </p>
   </div>
   <div class='ocr_carea' id='block_1_24' title="bbox 1359 2232 1382 2251">
    <p class='ocr_par' dir='ltr' id='par_1_29' title="bbox 1359 2232 1382 2251">
     <span class='ocr_line' id='line_1_89' title="bbox 1359 2232 1382 2251; baseline 0 -5"><span class='ocrx_word' id='word_1_707' title='bbox 1359 2232 1382 2251; x_wconf 59' lang='grc' dir='ltr'>ιο</span> 
     </span>
    </p>
   </div>
   <div class='ocr_carea' id='block_1_25' title="bbox 1355 2751 1380 2770">
    <p class='ocr_par' dir='ltr' id='par_1_30' title="bbox 1355 2751 1380 2770">
     <span class='ocr_line' id='line_1_90' title="bbox 1355 2751 1380 2770; baseline 0 -6"><span class='ocrx_word' id='word_1_708' title='bbox 1355 2751 1380 2770; x_wconf 74' lang='grc' dir='ltr'>ςΩ</span> 
     </span>
    </p>
   </div>
   <div class='ocr_carea' id='block_1_26' title="bbox 1244 130 1510 168">
    <p class='ocr_par' dir='ltr' id='par_1_31' title="bbox 1244 130 1510 168">
     <span class='ocr_line' id='line_1_91' title="bbox 1244 130 1510 168; baseline -0.004 0"><span class='ocrx_word' id='word_1_709' title='bbox 1244 130 1510 168; x_wconf 85' lang='lat' dir='ltr'>APPENDIX</span> 
     </span>
    </p>
   </div>
   <div class='ocr_carea' id='block_1_27' title="bbox 1526 268 2368 356">
    <p class='ocr_par' dir='ltr' id='par_1_32' title="bbox 1526 268 2368 356">
     <span class='ocr_line' id='line_1_92' title="bbox 1526 268 2368 310; baseline 0.005 -10"><span class='ocrx_word' id='word_1_710' title='bbox 1526 270 1607 310; x_wconf 86' lang='lat' dir='ltr'>Cap.</span> <span class='ocrx_word' id='word_1_711' title='bbox 1633 270 1806 301; x_wconf 88' lang='lat' dir='ltr'>LXXXIV.</span> <span class='ocrx_word' id='word_1_712' title='bbox 1831 270 1930 309; x_wconf 80' lang='lat' dir='ltr'>Quor&gt;</span> <span class='ocrx_word' id='word_1_713' title='bbox 1952 268 2116 304; x_wconf 58' lang='lat' dir='ltr'>vomu-ras</span> <span class='ocrx_word' id='word_1_714' title='bbox 2140 273 2202 304; x_wconf 78' lang='lat' dir='ltr'>Dm</span> <span class='ocrx_word' id='word_1_715' title='bbox 2224 283 2300 304; x_wconf 63' lang='lat' dir='ltr'>nox.</span> <span class='ocrx_word' id='word_1_716' title='bbox 2314 284 2368 304; x_wconf 75' lang='lat' dir='ltr'>nsr</span> 
     </span>
     <span class='ocr_line' id='line_1_93' title="bbox 1704 331 2188 356; baseline 0.006 -4"><span class='ocrx_word' id='word_1_717' title='bbox 1704 331 1931 353; x_wconf 67' lang='lat' dir='ltr'>mrossnzmun</span> <span class='ocrx_word' id='word_1_718' title='bbox 1955 333 2120 354; x_wconf 69' lang='lat' dir='ltr'>secuxnun</span> <span class='ocrx_word' id='word_1_719' title='bbox 2142 334 2188 356; x_wconf 77' lang='lat' dir='ltr'>sa.</span> 
     </span>
    </p>
   </div>
   <div class='ocr_carea' id='block_1_28' title="bbox 1402 414 2486 919">
    <p class='ocr_par' dir='ltr' id='par_1_33' title="bbox 1402 414 2486 919">
     <span class='ocr_line' id='line_1_94' title="bbox 1449 414 2485 458; baseline 0.007 -15"><span class='ocrx_word' id='word_1_720' title='bbox 1449 416 1467 452; x_wconf 83' lang='lat'>§</span> <span class='ocrx_word' id='word_1_721' title='bbox 1486 414 1532 444; x_wconf 88' lang='lat' dir='ltr'>Ex</span> <span class='ocrx_word' id='word_1_722' title='bbox 1556 415 1619 444; x_wconf 90' lang='lat' dir='ltr'>hoc</span> <span class='ocrx_word' id='word_1_723' title='bbox 1645 421 1777 454; x_wconf 89' lang='lat' dir='ltr'>apparet</span> <span class='ocrx_word' id='word_1_724' title='bbox 1802 415 1892 456; x_wconf 93' lang='lat' dir='ltr'>quod</span> <span class='ocrx_word' id='word_1_725' title='bbox 1917 416 2067 447; x_wconf 89' lang='lat' dir='ltr'>voluntas</span> <span class='ocrx_word' id='word_1_726' title='bbox 2099 417 2160 447; x_wconf 92' lang='lat' dir='ltr'>Dei</span> <span class='ocrx_word' id='word_1_727' title='bbox 2190 427 2258 448; x_wconf 90' lang='lat' dir='ltr'>non</span> <span class='ocrx_word' id='word_1_728' title='bbox 2283 423 2392 458; x_wconf 87' lang='lat' dir='ltr'>potest</span> <span class='ocrx_word' id='word_1_729' title='bbox 2416 428 2485 450; x_wconf 85' lang='lat' dir='ltr'>esse</span> 
     </span>
     <span class='ocr_line' id='line_1_95' title="bbox 1405 466 2485 508; baseline 0.006 -14"><span class='ocrx_word' id='word_1_730' title='bbox 1405 474 1520 494; x_wconf 92' lang='lat' dir='ltr'>eorum</span> <span class='ocrx_word' id='word_1_731' title='bbox 1545 474 1629 504; x_wconf 89' lang='lat' dir='ltr'>quae</span> <span class='ocrx_word' id='word_1_732' title='bbox 1655 471 1729 495; x_wconf 89' lang='lat' dir='ltr'>sunt</span> <span class='ocrx_word' id='word_1_733' title='bbox 1753 466 1934 497; x_wconf 91' lang='lat' dir='ltr'>secundum</span> <span class='ocrx_word' id='word_1_734' title='bbox 1967 477 2001 497; x_wconf 91' lang='lat' dir='ltr'>se</span> <span class='ocrx_word' id='word_1_735' title='bbox 2033 467 2256 508; x_wconf 88' lang='lat' dir='ltr'>impossibilia.</span> <span class='ocrx_word' id='word_1_736' title='bbox 2284 468 2485 500; x_wconf 82' lang='lat' dir='ltr'>Huiusmodi</span> 
     </span>
     <span class='ocr_line' id='line_1_96' title="bbox 1405 517 2486 561; baseline 0.006 -16"><span class='ocrx_word' id='word_1_737' title='bbox 1405 517 1491 546; x_wconf 85' lang='lat' dir='ltr'>enim</span> <span class='ocrx_word' id='word_1_738' title='bbox 1517 522 1591 546; x_wconf 87' lang='lat' dir='ltr'>sunt</span> <span class='ocrx_word' id='word_1_739' title='bbox 1617 525 1701 556; x_wconf 86' lang='lat' dir='ltr'>quae</span> <span class='ocrx_word' id='word_1_740' title='bbox 1723 517 1756 547; x_wconf 90' lang='lat' dir='ltr'>in</span> <span class='ocrx_word' id='word_1_741' title='bbox 1787 518 1900 558; x_wconf 90' lang='lat' dir='ltr'>seipsis</span> <span class='ocrx_word' id='word_1_742' title='bbox 1929 519 2179 559; x_wconf 87' lang='lat' dir='ltr'>repugnantiam</span> <span class='ocrx_word' id='word_1_743' title='bbox 2209 520 2342 557; x_wconf 87' lang='lat' dir='ltr'>habent,</span> <span class='ocrx_word' id='word_1_744' title='bbox 2365 526 2403 551; x_wconf 91' lang='lat' dir='ltr'>ut</span> <span class='ocrx_word' id='word_1_745' title='bbox 2424 521 2486 561; x_wconf 76' lang='lat' dir='ltr'>ho-</span> 
     </span>
     <span class='ocr_line' id='line_1_97' title="bbox 1405 568 2485 610; baseline 0.006 -14"><span class='ocrx_word' id='word_1_746' title='bbox 1405 568 1525 597; x_wconf 88' lang='lat' dir='ltr'>minem</span> <span class='ocrx_word' id='word_1_747' title='bbox 1552 577 1620 598; x_wconf 89' lang='lat' dir='ltr'>esse</span> <span class='ocrx_word' id='word_1_748' title='bbox 1645 568 1782 606; x_wconf 86' lang='lat' dir='ltr'>asinum,</span> <span class='ocrx_word' id='word_1_749' title='bbox 1800 569 1833 599; x_wconf 93' lang='lat' dir='ltr'>in</span> <span class='ocrx_word' id='word_1_750' title='bbox 1851 570 1919 610; x_wconf 67' lang='lat' dir='ltr'>quo</span> <span class='ocrx_word' id='word_1_751' title='bbox 1936 570 2113 602; x_wconf 86' lang='lat' dir='ltr'>includitur</span> <span class='ocrx_word' id='word_1_752' title='bbox 2135 572 2291 602; x_wconf 85' lang='lat' dir='ltr'>rationale</span> <span class='ocrx_word' id='word_1_753' title='bbox 2317 581 2386 603; x_wconf 82' lang='lat' dir='ltr'>esse</span> <span class='ocrx_word' id='word_1_754' title='bbox 2409 573 2485 602; x_wconf 84' lang='lat' dir='ltr'>irra-</span> 
     </span>
     <span class='ocr_line' id='line_1_98' title="bbox 1403 619 2486 660; baseline 0.005 -12"><span class='ocrx_word' id='word_1_755' title='bbox 1403 619 1534 649; x_wconf 88' lang='lat' dir='ltr'>tionale.</span> <span class='ocrx_word' id='word_1_756' title='bbox 1560 624 1585 648; x_wconf 81' lang='lat' dir='ltr'>si</span> <span class='ocrx_word' id='word_1_757' title='bbox 1605 623 1674 648; x_wconf 87' lang='lat' dir='ltr'>enim</span> <span class='ocrx_word' id='word_1_758' title='bbox 1689 625 1839 649; x_wconf 82' lang='lat' dir='ltr'>necessario</span> <span class='ocrx_word' id='word_1_759' title='bbox 1851 625 1908 650; x_wconf 85' lang='lat' dir='ltr'>vult</span> <span class='ocrx_word' id='word_1_760' title='bbox 1919 632 1951 651; x_wconf 76' lang='lat' dir='ltr'>ea</span> <span class='ocrx_word' id='word_1_761' title='bbox 1963 633 2032 659; x_wconf 80' lang='lat' dir='ltr'>quae</span> <span class='ocrx_word' id='word_1_762' title='bbox 2050 627 2220 660; x_wconf 86' lang='lat' dir='ltr'>requiruntur</span> <span class='ocrx_word' id='word_1_763' title='bbox 2239 627 2272 652; x_wconf 87' lang='lat' dir='ltr'>ad</span> <span class='ocrx_word' id='word_1_764' title='bbox 2290 627 2315 652; x_wconf 92' lang='lat' dir='ltr'>id</span> <span class='ocrx_word' id='word_1_765' title='bbox 2334 626 2406 660; x_wconf 89' lang='lat' dir='ltr'>quod</span> <span class='ocrx_word' id='word_1_766' title='bbox 2423 633 2486 660; x_wconf 79' lang='lat' dir='ltr'>sup-</span> 
     </span>
     <span class='ocr_line' id='line_1_99' title="bbox 1404 669 2486 716; baseline 0.008 -20"><span class='ocrx_word' id='word_1_767' title='bbox 1404 673 1507 705; x_wconf 77' lang='lat' dir='ltr'>ponitur</span> <span class='ocrx_word' id='word_1_768' title='bbox 1525 674 1601 704; x_wconf 80' lang='lat' dir='ltr'>veiie‚</span> <span class='ocrx_word' id='word_1_769' title='bbox 1625 669 1727 707; x_wconf 91' lang='lat' dir='ltr'>Quod</span> <span class='ocrx_word' id='word_1_770' title='bbox 1758 676 1867 702; x_wconf 89' lang='lat' dir='ltr'>autem</span> <span class='ocrx_word' id='word_1_771' title='bbox 1902 679 2062 712; x_wconf 84' lang='lat' dir='ltr'>repugnat</span> <span class='ocrx_word' id='word_1_772' title='bbox 2081 677 2166 703; x_wconf 83' lang='lat' dir='ltr'>eidem</span> <span class='ocrx_word' id='word_1_773' title='bbox 2185 671 2312 716; x_wconf 89' lang='lat' dir='ltr'>(alicui)</span> <span class='ocrx_word' id='word_1_774' title='bbox 2344 673 2486 705; x_wconf 82' lang='lat' dir='ltr'>excludit</span> 
     </span>
     <span class='ocr_line' id='line_1_100' title="bbox 1403 720 2486 765; baseline 0.007 -16"><span class='ocrx_word' id='word_1_775' title='bbox 1403 720 1526 760; x_wconf 83' lang='lat' dir='ltr'>aliquid</span> <span class='ocrx_word' id='word_1_776' title='bbox 1551 729 1666 750; x_wconf 90' lang='lat' dir='ltr'>eorum</span> <span class='ocrx_word' id='word_1_777' title='bbox 1691 730 1775 761; x_wconf 89' lang='lat' dir='ltr'>quae</span> <span class='ocrx_word' id='word_1_778' title='bbox 1800 721 1840 752; x_wconf 82' lang='lat' dir='ltr'>ad</span> <span class='ocrx_word' id='word_1_779' title='bbox 1860 722 1968 764; x_wconf 88' lang='lat' dir='ltr'>ipsum</span> <span class='ocrx_word' id='word_1_780' title='bbox 1994 725 2213 765; x_wconf 88' lang='lat' dir='ltr'>requiruntur,</span> <span class='ocrx_word' id='word_1_781' title='bbox 2238 726 2322 756; x_wconf 89' lang='lat' dir='ltr'>sicut</span> <span class='ocrx_word' id='word_1_782' title='bbox 2338 735 2407 756; x_wconf 91' lang='lat' dir='ltr'>esse</span> <span class='ocrx_word' id='word_1_783' title='bbox 2425 726 2486 756; x_wconf 85' lang='lat' dir='ltr'>asi-</span> 
     </span>
     <span class='ocr_line' id='line_1_101' title="bbox 1404 771 2486 817; baseline 0.006 -17"><span class='ocrx_word' id='word_1_784' title='bbox 1404 781 1482 801; x_wconf 89' lang='lat' dir='ltr'>num</span> <span class='ocrx_word' id='word_1_785' title='bbox 1508 771 1649 802; x_wconf 86' lang='lat' dir='ltr'>excludit</span> <span class='ocrx_word' id='word_1_786' title='bbox 1674 773 1816 803; x_wconf 89' lang='lat' dir='ltr'>hominis</span> <span class='ocrx_word' id='word_1_787' title='bbox 1841 774 2000 806; x_wconf 87' lang='lat' dir='ltr'>rationem</span> <span class='ocrx_word' id='word_1_788' title='bbox 2020 774 2074 817; x_wconf 77' lang='lat' dir='ltr'>(Si</span> <span class='ocrx_word' id='word_1_789' title='bbox 2090 776 2188 816; x_wconf 81' lang='lat' dir='ltr'>igitur</span> <span class='ocrx_word' id='word_1_790' title='bbox 2210 777 2393 808; x_wconf 87' lang='lat' dir='ltr'>necessario</span> <span class='ocrx_word' id='word_1_791' title='bbox 2416 777 2486 807; x_wconf 78' lang='lat' dir='ltr'>vult</span> 
     </span>
     <span class='ocr_line' id='line_1_102' title="bbox 1403 824 2485 869; baseline 0.007 -18"><span class='ocrx_word' id='word_1_792' title='bbox 1403 833 1438 852; x_wconf 82' lang='lat' dir='ltr'>ea</span> <span class='ocrx_word' id='word_1_793' title='bbox 1463 832 1547 862; x_wconf 88' lang='lat' dir='ltr'>quae</span> <span class='ocrx_word' id='word_1_794' title='bbox 1571 824 1781 863; x_wconf 89' lang='lat' dir='ltr'>requiruntur</span> <span class='ocrx_word' id='word_1_795' title='bbox 1805 825 1844 856; x_wconf 85' lang='lat' dir='ltr'>ad</span> <span class='ocrx_word' id='word_1_796' title='bbox 1868 826 1931 856; x_wconf 90' lang='lat' dir='ltr'>hoc</span> <span class='ocrx_word' id='word_1_797' title='bbox 1960 825 2050 866; x_wconf 90' lang='lat' dir='ltr'>quod</span> <span class='ocrx_word' id='word_1_798' title='bbox 2078 828 2276 868; x_wconf 86' lang='lat' dir='ltr'>supponitur</span> <span class='ocrx_word' id='word_1_799' title='bbox 2301 826 2397 869; x_wconf 85' lang='lat' dir='ltr'>velle)</span> <span class='ocrx_word' id='word_1_800' title='bbox 2423 829 2485 859; x_wconf 85' lang='lat' dir='ltr'>im·</span> 
     </span>
     <span class='ocr_line' id='line_1_103' title="bbox 1402 873 2485 919; baseline 0.006 -17"><span class='ocrx_word' id='word_1_801' title='bbox 1402 873 1555 912; x_wconf 86' lang='lat' dir='ltr'>possibile</span> <span class='ocrx_word' id='word_1_802' title='bbox 1580 879 1627 903; x_wconf 90' lang='lat' dir='ltr'>est</span> <span class='ocrx_word' id='word_1_803' title='bbox 1651 883 1728 904; x_wconf 89' lang='lat' dir='ltr'>eum</span> <span class='ocrx_word' id='word_1_804' title='bbox 1745 875 1827 905; x_wconf 91' lang='lat' dir='ltr'>velle</span> <span class='ocrx_word' id='word_1_805' title='bbox 1852 875 1918 916; x_wconf 83' lang='lat' dir='ltr'>(ea)</span> <span class='ocrx_word' id='word_1_806' title='bbox 1943 886 2028 917; x_wconf 83' lang='lat' dir='ltr'>quae</span> <span class='ocrx_word' id='word_1_807' title='bbox 2053 875 2126 919; x_wconf 82' lang='lat' dir='ltr'>(eis)</span> <span class='ocrx_word' id='word_1_808' title='bbox 2150 884 2333 919; x_wconf 80' lang='lat' dir='ltr'>repugnant</span> <span class='ocrx_word' id='word_1_809' title='bbox 2356 882 2397 908; x_wconf 75' lang='lat' dir='ltr'>his</span> <span class='ocrx_word' id='word_1_810' title='bbox 2415 889 2485 916; x_wconf 75' lang='lat' dir='ltr'>quae</span> 
     </span>
    </p>
   </div>
   <div class='ocr_carea' id='block_1_29' title="bbox 1362 926 2491 971">
    <p class='ocr_par' dir='ltr' id='par_1_34' title="bbox 1362 926 2491 971">
     <span class='ocr_line' id='line_1_104' title="bbox 1362 926 2491 971; baseline 0.01 -20"><span class='ocrx_word' id='word_1_811' title='bbox 1362 943 1382 962; x_wconf 61' lang='lat'>,3</span> <span class='ocrx_word' id='word_1_812' title='bbox 1401 929 1557 962; x_wconf 78' lang='lat' dir='ltr'>supponitur</span> <span class='ocrx_word' id='word_1_813' title='bbox 1575 929 1652 955; x_wconf 82' lang='lat' dir='ltr'>velie.</span> <span class='ocrx_word' id='word_1_814' title='bbox 1677 926 1717 957; x_wconf 86' lang='lat' dir='ltr'>Et</span> <span class='ocrx_word' id='word_1_815' title='bbox 1741 927 1786 957; x_wconf 85' lang='lat' dir='ltr'>sic</span> <span class='ocrx_word' id='word_1_816' title='bbox 1810 928 2013 968; x_wconf 87' lang='lat' dir='ltr'>impossibile</span> <span class='ocrx_word' id='word_1_817' title='bbox 2040 934 2088 960; x_wconf 87' lang='lat' dir='ltr'>est</span> <span class='ocrx_word' id='word_1_818' title='bbox 2118 939 2195 960; x_wconf 88' lang='lat' dir='ltr'>eum</span> <span class='ocrx_word' id='word_1_819' title='bbox 2219 930 2302 961; x_wconf 89' lang='lat' dir='ltr'>velle</span> <span class='ocrx_word' id='word_1_820' title='bbox 2334 939 2371 961; x_wconf 85' lang='lat' dir='ltr'>ea</span> <span class='ocrx_word' id='word_1_821' title='bbox 2398 939 2491 971; x_wconf 54' lang='lat' dir='ltr'>quae*</span> 
     </span>
    </p>
   </div>
   <div class='ocr_carea' id='block_1_30' title="bbox 1399 978 2490 1486">
    <p class='ocr_par' dir='ltr' id='par_1_35' title="bbox 1399 978 2490 1486">
     <span class='ocr_line' id='line_1_105' title="bbox 1401 978 2490 1022; baseline 0.007 -16"><span class='ocrx_word' id='word_1_822' title='bbox 1401 983 1475 1007; x_wconf 82' lang='lat' dir='ltr'>sunt</span> <span class='ocrx_word' id='word_1_823' title='bbox 1490 978 1704 1017; x_wconf 89' lang='lat' dir='ltr'>impossibilia</span> <span class='ocrx_word' id='word_1_824' title='bbox 1720 979 1922 1019; x_wconf 84' lang='lat' dir='ltr'>simpliciter.</span> <span class='ocrx_word' id='word_1_825' title='bbox 1945 982 1964 1020; x_wconf 70' lang='grc'>5</span> <span class='ocrx_word' id='word_1_826' title='bbox 1981 981 2073 1013; x_wconf 85' lang='lat' dir='ltr'>Item.</span> <span class='ocrx_word' id='word_1_827' title='bbox 2089 981 2182 1013; x_wconf 87' lang='lat' dir='ltr'>Sicut</span> <span class='ocrx_word' id='word_1_828' title='bbox 2201 991 2299 1022; x_wconf 85' lang='lat' dir='ltr'>supra</span> <span class='ocrx_word' id='word_1_829' title='bbox 2315 989 2490 1014; x_wconf 76' lang='lat' dir='ltr'>ostensum.</span> 
     </span>
     <span class='ocr_line' id='line_1_106' title="bbox 1401 1029 2485 1076; baseline 0.006 -18"><span class='ocrx_word' id='word_1_830' title='bbox 1401 1035 1457 1064; x_wconf 88' lang='lat' dir='ltr'>est,</span> <span class='ocrx_word' id='word_1_831' title='bbox 1483 1029 1582 1065; x_wconf 86' lang='lat' dir='ltr'>Deus,</span> <span class='ocrx_word' id='word_1_832' title='bbox 1608 1029 1750 1060; x_wconf 91' lang='lat' dir='ltr'>volendo</span> <span class='ocrx_word' id='word_1_833' title='bbox 1774 1041 1872 1069; x_wconf 87' lang='lat' dir='ltr'>suum</span> <span class='ocrx_word' id='word_1_834' title='bbox 1888 1041 1957 1063; x_wconf 89' lang='lat' dir='ltr'>esse</span> <span class='ocrx_word' id='word_1_835' title='bbox 1975 1033 2080 1074; x_wconf 92' lang='lat' dir='ltr'>(quod</span> <span class='ocrx_word' id='word_1_836' title='bbox 2097 1039 2146 1064; x_wconf 88' lang='lat' dir='ltr'>est</span> <span class='ocrx_word' id='word_1_837' title='bbox 2168 1043 2226 1064; x_wconf 87' lang='lat' dir='ltr'>sua</span> <span class='ocrx_word' id='word_1_838' title='bbox 2249 1033 2391 1076; x_wconf 83' lang='lat' dir='ltr'>bonitas)</span> <span class='ocrx_word' id='word_1_839' title='bbox 2414 1034 2485 1065; x_wconf 85' lang='lat' dir='ltr'>vult</span> 
     </span>
     <span class='ocr_line' id='line_1_107' title="bbox 1401 1081 2481 1128; baseline 0.006 -18"><span class='ocrx_word' id='word_1_840' title='bbox 1401 1081 1510 1110; x_wconf 87' lang='lat' dir='ltr'>omnia</span> <span class='ocrx_word' id='word_1_841' title='bbox 1528 1081 1588 1110; x_wconf 90' lang='lat' dir='ltr'>alia</span> <span class='ocrx_word' id='word_1_842' title='bbox 1605 1084 1765 1118; x_wconf 78' lang='lat' dir='ltr'>inquantum</span> <span class='ocrx_word' id='word_1_843' title='bbox 1785 1086 1904 1113; x_wconf 71' lang='lat' dir='ltr'>retinent</span> <span class='ocrx_word' id='word_1_844' title='bbox 1922 1095 1991 1121; x_wconf 78' lang='lat' dir='ltr'>quae</span> <span class='ocrx_word' id='word_1_845' title='bbox 2008 1085 2234 1128; x_wconf 62' lang='lat' dir='ltr'>(inquantum)</span> <span class='ocrx_word' id='word_1_846' title='bbox 2249 1085 2370 1116; x_wconf 82' lang='lat' dir='ltr'>habent</span> <span class='ocrx_word' id='word_1_847' title='bbox 2385 1083 2481 1127; x_wconf 83' lang='lat' dir='ltr'>(eius)</span> 
     </span>
     <span class='ocr_line' id='line_1_108' title="bbox 1399 1132 2484 1179; baseline 0.006 -18"><span class='ocrx_word' id='word_1_848' title='bbox 1399 1132 1645 1163; x_wconf 88' lang='lat' dir='ltr'>similitudinem</span> <span class='ocrx_word' id='word_1_849' title='bbox 1662 1138 1702 1162; x_wconf 87' lang='lat' dir='ltr'>sui</span> <span class='ocrx_word' id='word_1_850' title='bbox 1721 1145 1789 1163; x_wconf 63' lang='lat' dir='ltr'>esse.</span> <span class='ocrx_word' id='word_1_851' title='bbox 1806 1134 1996 1166; x_wconf 90' lang='lat' dir='ltr'>Secundum</span> <span class='ocrx_word' id='word_1_852' title='bbox 2012 1136 2076 1167; x_wconf 88' lang='lat' dir='ltr'>hoc</span> <span class='ocrx_word' id='word_1_853' title='bbox 2101 1142 2209 1168; x_wconf 89' lang='lat' dir='ltr'>autem</span> <span class='ocrx_word' id='word_1_854' title='bbox 2227 1136 2317 1178; x_wconf 90' lang='lat' dir='ltr'>quod</span> <span class='ocrx_word' id='word_1_855' title='bbox 2334 1135 2484 1179; x_wconf 81' lang='lat' dir='ltr'>(aliquid)</span> 
     </span>
     <span class='ocr_line' id='line_1_109' title="bbox 1399 1185 2486 1230; baseline 0.006 -16"><span class='ocrx_word' id='word_1_856' title='bbox 1399 1191 1558 1224; x_wconf 87' lang='lat' dir='ltr'>repugnat</span> <span class='ocrx_word' id='word_1_857' title='bbox 1583 1185 1699 1216; x_wconf 89' lang='lat' dir='ltr'>rationi</span> <span class='ocrx_word' id='word_1_858' title='bbox 1724 1186 1807 1216; x_wconf 89' lang='lat' dir='ltr'>entis</span> <span class='ocrx_word' id='word_1_859' title='bbox 1834 1187 2030 1228; x_wconf 89' lang='lat' dir='ltr'>inquantum</span> <span class='ocrx_word' id='word_1_860' title='bbox 2058 1188 2258 1228; x_wconf 85' lang='lat' dir='ltr'>huiusmodi,</span> <span class='ocrx_word' id='word_1_861' title='bbox 2282 1198 2351 1220; x_wconf 92' lang='lat' dir='ltr'>non</span> <span class='ocrx_word' id='word_1_862' title='bbox 2375 1194 2486 1230; x_wconf 74' lang='lat' dir='ltr'>potest</span> 
     </span>
     <span class='ocr_line' id='line_1_110' title="bbox 1400 1234 2484 1283; baseline 0.006 -18"><span class='ocrx_word' id='word_1_863' title='bbox 1400 1235 1445 1272; x_wconf 64' lang='lat' dir='ltr'>tin</span> <span class='ocrx_word' id='word_1_864' title='bbox 1471 1234 1525 1276; x_wconf 89' lang='lat' dir='ltr'>eo)</span> <span class='ocrx_word' id='word_1_865' title='bbox 1552 1237 1664 1266; x_wconf 83' lang='lat' dir='ltr'>salvari</span> <span class='ocrx_word' id='word_1_866' title='bbox 1689 1237 1869 1268; x_wconf 88' lang='lat' dir='ltr'>similitudo</span> <span class='ocrx_word' id='word_1_867' title='bbox 1893 1239 1989 1279; x_wconf 87' lang='lat' dir='ltr'>primi</span> <span class='ocrx_word' id='word_1_868' title='bbox 2007 1249 2076 1271; x_wconf 87' lang='lat' dir='ltr'>esse</span> <span class='ocrx_word' id='word_1_869' title='bbox 2093 1240 2230 1280; x_wconf 89' lang='lat' dir='ltr'>(scilicet</span> <span class='ocrx_word' id='word_1_870' title='bbox 2248 1238 2375 1283; x_wconf 88' lang='lat' dir='ltr'>divini),</span> <span class='ocrx_word' id='word_1_871' title='bbox 2392 1239 2484 1281; x_wconf 86' lang='lat' dir='ltr'>quod</span> 
     </span>
     <span class='ocr_line' id='line_1_111' title="bbox 1400 1287 2483 1330; baseline 0.006 -13"><span class='ocrx_word' id='word_1_872' title='bbox 1400 1294 1446 1317; x_wconf 88' lang='lat' dir='ltr'>est</span> <span class='ocrx_word' id='word_1_873' title='bbox 1477 1287 1550 1318; x_wconf 82' lang='lat' dir='ltr'>fons</span> <span class='ocrx_word' id='word_1_874' title='bbox 1582 1289 1708 1319; x_wconf 89' lang='lat' dir='ltr'>essendi</span> <span class='ocrx_word' id='word_1_875' title='bbox 1733 1299 1759 1318; x_wconf 83' lang='lat' dir='ltr'>et</span> <span class='ocrx_word' id='word_1_876' title='bbox 1781 1294 1807 1318; x_wconf 84' lang='lat' dir='ltr'>in</span> <span class='ocrx_word' id='word_1_877' title='bbox 1831 1301 1887 1327; x_wconf 82' lang='lat' dir='ltr'>quo</span> <span class='ocrx_word' id='word_1_878' title='bbox 1911 1300 1953 1320; x_wconf 80' lang='lat' dir='ltr'>est</span> <span class='ocrx_word' id='word_1_879' title='bbox 1974 1303 2036 1322; x_wconf 74' lang='lat' dir='ltr'>esse</span> <span class='ocrx_word' id='word_1_880' title='bbox 2059 1297 2206 1322; x_wconf 79' lang='lat' dir='ltr'>secundum</span> <span class='ocrx_word' id='word_1_881' title='bbox 2235 1296 2381 1330; x_wconf 79' lang='lat' dir='ltr'>perfectum</span> <span class='ocrx_word' id='word_1_882' title='bbox 2403 1302 2483 1322; x_wconf 70' lang='lat' dir='ltr'>suum</span> 
     </span>
     <span class='ocr_line' id='line_1_112' title="bbox 1400 1342 2484 1385; baseline 0.009 -18"><span class='ocrx_word' id='word_1_883' title='bbox 1400 1350 1488 1375; x_wconf 85' lang='lat' dir='ltr'>posse.</span> <span class='ocrx_word' id='word_1_884' title='bbox 1508 1349 1536 1368; x_wconf 89' lang='lat' dir='ltr'>ut</span> <span class='ocrx_word' id='word_1_885' title='bbox 1555 1351 1635 1377; x_wconf 84' lang='lat' dir='ltr'>supra</span> <span class='ocrx_word' id='word_1_886' title='bbox 1653 1350 1792 1370; x_wconf 84' lang='lat' dir='ltr'>ostensum</span> <span class='ocrx_word' id='word_1_887' title='bbox 1811 1351 1860 1371; x_wconf 80' lang='lat' dir='ltr'>est.</span> <span class='ocrx_word' id='word_1_888' title='bbox 1884 1342 1959 1374; x_wconf 87' lang='lat' dir='ltr'>Non</span> <span class='ocrx_word' id='word_1_889' title='bbox 1978 1349 2086 1384; x_wconf 82' lang='lat' dir='ltr'>potest</span> <span class='ocrx_word' id='word_1_890' title='bbox 2105 1344 2202 1385; x_wconf 75' lang='lat' dir='ltr'>igitur</span> <span class='ocrx_word' id='word_1_891' title='bbox 2218 1343 2309 1376; x_wconf 83' lang='lat' dir='ltr'>Deus</span> <span class='ocrx_word' id='word_1_892' title='bbox 2325 1343 2407 1376; x_wconf 79' lang='lat' dir='ltr'>velle</span> <span class='ocrx_word' id='word_1_893' title='bbox 2425 1347 2484 1373; x_wconf 61' lang='grc' dir='ltr'>ΔΗΒ</span> 
     </span>
     <span class='ocr_line' id='line_1_113' title="bbox 1399 1391 2482 1442; baseline 0.005 -21"><span class='ocrx_word' id='word_1_894' title='bbox 1399 1391 1520 1432; x_wconf 81' lang='lat' dir='ltr'>aliquid</span> <span class='ocrx_word' id='word_1_895' title='bbox 1545 1392 1635 1432; x_wconf 85' lang='lat' dir='ltr'>quod</span> <span class='ocrx_word' id='word_1_896' title='bbox 1659 1400 1819 1434; x_wconf 83' lang='lat' dir='ltr'>repugnat</span> <span class='ocrx_word' id='word_1_897' title='bbox 1835 1395 1951 1425; x_wconf 87' lang='lat' dir='ltr'>rationi</span> <span class='ocrx_word' id='word_1_898' title='bbox 1969 1396 2051 1442; x_wconf 89' lang='lat' dir='ltr'>entis</span> <span class='ocrx_word' id='word_1_899' title='bbox 2067 1396 2264 1437; x_wconf 85' lang='lat' dir='ltr'>inquantum</span> <span class='ocrx_word' id='word_1_900' title='bbox 2281 1395 2482 1428; x_wconf 80' lang='lat' dir='ltr'>huiusmodi.</span> 
     </span>
     <span class='ocr_line' id='line_1_114' title="bbox 1399 1443 2490 1486; baseline 0.003 -13"><span class='ocrx_word' id='word_1_901' title='bbox 1399 1443 1489 1473; x_wconf 82' lang='lat' dir='ltr'>Sicut</span> <span class='ocrx_word' id='word_1_902' title='bbox 1514 1449 1622 1474; x_wconf 85' lang='lat' dir='ltr'>autem</span> <span class='ocrx_word' id='word_1_903' title='bbox 1642 1468 1648 1474; x_wconf 93' lang='lat'>.</span> <span class='ocrx_word' id='word_1_904' title='bbox 1665 1468 1671 1475; x_wconf 89' lang='lat'>.</span> <span class='ocrx_word' id='word_1_905' title='bbox 1689 1469 1694 1474; x_wconf 95' lang='lat'>.</span> <span class='ocrx_word' id='word_1_906' title='bbox 1715 1445 1979 1486; x_wconf 87' lang='lat' dir='ltr'>impossibilium.</span> <span class='ocrx_word' id='word_1_907' title='bbox 2004 1451 2020 1483; x_wconf 64' lang='lat' dir='ltr'>g</span> <span class='ocrx_word' id='word_1_908' title='bbox 2038 1451 2171 1485; x_wconf 75' lang='lat' dir='ltr'>Amplius.</span> <span class='ocrx_word' id='word_1_909' title='bbox 2190 1451 2319 1477; x_wconf 74' lang='lat' dir='ltr'>Voluntas</span> <span class='ocrx_word' id='word_1_910' title='bbox 2343 1451 2391 1477; x_wconf 79' lang='lat' dir='ltr'>Dei</span> <span class='ocrx_word' id='word_1_911' title='bbox 2414 1450 2490 1476; x_wconf 43' lang='lat' dir='ltr'>cireen</span> 
     </span>
    </p>
   </div>
   <div class='ocr_carea' id='block_1_31' title="bbox 2513 429 2716 454">
    <p class='ocr_par' dir='ltr' id='par_1_36' title="bbox 2513 429 2716 454">
     <span class='ocr_line' id='line_1_115' title="bbox 2513 429 2716 454; baseline 0.01 -8"><span class='ocrx_word' id='word_1_912' title='bbox 2513 431 2563 451; x_wconf 79' lang='lat' dir='ltr'>24v</span> <span class='ocrx_word' id='word_1_913' title='bbox 2577 429 2716 454; x_wconf 64' lang='lat'>29-9.232</span> 
     </span>
    </p>
   </div>
   <div class='ocr_carea' id='block_1_32' title="bbox 1399 1500 2484 1537">
    <p class='ocr_par' dir='ltr' id='par_1_37' title="bbox 1399 1500 2484 1537">
     <span class='ocr_line' id='line_1_116' title="bbox 1399 1500 2484 1537; baseline 0.005 -14"><span class='ocrx_word' id='word_1_914' title='bbox 1399 1506 1428 1523; x_wconf 82' lang='lat' dir='ltr'>ea</span> <span class='ocrx_word' id='word_1_915' title='bbox 1451 1506 1519 1531; x_wconf 87' lang='lat' dir='ltr'>quae</span> <span class='ocrx_word' id='word_1_916' title='bbox 1545 1500 1626 1532; x_wconf 80' lang='lat' dir='ltr'>ipsius</span> <span class='ocrx_word' id='word_1_917' title='bbox 1652 1505 1714 1525; x_wconf 85' lang='lat' dir='ltr'>sunt</span> <span class='ocrx_word' id='word_1_918' title='bbox 1732 1502 1908 1527; x_wconf 76' lang='lat' dir='ltr'>necessariam</span> <span class='ocrx_word' id='word_1_919' title='bbox 1925 1502 2170 1528; x_wconf 76' lang='lat' dir='ltr'>determinationem</span> <span class='ocrx_word' id='word_1_920' title='bbox 2193 1503 2281 1534; x_wconf 76' lang='lat' dir='ltr'>habet,</span> <span class='ocrx_word' id='word_1_921' title='bbox 2299 1503 2377 1529; x_wconf 70' lang='lat' dir='ltr'>Nihil</span> <span class='ocrx_word' id='word_1_922' title='bbox 2394 1502 2484 1537; x_wconf 67' lang='lat' dir='ltr'>igme·</span> 
     </span>
    </p>
   </div>
   <div class='ocr_carea' id='block_1_33' title="bbox 1398 1550 2487 1588">
    <p class='ocr_par' dir='ltr' id='par_1_38' title="bbox 1398 1550 2487 1588">
     <span class='ocr_line' id='line_1_117' title="bbox 1398 1550 2487 1588; baseline 0.006 -14"><span class='ocrx_word' id='word_1_923' title='bbox 1398 1550 1471 1575; x_wconf 77' lang='lat' dir='ltr'>circa</span> <span class='ocrx_word' id='word_1_924' title='bbox 1492 1557 1529 1580; x_wconf 81' lang='lat' dir='ltr'>se,</span> <span class='ocrx_word' id='word_1_925' title='bbox 1554 1556 1583 1576; x_wconf 88' lang='lat' dir='ltr'>ut</span> <span class='ocrx_word' id='word_1_926' title='bbox 1601 1557 1739 1577; x_wconf 78' lang='lat' dir='ltr'>ostensum</span> <span class='ocrx_word' id='word_1_927' title='bbox 1760 1558 1809 1578; x_wconf 88' lang='lat' dir='ltr'>est.</span> <span class='ocrx_word' id='word_1_928' title='bbox 1829 1552 1897 1579; x_wconf 81' lang='lat' dir='ltr'>Nihil</span> <span class='ocrx_word' id='word_1_929' title='bbox 1915 1554 1993 1587; x_wconf 74' lang='lat' dir='ltr'>igitur</span> <span class='ocrx_word' id='word_1_930' title='bbox 2011 1554 2079 1580; x_wconf 79' lang='lat' dir='ltr'>circa</span> <span class='ocrx_word' id='word_1_931' title='bbox 2098 1562 2128 1580; x_wconf 76' lang='lat' dir='ltr'>se</span> <span class='ocrx_word' id='word_1_932' title='bbox 2146 1560 2235 1588; x_wconf 69' lang='lat' dir='ltr'>potent</span> <span class='ocrx_word' id='word_1_933' title='bbox 2252 1555 2322 1581; x_wconf 85' lang='lat' dir='ltr'>velle</span> <span class='ocrx_word' id='word_1_934' title='bbox 2340 1555 2390 1581; x_wconf 69' lang='lat' dir='ltr'>nisi</span> <span class='ocrx_word' id='word_1_935' title='bbox 2408 1554 2487 1588; x_wconf 54' lang='lat' dir='ltr'>qud&amp;</span> 
     </span>
    </p>
   </div>
   <div class='ocr_carea' id='block_1_34' title="bbox 1400 1604 2518 1642">
    <p class='ocr_par' dir='ltr' id='par_1_39' title="bbox 1400 1604 2518 1642">
     <span class='ocr_line' id='line_1_118' title="bbox 1400 1604 2518 1642; baseline 0.007 -15"><span class='ocrx_word' id='word_1_936' title='bbox 1400 1608 1448 1628; x_wconf 86' lang='lat' dir='ltr'>est.</span> <span class='ocrx_word' id='word_1_937' title='bbox 1471 1604 1528 1628; x_wconf 78' lang='lat' dir='ltr'>Alia</span> <span class='ocrx_word' id='word_1_938' title='bbox 1548 1611 1635 1630; x_wconf 79' lang='lat' dir='ltr'>autem</span> <span class='ocrx_word' id='word_1_939' title='bbox 1658 1605 1714 1630; x_wconf 89' lang='lat' dir='ltr'>vult</span> <span class='ocrx_word' id='word_1_940' title='bbox 1733 1606 1832 1631; x_wconf 85' lang='lat' dir='ltr'>ratione</span> <span class='ocrx_word' id='word_1_941' title='bbox 1850 1606 1890 1631; x_wconf 85' lang='lat' dir='ltr'>sui</span> <span class='ocrx_word' id='word_1_942' title='bbox 1910 1606 2003 1639; x_wconf 75' lang='lat' dir='ltr'>ipsius,</span> <span class='ocrx_word' id='word_1_943' title='bbox 2022 1607 2089 1632; x_wconf 83' lang='lat' dir='ltr'>sicut</span> <span class='ocrx_word' id='word_1_944' title='bbox 2111 1614 2145 1633; x_wconf 80' lang='lat' dir='ltr'>ea</span> <span class='ocrx_word' id='word_1_945' title='bbox 2163 1615 2256 1634; x_wconf 80' lang='lat' dir='ltr'>eorum</span> <span class='ocrx_word' id='word_1_946' title='bbox 2280 1615 2350 1642; x_wconf 74' lang='lat' dir='ltr'>quae</span> <span class='ocrx_word' id='word_1_947' title='bbox 2369 1612 2431 1634; x_wconf 71' lang='lat' dir='ltr'>eunt</span> <span class='ocrx_word' id='word_1_948' title='bbox 2446 1607 2484 1638; x_wconf 63' lang='lat' dir='ltr'>fid</span> <span class='ocrx_word' id='word_1_949' title='bbox 2514 1605 2518 1608; x_wconf 77' lang='grc'><strong><em>’</em></strong></span> 
     </span>
    </p>
   </div>
   <div class='ocr_carea' id='block_1_35' title="bbox 1396 1654 2496 2006">
    <p class='ocr_par' dir='ltr' id='par_1_40' title="bbox 1396 1654 2496 2006">
     <span class='ocr_line' id='line_1_119' title="bbox 1400 1654 2485 1692; baseline 0.006 -13"><span class='ocrx_word' id='word_1_950' title='bbox 1400 1654 1479 1680; x_wconf 84' lang='lat' dir='ltr'>finem</span> <span class='ocrx_word' id='word_1_951' title='bbox 1498 1656 1620 1680; x_wconf 81' lang='lat' dir='ltr'>voluntas</span> <span class='ocrx_word' id='word_1_952' title='bbox 1634 1661 1675 1681; x_wconf 85' lang='lat' dir='ltr'>est</span> <span class='ocrx_word' id='word_1_953' title='bbox 1694 1662 1801 1690; x_wconf 83' lang='lat' dir='ltr'>propter</span> <span class='ocrx_word' id='word_1_954' title='bbox 1819 1656 1908 1684; x_wconf 84' lang='lat' dir='ltr'>finem.</span> <span class='ocrx_word' id='word_1_955' title='bbox 1922 1657 2000 1688; x_wconf 87' lang='lat' dir='ltr'>Quod</span> <span class='ocrx_word' id='word_1_956' title='bbox 2013 1659 2123 1691; x_wconf 86' lang='lat' dir='ltr'>quidem</span> <span class='ocrx_word' id='word_1_957' title='bbox 2136 1659 2169 1685; x_wconf 81' lang='lat' dir='ltr'>ad</span> <span class='ocrx_word' id='word_1_958' title='bbox 2187 1659 2344 1685; x_wconf 82' lang='lat' dir='ltr'>electionem</span> <span class='ocrx_word' id='word_1_959' title='bbox 2362 1658 2485 1692; x_wconf 61' lang='lat' dir='ltr'>paetum.</span> 
     </span>
     <span class='ocr_line' id='line_1_120' title="bbox 1399 1707 2484 1744; baseline 0.006 -14"><span class='ocrx_word' id='word_1_960' title='bbox 1399 1713 1459 1731; x_wconf 85' lang='lat' dir='ltr'>nam</span> <span class='ocrx_word' id='word_1_961' title='bbox 1486 1707 1578 1732; x_wconf 84' lang='lat' dir='ltr'>electio</span> <span class='ocrx_word' id='word_1_962' title='bbox 1598 1713 1640 1732; x_wconf 80' lang='lat' dir='ltr'>est</span> <span class='ocrx_word' id='word_1_963' title='bbox 1659 1715 1751 1733; x_wconf 87' lang='lat' dir='ltr'>eorum</span> <span class='ocrx_word' id='word_1_964' title='bbox 1770 1717 1840 1742; x_wconf 86' lang='lat' dir='ltr'>quae</span> <span class='ocrx_word' id='word_1_965' title='bbox 1858 1710 1890 1734; x_wconf 82' lang='lat' dir='ltr'>ad</span> <span class='ocrx_word' id='word_1_966' title='bbox 1909 1708 1999 1740; x_wconf 84' lang='lat' dir='ltr'>finem,</span> <span class='ocrx_word' id='word_1_967' title='bbox 2017 1711 2140 1736; x_wconf 73' lang='lat' dir='ltr'>voluntas</span> <span class='ocrx_word' id='word_1_968' title='bbox 2158 1717 2223 1736; x_wconf 77' lang='lat' dir='ltr'>vero</span> <span class='ocrx_word' id='word_1_969' title='bbox 2241 1711 2347 1744; x_wconf 73' lang='lat' dir='ltr'>proprie</span> <span class='ocrx_word' id='word_1_970' title='bbox 2365 1709 2435 1742; x_wconf 66' lang='lat' dir='ltr'>finit.</span> <span class='ocrx_word' id='word_1_971' title='bbox 2452 1714 2484 1736; x_wconf 64' lang='lat' dir='ltr'>tt</span> 
     </span>
     <span class='ocr_line' id='line_1_121' title="bbox 1399 1760 2481 1796; baseline 0.005 -14"><span class='ocrx_word' id='word_1_972' title='bbox 1399 1764 1469 1790; x_wconf 81' lang='lat' dir='ltr'>patet</span> <span class='ocrx_word' id='word_1_973' title='bbox 1488 1760 1513 1783; x_wconf 88' lang='lat' dir='ltr'>in</span> <span class='ocrx_word' id='word_1_974' title='bbox 1533 1760 1609 1784; x_wconf 83' lang='lat' dir='ltr'>tertio</span> <span class='ocrx_word' id='word_1_975' title='bbox 1634 1760 1686 1786; x_wconf 87' lang='lat' dir='ltr'>eth.</span> <span class='ocrx_word' id='word_1_976' title='bbox 1712 1760 1812 1786; x_wconf 82' lang='lat' dir='ltr'>Electio</span> <span class='ocrx_word' id='word_1_977' title='bbox 1833 1766 1921 1786; x_wconf 87' lang='lat' dir='ltr'>autern</span> <span class='ocrx_word' id='word_1_978' title='bbox 1945 1769 1997 1786; x_wconf 91' lang='lat' dir='ltr'>non</span> <span class='ocrx_word' id='word_1_979' title='bbox 2021 1766 2109 1794; x_wconf 78' lang='lat' dir='ltr'>potest</span> <span class='ocrx_word' id='word_1_980' title='bbox 2133 1769 2194 1788; x_wconf 71' lang='lat' dir='ltr'>esse</span> <span class='ocrx_word' id='word_1_981' title='bbox 2217 1761 2432 1796; x_wconf 70' lang='lat' dir='ltr'>impossibilium,</span> <span class='ocrx_word' id='word_1_982' title='bbox 2448 1766 2481 1787; x_wconf 75' lang='lat' dir='ltr'>ut</span> 
     </span>
     <span class='ocr_line' id='line_1_122' title="bbox 1398 1810 2480 1846; baseline 0.004 -12"><span class='ocrx_word' id='word_1_983' title='bbox 1398 1810 1494 1835; x_wconf 85' lang='lat' dir='ltr'>ibidem</span> <span class='ocrx_word' id='word_1_984' title='bbox 1514 1810 1632 1838; x_wconf 78' lang='lat' dir='ltr'>liabetur.</span> <span class='ocrx_word' id='word_1_985' title='bbox 1657 1812 1703 1836; x_wconf 87' lang='lat' dir='ltr'>sed</span> <span class='ocrx_word' id='word_1_986' title='bbox 1723 1813 1811 1837; x_wconf 84' lang='lat' dir='ltr'>solum</span> <span class='ocrx_word' id='word_1_987' title='bbox 1834 1819 1926 1838; x_wconf 88' lang='lat' dir='ltr'>eorum</span> <span class='ocrx_word' id='word_1_988' title='bbox 1946 1820 2015 1846; x_wconf 82' lang='lat' dir='ltr'>quae</span> <span class='ocrx_word' id='word_1_989' title='bbox 2039 1813 2065 1838; x_wconf 91' lang='lat' dir='ltr'>in</span> <span class='ocrx_word' id='word_1_990' title='bbox 2084 1813 2196 1846; x_wconf 68' lang='lat' dir='ltr'>eligente</span> <span class='ocrx_word' id='word_1_991' title='bbox 2214 1818 2286 1840; x_wconf 74' lang='lat' dir='ltr'>sunt.</span> <span class='ocrx_word' id='word_1_992' title='bbox 2305 1812 2385 1838; x_wconf 84' lang='lat' dir='ltr'>Nullo</span> <span class='ocrx_word' id='word_1_993' title='bbox 2402 1813 2480 1846; x_wconf 68' lang='lat' dir='ltr'>igitur</span> 
     </span>
     <span class='ocr_line' id='line_1_123' title="bbox 1398 1862 2481 1897; baseline 0.006 -12"><span class='ocrx_word' id='word_1_994' title='bbox 1398 1862 1478 1886; x_wconf 87' lang='lat' dir='ltr'>modo</span> <span class='ocrx_word' id='word_1_995' title='bbox 1498 1863 1619 1887; x_wconf 77' lang='lat' dir='ltr'>voluntas</span> <span class='ocrx_word' id='word_1_996' title='bbox 1639 1863 1685 1887; x_wconf 87' lang='lat' dir='ltr'>Dei</span> <span class='ocrx_word' id='word_1_997' title='bbox 1705 1869 1791 1896; x_wconf 83' lang='lat' dir='ltr'>potest</span> <span class='ocrx_word' id='word_1_998' title='bbox 1809 1871 1870 1888; x_wconf 75' lang='lat' dir='ltr'>esse</span> <span class='ocrx_word' id='word_1_999' title='bbox 1889 1863 2102 1897; x_wconf 73' lang='lat' dir='ltr'>impossibilium.</span> <span class='ocrx_word' id='word_1_1000' title='bbox 2122 1863 2254 1897; x_wconf 56' lang='lat' dir='ltr'>§Adhuz</span> <span class='ocrx_word' id='word_1_1001' title='bbox 2266 1863 2344 1889; x_wconf 63' lang='lat' dir='ltr'>Nuus</span> <span class='ocrx_word' id='word_1_1002' title='bbox 2357 1864 2481 1892; x_wconf 62' lang='lat' dir='ltr'>volum</span> 
     </span>
     <span class='ocr_line' id='line_1_124' title="bbox 1397 1905 2483 1948; baseline 0.004 -11"><span class='ocrx_word' id='word_1_1003' title='bbox 1397 1913 1505 1938; x_wconf 79' lang='lat' dir='ltr'>alicuius</span> <span class='ocrx_word' id='word_1_1004' title='bbox 1525 1914 1694 1945; x_wconf 80' lang='lat' dir='ltr'>impossibilis</span> <span class='ocrx_word' id='word_1_1005' title='bbox 1713 1922 1774 1939; x_wconf 74' lang='lat' dir='ltr'>esse</span> <span class='ocrx_word' id='word_1_1006' title='bbox 1792 1919 1880 1947; x_wconf 82' lang='lat' dir='ltr'>potest</span> <span class='ocrx_word' id='word_1_1007' title='bbox 1898 1915 1948 1940; x_wconf 73' lang='lat' dir='ltr'>nisi</span> <span class='ocrx_word' id='word_1_1008' title='bbox 1967 1915 2008 1940; x_wconf 91' lang='lat' dir='ltr'>vel</span> <span class='ocrx_word' id='word_1_1009' title='bbox 2028 1915 2183 1948; x_wconf 75' lang='lat' dir='ltr'>inquantum</span> <span class='ocrx_word' id='word_1_1010' title='bbox 2206 1905 2322 1940; x_wconf 74' lang='lat' dir='ltr'>ereditur</span> <span class='ocrx_word' id='word_1_1011' title='bbox 2346 1913 2483 1948; x_wconf 61' lang='lat' dir='ltr'>ponthus.</span> 
     </span>
     <span class='ocr_line' id='line_1_125' title="bbox 1396 1962 2496 2006; baseline 0.003 -18"><span class='ocrx_word' id='word_1_1012' title='bbox 1396 1964 1436 1988; x_wconf 88' lang='lat' dir='ltr'>vel</span> <span class='ocrx_word' id='word_1_1013' title='bbox 1454 1964 1547 1989; x_wconf 87' lang='lat' dir='ltr'>saltem</span> <span class='ocrx_word' id='word_1_1014' title='bbox 1568 1965 1723 1998; x_wconf 74' lang='lat' dir='ltr'>inquantum</span> <span class='ocrx_word' id='word_1_1015' title='bbox 1738 1965 1941 1998; x_wconf 80' lang='lat' dir='ltr'>apprehenditur</span> <span class='ocrx_word' id='word_1_1016' title='bbox 1953 1971 1982 1991; x_wconf 86' lang='lat' dir='ltr'>ut</span> <span class='ocrx_word' id='word_1_1017' title='bbox 1995 1965 2130 2000; x_wconf 74' lang='lat' dir='ltr'>possibile.</span> <span class='ocrx_word' id='word_1_1018' title='bbox 2143 1965 2211 1991; x_wconf 74' lang='lat' dir='ltr'>nicut</span> <span class='ocrx_word' id='word_1_1019' title='bbox 2222 1973 2283 1991; x_wconf 83' lang='lat' dir='ltr'>cum</span> <span class='ocrx_word' id='word_1_1020' title='bbox 2297 1965 2364 1996; x_wconf 75' lang='lat' dir='ltr'>dieo.</span> <span class='ocrx_word' id='word_1_1021' title='bbox 2374 1962 2480 1992; x_wconf 66' lang='lat' dir='ltr'>Vellet:</span> <span class='ocrx_word' id='word_1_1022' title='bbox 2491 2002 2496 2006; x_wconf 93' lang='lat'>.</span> 
     </span>
    </p>
   </div>
   <div class='ocr_carea' id='block_1_36' title="bbox 1396 2015 2503 2050">
    <p class='ocr_par' dir='ltr' id='par_1_41' title="bbox 1396 2015 2503 2050">
     <span class='ocr_line' id='line_1_126' title="bbox 1396 2015 2503 2050; baseline 0.004 -11"><span class='ocrx_word' id='word_1_1023' title='bbox 1396 2015 1446 2040; x_wconf 91' lang='lat' dir='ltr'>hoc</span> <span class='ocrx_word' id='word_1_1024' title='bbox 1465 2016 1486 2040; x_wconf 82' lang='lat' dir='ltr'>si</span> <span class='ocrx_word' id='word_1_1025' title='bbox 1506 2021 1578 2041; x_wconf 78' lang='lat' dir='ltr'>esset</span> <span class='ocrx_word' id='word_1_1026' title='bbox 1597 2016 1732 2049; x_wconf 79' lang='lat' dir='ltr'>possibile.</span> <span class='ocrx_word' id='word_1_1027' title='bbox 1748 2017 1779 2042; x_wconf 71' lang='lat' dir='ltr'>Et</span> <span class='ocrx_word' id='word_1_1028' title='bbox 1794 2017 1845 2042; x_wconf 82' lang='lat' dir='ltr'>hoc</span> <span class='ocrx_word' id='word_1_1029' title='bbox 1863 2017 1932 2048; x_wconf 71' lang='lat' dir='ltr'>ideo,</span> <span class='ocrx_word' id='word_1_1030' title='bbox 1945 2017 2007 2050; x_wconf 75' lang='lat' dir='ltr'>quia</span> <span class='ocrx_word' id='word_1_1031' title='bbox 2019 2018 2144 2043; x_wconf 75' lang='lat' dir='ltr'>volunt-⁸</span> <span class='ocrx_word' id='word_1_1032' title='bbox 2157 2017 2272 2043; x_wconf 64' lang='lat' dir='ltr'>utboni</span> <span class='ocrx_word' id='word_1_1033' title='bbox 2292 2017 2360 2043; x_wconf 71' lang='lat' dir='ltr'>sicut</span> <span class='ocrx_word' id='word_1_1034' title='bbox 2377 2016 2480 2048; x_wconf 67' lang='lat' dir='ltr'>obitui.</span> <span class='ocrx_word' id='word_1_1035' title='bbox 2499 2018 2503 2022; x_wconf 90' lang='lat'>&#39;</span> 
     </span>
    </p>
   </div>
   <div class='ocr_carea' id='block_1_37' title="bbox 1396 2066 2486 2155">
    <p class='ocr_par' dir='ltr' id='par_1_42' title="bbox 1396 2066 2486 2155">
     <span class='ocr_line' id='line_1_127' title="bbox 1397 2066 2481 2103; baseline 0.004 -12"><span class='ocrx_word' id='word_1_1036' title='bbox 1397 2072 1422 2091; x_wconf 84' lang='lat' dir='ltr'>et</span> <span class='ocrx_word' id='word_1_1037' title='bbox 1442 2075 1488 2099; x_wconf 84' lang='lat' dir='ltr'>per</span> <span class='ocrx_word' id='word_1_1038' title='bbox 1507 2066 1558 2093; x_wconf 83' lang='lat' dir='ltr'>hoc</span> <span class='ocrx_word' id='word_1_1039' title='bbox 1577 2076 1630 2092; x_wconf 91' lang='lat' dir='ltr'>non</span> <span class='ocrx_word' id='word_1_1040' title='bbox 1651 2073 1738 2101; x_wconf 70' lang='lat' dir='ltr'>potest</span> <span class='ocrx_word' id='word_1_1041' title='bbox 1756 2075 1816 2094; x_wconf 75' lang='lat' dir='ltr'>esee</span> <span class='ocrx_word' id='word_1_1042' title='bbox 1835 2069 1884 2094; x_wconf 69' lang='lat' dir='ltr'>nini</span> <span class='ocrx_word' id='word_1_1043' title='bbox 1903 2069 1980 2099; x_wconf 74' lang='lat' dir='ltr'>entis,</span> <span class='ocrx_word' id='word_1_1044' title='bbox 1992 2068 2034 2094; x_wconf 77' lang='lat' dir='ltr'>cui</span> <span class='ocrx_word' id='word_1_1045' title='bbox 2052 2074 2184 2103; x_wconf 70' lang='lat' dir='ltr'>repugnat</span> <span class='ocrx_word' id='word_1_1046' title='bbox 2201 2076 2250 2103; x_wconf 83' lang='lat' dir='ltr'>per</span> <span class='ocrx_word' id='word_1_1047' title='bbox 2261 2075 2292 2095; x_wconf 76' lang='lat' dir='ltr'>se</span> <span class='ocrx_word' id='word_1_1048' title='bbox 2306 2067 2481 2103; x_wconf 51' lang='lat' dir='ltr'>impunibile</span> 
     </span>
     <span class='ocr_line' id='line_1_128' title="bbox 1396 2117 2486 2155; baseline 0.002 -11"><span class='ocrx_word' id='word_1_1049' title='bbox 1396 2119 1468 2144; x_wconf 77' lang='lat' dir='ltr'>Deus</span> <span class='ocrx_word' id='word_1_1050' title='bbox 1487 2125 1575 2144; x_wconf 75' lang='lat' dir='ltr'>autem</span> <span class='ocrx_word' id='word_1_1051' title='bbox 1590 2127 1642 2144; x_wconf 88' lang='lat' dir='ltr'>non</span> <span class='ocrx_word' id='word_1_1052' title='bbox 1657 2125 1746 2153; x_wconf 70' lang='lat' dir='ltr'>potest</span> <span class='ocrx_word' id='word_1_1053' title='bbox 1757 2121 1864 2146; x_wconf 80' lang='lat' dir='ltr'>credere</span> <span class='ocrx_word' id='word_1_1054' title='bbox 1874 2121 1982 2155; x_wconf 78' lang='lat' dir='ltr'>aliquod</span> <span class='ocrx_word' id='word_1_1055' title='bbox 1995 2120 2161 2154; x_wconf 66' lang='lat' dir='ltr'>impunibile</span> <span class='ocrx_word' id='word_1_1056' title='bbox 2173 2127 2235 2146; x_wconf 71' lang='lat' dir='ltr'>esee</span> <span class='ocrx_word' id='word_1_1057' title='bbox 2246 2119 2380 2154; x_wconf 65' lang='lat' dir='ltr'>pon-ibin.</span> <span class='ocrx_word' id='word_1_1058' title='bbox 2400 2117 2486 2151; x_wconf 58' lang='lat' dir='ltr'>Qu&gt;</span> 
     </span>
    </p>
   </div>
   <div class='ocr_carea' id='block_1_38' title="bbox 1395 2163 2494 2622">
    <p class='ocr_par' dir='ltr' id='par_1_43' title="bbox 1395 2163 2494 2622">
     <span class='ocr_line' id='line_1_129' title="bbox 1396 2163 2480 2206; baseline 0.004 -11"><span class='ocrx_word' id='word_1_1059' title='bbox 1396 2170 1474 2196; x_wconf 83' lang='lat' dir='ltr'>etiam</span> <span class='ocrx_word' id='word_1_1060' title='bbox 1494 2176 1534 2196; x_wconf 78' lang='lat' dir='ltr'>est</span> <span class='ocrx_word' id='word_1_1061' title='bbox 1554 2179 1601 2204; x_wconf 89' lang='lat' dir='ltr'>per</span> <span class='ocrx_word' id='word_1_1062' title='bbox 1621 2179 1650 2196; x_wconf 81' lang='lat' dir='ltr'>se</span> <span class='ocrx_word' id='word_1_1063' title='bbox 1669 2171 1834 2204; x_wconf 66' lang='lat' dir='ltr'>impossibile</span> <span class='ocrx_word' id='word_1_1064' title='bbox 1853 2172 1986 2198; x_wconf 81' lang='lat' dir='ltr'>intellectu</span> <span class='ocrx_word' id='word_1_1065' title='bbox 2005 2179 2058 2198; x_wconf 81' lang='lat' dir='ltr'>non</span> <span class='ocrx_word' id='word_1_1066' title='bbox 2082 2177 2170 2206; x_wconf 68' lang='lat' dir='ltr'>potest</span> <span class='ocrx_word' id='word_1_1067' title='bbox 2189 2163 2400 2206; x_wconf 58' lang='lat' dir='ltr'>apprehendi&#39;ut</span> <span class='ocrx_word' id='word_1_1068' title='bbox 2417 2178 2480 2206; x_wconf 62' lang='grc' dir='ltr'>μο-</span> 
     </span>
     <span class='ocr_line' id='line_1_130' title="bbox 1395 2221 2486 2258; baseline 0.004 -12"><span class='ocrx_word' id='word_1_1069' title='bbox 1395 2222 1481 2252; x_wconf 82' lang='lat' dir='ltr'>sibile,</span> <span class='ocrx_word' id='word_1_1070' title='bbox 1499 2222 1548 2247; x_wconf 86' lang='lat' dir='ltr'>etsi</span> <span class='ocrx_word' id='word_1_1071' title='bbox 1568 2229 1663 2248; x_wconf 85' lang='lat' dir='ltr'>vocum</span> <span class='ocrx_word' id='word_1_1072' title='bbox 1687 2221 1888 2255; x_wconf 68' lang='lat' dir='ltr'>significatione·</span> <span class='ocrx_word' id='word_1_1073' title='bbox 1911 2222 2150 2258; x_wconf 75' lang='lat' dir='ltr'>apprehendantur.</span> <span class='ocrx_word' id='word_1_1074' title='bbox 2179 2222 2307 2250; x_wconf 81' lang='lat' dir='ltr'>Voluntu</span> <span class='ocrx_word' id='word_1_1075' title='bbox 2326 2223 2405 2258; x_wconf 68' lang='lat' dir='ltr'>igitur</span> <span class='ocrx_word' id='word_1_1076' title='bbox 2421 2222 2486 2255; x_wconf 64' lang='grc' dir='ltr'>Μ·</span> 
     </span>
     <span class='ocr_line' id='line_1_131' title="bbox 1395 2276 2480 2310; baseline 0.003 -10"><span class='ocrx_word' id='word_1_1077' title='bbox 1395 2283 1463 2308; x_wconf 82' lang='lat' dir='ltr'>quae</span> <span class='ocrx_word' id='word_1_1078' title='bbox 1484 2283 1590 2308; x_wconf 78' lang='lat' dir='ltr'>semper</span> <span class='ocrx_word' id='word_1_1079' title='bbox 1609 2276 1728 2309; x_wconf 80' lang='lat' dir='ltr'>sequitur</span> <span class='ocrx_word' id='word_1_1080' title='bbox 1747 2283 1825 2301; x_wconf 75' lang='lat' dir='ltr'>suum</span> <span class='ocrx_word' id='word_1_1081' title='bbox 1845 2276 2015 2306; x_wconf 76' lang='lat' dir='ltr'>intellectum.</span> <span class='ocrx_word' id='word_1_1082' title='bbox 2033 2282 2086 2301; x_wconf 84' lang='lat' dir='ltr'>non</span> <span class='ocrx_word' id='word_1_1083' title='bbox 2098 2281 2186 2310; x_wconf 74' lang='lat' dir='ltr'>potent</span> <span class='ocrx_word' id='word_1_1084' title='bbox 2198 2282 2260 2302; x_wconf 71' lang='lat' dir='ltr'>esee</span> <span class='ocrx_word' id='word_1_1085' title='bbox 2271 2283 2319 2310; x_wconf 82' lang='lat' dir='ltr'>per</span> <span class='ocrx_word' id='word_1_1086' title='bbox 2331 2282 2361 2301; x_wconf 75' lang='lat' dir='ltr'>se</span> <span class='ocrx_word' id='word_1_1087' title='bbox 2378 2276 2480 2310; x_wconf 60' lang='lat' dir='ltr'>inpu-</span> 
     </span>
     <span class='ocr_line' id='line_1_132' title="bbox 1395 2322 2479 2364; baseline 0.003 -12"><span class='ocrx_word' id='word_1_1088' title='bbox 1395 2327 1518 2354; x_wconf 79' lang='lat' dir='ltr'>sibitium.</span> <span class='ocrx_word' id='word_1_1089' title='bbox 1538 2324 1555 2341; x_wconf 64' lang='lat'>&#39;²</span> <span class='ocrx_word' id='word_1_1090' title='bbox 1572 2324 1604 2362; x_wconf 62' lang='grc' dir='ltr'>(ς</span> <span class='ocrx_word' id='word_1_1091' title='bbox 1627 2324 1779 2364; x_wconf 79' lang='lat' dir='ltr'>Amplius</span> <span class='ocrx_word' id='word_1_1092' title='bbox 1806 2324 1958 2355; x_wconf 78' lang='lat' dir='ltr'>voluntas</span> <span class='ocrx_word' id='word_1_1093' title='bbox 1974 2347 1982 2355; x_wconf 95' lang='lat'>.</span> <span class='ocrx_word' id='word_1_1094' title='bbox 1997 2347 2004 2355; x_wconf 94' lang='lat'>.</span> <span class='ocrx_word' id='word_1_1095' title='bbox 2020 2347 2028 2355; x_wconf 95' lang='lat'>.</span> <span class='ocrx_word' id='word_1_1096' title='bbox 2049 2324 2082 2355; x_wconf 89' lang='lat' dir='ltr'>in</span> <span class='ocrx_word' id='word_1_1097' title='bbox 2114 2323 2327 2356; x_wconf 85' lang='lat' dir='ltr'>voluntatem.</span> <span class='ocrx_word' id='word_1_1098' title='bbox 2352 2322 2416 2355; x_wconf 87' lang='lat' dir='ltr'>Sed</span> <span class='ocrx_word' id='word_1_1099' title='bbox 2439 2332 2479 2355; x_wconf 75' lang='lat' dir='ltr'>ee</span> 
     </span>
     <span class='ocr_line' id='line_1_133' title="bbox 1395 2374 2494 2416; baseline 0.002 -11"><span class='ocrx_word' id='word_1_1100' title='bbox 1395 2385 1479 2416; x_wconf 91' lang='lat' dir='ltr'>quae</span> <span class='ocrx_word' id='word_1_1101' title='bbox 1504 2381 1578 2405; x_wconf 84' lang='lat' dir='ltr'>sunt</span> <span class='ocrx_word' id='word_1_1102' title='bbox 1595 2374 1777 2406; x_wconf 88' lang='lat' dir='ltr'>secundum</span> <span class='ocrx_word' id='word_1_1103' title='bbox 1794 2385 1828 2406; x_wconf 86' lang='lat' dir='ltr'>se</span> <span class='ocrx_word' id='word_1_1104' title='bbox 1850 2375 2062 2416; x_wconf 74' lang='lat' dir='ltr'>impossibilia</span> <span class='ocrx_word' id='word_1_1105' title='bbox 2086 2384 2154 2406; x_wconf 91' lang='lat' dir='ltr'>non</span> <span class='ocrx_word' id='word_1_1106' title='bbox 2179 2374 2300 2407; x_wconf 82' lang='lat' dir='ltr'>cadunt</span> <span class='ocrx_word' id='word_1_1107' title='bbox 2323 2375 2356 2406; x_wconf 84' lang='lat' dir='ltr'>in</span> <span class='ocrx_word' id='word_1_1108' title='bbox 2384 2375 2494 2408; x_wconf 55' lang='lat' dir='ltr'>inuh·</span> 
     </span>
     <span class='ocr_line' id='line_1_134' title="bbox 1395 2425 2483 2468; baseline 0.001 -10"><span class='ocrx_word' id='word_1_1109' title='bbox 1395 2427 1516 2458; x_wconf 86' lang='lat' dir='ltr'>lectum</span> <span class='ocrx_word' id='word_1_1110' title='bbox 1534 2431 1587 2456; x_wconf 77' lang='lat' dir='ltr'>nisi·</span> <span class='ocrx_word' id='word_1_1111' title='bbox 1601 2438 1654 2463; x_wconf 79' lang='lat' dir='ltr'>pei·</span> <span class='ocrx_word' id='word_1_1112' title='bbox 1672 2437 1803 2462; x_wconf 74' lang='lat' dir='ltr'>errorem,</span> <span class='ocrx_word' id='word_1_1113' title='bbox 1822 2436 1898 2458; x_wconf 89' lang='lat' dir='ltr'>cum</span> <span class='ocrx_word' id='word_1_1114' title='bbox 1915 2427 1974 2457; x_wconf 82' lang='lat' dir='ltr'>sibi</span> <span class='ocrx_word' id='word_1_1115' title='bbox 1994 2427 2074 2467; x_wconf 84' lang='lat' dir='ltr'>ipsis</span> <span class='ocrx_word' id='word_1_1116' title='bbox 2097 2432 2291 2468; x_wconf 76' lang='lat' dir='ltr'>repugnent,</span> <span class='ocrx_word' id='word_1_1117' title='bbox 2315 2426 2377 2458; x_wconf 77' lang='lat' dir='ltr'>nisi</span> <span class='ocrx_word' id='word_1_1118' title='bbox 2392 2425 2483 2459; x_wconf 62' lang='lat' dir='ltr'>forte</span> 
     </span>
     <span class='ocr_line' id='line_1_135' title="bbox 1395 2478 2482 2519; baseline 0.002 -11"><span class='ocrx_word' id='word_1_1119' title='bbox 1395 2488 1453 2518; x_wconf 90' lang='lat' dir='ltr'>per</span> <span class='ocrx_word' id='word_1_1120' title='bbox 1469 2489 1610 2509; x_wconf 90' lang='lat' dir='ltr'>errorem</span> <span class='ocrx_word' id='word_1_1121' title='bbox 1637 2489 1703 2509; x_wconf 92' lang='lat' dir='ltr'>non</span> <span class='ocrx_word' id='word_1_1122' title='bbox 1724 2478 1931 2519; x_wconf 85' lang='lat' dir='ltr'>intelligentis</span> <span class='ocrx_word' id='word_1_1123' title='bbox 1947 2482 2014 2514; x_wconf 79' lang='lat' dir='ltr'>quid</span> <span class='ocrx_word' id='word_1_1124' title='bbox 2031 2481 2122 2516; x_wconf 59' lang='lat' dir='ltr'>sn&#39;gui&#39;f</span> <span class='ocrx_word' id='word_1_1125' title='bbox 2132 2487 2240 2509; x_wconf 84' lang='lat' dir='ltr'>rerum</span> <span class='ocrx_word' id='word_1_1126' title='bbox 2258 2484 2386 2508; x_wconf 68' lang='lat' dir='ltr'>umm-</span> <span class='ocrx_word' id='word_1_1127' title='bbox 2401 2485 2482 2519; x_wconf 55' lang='lat' dir='ltr'>plne</span> 
     </span>
     <span class='ocr_line' id='line_1_136' title="bbox 1395 2528 2486 2570; baseline 0 -10"><span class='ocrx_word' id='word_1_1128' title='bbox 1395 2531 1575 2570; x_wconf 86' lang='lat' dir='ltr'>prietatem.</span> <span class='ocrx_word' id='word_1_1129' title='bbox 1593 2530 1694 2567; x_wconf 86' lang='lat' dir='ltr'>Quod</span> <span class='ocrx_word' id='word_1_1130' title='bbox 1711 2530 1751 2561; x_wconf 88' lang='lat' dir='ltr'>de</span> <span class='ocrx_word' id='word_1_1131' title='bbox 1769 2530 1841 2561; x_wconf 89' lang='lat' dir='ltr'>Deo</span> <span class='ocrx_word' id='word_1_1132' title='bbox 1859 2554 1866 2560; x_wconf 95' lang='lat'>.</span> <span class='ocrx_word' id='word_1_1133' title='bbox 1881 2553 1889 2560; x_wconf 88' lang='lat'>.</span> <span class='ocrx_word' id='word_1_1134' title='bbox 1904 2553 1911 2560; x_wconf 94' lang='lat'>.</span> <span class='ocrx_word' id='word_1_1135' title='bbox 1929 2529 2153 2570; x_wconf 86' lang='lat' dir='ltr'>impossibilia.</span> <span class='ocrx_word' id='word_1_1136' title='bbox 2174 2530 2193 2569; x_wconf 67' lang='grc' dir='ltr'><strong>ξ</strong></span> <span class='ocrx_word' id='word_1_1137' title='bbox 2210 2529 2338 2561; x_wconf 81' lang='lat' dir='ltr'>Adhuc.</span> <span class='ocrx_word' id='word_1_1138' title='bbox 2354 2528 2486 2561; x_wconf 62' lang='lat' dir='ltr'>Secu-‘-</span> 
     </span>
     <span class='ocr_line' id='line_1_137' title="bbox 1395 2580 2486 2622; baseline 0.001 -10"><span class='ocrx_word' id='word_1_1139' title='bbox 1395 2581 1473 2612; x_wconf 89' lang='lat' dir='ltr'>dum</span> <span class='ocrx_word' id='word_1_1140' title='bbox 1507 2582 1598 2622; x_wconf 89' lang='lat' dir='ltr'>quod</span> <span class='ocrx_word' id='word_1_1141' title='bbox 1627 2581 1892 2622; x_wconf 88' lang='lat' dir='ltr'>unumquodque</span> <span class='ocrx_word' id='word_1_1142' title='bbox 1917 2605 1946 2614; x_wconf 87' lang='lat'>..</span> <span class='ocrx_word' id='word_1_1143' title='bbox 1961 2605 1968 2612; x_wconf 93' lang='lat'>.</span> <span class='ocrx_word' id='word_1_1144' title='bbox 1987 2587 2125 2622; x_wconf 81' lang='lat' dir='ltr'>possunt</span> <span class='ocrx_word' id='word_1_1145' title='bbox 2155 2590 2225 2612; x_wconf 80' lang='lat' dir='ltr'>esse</span> <span class='ocrx_word' id='word_1_1146' title='bbox 2248 2580 2361 2622; x_wconf 79' lang='lat' dir='ltr'>bona.)</span> <span class='ocrx_word' id='word_1_1147' title='bbox 2483 2585 2486 2589; x_wconf 76' lang='grc'><strong>’</strong></span> 
     </span>
    </p>
   </div>
   <div class='ocr_carea' id='block_1_39' title="bbox 1395 2687 2482 2775">
    <p class='ocr_par' dir='ltr' id='par_1_44' title="bbox 1395 2687 2482 2775">
     <span class='ocr_line' id='line_1_138' title="bbox 1395 2687 2478 2728; baseline 0 -12"><span class='ocrx_word' id='word_1_1148' title='bbox 1395 2688 1476 2728; x_wconf 69' lang='lat' dir='ltr'>(lap.</span> <span class='ocrx_word' id='word_1_1149' title='bbox 1504 2687 1661 2718; x_wconf 83' lang='lat' dir='ltr'>LXXXV.</span> <span class='ocrx_word' id='word_1_1150' title='bbox 1679 2687 1777 2726; x_wconf 79' lang='lat' dir='ltr'>Quon</span> <span class='ocrx_word' id='word_1_1151' title='bbox 1803 2697 1910 2718; x_wconf 68' lang='lat' dir='ltr'>ntvnu</span> <span class='ocrx_word' id='word_1_1152' title='bbox 1934 2696 2099 2718; x_wconf 59' lang='lat' dir='ltr'>vohun-ras</span> <span class='ocrx_word' id='word_1_1153' title='bbox 2118 2695 2187 2717; x_wconf 67' lang='lat' dir='ltr'>Nox</span> <span class='ocrx_word' id='word_1_1154' title='bbox 2205 2695 2321 2716; x_wconf 73' lang='grc' dir='ltr'>τοιιιτ</span> <span class='ocrx_word' id='word_1_1155' title='bbox 2345 2693 2478 2717; x_wconf 69' lang='lat' dir='ltr'>comm·</span> 
     </span>
     <span class='ocr_line' id='line_1_139' title="bbox 1441 2744 2482 2775; baseline -0.001 -6"><span class='ocrx_word' id='word_1_1156' title='bbox 1441 2749 1579 2770; x_wconf 64' lang='lat' dir='ltr'>ossi-nun</span> <span class='ocrx_word' id='word_1_1157' title='bbox 1605 2750 1622 2769; x_wconf 76' lang='lat' dir='ltr'>A</span> <span class='ocrx_word' id='word_1_1158' title='bbox 1649 2749 1754 2775; x_wconf 72' lang='lat' dir='ltr'>nanus,</span> <span class='ocrx_word' id='word_1_1159' title='bbox 1780 2749 1885 2770; x_wconf 61' lang='lat' dir='ltr'>stoue</span> <span class='ocrx_word' id='word_1_1160' title='bbox 1909 2748 1955 2769; x_wconf 74' lang='lat' dir='ltr'>ars</span> <span class='ocrx_word' id='word_1_1161' title='bbox 1979 2747 2209 2769; x_wconf 60' lang='lat' dir='ltr'>suessam-ran</span> <span class='ocrx_word' id='word_1_1162' title='bbox 2226 2747 2415 2769; x_wconf 61' lang='lat' dir='ltr'>nuscum-u</span> <span class='ocrx_word' id='word_1_1163' title='bbox 2429 2744 2482 2769; x_wconf 79' lang='lat' dir='ltr'>nt-</span> 
     </span>
    </p>
   </div>
   <div class='ocr_carea' id='block_1_40' title="bbox 1442 2800 1544 2821">
    <p class='ocr_par' dir='ltr' id='par_1_45' title="bbox 1442 2800 1544 2821">
     <span class='ocr_line' id='line_1_140' title="bbox 1442 2800 1544 2821; baseline 0.01 -1"><span class='ocrx_word' id='word_1_1164' title='bbox 1442 2800 1544 2821; x_wconf 78' lang='lat' dir='ltr'>PoxtT.</span> 
     </span>
    </p>
   </div>
   <div class='ocr_carea' id='block_1_41' title="bbox 1394 2883 2495 3234">
    <p class='ocr_par' dir='ltr' id='par_1_46' title="bbox 1394 2883 2495 3234">
     <span class='ocr_line' id='line_1_141' title="bbox 1439 2883 2479 2926; baseline -0.002 -10"><span class='ocrx_word' id='word_1_1165' title='bbox 1439 2887 1457 2924; x_wconf 67' lang='grc' dir='ltr'>,ξ</span> <span class='ocrx_word' id='word_1_1166' title='bbox 1475 2886 1519 2916; x_wconf 86' lang='lat' dir='ltr'>Ex</span> <span class='ocrx_word' id='word_1_1167' title='bbox 1547 2885 1717 2926; x_wconf 86' lang='lat' dir='ltr'>praedictis</span> <span class='ocrx_word' id='word_1_1168' title='bbox 1733 2891 1842 2916; x_wconf 86' lang='lat' dir='ltr'>autem</span> <span class='ocrx_word' id='word_1_1169' title='bbox 1860 2885 1969 2915; x_wconf 79' lang='lat' dir='ltr'>haberi</span> <span class='ocrx_word' id='word_1_1170' title='bbox 1995 2890 2103 2925; x_wconf 84' lang='lat' dir='ltr'>potest</span> <span class='ocrx_word' id='word_1_1171' title='bbox 2127 2883 2218 2925; x_wconf 89' lang='lat' dir='ltr'>quod</span> <span class='ocrx_word' id='word_1_1172' title='bbox 2237 2886 2370 2921; x_wconf 70' lang='lat' dir='ltr'>praedicta</span> <span class='ocrx_word' id='word_1_1173' title='bbox 2386 2893 2479 2915; x_wconf 69' lang='lat' dir='ltr'>neen-</span> 
     </span>
     <span class='ocr_line' id='line_1_142' title="bbox 1395 2935 2479 2976; baseline 0 -10"><span class='ocrx_word' id='word_1_1174' title='bbox 1395 2941 1458 2966; x_wconf 74' lang='lat' dir='ltr'>nitus</span> <span class='ocrx_word' id='word_1_1175' title='bbox 1483 2941 1586 2966; x_wconf 80' lang='lat' dir='ltr'>divinae</span> <span class='ocrx_word' id='word_1_1176' title='bbox 1607 2940 1748 2966; x_wconf 71' lang='lat' dir='ltr'>voluntatis</span> <span class='ocrx_word' id='word_1_1177' title='bbox 1772 2936 1895 2975; x_wconf 87' lang='lat' dir='ltr'>(divina</span> <span class='ocrx_word' id='word_1_1178' title='bbox 1925 2936 2077 2967; x_wconf 80' lang='lat' dir='ltr'>voluntas</span> <span class='ocrx_word' id='word_1_1179' title='bbox 2108 2935 2368 2976; x_wconf 80' lang='lat' dir='ltr'>contingentiam</span> <span class='ocrx_word' id='word_1_1180' title='bbox 2387 2945 2479 2966; x_wconf 68' lang='lat' dir='ltr'>rm</span> 
     </span>
     <span class='ocr_line' id='line_1_143' title="bbox 1394 2986 2478 3027; baseline 0 -8"><span class='ocrx_word' id='word_1_1181' title='bbox 1394 2998 1463 3019; x_wconf 93' lang='lat' dir='ltr'>non</span> <span class='ocrx_word' id='word_1_1182' title='bbox 1495 2988 1590 3024; x_wconf 89' lang='lat' dir='ltr'>tollit,</span> <span class='ocrx_word' id='word_1_1183' title='bbox 1621 2986 1696 3025; x_wconf 83' lang='lat' dir='ltr'>nec)</span> <span class='ocrx_word' id='word_1_1184' title='bbox 1727 2988 1954 3019; x_wconf 81' lang='lat' dir='ltr'>necessitatem</span> <span class='ocrx_word' id='word_1_1185' title='bbox 1988 2986 2171 3018; x_wconf 76' lang='lat' dir='ltr'>absolutam</span> <span class='ocrx_word' id='word_1_1186' title='bbox 2205 2986 2302 3027; x_wconf 79' lang='lat' dir='ltr'>rebus</span> <span class='ocrx_word' id='word_1_1187' title='bbox 2333 2997 2387 3016; x_wconf 75' lang='lat' dir='ltr'>non</span> <span class='ocrx_word' id='word_1_1188' title='bbox 2414 2986 2478 3019; x_wconf 75' lang='lat' dir='ltr'>im-</span> 
     </span>
     <span class='ocr_line' id='line_1_144' title="bbox 1395 3037 2479 3080; baseline 0.002 -10"><span class='ocrx_word' id='word_1_1189' title='bbox 1395 3041 1498 3080; x_wconf 87' lang='lat' dir='ltr'>ponit.</span> <span class='ocrx_word' id='word_1_1190' title='bbox 1535 3040 1612 3070; x_wconf 91' lang='lat' dir='ltr'>Vult</span> <span class='ocrx_word' id='word_1_1191' title='bbox 1637 3039 1725 3070; x_wconf 87' lang='lat' dir='ltr'>enirn</span> <span class='ocrx_word' id='word_1_1192' title='bbox 1750 3039 1839 3070; x_wconf 86' lang='lat' dir='ltr'>Deus</span> <span class='ocrx_word' id='word_1_1193' title='bbox 1865 3039 1977 3070; x_wconf 85' lang='lat' dir='ltr'>omnia</span> <span class='ocrx_word' id='word_1_1194' title='bbox 2003 3047 2088 3080; x_wconf 81' lang='lat' dir='ltr'>quae</span> <span class='ocrx_word' id='word_1_1195' title='bbox 2112 3039 2325 3080; x_wconf 87' lang='lat' dir='ltr'>requiruntur</span> <span class='ocrx_word' id='word_1_1196' title='bbox 2347 3037 2388 3070; x_wconf 76' lang='lat' dir='ltr'>ad</span> <span class='ocrx_word' id='word_1_1197' title='bbox 2413 3041 2479 3072; x_wconf 68' lang='lat' dir='ltr'>inne</span> 
     </span>
     <span class='ocr_line' id='line_1_145' title="bbox 1395 3087 2495 3132; baseline 0.002 -11"><span class='ocrx_word' id='word_1_1198' title='bbox 1395 3096 1466 3128; x_wconf 79' lang='lat' dir='ltr'>quod</span> <span class='ocrx_word' id='word_1_1199' title='bbox 1486 3095 1643 3128; x_wconf 75' lang='lat' dir='ltr'>supponitur</span> <span class='ocrx_word' id='word_1_1200' title='bbox 1661 3094 1730 3120; x_wconf 88' lang='lat' dir='ltr'>velle</span> <span class='ocrx_word' id='word_1_1201' title='bbox 1761 3091 1843 3124; x_wconf 84' lang='lat' dir='ltr'>(rem</span> <span class='ocrx_word' id='word_1_1202' title='bbox 1871 3100 1971 3132; x_wconf 73' lang='lat' dir='ltr'>quum</span> <span class='ocrx_word' id='word_1_1203' title='bbox 2000 3090 2082 3131; x_wconf 89' lang='lat' dir='ltr'>vult)</span> <span class='ocrx_word' id='word_1_1204' title='bbox 2110 3095 2147 3121; x_wconf 83' lang='lat' dir='ltr'>ut</span> <span class='ocrx_word' id='word_1_1205' title='bbox 2173 3089 2298 3121; x_wconf 79' lang='lat' dir='ltr'>dictum</span> <span class='ocrx_word' id='word_1_1206' title='bbox 2326 3095 2384 3121; x_wconf 73' lang='lat' dir='ltr'>est.</span> <span class='ocrx_word' id='word_1_1207' title='bbox 2412 3087 2495 3123; x_wconf 65' lang='lat' dir='ltr'>Sed&#39;</span> 
     </span>
     <span class='ocr_line' id='line_1_146' title="bbox 1395 3139 2482 3183; baseline 0.001 -10"><span class='ocrx_word' id='word_1_1208' title='bbox 1395 3142 1558 3183; x_wconf 85' lang='lat' dir='ltr'>aliquibus</span> <span class='ocrx_word' id='word_1_1209' title='bbox 1579 3165 1586 3173; x_wconf 89' lang='lat'>.</span> <span class='ocrx_word' id='word_1_1210' title='bbox 1602 3165 1608 3172; x_wconf 91' lang='lat'>.</span> <span class='ocrx_word' id='word_1_1211' title='bbox 1624 3165 1631 3172; x_wconf 93' lang='lat'>.</span> <span class='ocrx_word' id='word_1_1212' title='bbox 1658 3151 1727 3172; x_wconf 80' lang='lat' dir='ltr'>esse</span> <span class='ocrx_word' id='word_1_1213' title='bbox 1759 3142 1996 3182; x_wconf 80' lang='lat' dir='ltr'>contingentes.</span> <span class='ocrx_word' id='word_1_1214' title='bbox 2029 3140 2182 3173; x_wconf 83' lang='lat' dir='ltr'>Efficacia</span> <span class='ocrx_word' id='word_1_1215' title='bbox 2208 3146 2318 3172; x_wconf 84' lang='lat' dir='ltr'>autem</span> <span class='ocrx_word' id='word_1_1216' title='bbox 2349 3139 2482 3174; x_wconf 63' lang='lat' dir='ltr'>div&#39;mn</span> 
     </span>
     <span class='ocr_line' id='line_1_147' title="bbox 1396 3189 2478 3234; baseline -0.001 -11"><span class='ocrx_word' id='word_1_1217' title='bbox 1396 3194 1572 3225; x_wconf 88' lang='lat' dir='ltr'>voluntatis</span> <span class='ocrx_word' id='word_1_1218' title='bbox 1589 3194 1685 3234; x_wconf 84' lang='lat' dir='ltr'>exigit</span> <span class='ocrx_word' id='word_1_1219' title='bbox 1702 3200 1738 3224; x_wconf 88' lang='lat' dir='ltr'>ut</span> <span class='ocrx_word' id='word_1_1220' title='bbox 1755 3202 1822 3224; x_wconf 90' lang='lat' dir='ltr'>non</span> <span class='ocrx_word' id='word_1_1221' title='bbox 1838 3193 1946 3224; x_wconf 82' lang='lat' dir='ltr'>solum</span> <span class='ocrx_word' id='word_1_1222' title='bbox 1961 3197 2007 3226; x_wconf 72' lang='lat' dir='ltr'>sir.</span> <span class='ocrx_word' id='word_1_1223' title='bbox 2018 3196 2128 3231; x_wconf 53' lang='lat' dir='ltr'>firmae</span> <span class='ocrx_word' id='word_1_1224' title='bbox 2139 3196 2215 3230; x_wconf 70' lang='lat' dir='ltr'>quod</span> <span class='ocrx_word' id='word_1_1225' title='bbox 2228 3196 2311 3226; x_wconf 71' lang='lat' dir='ltr'>Deus.</span> <span class='ocrx_word' id='word_1_1226' title='bbox 2329 3191 2370 3223; x_wconf 78' lang='lat' dir='ltr'>sit</span> <span class='ocrx_word' id='word_1_1227' title='bbox 2384 3189 2478 3234; x_wconf 83' lang='lat' dir='ltr'>quod</span> 
     </span>
    </p>
   </div>
   <div class='ocr_carea' id='block_1_42' title="bbox 1396 3294 2478 3745">
    <p class='ocr_par' dir='ltr' id='par_1_47' title="bbox 1396 3294 2478 3745">
     <span class='ocr_line' id='line_1_148' title="bbox 1397 3294 2478 3336; baseline 0 -10"><span class='ocrx_word' id='word_1_1228' title='bbox 1397 3297 1465 3327; x_wconf 85' lang='lat' dir='ltr'>vult</span> <span class='ocrx_word' id='word_1_1229' title='bbox 1483 3296 1561 3327; x_wconf 90' lang='lat' dir='ltr'>illud</span> <span class='ocrx_word' id='word_1_1230' title='bbox 1578 3305 1663 3327; x_wconf 86' lang='lat' dir='ltr'>esse:</span> <span class='ocrx_word' id='word_1_1231' title='bbox 1682 3305 1758 3326; x_wconf 86' lang='lat' dir='ltr'>nam</span> <span class='ocrx_word' id='word_1_1232' title='bbox 1775 3302 1807 3327; x_wconf 90' lang='lat' dir='ltr'>et</span> <span class='ocrx_word' id='word_1_1233' title='bbox 1823 3296 1855 3326; x_wconf 91' lang='lat' dir='ltr'>in</span> <span class='ocrx_word' id='word_1_1234' title='bbox 1873 3295 2043 3336; x_wconf 74' lang='lat' dir='ltr'>agentibus</span> <span class='ocrx_word' id='word_1_1235' title='bbox 2056 3295 2266 3332; x_wconf 79' lang='lat' dir='ltr'>naturalibus,</span> <span class='ocrx_word' id='word_1_1236' title='bbox 2282 3303 2359 3325; x_wconf 89' lang='lat' dir='ltr'>cum</span> <span class='ocrx_word' id='word_1_1237' title='bbox 2376 3294 2478 3326; x_wconf 78' lang='lat' dir='ltr'>virtus</span> 
     </span>
     <span class='ocr_line' id='line_1_149' title="bbox 1397 3345 2477 3389; baseline -0.001 -10"><span class='ocrx_word' id='word_1_1238' title='bbox 1397 3358 1495 3389; x_wconf 77' lang='lat' dir='ltr'>agens</span> <span class='ocrx_word' id='word_1_1239' title='bbox 1519 3355 1566 3379; x_wconf 85' lang='lat' dir='ltr'>est</span> <span class='ocrx_word' id='word_1_1240' title='bbox 1590 3348 1692 3385; x_wconf 83' lang='lat' dir='ltr'>fortis,</span> <span class='ocrx_word' id='word_1_1241' title='bbox 1717 3351 1817 3377; x_wconf 70' lang='lat' dir='ltr'>similae</span> <span class='ocrx_word' id='word_1_1242' title='bbox 1836 3347 1989 3379; x_wconf 77' lang='lat' dir='ltr'>assimilat</span> <span class='ocrx_word' id='word_1_1243' title='bbox 2022 3347 2081 3379; x_wconf 80' lang='lat' dir='ltr'>sibi</span> <span class='ocrx_word' id='word_1_1244' title='bbox 2105 3355 2203 3379; x_wconf 82' lang='lat' dir='ltr'>suum</span> <span class='ocrx_word' id='word_1_1245' title='bbox 2231 3345 2383 3377; x_wconf 78' lang='lat' dir='ltr'>effectum</span> <span class='ocrx_word' id='word_1_1246' title='bbox 2407 3355 2477 3378; x_wconf 85' lang='lat' dir='ltr'>non</span> 
     </span>
     <span class='ocr_line' id='line_1_150' title="bbox 1397 3397 2477 3441; baseline -0.001 -10"><span class='ocrx_word' id='word_1_1247' title='bbox 1397 3401 1503 3432; x_wconf 83' lang='lat' dir='ltr'>solum</span> <span class='ocrx_word' id='word_1_1248' title='bbox 1530 3406 1688 3441; x_wconf 87' lang='lat' dir='ltr'>quantum</span> <span class='ocrx_word' id='word_1_1249' title='bbox 1715 3399 1753 3430; x_wconf 88' lang='lat' dir='ltr'>ad</span> <span class='ocrx_word' id='word_1_1250' title='bbox 1778 3399 1933 3440; x_wconf 87' lang='lat' dir='ltr'>speciem,</span> <span class='ocrx_word' id='word_1_1251' title='bbox 1950 3398 2006 3430; x_wconf 88' lang='lat' dir='ltr'>sed</span> <span class='ocrx_word' id='word_1_1252' title='bbox 2030 3398 2127 3430; x_wconf 77' lang='lat' dir='ltr'>etiam</span> <span class='ocrx_word' id='word_1_1253' title='bbox 2143 3402 2303 3439; x_wconf 80' lang='lat' dir='ltr'>quantum</span> <span class='ocrx_word' id='word_1_1254' title='bbox 2328 3397 2368 3429; x_wconf 89' lang='lat' dir='ltr'>ad</span> <span class='ocrx_word' id='word_1_1255' title='bbox 2393 3397 2477 3430; x_wconf 77' lang='lat' dir='ltr'>aeci-</span> 
     </span>
     <span class='ocr_line' id='line_1_151' title="bbox 1397 3448 2476 3492; baseline -0.002 -9"><span class='ocrx_word' id='word_1_1256' title='bbox 1397 3453 1515 3488; x_wconf 88' lang='lat' dir='ltr'>dentia,</span> <span class='ocrx_word' id='word_1_1257' title='bbox 1541 3461 1624 3492; x_wconf 86' lang='lat' dir='ltr'>quae</span> <span class='ocrx_word' id='word_1_1258' title='bbox 1641 3457 1716 3482; x_wconf 85' lang='lat' dir='ltr'>sunt</span> <span class='ocrx_word' id='word_1_1259' title='bbox 1740 3450 1874 3491; x_wconf 82' lang='lat' dir='ltr'>quidam</span> <span class='ocrx_word' id='word_1_1260' title='bbox 1897 3450 1989 3482; x_wconf 87' lang='lat' dir='ltr'>modi</span> <span class='ocrx_word' id='word_1_1261' title='bbox 2012 3449 2114 3491; x_wconf 72' lang='lat' dir='ltr'>ipsius</span> <span class='ocrx_word' id='word_1_1262' title='bbox 2137 3449 2193 3479; x_wconf 88' lang='lat' dir='ltr'>rei.</span> <span class='ocrx_word' id='word_1_1263' title='bbox 2219 3448 2318 3489; x_wconf 76' lang='lat' dir='ltr'>Igitur</span> <span class='ocrx_word' id='word_1_1264' title='bbox 2334 3448 2476 3486; x_wconf 76' lang='lat' dir='ltr'>efficacia</span> 
     </span>
     <span class='ocr_line' id='line_1_152' title="bbox 1397 3500 2477 3542; baseline -0.001 -9"><span class='ocrx_word' id='word_1_1265' title='bbox 1397 3503 1523 3534; x_wconf 80' lang='lat' dir='ltr'>divinae</span> <span class='ocrx_word' id='word_1_1266' title='bbox 1553 3502 1727 3533; x_wconf 86' lang='lat' dir='ltr'>voluntatis</span> <span class='ocrx_word' id='word_1_1267' title='bbox 1754 3502 2013 3542; x_wconf 76' lang='lat' dir='ltr'>contingentiam</span> <span class='ocrx_word' id='word_1_1268' title='bbox 2034 3509 2103 3531; x_wconf 89' lang='lat' dir='ltr'>non</span> <span class='ocrx_word' id='word_1_1269' title='bbox 2127 3500 2211 3531; x_wconf 88' lang='lat' dir='ltr'>tollit</span> <span class='ocrx_word' id='word_1_1270' title='bbox 2239 3505 2286 3533; x_wconf 70' lang='lat' dir='ltr'>sed</span> <span class='ocrx_word' id='word_1_1271' title='bbox 2310 3504 2395 3539; x_wconf 55' lang='lat' dir='ltr'>mad·</span> <span class='ocrx_word' id='word_1_1272' title='bbox 2417 3511 2477 3532; x_wconf 73' lang='lat' dir='ltr'>eam</span> 
     </span>
     <span class='ocr_line' id='line_1_153' title="bbox 1397 3550 2475 3594; baseline -0.001 -11"><span class='ocrx_word' id='word_1_1273' title='bbox 1397 3558 1535 3583; x_wconf 72' lang='lat' dir='ltr'>concludit.</span> <span class='ocrx_word' id='word_1_1274' title='bbox 1552 3555 1570 3592; x_wconf 66' lang='grc' dir='ltr'>,ξ</span> <span class='ocrx_word' id='word_1_1275' title='bbox 1583 3553 1744 3594; x_wconf 78' lang='lat' dir='ltr'>Amplius.</span> <span class='ocrx_word' id='word_1_1276' title='bbox 1763 3552 1852 3583; x_wconf 88' lang='lat' dir='ltr'>Deus</span> <span class='ocrx_word' id='word_1_1277' title='bbox 1874 3550 2084 3593; x_wconf 72' lang='lat' dir='ltr'>principalius</span> <span class='ocrx_word' id='word_1_1278' title='bbox 2153 3561 2221 3582; x_wconf 89' lang='lat' dir='ltr'>esse</span> <span class='ocrx_word' id='word_1_1279' title='bbox 2242 3551 2475 3592; x_wconf 73' lang='lat' dir='ltr'>contingentia.</span> 
     </span>
     <span class='ocr_line' id='line_1_154' title="bbox 1396 3601 2475 3644; baseline -0.002 -8"><span class='ocrx_word' id='word_1_1280' title='bbox 1396 3607 1414 3644; x_wconf 66' lang='grc' dir='ltr'><strong>ξ</strong></span> <span class='ocrx_word' id='word_1_1281' title='bbox 1431 3605 1558 3636; x_wconf 80' lang='lat' dir='ltr'>Adhuc.</span> <span class='ocrx_word' id='word_1_1282' title='bbox 1577 3605 1707 3636; x_wconf 85' lang='lat' dir='ltr'>Bonum</span> <span class='ocrx_word' id='word_1_1283' title='bbox 1725 3601 1865 3636; x_wconf 76' lang='lat' dir='ltr'>universi</span> <span class='ocrx_word' id='word_1_1284' title='bbox 1889 3603 1922 3634; x_wconf 88' lang='lat' dir='ltr'>in</span> <span class='ocrx_word' id='word_1_1285' title='bbox 1938 3602 2084 3644; x_wconf 74' lang='lat' dir='ltr'>quodam</span> <span class='ocrx_word' id='word_1_1286' title='bbox 2104 3603 2218 3634; x_wconf 86' lang='lat' dir='ltr'>ordine</span> <span class='ocrx_word' id='word_1_1287' title='bbox 2243 3602 2475 3642; x_wconf 82' lang='lat' dir='ltr'>consideratur,</span> 
     </span>
     <span class='ocr_line' id='line_1_155' title="bbox 1398 3656 2476 3697; baseline -0.003 -10"><span class='ocrx_word' id='word_1_1288' title='bbox 1398 3663 1430 3687; x_wconf 89' lang='lat' dir='ltr'>ut</span> <span class='ocrx_word' id='word_1_1289' title='bbox 1449 3663 1535 3697; x_wconf 85' lang='lat' dir='ltr'>patet</span> <span class='ocrx_word' id='word_1_1290' title='bbox 1553 3658 1584 3687; x_wconf 91' lang='lat' dir='ltr'>in</span> <span class='ocrx_word' id='word_1_1291' title='bbox 1604 3667 1634 3687; x_wconf 82' lang='lat' dir='ltr'>xi</span> <span class='ocrx_word' id='word_1_1292' title='bbox 1650 3656 1795 3697; x_wconf 82' lang='lat' dir='ltr'>metaph.</span> <span class='ocrx_word' id='word_1_1293' title='bbox 1811 3658 1863 3689; x_wconf 83' lang='lat' dir='ltr'>Qui</span> <span class='ocrx_word' id='word_1_1294' title='bbox 1875 3658 1982 3692; x_wconf 74' lang='lat' dir='ltr'>quidem</span> <span class='ocrx_word' id='word_1_1295' title='bbox 1994 3658 2061 3684; x_wconf 78' lang='lat' dir='ltr'>ordo</span> <span class='ocrx_word' id='word_1_1296' title='bbox 2078 3658 2234 3684; x_wconf 72' lang='lat' dir='ltr'>attenditur</span> <span class='ocrx_word' id='word_1_1297' title='bbox 2251 3658 2388 3692; x_wconf 70' lang='lat' dir='ltr'>praecipue</span> <span class='ocrx_word' id='word_1_1298' title='bbox 2403 3665 2476 3684; x_wconf 68' lang='lat' dir='ltr'>eonn-</span> 
     </span>
     <span class='ocr_line' id='line_1_156' title="bbox 1396 3708 2475 3745; baseline -0.002 -8"><span class='ocrx_word' id='word_1_1299' title='bbox 1396 3713 1516 3745; x_wconf 78' lang='lat' dir='ltr'>plectitur</span> <span class='ocrx_word' id='word_1_1300' title='bbox 1533 3712 1652 3737; x_wconf 88' lang='lat' dir='ltr'>ordinem</span> <span class='ocrx_word' id='word_1_1301' title='bbox 1673 3717 1812 3737; x_wconf 64' lang='lat' dir='ltr'>mutarum</span> <span class='ocrx_word' id='word_1_1302' title='bbox 1830 3709 1863 3735; x_wconf 74' lang='lat' dir='ltr'>ad</span> <span class='ocrx_word' id='word_1_1303' title='bbox 1886 3716 1951 3735; x_wconf 76' lang='lat' dir='ltr'>euos</span> <span class='ocrx_word' id='word_1_1304' title='bbox 1970 3708 2087 3735; x_wconf 73' lang='lat' dir='ltr'>effecms.</span> <span class='ocrx_word' id='word_1_1305' title='bbox 2105 3708 2157 3740; x_wconf 87' lang='lat' dir='ltr'>Qui</span> <span class='ocrx_word' id='word_1_1306' title='bbox 2177 3710 2286 3744; x_wconf 82' lang='lat' dir='ltr'>quidem</span> <span class='ocrx_word' id='word_1_1307' title='bbox 2303 3709 2363 3740; x_wconf 81' lang='lat' dir='ltr'>(Hie</span> <span class='ocrx_word' id='word_1_1308' title='bbox 2374 3709 2475 3743; x_wconf 72' lang='lat' dir='ltr'>autem)</span> 
     </span>
    </p>
   </div>
   <div class='ocr_carea' id='block_1_43' title="bbox 1395 3756 2510 3798">
    <p class='ocr_par' dir='ltr' id='par_1_48' title="bbox 1395 3756 2510 3798">
     <span class='ocr_line' id='line_1_157' title="bbox 1395 3756 2510 3798; baseline -0.002 -9"><span class='ocrx_word' id='word_1_1309' title='bbox 1395 3765 1462 3789; x_wconf 82' lang='lat' dir='ltr'>ordo</span> <span class='ocrx_word' id='word_1_1310' title='bbox 1482 3765 1589 3798; x_wconf 73' lang='lat' dir='ltr'>requirit</span> <span class='ocrx_word' id='word_1_1311' title='bbox 1604 3768 1631 3789; x_wconf 89' lang='lat' dir='ltr'>ut</span> <span class='ocrx_word' id='word_1_1312' title='bbox 1645 3771 1660 3789; x_wconf 84' lang='grc' dir='ltr'>ι</span> <span class='ocrx_word' id='word_1_1313' title='bbox 1673 3769 1751 3789; x_wconf 66' lang='lat' dir='ltr'>caune</span> <span class='ocrx_word' id='word_1_1314' title='bbox 1764 3757 2101 3798; x_wconf 73' lang='lat' dir='ltr'>(pmxim)·(Requi1-it</span> <span class='ocrx_word' id='word_1_1315' title='bbox 2114 3764 2223 3789; x_wconf 82' lang='lat' dir='ltr'>autem</span> <span class='ocrx_word' id='word_1_1316' title='bbox 2236 3756 2319 3788; x_wconf 91' lang='lat' dir='ltr'>ordo</span> <span class='ocrx_word' id='word_1_1317' title='bbox 2332 3756 2473 3788; x_wconf 75' lang='lat' dir='ltr'>universi</span> <span class='ocrx_word' id='word_1_1318' title='bbox 2502 3767 2510 3775; x_wconf 95' lang='lat'>·</span> 
     </span>
    </p>
   </div>
   <div class='ocr_carea' id='block_1_44' title="bbox 1394 3807 2475 4010">
    <p class='ocr_par' dir='ltr' id='par_1_49' title="bbox 1394 3807 2475 4010">
     <span class='ocr_line' id='line_1_158' title="bbox 1396 3807 2475 3853; baseline -0.005 -9"><span class='ocrx_word' id='word_1_1319' title='bbox 1396 3813 1519 3853; x_wconf 85' lang='lat' dir='ltr'>aliquas</span> <span class='ocrx_word' id='word_1_1320' title='bbox 1543 3821 1655 3843; x_wconf 80' lang='lat' dir='ltr'>causas</span> <span class='ocrx_word' id='word_1_1321' title='bbox 1684 3819 1752 3842; x_wconf 83' lang='lat' dir='ltr'>esse</span> <span class='ocrx_word' id='word_1_1322' title='bbox 1781 3809 1957 3846; x_wconf 85' lang='lat' dir='ltr'>variabiles,</span> <span class='ocrx_word' id='word_1_1323' title='bbox 1982 3818 2058 3840; x_wconf 90' lang='lat' dir='ltr'>cum</span> <span class='ocrx_word' id='word_1_1324' title='bbox 2083 3818 2222 3851; x_wconf 83' lang='lat' dir='ltr'>corpora</span> <span class='ocrx_word' id='word_1_1325' title='bbox 2246 3809 2310 3840; x_wconf 87' lang='lat' dir='ltr'>sint</span> <span class='ocrx_word' id='word_1_1326' title='bbox 2337 3807 2378 3839; x_wconf 88' lang='lat' dir='ltr'>de</span> <span class='ocrx_word' id='word_1_1327' title='bbox 2401 3817 2475 3850; x_wconf 88' lang='lat' dir='ltr'>per-</span> 
     </span>
     <span class='ocr_line' id='line_1_159' title="bbox 1397 3859 2472 3903; baseline -0.007 -7"><span class='ocrx_word' id='word_1_1328' title='bbox 1397 3865 1536 3896; x_wconf 78' lang='lat' dir='ltr'>fectione</span> <span class='ocrx_word' id='word_1_1329' title='bbox 1561 3863 1714 3902; x_wconf 75' lang='lat' dir='ltr'>universi,</span> <span class='ocrx_word' id='word_1_1330' title='bbox 1746 3871 1830 3903; x_wconf 83' lang='lat' dir='ltr'>quae</span> <span class='ocrx_word' id='word_1_1331' title='bbox 1857 3871 1925 3893; x_wconf 90' lang='lat' dir='ltr'>non</span> <span class='ocrx_word' id='word_1_1332' title='bbox 1954 3869 2088 3894; x_wconf 87' lang='lat' dir='ltr'>movent</span> <span class='ocrx_word' id='word_1_1333' title='bbox 2115 3862 2177 3893; x_wconf 88' lang='lat' dir='ltr'>nisi</span> <span class='ocrx_word' id='word_1_1334' title='bbox 2207 3867 2298 3893; x_wconf 86' lang='lat' dir='ltr'>mota</span> <span class='ocrx_word' id='word_1_1335' title='bbox 2321 3869 2352 3891; x_wconf 76' lang='lat' dir='ltr'>ut</span> <span class='ocrx_word' id='word_1_1336' title='bbox 2373 3859 2472 3902; x_wconf 68' lang='lat' dir='ltr'>supra)</span> 
     </span>
     <span class='ocr_line' id='line_1_160' title="bbox 1394 3905 2475 3958; baseline -0.008 -10"><span class='ocrx_word' id='word_1_1337' title='bbox 1394 3916 1467 3958; x_wconf 75' lang='lat' dir='ltr'>*(A</span> <span class='ocrx_word' id='word_1_1338' title='bbox 1483 3925 1580 3948; x_wconf 82' lang='lat' dir='ltr'>causa</span> <span class='ocrx_word' id='word_1_1339' title='bbox 1604 3913 1728 3955; x_wconf 81' lang='lat' dir='ltr'>autem)</span> <span class='ocrx_word' id='word_1_1340' title='bbox 1754 3913 1894 3944; x_wconf 85' lang='lat' dir='ltr'>variabili</span> <span class='ocrx_word' id='word_1_1341' title='bbox 1919 3912 2052 3944; x_wconf 73' lang='lat' dir='ltr'>effectus</span> <span class='ocrx_word' id='word_1_1342' title='bbox 2076 3913 2303 3954; x_wconf 80' lang='lat' dir='ltr'>contingentes</span> <span class='ocrx_word' id='word_1_1343' title='bbox 2331 3905 2475 3950; x_wconf 61' lang='lat' dir='ltr'>sequentur</span> 
     </span>
     <span class='ocr_line' id='line_1_161' title="bbox 1395 3962 2475 4010; baseline -0.006 -11"><span class='ocrx_word' id='word_1_1344' title='bbox 1395 3966 1616 4010; x_wconf 84' lang='lat' dir='ltr'>(sequuntur).</span> <span class='ocrx_word' id='word_1_1345' title='bbox 1634 3965 1709 3996; x_wconf 88' lang='lat' dir='ltr'>Non</span> <span class='ocrx_word' id='word_1_1346' title='bbox 1734 3964 1821 3995; x_wconf 90' lang='lat' dir='ltr'>enim</span> <span class='ocrx_word' id='word_1_1347' title='bbox 1846 3970 1953 4004; x_wconf 84' lang='lat' dir='ltr'>potest</span> <span class='ocrx_word' id='word_1_1348' title='bbox 1979 3974 2047 3995; x_wconf 86' lang='lat' dir='ltr'>esse</span> <span class='ocrx_word' id='word_1_1349' title='bbox 2071 3963 2206 3996; x_wconf 79' lang='lat' dir='ltr'>effectus</span> <span class='ocrx_word' id='word_1_1350' title='bbox 2229 3962 2381 3995; x_wconf 79' lang='lat' dir='ltr'>firmioris</span> <span class='ocrx_word' id='word_1_1351' title='bbox 2405 3971 2475 3999; x_wconf 78' lang='lat' dir='ltr'>esse</span> 
     </span>
    </p>
   </div>
   <div class='ocr_carea' id='block_1_45' title="bbox 1354 4015 2474 4060">
    <p class='ocr_par' dir='ltr' id='par_1_50' title="bbox 1354 4015 2474 4060">
     <span class='ocr_line' id='line_1_162' title="bbox 1354 4015 2474 4060; baseline -0.004 -11"><span class='ocrx_word' id='word_1_1352' title='bbox 1354 4030 1377 4049; x_wconf 70' lang='grc' dir='ltr'>τε</span> <span class='ocrx_word' id='word_1_1353' title='bbox 1397 4029 1495 4060; x_wconf 85' lang='lat' dir='ltr'>quam</span> <span class='ocrx_word' id='word_1_1354' title='bbox 1513 4028 1570 4050; x_wconf 85' lang='lat' dir='ltr'>sua</span> <span class='ocrx_word' id='word_1_1355' title='bbox 1587 4026 1694 4053; x_wconf 82' lang='lat' dir='ltr'>causa,</span> <span class='ocrx_word' id='word_1_1356' title='bbox 1712 4016 1798 4048; x_wconf 86' lang='lat' dir='ltr'>unde</span> <span class='ocrx_word' id='word_1_1357' title='bbox 1814 4016 1961 4047; x_wconf 85' lang='lat' dir='ltr'>videmus</span> <span class='ocrx_word' id='word_1_1358' title='bbox 1980 4020 2053 4053; x_wconf 72' lang='lat' dir='ltr'>quod</span> <span class='ocrx_word' id='word_1_1359' title='bbox 2072 4015 2220 4057; x_wconf 73' lang='lat' dir='ltr'>quamvis</span> <span class='ocrx_word' id='word_1_1360' title='bbox 2237 4024 2333 4047; x_wconf 75' lang='lat' dir='ltr'>&lt;ausa</span> <span class='ocrx_word' id='word_1_1361' title='bbox 2349 4019 2474 4046; x_wconf 80' lang='lat' dir='ltr'>remota</span> 
     </span>
    </p>
   </div>
   <div class='ocr_carea' id='block_1_46' title="bbox 2505 2332 2709 2361">
    <p class='ocr_par' dir='ltr' id='par_1_51' title="bbox 2505 2332 2709 2361">
     <span class='ocr_line' id='line_1_163' title="bbox 2505 2332 2709 2361; baseline 0.005 -8"><span class='ocrx_word' id='word_1_1362' title='bbox 2505 2338 2534 2358; x_wconf 62' lang='grc' dir='ltr'><strong>ῃ</strong></span> <span class='ocrx_word' id='word_1_1363' title='bbox 2544 2338 2557 2353; x_wconf 82' lang='lat' dir='ltr'>v</span> <span class='ocrx_word' id='word_1_1364' title='bbox 2571 2338 2586 2354; x_wconf 86' lang='grc' dir='ltr'>ι</span> <span class='ocrx_word' id='word_1_1365' title='bbox 2599 2337 2648 2361; x_wconf 64' lang='lat' dir='ltr'>ng.</span> <span class='ocrx_word' id='word_1_1366' title='bbox 2662 2332 2709 2355; x_wconf 72' lang='lat' dir='ltr'>int.</span> 
     </span>
    </p>
   </div>
   <div class='ocr_carea' id='block_1_47' title="bbox 2505 2893 2716 2936">
    <p class='ocr_par' dir='ltr' id='par_1_52' title="bbox 2505 2893 2716 2936">
     <span class='ocr_line' id='line_1_164' title="bbox 2505 2893 2716 2936; baseline 0.009 -21"><span class='ocrx_word' id='word_1_1367' title='bbox 2505 2893 2716 2936; x_wconf 52' lang='lat' dir='ltr'>“vbi-pase.</span> 
     </span>
    </p>
   </div>
   <div class='ocr_carea' id='block_1_48' title="bbox 307 3240 2528 3298">
    <p class='ocr_par' dir='ltr' id='par_1_53' title="bbox 307 3240 2528 3298">
     <span class='ocr_line' id='line_1_165' title="bbox 307 3240 2528 3298; baseline 0.001 -11"><span class='ocrx_word' id='word_1_1368' title='bbox 307 3259 387 3298; x_wconf 82' lang='lat' dir='ltr'>Cap.</span> <span class='ocrx_word' id='word_1_1369' title='bbox 414 3258 584 3288; x_wconf 85' lang='lat' dir='ltr'>LXXXlll.</span> <span class='ocrx_word' id='word_1_1370' title='bbox 605 3258 702 3295; x_wconf 65' lang='lat' dir='ltr'>Quoi»</span> <span class='ocrx_word' id='word_1_1371' title='bbox 728 3259 813 3289; x_wconf 70' lang='lat' dir='ltr'>Deus</span> <span class='ocrx_word' id='word_1_1372' title='bbox 837 3270 917 3289; x_wconf 70' lang='lat' dir='ltr'>vuL&#39;r</span> <span class='ocrx_word' id='word_1_1373' title='bbox 942 3270 1071 3290; x_wconf 64' lang='lat' dir='ltr'>flauum</span> <span class='ocrx_word' id='word_1_1374' title='bbox 1096 3270 1190 3290; x_wconf 66' lang='lat' dir='ltr'>Alaun</span> <span class='ocrx_word' id='word_1_1375' title='bbox 1216 3271 1235 3290; x_wconf 81' lang='grc' dir='ltr'><strong>Α</strong></span> <span class='ocrx_word' id='word_1_1376' title='bbox 1260 3270 1294 3291; x_wconf 68' lang='lat' dir='ltr'>sit</span> <span class='ocrx_word' id='word_1_1377' title='bbox 1354 3260 1382 3278; x_wconf 72' lang='lat'>⁶⁰</span> <span class='ocrx_word' id='word_1_1378' title='bbox 1397 3245 1485 3276; x_wconf 65' lang='lat' dir='ltr'>Deus</span> <span class='ocrx_word' id='word_1_1379' title='bbox 1509 3245 1577 3275; x_wconf 59' lang='lat'>*²⁰¹¹</span> <span class='ocrx_word' id='word_1_1380' title='bbox 1602 3254 1683 3281; x_wconf 65' lang='lat'>‘³⁵⁵²’</span> <span class='ocrx_word' id='word_1_1381' title='bbox 1707 3243 1764 3275; x_wconf 68' lang='lat' dir='ltr'>sed</span> <span class='ocrx_word' id='word_1_1382' title='bbox 1788 3245 1886 3275; x_wconf 66' lang='lat' dir='ltr'>etim</span> <span class='ocrx_word' id='word_1_1383' title='bbox 1911 3250 1947 3284; x_wconf 66' lang='lat' dir='ltr'><strong>m</strong></span> <span class='ocrx_word' id='word_1_1384' title='bbox 1976 3244 2040 3275; x_wconf 66' lang='lat'>¹¹⁰⁰</span> <span class='ocrx_word' id='word_1_1385' title='bbox 2072 3242 2175 3284; x_wconf 69' lang='lat' dir='ltr'>¹¹¹on</span> <span class='ocrx_word' id='word_1_1386' title='bbox 2204 3243 2244 3274; x_wconf 63' lang='lat' dir='ltr'>sit</span> <span class='ocrx_word' id='word_1_1387' title='bbox 2272 3243 2356 3274; x_wconf 60' lang='lat' dir='ltr'>‘ient</span> <span class='ocrx_word' id='word_1_1388' title='bbox 2386 3240 2478 3274; x_wconf 59' lang='grc' dir='ltr'>Μ’</span> <span class='ocrx_word' id='word_1_1389' title='bbox 2523 3265 2528 3271; x_wconf 89' lang='grc'><em>·</em></span> 
     </span>
    </p>
   </div>
   <div class='ocr_carea' id='block_1_49' title="bbox 2502 3921 2684 3947">
    <p class='ocr_par' dir='ltr' id='par_1_54' title="bbox 2502 3921 2684 3947">
     <span class='ocr_line' id='line_1_166' title="bbox 2502 3921 2684 3947; baseline 0 -5"><span class='ocrx_word' id='word_1_1390' title='bbox 2502 3922 2509 3931; x_wconf 85' lang='grc'><em>“</em></span> <span class='ocrx_word' id='word_1_1391' title='bbox 2528 3921 2558 3944; x_wconf 82' lang='lat' dir='ltr'>lb.</span> <span class='ocrx_word' id='word_1_1392' title='bbox 2575 3922 2635 3944; x_wconf 65' lang='lat' dir='ltr'>bat.</span> <span class='ocrx_word' id='word_1_1393' title='bbox 2682 3942 2684 3947; x_wconf 65' lang='grc'>,</span> 
     </span>
    </p>
   </div>
   <div class='ocr_carea' id='block_1_50' title="bbox 2647 3416 2716 4302">
    <p class='ocr_par' dir='ltr' id='par_1_55' title="bbox 2647 3416 2716 4302">
     <span class='ocr_line' id='line_1_167' title="bbox 2647 3416 2716 4302; baseline 0 0"><span class='ocrx_word' id='word_1_1394' title='bbox 2647 3416 2716 4302; x_wconf 95' lang='lat' dir='ltr'> </span> 
     </span>
    </p>
   </div>
  </div>
 </body>
</html>
