2768 4134
54 1679 61 1687 ’
79 1677 114 1699 cf.
130 1683 193 1699 num.
205 1684 230 1698 ιι.

48 2040 94 2062 *CL
102 2040 171 2062 etiam
179 2046 231 2068 cap.
239 2047 260 2061 c.

51 2626 59 2634 ·
73 2625 130 2652 Cap.
140 2631 177 2651 ιν,
193 2625 259 2646 Com-

50 2656 120 2673 ment.

50 3246 57 3253 ·
75 3245 129 3265 Loc.
145 3245 183 3267 cit.

305 314 379 348 602
824 306 1012 343 SUMMA
1042 305 1263 342 CONTRA
1292 303 1568 347 GENTILES,
1596 303 1692 340 LIB.
1712 303 1754 348 11,
1785 303 1896 339 CAP.
1919 303 1979 340 CI.

302 390 369 430 prie
387 389 498 418 dictus.
529 386 717 418 Secundum
733 387 819 416 hunc
836 395 978 422 sensum⁷
1002 385 1034 414 in
1060 384 1265 414 successione
1282 383 1375 412 intel·
1400 391 1403 415 l
1429 384 1514 423 Ergo
1541 382 1657 413 falsum
1677 387 1724 412 est
1748 379 1839 420 quod
1855 379 1989 419 angelus
2006 380 2117 410 omnia
2134 380 2174 411 ad
2189 381 2299 421 ipsum
2313 383 2508 422 pertinentia

302 434 479 464 lectionum
495 441 561 461 non
578 431 722 461 succedit
738 436 826 460 actus
843 430 1018 469 potentiae,
1043 429 1130 461 sicut.
1149 429 1182 458 in
1202 434 1295 458 motu
1313 433 1374 457 ter·
1400 421 1403 464 Ι
1429 439 1486 470 per
1510 437 1601 458 suam
1626 426 1797 457 essentiam
1821 430 2008 464 cognoscat.

301 479 407 507 minus
432 475 574 506 succedit
597 475 702 505 motui
727 474 936 504 constituenti
960 473 1142 503 subiectum
1167 473 1198 503 in
1224 478 1298 502 actu
1314 481 1374 512 po-
1400 465 1402 521 ἱ
1485 471 1686 512 Responderi
1710 475 1819 510 potest
1843 468 1936 509 quod
1958 478 2016 509 per
2038 469 2175 510 speciem
2196 469 2343 503 innatam
2365 480 2436 502 non
2458 471 2507 502 in-

300 521 421 551 tentiali
445 519 596 550 tendente
614 519 653 549 ad
676 519 862 549 ulteriorem
880 524 988 548 actum
1013 518 1095 548 sicut
1111 518 1256 557 potentia
1273 516 1375 547 tendit
1400 526 1402 552 ζ
1429 517 1531 548 tendit
1551 517 1687 547 Sanctus
1704 515 1851 544 Thomas
1874 514 1908 544 in
1931 513 1988 544 illo
2004 514 2080 544 loco
2104 515 2248 555 speciem
2271 514 2508 556 intelligibilem

301 565 339 595 ad
355 571 463 595 actum
480 570 510 594 et
534 563 732 603 periectibile
754 562 793 593 ad
816 562 1062 602 perfectionem,
1091 568 1146 592 aut
1171 562 1267 592 etiam
1292 562 1374 591 sicut
1400 554 1402 592 l
1428 563 1467 592 ab
1484 562 1621 592 essentia
1634 559 1840 599 intelligentis
1857 557 2055 589 distinctam:
2074 559 2130 590 sed
2146 559 2293 590 absolute
2308 559 2507 600 principium

301 619 364 639 una
377 619 448 649 pars
461 614 570 638 motus
582 607 724 638 succedit
738 607 776 638 ad
790 608 1025 643 alteram,sicut
1037 613 1128 637 actus
1141 606 1180 637 ad
1195 606 1373 646 potentiam
1399 594 1402 667 Ῑ
1428 607 1563 637 formale
1581 604 1787 644 cognitionis,
1806 603 2042 643 quodcumque
2065 604 2106 634 sit
2129 603 2220 634 illud.
2242 604 2319 635 Vult
2335 604 2423 634 enim
2447 604 2507 636 ibi·

300 659 331 683 et
347 653 518 693 perfectius
534 652 575 683 ad
590 652 826 692 imperfectius:
847 652 903 682 sed
919 651 1062 682 succedit
1083 657 1174 682 actus
1191 651 1374 691 completus
1400 670 1401 699 ἢ
1429 652 1502 682 dem
1527 649 1725 690 respondere
1749 647 1840 688 quod
1864 648 2018 688 cogitatio
2043 648 2148 688 angeli
2172 649 2338 689 loquentis
2359 658 2426 680 non
2451 659 2507 679 co-

299 698 351 728 alii
368 698 452 728 actui
469 698 645 737 completo.
667 697 753 734 Quia
770 697 836 727 duo
853 703 943 727 actus
962 696 1160 737 intelligendi
1178 696 1373 726 substantiae
1399 703 1401 735 Δρ
1427 697 1594 736 gnoscitur
1609 695 1648 724 ab
1666 693 1782 733 angelo
1800 694 1853 723 cui
1877 692 2024 733 loquitur
2039 702 2097 733 per
2113 693 2256 734 aliquam
2279 693 2508 734 particularem

298 749 460 782 separatae
483 752 550 772 non
574 747 649 772 sunt
672 748 777 782 partes
802 743 898 773 unius
925 747 1014 772 actus
1042 740 1240 781 imperfecti;
1265 750 1373 780 neque
1399 751 1401 787 ᾖ
1427 742 1571 782 speciem
1585 738 1802 779 cogitationis,
1819 737 1876 768 sed
1887 746 1945 777 per
1961 737 2112 768 illudmet
2126 739 2326 780 principium
2338 747 2397 778 per
2414 739 2506 779 quod

297 796 382 817 unus
402 792 450 817 est
465 787 610 826 potentia
624 786 759 817 tendens
777 786 816 817 ad
833 787 968 818 alterum
986 786 1183 821 successive;
1200 785 1256 815 sed
1273 795 1372 815 unus·
1399 802 1401 827 g
1428 787 1495 826 ipsa
1521 785 1658 816 essentia
1682 782 1849 823 loquentis
1873 782 2093 822 cognoscitur.

298 832 436 871 quisque
465 837 512 861 est
539 837 630 862 actus
653 832 850 872 completus,
882 832 1083 862 constituens
1110 830 1310 860 intellectum
1339 831 1371 860 in
1399 855 1400 858 ,

297 881 371 906 actu
387 875 531 916 perfecto
549 881 580 906 et
596 876 713 906 ultimo
730 882 879 916 respectu
895 877 992 906 unius
1016 874 1236 914 intelligibilis.

352 920 385 951 Si
401 925 510 951 autem
525 919 702 951 referamus
718 921 973 951 intellectionem
993 919 1033 950 ad
1052 919 1286 959 intelligentem
1302 924 1372 950 tan-

297 974 396 1005 quam
420 964 460 995 ad
483 966 680 1006 principium
704 965 935 1005 productivum
959 970 995 995 ut
1018 965 1074 1003 sic,
1099 964 1178 994 dum
1204 974 1267 994 una
1293 973 1372 1004 ope·
1397 974 1399 990 1

296 1011 376 1040 ratio
410 1010 499 1040 alteri
531 1010 683 1048 succedit,
717 1020 785 1040 non
816 1009 960 1040 succedit
989 1015 1080 1039 actus
1111 1009 1287 1049 potentiae,
1315 1008 1371 1039 sed

296 1060 386 1085 actus
410 1055 512 1085 actui:
538 1055 613 1094 quia
630 1055 856 1094 unusquisque
876 1055 1013 1085 istorum
1035 1059 1167 1084 actuum
1188 1053 1372 1084 attribuitur

297 1100 441 1129 existenti
465 1099 499 1129 in
523 1105 596 1129 actu
620 1108 677 1138 per
701 1100 853 1138 speciem.
879 1099 931 1130 Sic
955 1099 1043 1129 enim
1067 1098 1250 1138 intelligens
1267 1108 1371 1128 unum
1397 1109 1398 1141 ᾗ

296 1150 404 1174 actum
429 1145 516 1184 prius
539 1143 691 1183 producit
715 1153 772 1183 per
795 1153 896 1175 unam
926 1144 1080 1184 speciem,
1109 1153 1167 1183 per
1199 1153 1299 1183 quam
1324 1149 1372 1174 est
1396 1147 1399 1176 :ss

295 1189 328 1218 in
351 1193 443 1224 actu;
469 1194 499 1218 et
527 1189 688 1227 posterius
720 1198 777 1228 per
809 1189 906 1219 aliam
937 1189 1092 1229 speciem,
1117 1198 1175 1228 per
1199 1197 1299 1228 quam
1323 1194 1371 1219 est

294 1234 328 1263 in
352 1238 436 1271 actu,
460 1233 559 1263 alium
575 1238 684 1263 actum
701 1233 901 1273 intelligendi
917 1233 1079 1273 producit.
1104 1233 1146 1263 Et
1169 1238 1247 1264 tunc
1269 1239 1369 1272 actus,
1396 1257 1397 1264 ,

294 1278 359 1307 sive
377 1278 514 1307 existens
538 1277 571 1307 in
591 1282 675 1316 actu,
692 1278 838 1309 succedit
853 1279 1001 1309 existenti
1018 1278 1051 1308 in
1068 1283 1158 1309 actu:
1176 1288 1242 1308 non
1261 1283 1370 1309 autern

295 1323 432 1352 existens
455 1323 488 1352 in
513 1327 587 1352 actu
611 1322 757 1353 succedit
781 1324 929 1359 existenti
952 1323 987 1354 in
1010 1323 1166 1363 potentia.

349 1366 459 1397 Potest
474 1373 583 1397 tamen
596 1367 707 1407 aliquo
719 1367 821 1398 modo
837 1369 872 1399 in
883 1368 1160 1399 intellectionibus
1172 1368 1370 1398 substantiae

293 1417 457 1451 separatae
481 1411 544 1442 dici
569 1413 659 1451 quod
683 1412 828 1443 succedit
855 1419 946 1444 actus
969 1414 1146 1453 potentiae,
1171 1413 1369 1452 inquantum

293 1457 381 1496 prius
397 1466 465 1487 non
482 1457 618 1487 habebat
633 1458 732 1487 istum
757 1463 866 1488 actum
882 1458 1083 1498 intelligendi
1100 1464 1132 1488 et
1155 1457 1370 1498 postmodum

293 1501 398 1531 habet.
424 1501 486 1532 Sed
510 1511 579 1532 non
602 1502 747 1542 loquitur
770 1502 908 1534 Sanctus
924 1503 1070 1534 Thomas
1094 1502 1134 1534 de
1158 1503 1218 1534 ista
1241 1512 1369 1534 succes-

293 1546 383 1576 sione
415 1555 478 1585 qua
506 1547 593 1586 prius
624 1547 806 1587 intelligens
837 1548 948 1578 habitu
976 1547 1188 1589 postmodum
1220 1547 1369 1588 intelligit

292 1596 381 1621 actu:
407 1591 463 1622 sed
487 1590 526 1621 de
550 1592 756 1623 successione
778 1592 980 1623 diversorum
999 1598 1133 1624 actuum
1156 1591 1368 1632 intelligendi.

348 1635 430 1666 VllI.
456 1635 550 1666 Circa
573 1636 606 1667 id
622 1636 713 1677 quod
736 1637 789 1667 hic
812 1636 939 1676 dicitur,
963 1638 1161 1669 intellectum
1181 1647 1247 1668 non
1270 1637 1369 1668 simul

1394 1516 1397 1542 Ι

292 1679 476 1721 intelligere
496 1690 535 1711 ea
558 1691 642 1721 quae
659 1691 723 1721 per
738 1682 884 1713 diversas
903 1683 1024 1722 species
1047 1682 1203 1723 intelligit
1217 1683 1244 1720 *‚
1269 1692 1368 1722 quae-

292 1724 366 1755 dam
390 1724 591 1756 difficultates
616 1732 800 1757 occurrunt.

348 1769 468 1799 Primo.
494 1770 677 1801 Substantia
701 1777 845 1811 separata
868 1772 964 1802 simul
989 1771 1075 1802 videt
1098 1771 1207 1802 Deum
1238 1781 1295 1811 per
1319 1781 1366 1802 es-

292 1814 427 1844 sentiam
451 1814 526 1850 Dei3
549 1816 687 1855 seipsam
704 1826 761 1856 per
777 1817 948 1847 essentiam
964 1826 1071 1852 suam3
1089 1817 1197 1857 aliqua
1213 1826 1290 1847 vero
1307 1816 1367 1847 alia

291 1868 348 1898 per
360 1859 436 1889 alias
452 1860 586 1898 species.
600 1860 687 1899 Ergo
704 1860 799 1891 simul
816 1860 908 1900 plura
925 1871 982 1901 per
998 1862 1107 1901 plures
1119 1861 1243 1901 species
1259 1866 1368 1901 potest

291 1903 477 1942 intelligere.
1392 1909 1394 1944 ξ

346 1947 505 1978 Secunda
534 1946 737 1979 Substantiae
768 1954 938 1980 moventes
969 1950 1064 1979 orbes
1094 1959 1223 1988 semper
1250 1949 1366 1980 intelli·
1391 1945 1394 1972 l

288 1997 369 2030 gunt
392 1993 499 2031 ipsum
524 1997 651 2022 motum
677 2000 707 2022 et
731 1994 867 2029 mobile;
893 2000 928 2024 ut
956 1995 1103 2033 superius
1127 1994 1205 2024 dixit
1229 1993 1365 2025 Sanctus

289 2036 444 2072 Thomas,
457 2037 563 2075 capite
575 2046 660 2067 xcvii
671 2039 698 2067 ⁴.
713 2038 753 2068 Et
765 2038 937 2069 verisimile
955 2044 1002 2068 est
1021 2038 1111 2079 quod
1128 2039 1224 2069 etiam
1242 2038 1366 2078 aliquid

289 2079 376 2111 aliud
392 2081 581 2120 intelligant.
606 2081 668 2112 Sed
685 2083 744 2112 ista
767 2092 825 2122 per
840 2083 964 2123 species
981 2083 1203 2123 superadditas
1219 2083 1365 2115 eiusdem

287 2126 421 2156 rationis
444 2126 637 2165 intelligunt.
663 2127 750 2167 Ergo
775 2134 836 2158 etc.

348 2170 468 2200 Tertio.
494 2170 645 2202 Damnati
669 2181 798 2212 semper
814 2178 1019 2212 cognoscunt
1035 2181 1159 2213 poenas
1183 2173 1302 2213 quibus
1318 2171 1365 2204 af-

288 2214 452 2254 fliguntur,
477 2221 509 2246 et
533 2216 630 2246 etiam
653 2217 762 2257 aliqua
785 2217 856 2248 alia.
889 2216 952 2248 Sed
976 2217 1056 2248 baec
1080 2227 1138 2258 per
1168 2218 1293 2258 species
1315 2218 1365 2249 in-

289 2260 446 2299 telligunt.
472 2260 558 2299 Ergo
582 2266 643 2291 etc.

347 2304 486 2340 Quarto.
510 2305 666 2346 Angelus,
691 2310 727 2336 ut
750 2305 868 2336 dicitur
890 2306 1007 2346 Prima,
1032 2316 1064 2347 q.
1080 2316 1167 2346 tvm,
1183 2316 1211 2337 a.
1228 2316 1260 2346 4,
1275 2307 1317 2339 ad
1336 2315 1364 2346 ι,

290 2349 502 2390 intelligendo
519 2349 568 2380 rei
586 2349 809 2390 quidditatem‚
827 2351 983 2393 intelligit
997 2351 1150 2392 quicquid
1165 2352 1215 2382 rei
1229 2352 1365 2384 attribui

285 2398 394 2434 potest
416 2393 467 2424 vel
489 2395 652 2426 removeri
675 2395 715 2424 ab
738 2404 788 2426 ea.
813 2394 877 2426 Sed
901 2396 940 2426 ab
964 2405 1163 2437 unaquaque
1186 2396 1365 2437 quidditate

291 2447 404 2469 omnes
420 2438 500 2469 aliae
517 2439 676 2470 removeri
693 2444 724 2470 et
739 2440 849 2480 negari
865 2446 1012 2480 possunt.
1037 2441 1135 2482 Ergo,
1151 2441 1364 2482 intelligendo

290 2492 389 2513 unam
413 2481 636 2523 quidditatem,
661 2493 777 2515 omnes
809 2485 1004 2524 quidditates
1033 2486 1191 2526 intelligit.
1216 2486 1281 2518 Sed
1311 2496 1364 2518 eas
1391 2514 1392 2520 ,

289 2527 437 2567 intelligit
459 2536 518 2567 per
540 2528 664 2568 species
687 2529 822 2559 innatas.
849 2529 935 2570 Ergo
959 2537 1021 2562 etc.

346 2572 398 2602 lx.
422 2571 473 2603 Aa
489 2572 636 2612 primum
658 2582 852 2613 responsum
875 2581 924 2606 est
947 2575 1106 2616 superius,
1130 2573 1214 2604 libro
1244 2575 1363 2615 primo,

288 2617 345 2647 ubi
369 2616 408 2646 de
432 2617 566 2647 scientia
589 2617 650 2648 Dei
673 2618 827 2658 agebatur
842 2618 869 2648 “.

345 2670 374 2691 2.
398 2661 449 2691 Ad
471 2661 659 2698 secundum,
680 2671 719 2693 ex
735 2662 882 2694 doctrina
898 2662 1008 2694 Sancti
1025 2662 1174 2693 Thomae
1198 2662 1362 2703 Secundo,

289 2705 319 2736 d.
336 2715 378 2744 xi,
395 2714 426 2745 q.
444 2715 476 2744 11,
496 2715 524 2736 a.
543 2706 573 2745 3,
590 2705 630 2737 ad
644 2715 677 2745 4,
701 2706 932 2747 respondetur:
955 2712 986 2738 et
1005 2706 1122 2738 dicitur
1138 2708 1256 2748 prim0‚
1273 2708 1364 2749 quod

287 2750 467 2781 substantia
490 2756 644 2790 separata
660 2756 708 2782 est
724 2751 786 2782 sibi
805 2753 891 2782 ratio
909 2752 1130 2793 cognoscendi
1146 2753 1258 2784 omnia
1280 2763 1365 2794 quae

288 2794 331 2825 ad
354 2795 456 2835 ipsam
474 2795 652 2835 pertinent.
677 2796 718 2826 Et
741 2795 827 2836 ideo,
852 2806 928 2828 cum
951 2802 1062 2828 motus
1090 2798 1237 2838 corporis
1261 2799 1364 2830 caele-

287 2840 343 2870 stis
358 2839 398 2870 sit
413 2839 454 2870 de
469 2840 704 2880 pertinentibus
720 2839 761 2871 ad
777 2842 989 2872 substantiam
1002 2847 1201 2881 moventem,
1219 2852 1260 2874 eo
1273 2843 1364 2883 quod

288 2884 333 2914 illi
356 2885 462 2915 motui
485 2894 504 2915 a
527 2894 584 2915 sua
608 2885 772 2916 creatione
787 2887 828 2916 sit
851 2886 1020 2926 deputam
1037 2895 1170 2918 necesse
1186 2893 1233 2918 est
1257 2887 1364 2919 dicere

288 2928 378 2969 quod
390 2929 567 2960 substantia
578 2939 716 2960 movens
728 2930 857 2961 caelum
867 2940 937 2962 non
953 2940 1011 2971 per
1021 2932 1146 2971 species
1159 2933 1294 2972 innatas,
1307 2933 1364 2964 sed

288 2983 346 3013 per
372 2974 542 3004 essentiam
566 2983 658 3005 suam
683 2979 715 3005 et
737 2980 867 3006 motum
891 2982 923 3006 et
947 2975 1073 3007 caelum
1098 2977 1292 3017 inquantum
1316 2984 1365 3009 est

289 3027 383 3048 suum
395 3018 528 3057 mobile,
545 3024 732 3059 cognoscat,
749 3019 824 3050 licet
840 3029 908 3050 non
928 3019 1077 3052 distincte
1094 3026 1126 3051 et
1141 3021 1363 3061 quidditative.

344 3062 470 3093 Dicitur
492 3062 649 3103 secundo,
675 3063 766 3104 quod
782 3074 850 3095 non
875 3066 1064 3096 inconvenit
1086 3066 1299 3097 substantiam
1315 3077 1364 3099 se·
1389 3059 1392 3098 l

289 3112 430 3146 paratam
454 3107 552 3138 simul
575 3117 634 3148 per
656 3117 750 3139 suam
774 3109 946 3140 essentiam
977 3109 1087 3150 aliqua
1117 3110 1308 3152 intelligere,
1332 3118 1364 3143 et
1390 3103 1392 3142 l

289 3151 410 3190 aliquid
434 3151 521 3182 aliud
545 3161 603 3191 per
626 3153 785 3192 speciem:
811 3163 887 3184 cum
904 3154 1042 3185 essentia
1066 3159 1098 3185 et
1121 3156 1246 3195 species
1268 3157 1364 3188 intel-

288 3195 415 3235 ligibilis
439 3196 503 3227 sint
526 3197 668 3227 rationes
691 3197 894 3238 intelligendi
917 3198 1117 3230 diversarum
1141 3201 1315 3240 rationum,
1333 3207 1366 3232 et

288 3249 392 3271 unum
415 3240 456 3271 sit
478 3241 560 3271 ratio
577 3241 716 3281 alterius,
733 3248 770 3273 ut
793 3248 963 3274 ostensum
987 3249 1035 3274 est
1058 3244 1092 3275 in
1108 3245 1215 3285 primo
1239 3245 1322 3277 libro
1336 3247 1363 3278 ⁴.

290 3284 365 3315 ldeo
389 3294 458 3316 non
480 3285 671 3316 inconvenit
693 3287 905 3318 substantiam
922 3294 1102 3328 separatam
1117 3289 1215 3321 simul
1232 3297 1263 3321 et
1279 3300 1365 3331 quae

289 3328 329 3359 ad
352 3329 454 3369 ipsam
478 3330 651 3370 pertinent,
675 3337 708 3362 et
730 3331 855 3372 aliquid
879 3332 966 3365 aliud
993 3333 1182 3374 intelligere.
1389 3306 1392 3386 Ι

344 3373 408 3404 Sed
431 3379 544 3405 contra
569 3374 819 3407 fundamentum
844 3377 942 3408 huius
965 3379 1189 3418 responsionis
1212 3378 1365 3410 videntur
1390 3390 1392 3397 ·

289 3427 357 3448 esse
380 3418 476 3449 verba
500 3418 607 3450 Sancti
633 3419 782 3452 Thomae
812 3421 920 3458 Verit„
939 3431 970 3462 q.
988 3432 1030 3462 rx,
1047 3433 1076 3453 a.
1091 3432 1124 3463 4,
1142 3422 1182 3453 ad
1205 3431 1252 3454 ιι.
1278 3424 1365 3455 Dicit
1390 3427 1392 3441 ³

290 3462 374 3492 enim
398 3462 442 3493 ibi
467 3462 557 3503 quod
581 3474 666 3495 unus
685 3466 826 3506 angelus
844 3467 1080 3508 cogitationem
1103 3467 1242 3499 alterius
1264 3469 1308 3500 ad
1330 3479 1365 3500 se

291 3505 451 3546 loquentis
462 3517 525 3547 per
539 3509 676 3548 speciem
693 3519 758 3550 qua
774 3511 946 3553 cognoscit
962 3511 1067 3552 ipsum
1082 3512 1251 3554 angelum,
1268 3513 1364 3544 videt.
1391 3519 1393 3530 ¹

290 3549 354 3580 Sed
369 3552 521 3591 cogitatio
545 3553 615 3584 talis
631 3559 678 3584 est
694 3553 734 3585 de
750 3555 985 3595 pertinentibus
1002 3556 1043 3587 ad
1062 3557 1215 3598 angelum
1231 3557 1365 3589 audien·
1391 3550 1393 3589 ,³

290 3598 366 3632 tem,
390 3601 426 3626 ut
449 3595 525 3627 dicit
549 3597 684 3629 Sanctus
704 3598 849 3630 Thomas
874 3601 906 3630 in
937 3600 964 3631 11
988 3601 1087 3638 sent„
1114 3601 1192 3633 loco
1215 3602 1363 3643 allegato.
1391 3599 1393 3638 ἰ

1482 831 1716 867 Veruntamen,
1733 836 1793 868 pro
1811 827 2030 858 declaratione
2046 825 2249 867 supradictae
2271 828 2506 869 responsionis,

1398 897 1400 920 ἰ
1427 885 1503 906 curn
1521 875 1638 906 dicitur
1654 872 1825 904 essentiam
1841 870 2044 903 substantiae
2057 876 2232 912 separatae
2253 881 2323 903 esse
2343 872 2508 903 rationem

1398 924 1399 927 ’
1427 919 1632 961 intelligendi
1655 918 1766 948 omnia
1782 926 1867 958 quae
1890 915 1934 947 ad
1949 915 2054 957 ipsam
2070 916 2248 958 pertinent,
2272 917 2507 949 attendendum

1427 971 1474 995 est
1498 964 1590 1005 quod
1605 963 1778 1003 dupliciter
1793 962 1858 992 hoc
1874 970 2051 1002 possumus
2066 962 2279 1002 interpretari.
2299 961 2372 993 Uno
2391 961 2505 1002 modo,

1426 1010 1518 1050 quod
1541 1010 1610 1050 ipsa
1634 1008 1714 1046 sola,
1739 1006 1828 1037 nulla
1855 1006 1916 1036 alia
1941 1011 2156 1037 concurrente
2179 1007 2300 1047 specie,
2324 1007 2364 1037 sit
2386 1007 2506 1048 princi-

1426 1055 1519 1095 pium
1544 1053 1679 1084 formale
1703 1051 1933 1083 intellectionis
1956 1050 2099 1082 illorum.
2124 1051 2200 1082 Alio
2217 1051 2332 1091 mod0,
2357 1050 2447 1092 quod
2464 1050 2505 1082 ad

1426 1101 1545 1130 horum
1562 1098 1788 1139 cognitionem
1804 1101 2000 1127 concurrant
2016 1101 2048 1126 et
2072 1097 2210 1126 essentia
2229 1102 2261 1126 et
2283 1095 2416 1127 illorum
2433 1105 2506 1137 spe-

1426 1145 1491 1175 cies
1514 1142 1732 1183 intelligibiles
1756 1147 1912 1182 tanquam
1937 1150 2041 1172 unum
2065 1140 2164 1172 totale
2190 1141 2388 1182 principium
2411 1141 2507 1173 intel-

1425 1190 1575 1220 lectionis
1598 1189 1757 1228 ipsorum,
1781 1186 1839 1217 sed
1862 1192 1972 1216 tamen
1988 1185 2059 1227 ipsa
2082 1185 2221 1217 essentia
2244 1186 2285 1216 sir
2306 1185 2389 1216 ratio
2413 1191 2450 1217 ut
2465 1185 2506 1218 ad

1425 1244 1522 1264 usum
1535 1234 1718 1274 specierum
1732 1230 1923 1262 huiusmodi
1933 1229 2119 1262 intellectus
2132 1235 2351 1270 convertatur,
2367 1232 2507 1272 inquan—

1425 1286 1495 1310 tum
1520 1279 1666 1318 cognitio
1690 1275 1832 1318 perfecta
1856 1275 2014 1306 essentiae
2030 1275 2128 1316 exigit
2151 1281 2188 1306 ut
2210 1275 2322 1306 omnia
2344 1275 2386 1307 ad
2401 1277 2506 1317 ipsam

1424 1323 1602 1364 spectantia
1619 1326 1869 1362 cognoscantur.
1883 1339 1903 1342 -
1914 1320 2008 1351 Licet
2023 1326 2132 1351 autem
2150 1326 2287 1361 uterque
2299 1330 2413 1352 sensus
2427 1331 2506 1362 pro-

1424 1369 1571 1400 babiliter
1594 1366 1765 1398 sustentari
1789 1365 1902 1406 possit,
1926 1365 2053 1406 primus
2075 1370 2186 1396 tamen
2209 1365 2312 1406 magis
2335 1365 2376 1397 ad
2399 1367 2506 1397 inten-

1424 1414 1550 1444 tionem
1574 1413 1683 1444 Sancti
1707 1411 1858 1442 'l'homae
1882 1410 2010 1441 videtur
2032 1419 2113 1441 esse.
2145 1410 2179 1442 Si
2203 1410 2292 1441 enim
2313 1410 2391 1443 ideo
2417 1411 2524 1443 dict>-r

1424 1465 1512 1489 retur
1535 1457 1712 1488 substantia
1728 1461 1874 1496 separata
1897 1454 1992 1496 plura
2007 1454 2047 1486 ad
2070 1455 2176 1496 ipsam
2190 1455 2388 1496 pertinentia
2407 1455 2505 1488 simul

1424 1503 1602 1543 intelligere
1629 1511 1725 1542 posse
1753 1500 1830 1541 quia
1857 1500 1996 1532 essentia
2019 1510 2077 1531 sua
2101 1506 2150 1532 est
2173 1500 2256 1534 ratio
2280 1500 2505 1541 cognoscendi

1424 1548 1478 1578 illa
1493 1557 1552 1588 per
1567 1547 1714 1587 proprias
1738 1546 1874 1586 species,
1889 1545 1935 1576 sic
1959 1545 2072 1576 omnia
2087 1546 2127 1575 ab
2151 1545 2221 1586 ipsa
2236 1545 2515 1587 naturaliter-cm,
2531 1543 2536 1548 ’

1423 1592 1615 1633 gnoscibilia
1639 1591 1737 1621 simul
1752 1595 1863 1631 posset
1878 1589 2071 1630 intelligere:
2096 1599 2185 1630 nam,
2201 1594 2238 1621 ut
2254 1589 2372 1622 dicitur
2391 1580 2514 1628 Veris„

1425 1647 1455 1677 q.
1469 1647 1535 1676 vin,
1549 1647 1576 1667 a.
1596 1645 1645 1676 14,
1658 1635 1698 1666 ad
1711 1635 1730 1665 6
1744 1636 1772 1674 θ,
1789 1634 1927 1666 essentia
1944 1635 2059 1676 angeli
2070 1639 2120 1665 est
2133 1634 2165 1666 ei
2179 1634 2268 1666 ratio
2280 1633 2506 1677 cognoscendi
2519 1637 2540 1648 ⁴
2573 1636 2637 1661 Μ*
2666 1642 2747 1667 ¹⁸⁸„-

1424 1682 1536 1712 omnia
1559 1690 1644 1722 quae
1666 1680 1846 1722 cognoscit,
1871 1679 1911 1710 ad
1935 1679 2024 1710 hunc
2047 1679 2228 1710 secundum
2253 1688 2396 1711 sensum.

1481 1726 1510 1756 3.
1520 1726 1571 1756 Ad
1583 1725 1714 1756 tertium
1726 1734 1784 1765 per
1796 1724 1883 1755 idem
1897 1723 2148 1756 fundamentum
2160 1723 2390 1766 respondetur:
2401 1723 2503 1765 quod,

1424 1780 1500 1801 cum
1523 1771 1635 1802 anima
1658 1774 1813 1811 separata
1840 1779 1875 1800 se
1891 1778 1957 1809 per
1978 1769 2151 1800 essentiam
2179 1770 2369 1811 cognoscat,
2395 1774 2431 1800 ut
2453 1768 2502 1806 di-

1423 1816 1505 1846 citur
1528 1815 1644 1854 Prima,
1669 1824 1700 1855 q.
1724 1823 1848 1852 cxxxix,
1873 1823 1901 1844 a.
1921 1823 1950 1849 2,
1975 1813 2059 1844 sicut
2083 1813 2163 1845 aliae
2186 1814 2385 1845 substantiae
2408 1823 2502 1857 sepa-

1422 1866 1519 1898 ratae,
1544 1858 1776 1900 cognoscendo
1801 1858 1974 1889 essentiam
1997 1867 2100 1897 suam,
2123 1867 2182 1900 per
2203 1859 2309 1899 ipsam
2332 1859 2444 1890 omnia
2462 1858 2504 1891 ad

1421 1914 1455 1934 se
1479 1904 1673 1944 pertinentia
1689 1908 1904 1943 cognoscunt,
1925 1903 1968 1933 ita
1984 1902 2025 1934 de
2041 1903 2149 1934 anima
2164 1909 2310 1944 separata
2325 1902 2503 1937 dicendum

1421 1949 1490 1978 erit.
1516 1948 1558 1979 Et
1580 1949 1637 1987 sic,
1653 1957 1729 1979 cum
1746 1947 1928 1978 animarum
1945 1948 2106 1979 cruciatus
2130 1948 2194 1979 sint
2209 1947 2251 1979 de
2264 1947 2502 1989 pertinentibus

1421 1993 1463 2024 ad
1477 1994 1574 2033 ipsas,
1591 1992 1751 2024 diceretur
1766 1991 1858 2033 quod
1871 1991 1947 2023 illos
1962 2002 2031 2024 non
2042 2001 2102 2033 per
2114 1992 2250 2033 species,
2262 1992 2320 2025 sed
2334 2002 2394 2035 per
2409 1993 2503 2028 suam

1421 2037 1594 2068 essentiam
1611 2042 1827 2078 cognoscunt.
1851 2036 1894 2068 Et
1916 2037 1963 2068 sic
1978 2047 2048 2069 non
2063 2037 2281 2079 prohibentur
2301 2037 2402 2070 simul

1420 2082 1498 2123 ipsis
1522 2081 1645 2123 aliquid
1668 2081 1756 2112 aliud
1779 2081 1970 2123 intelligere.

1477 2126 1509 2158 Si
1533 2133 1645 2158 autem
1668 2127 1804 2158 instetur
1828 2126 1868 2158 de
1898 2127 2070 2159 animabus
2093 2126 2324 2159 damnum-um
2346 2131 2423 2168 post
2451 2135 2503 2158 re-

1420 2172 1667 2211 surrectionem,
1685 2170 1776 2212 quod
1791 2176 1872 2202 tunc
1886 2181 1956 2202 non
1977 2171 2162 2212 intelligent
2183 2180 2220 2203 se
2233 2180 2294 2213 per
2316 2171 2503 2212 asentiam,

1420 2217 1504 2248 sicut
1525 2226 1588 2248 nec
1611 2215 1714 2248 modo
1739 2215 1820 2247 dum
1835 2215 2029 2258 corporibus
2045 2217 2214 2256 uniuntur,
2239 2222 2272 2248 et
2293 2217 2341 2248 sic
2355 2215 2504 2251 remma

1421 2260 1535 2292 eadem
1559 2260 1732 2293 difficultas
1763 2270 1847 2302 quae
1878 2261 1983 2303 prius:
2006 2279 2028 2284 -
2052 2260 2244 2304 responderi
2271 2267 2382 2303 potest
2409 2261 2503 2303 quod

1420 2307 1528 2337 anima
1552 2306 1650 2338 etiam
1673 2311 1749 2348 post
1771 2306 2055 2346 resurrectionem,
2070 2311 2276 2348 reassumpto
2299 2315 2451 2348 corpore,
2465 2315 2502 2339 ee

1419 2361 1478 2392 per
1501 2351 1674 2382 essentiam
1697 2357 1888 2392 cognoscet.
1912 2350 2008 2391 Nam,
2038 2356 2076 2383 ut
2105 2349 2225 2384 dieitur
2247 2350 2387 2392 Quarto,
2413 2350 2445 2383 d.
2468 2360 2505 2390 1..-

1421 2406 1452 2437 q.
1470 2405 1503 2435 11,
1521 2406 1549 2426 a.
1569 2406 1598 2435 2,
1615 2396 1652 2437 q·
1674 2404 1699 2432 1,
1716 2395 1757 2428 ad
1774 2406 1805 2436 2,
1829 2396 1938 2428 anima
1960 2402 2038 2437 post
2057 2396 2341 2437 resurrectionem,
2364 2399 2501 2439 propter

1420 2441 1567 2481 corporis
1590 2441 1942 2482 incorruptibilitatem,
1964 2450 2036 2473 non
2062 2441 2107 2474 ita
2129 2441 2274 2474 trahetur
2296 2451 2337 2473 ex
2359 2439 2505 2483 corpoio‘

1420 2487 1503 2517 sicut
1526 2485 1629 2517 modo
1653 2485 1798 2517 trahitur.
2462 2483 2478 2525 “y

1475 2540 1507 2570 4.
1532 2530 1584 2561 Ad
1605 2535 1760 2572 quartum
1784 2529 1901 2562 dicitur
1923 2530 2044 2571 prim0‚
2066 2530 2157 2562 ium
2176 2539 2215 2562 ea
2237 2540 2322 2572 quae
2346 2526 2500 2571 dicuntur

1419 2575 1538 2614 Prima,
1562 2585 1593 2616 q.
1619 2585 1733 2615 Lxxxv,
1749 2585 1777 2606 a.
1801 2585 1842 2616 4;
1867 2581 1899 2607 et
1920 2574 2028 2612 Vera..
2053 2584 2086 2617 q.
2101 2585 2168 2616 vm,
2191 2585 2221 2606 a.
2243 2584 2293 2616 14,
2308 2574 2352 2607 ad
2375 2575 2443 2613 2⁰5
2467 2575 2537 2609 dv·

1422 2619 1553 2658 Quolib.
1567 2619 1636 2660 vn,
1649 2630 1678 2651 a.
1693 2630 1711 2651 2
1724 2621 1752 2660 *‚
1766 2620 1858 2662 quod
1871 2620 1987 2662 utique
1999 2620 2146 2662 angelus,
2157 2619 2392 2663 cognoscendo
2403 2611 2510 2663 qui&

1419 2665 1553 2697 ditatem
1578 2665 1726 2704 alicuius,
1743 2665 1915 2706 cognoscit
1929 2665 2042 2697 omnia
2061 2675 2080 2696 a
2103 2665 2224 2706 quibus
2246 2665 2302 2698 illa
2315 2674 2368 2697 res
2383 2663 2499 2703 differi,

1419 2716 1456 2742 ut
1479 2711 1513 2741 in
1537 2719 1603 2741 una
1626 2710 1751 2741 ratione
1775 2709 1975 2742 differentiae
1999 2710 2212 2742 conveniunt.
2485 2732 2489 2749 5

1476 2755 1603 2786 Dicitur
1626 2754 1785 2792 secundo,
1810 2754 1903 2796 quod
1924 2764 2043 2787 omnes
2073 2755 2151 2788 aliae
2178 2753 2377 2797 quidditetes
2400 2753 2498 2794 videt,

1419 2809 1488 2831 non
1504 2809 1775 2841 unamquamque
1795 2799 1946 2832 distincte
1969 2805 2002 2832 et
2024 2799 2239 2841 quidditntive
2253 2798 2427 2839 intuendo,
2441 2798 2501 2837 sed

1419 2844 1561 2876 videndo
1577 2845 1738 2876 rationem
1753 2845 1787 2877 in
1805 2854 1870 2886 qua
1885 2845 2089 2877 conveniunt
2105 2850 2142 2877 ut
2159 2854 2178 2876 a
2193 2843 2375 2887 quidditnte
2388 2845 2500 2887 primo

1419 2889 1487 2920 visa
1509 2889 1765 2932 distinguuntur.
1788 2889 1889 2923 Verbi
1909 2890 2023 2931 gratia,
2043 2890 2122 2932 quia
2137 2889 2241 2922 bomo
2257 2888 2316 2932 p'er
2332 2888 2508 2927 rationale*

1418 2934 1459 2964 ab
1472 2934 1627 2966 omnibus
1642 2933 1836 2966 animalibus
1847 2934 2088 2967 irrationalibus
2102 2934 2211 2976 primo
2225 2933 2341 2972 differt,
2353 2933 2429 2968 ideo
2441 2943 2511 2971 ιιι·-

1417 2978 1521 3020 gelus,
1532 2979 1697 3011 hominem
1711 2977 1884 3019 intuendo,
1896 2980 2042 3012 intuetur
2052 2979 2152 3012 etim
2165 2977 2501 3021 mnonfflmtmia

1419 3033 1484 3065 qua
1497 3023 1608 3055 omnia
1620 3025 1714 3056 bruta
1729 3025 1942 3064 conveniunt,
1954 3034 1974 3056 a
1985 3033 2052 3066 qua
2063 3025 2166 3056 homo
2179 3033 2240 3066 per
2249 3024 2499 3060 rationalitatem

1419 3068 1636 3109 distinguitur.
1653 3068 1695 3100 Et
1712 3069 1758 3101 sic
1770 3069 1883 3100 omnia
1897 3069 1992 3101 brun
2006 3068 2196 3110 cognitione
2207 3068 2351 3111 quadam
2362 3067 2500 3103 consum

1419 3113 1606 3154 cognoscit:
1630 3113 1829 3154 inquantum
1842 3114 1966 3146 scilicet
1981 3113 2016 3146 in
2031 3112 2272 3146 irrationalitate
2287 3113 2517 3159 convestitam:

1419 3163 1451 3189 et
1466 3158 1500 3189 in
1516 3167 1582 3189 una
1597 3158 1722 3190 ratione
1737 3158 1922 3200 negationis
1937 3164 1971 3191 et
1984 3157 2185 3191 differentiae
2199 3158 2423 3195 continentur..
2491 3183 2493 3185 .

1475 3202 1603 3234 Dicitur
1625 3203 1732 3243 tertio,
1756 3202 1849 3245 quod
1871 3204 1935 3236 hac
1958 3203 2149 3245 cognitione
2174 3204 2288 3236 omnia
2309 3200 2501 3244 huiusne&

1419 3257 1477 3288 per
1500 3247 1645 3288 speciem
1666 3246 1854 3288 quidditatis
1869 3258 1889 3279 a
1912 3257 1978 3290 qua
1992 3248 2155 3279 removeri
2170 3251 2500 3290 cognoscuntur-,ven-

1418 3292 1511 3332 gelus
1537 3292 1698 3334 intelligit.
1722 3292 1765 3324 Et
1787 3293 1866 3334 quia
1887 3302 1958 3325 non
1978 3292 2172 3325 inconvenit
2193 3301 2280 3336 quae
2300 3300 2367 3326 una
2389 3292 2500 3333 specie

1420 3342 1678 3414 cogposcmgpr,
1702 3337 1802 3413 sirlnul
1825 3336 2072 3414 inspllligssiideo
2089 3345 2214 3415 zamram
2222 3334 2419 3379 quidditates
2434 3336 2500 3368 hoc

1419 3390 1608 3458 moCZtgi?
1620 3381 1804 3468 quzztealdgl
1805 3390 2100 3459 hqncugnpffiv
2108 3386 2295 3467 maereat?
2305 3425 2380 3457 vide
2411 3424 2500 3467 apud

1391 3464 1392 3506 J
1420 3469 1633 3511 capreolum,
1658 3471 1685 3502 11
1709 3470 1810 3508 Sem..
1834 3470 1866 3503 d.
1890 3481 1936 3512 m,
1958 3481 1991 3513 q.
2014 3479 2049 3502 ιι.

1477 3515 1525 3546 Ετ
1555 3525 1639 3546 mc
1672 3525 1768 3547 nic-m
1798 3524 1981 3548 sortiemu-
2009 3523 2071 3546 no
2094 3523 2335 3546 mma-riom:
2358 3514 2500 3549 smmm

1419 3559 1522 3599 Lmu,
1546 3570 1589 3591 tm
1613 3559 1854 3592 Omoeorm‘rrs
1885 3559 1950 3592 Dn
1976 3567 2132 3591 nouom
2161 3568 2200 3590 ιτ
2232 3558 2334 3591 Buri
2356 3558 2501 3592 Tuom

1419 3614 1556 3636 Laurum.

1124 3687 1627 3736 -—›r²-⁷‘sussss÷<vm—ffl
1646 3711 1656 3715 -

2531 1663 2631 1693 punt-n.

2424 2037 2506 2101 φφ,
2524 2063 2526 2065 μ

2734 2378 2768 2546 i

2570 2576 2634 2599 later
2664 2582 2750 2606 m

2524 2603 2620 2642 prium·

2550 2631 2591 2653 ΑΙ.
2603 2619 2628 2660 q:
2639 2636 2656 2659 ι,
2670 2635 2693 2654 ι.
2702 2635 2724 2654 ⁸.

2643 2751 2651 2761 a
2695 2752 2697 2755 ν
2720 2734 2748 2761 xc*
