2768 4134
293 300 367 348 346

759 294 947 332 SUMMA
977 293 1201 331 CONTRA
1228 292 1504 338 GENTILES,
1532 293 1627 329 LIB.
1648 293 1689 338 11,
1720 293 1831 330 CAP.
1852 294 2022 331 XXXIII.

655 450 1142 508 CAPITULUM
1180 449 1706 506 TRIGESIMUM
1743 448 2126 506 TERTIUM

1117 572 1352 614 Fragmentum
1376 582 1414 603 ex
1437 573 1468 602 A
1500 571 1567 612 37r
1598 580 1655 602 at.

492 673 802 716 RATIONES
837 671 1204 713 VOLENTIUM
1236 671 1525 713 PROBARE
1558 671 2049 713 AETERNITATEM
2082 672 2282 715 MUNDI

807 734 1098 777 SUMPTAE
1132 734 1213 775 EX
1246 734 1451 776 PARTE
1470 734 1963 776 CREATURARUM

298 892 348 937 'f
366 892 405 917 f
406 883 468 910 ‚s
466 880 552 906 [mr
589 875 720 905 autem
758 874 795 903 et
827 865 910 910 alia,
941 876 987 902 ex
1022 872 1131 914 parte
1169 872 1359 903 creatura-

292 920 354 975 „33
366 919 385 936 “·
388 902 470 962 2³.
494 933 582 959 rum
611 927 777 969 accepta,
808 931 909 968 quae
938 918 1043 955 idem
1072 918 1275 956 ostendere
1304 918 1359 955 vi·

297 969 408 1029 >ti-332.
432 966 470 1021 ’ζῆ
493 976 644 1012 dentur.

381 1021 402 1029 u-

1415 873 1516 903 runt.
1553 866 1662 902 Deus
1699 865 1805 902 enim
1833 865 1998 903 omnino
2033 865 2244 904 immobilis
2279 875 2352 914 est,
2380 876 2424 906 ut
2451 868 2491 906 in

1415 919 1548 957 Primo
1567 918 1588 941 ’¹‘
1616 926 1817 957 ostensum
1846 926 1913 956 est.

1469 973 1682 1010 Praeterea.
1713 973 1846 1010 Omne
1873 983 1991 1021 agens
2019 972 2128 1022 quod
2156 981 2312 1021 generat
2344 974 2416 1012 sibi
2444 975 2492 1013 si-

547 1028 659 1074 Quae
679 1026 786 1063 enim
805 1037 886 1062 non
907 1024 1051 1062 habent
1074 1024 1288 1074 potentiam
1310 1025 1359 1062 ad
1415 1025 1518 1072 mile,
1534 1026 1697 1063 intendit
1711 1037 1943 1063 conservare
1953 1037 2037 1063 esse
2052 1034 2287 1076 perpetuum
2297 1039 2338 1064 m
2353 1028 2491 1078 specie,

283 1095 363 1120 non
386 1094 479 1128 esse,
500 1079 736 1140 impossibile
765 1086 821 1115 est
849 1090 896 1116 ea
923 1090 1005 1116 non
1025 1090 1120 1116 esse.
1151 1078 1360 1126 Quaedam
1382 1090 1391 1110 ς
1415 1056 1525 1129 quod
1550 1091 1631 1117 non
1660 1087 1787 1130 potest
1815 1086 2005 1129 perpetuo
2034 1079 2256 1117 conservari
2285 1079 2325 1118 in
2354 1081 2491 1119 indivi-

284 1144 413 1173 autem
443 1142 532 1172 sunt
560 1133 598 1170 in
628 1131 810 1170 creaturis
846 1131 885 1168 in
917 1131 1062 1192 quibus
1094 1143 1176 1169 non
1205 1140 1261 1169 est
1288 1144 1359 1182 po-

282 1189 403 1226 tentia·
430 1189 478 1225 ad
512 1199 593 1224 non
621 1199 715 1223 esse.
752 1186 846 1222 Non
881 1185 988 1223 enim
1019 1192 1146 1235 potest
1178 1198 1262 1223 esse
1290 1198 1359 1235 po-

282 1242 398 1279 tentia
425 1242 475 1279 ad
503 1253 584 1278 non
613 1251 695 1277 esse
724 1238 796 1276 nisi
823 1238 862 1276 in
889 1238 960 1276 illis
979 1251 1081 1288 quae
1107 1239 1252 1277 habent
1278 1251 1359 1276 ma-

282 1295 417 1333 teriam
437 1293 695 1332 contrarietati
724 1292 956 1330 subiectam:
987 1292 1159 1342 potentia
1184 1292 1290 1330 enim
1310 1292 1360 1330 ad

1416 1133 1509 1170 duo.
1549 1132 1791 1183 Impossibile
1825 1140 1881 1170 est
1913 1140 2045 1170 autem
2078 1140 2239 1171 naturae
2277 1134 2493 1185 appetitum

1415 1198 1564 1223 vanum
1593 1198 1688 1224 esse.
1719 1187 1883 1236 Oportet
1911 1186 2024 1235 igitur
2043 1187 2151 1236 quod
2179 1199 2311 1225 rerum
2335 1199 2492 1236 genera-

1415 1239 1552 1277 bilium
1581 1240 1728 1289 species
1756 1239 1831 1277 sint
1858 1247 2081 1290 perpetuae.

1471 1293 1625 1331 Adhuc.
1648 1293 1689 1331 Si
1716 1301 1874 1343 tempus
1893 1301 1950 1330 est
1967 1301 2215 1344 perpetuum,
2236 1302 2388 1345 oportet
2407 1307 2492 1334 mo-

283 1361 365 1387 esse
394 1356 430 1386 et
459 1361 539 1386 non
568 1360 650 1386 esse
681 1354 736 1384 est
763 1345 937 1396 potentia
965 1346 1015 1383 ad
1042 1345 1360 1396 privationem-et
1375 1362 1400 1377 10
1415 1354 1500 1384 tum
1529 1359 1613 1384 esse
1642 1354 1899 1397 perpetuum:
1929 1359 2022 1384 cum
2051 1347 2096 1384 sit
2125 1360 2304 1386 numerus
2324 1349 2480 1387 motus*

281 1403 460 1448 formam,
481 1414 655 1452 quorum
674 1399 895 1438 subiectum
915 1407 971 1437 est
990 1399 1169 1446 materia;
1193 1399 1358 1450 privatio

282 1469 376 1494 vero
406 1468 560 1506 semper
587 1454 809 1503 adiungitur
836 1454 985 1491 formae
1014 1454 1239 1501 contrariae,
1266 1466 1359 1491 cum

283 1509 519 1560 impossibile
541 1508 586 1546 sit
605 1507 808 1546 materiam
829 1519 911 1544 esse
932 1508 1080 1557 absque
1096 1508 1206 1546 omni
1220 1508 1357 1545 forma.

284 1564 361 1602 Sed
390 1563 587 1613 quaedam
615 1570 812 1600 creaturae
842 1569 931 1598 sunt
960 1561 999 1599 in
1028 1561 1172 1611 quibus
1194 1573 1275 1599 non
1304 1569 1359 1598 est

283 1617 441 1655 materia
475 1615 731 1654 contrarietati
764 1614 954 1653 subiecta:
985 1616 1047 1652 vel
1075 1615 1167 1665 quia
1195 1614 1360 1653 omnino

283 1683 363 1709 non
393 1671 537 1708 habent
570 1669 784 1715 materiam,
814 1668 911 1706 sicut
946 1668 1180 1706 substantiae
1218 1669 1360 1706 intelle-

284 1726 444 1770 ctuales,
474 1732 517 1761 ut
551 1723 648 1760 infra
671 1723 691 1745 '¹‘
720 1723 963 1767 ostendetur;
1000 1724 1062 1759 vel
1098 1734 1179 1760 non
1216 1722 1361 1760 habent

284 1777 532 1823 contrarium,
553 1777 650 1814 sicut
669 1788 836 1826 corpora
857 1775 1053 1821 caelestia;
1083 1776 1192 1826 quod
1221 1788 1360 1814 eorum

284 1839 414 1869 motus
435 1830 612 1876 ostendit,
632 1830 699 1880 qui
720 1829 959 1867 contrarium
978 1841 1060 1866 non
1080 1830 1207 1868 habet.
1234 1830 1359 1877 Quas-

285 1885 377 1922 dam
412 1884 524 1933 igitur
558 1891 751 1921 creaturas
786 1882 1026 1932 impossibile
1056 1891 1111 1920 est
1146 1895 1227 1920 non
1263 1896 1358 1921 esse.
1376 1900 1401 1914 πο

285 1939 387 1986 Ergo
416 1950 480 1974 eas
509 1949 666 1974 necesse
696 1945 751 1974 est
779 1948 935 1986 semper
963 1948 1056 1973 esse.

337 1993 444 2028 Item.
475 1991 743 2040 Unaquaeque
780 2002 840 2027 res
875 1997 1026 2027 tantum
1056 1989 1168 2026 durat
1203 1989 1243 2026 in
1276 2001 1359 2026 esse

284 2052 428 2104 quanta
457 2052 513 2081 est
541 2056 611 2081 sua
631 2043 752 2081 virtus
773 2043 943 2080 essendi:
974 2042 1047 2080 nisi
1075 2055 1146 2092 per
1169 2042 1359 2090 accidens,

284 2098 380 2135 sicut
416 2097 455 2134 in
491 2097 549 2134 his
585 2109 686 2147 quae
716 2096 905 2134 violenter
933 2104 1252 2146 corrumpuntur.
1282 2074 1360 2135 Sed

284 2151 479 2200 quaedam
508 2159 705 2188 creaturae
735 2159 824 2187 sunt
853 2150 996 2200 quibus
1026 2150 1124 2187 inest
1151 2150 1274 2188 virtus
1303 2162 1360 2187 es-

285 2204 393 2242 sendi
431 2216 511 2241 non
550 2204 599 2242 ad
642 2203 800 2253 aliquod
843 2203 1146 2241 determinatum
1188 2211 1359 2253 tempus,

285 2258 353 2295 sed
372 2258 422 2295 ad
441 2269 596 2306 semper
615 2258 845 2295 essendum:
877 2257 974 2295 sicut
1001 2269 1167 2307 corpora
1185 2257 1361 2295 caelestia

285 2319 322 2348 et
349 2310 620 2348 intellectuales
649 2310 900 2356 substantiae3
930 2310 1235 2360 incorruptibilia
1254 2311 1360 2348 enim

286 2372 386 2410 sunt,
407 2376 499 2401 cum
527 2364 765 2401 contrarium
794 2375 875 2401 non
904 2364 1084 2401 habeant.
1114 2363 1362 2413 Relinquitur

1415 1401 1464 1438 Et
1491 1413 1562 1450 per
1589 1412 1834 1450 consequens
1863 1400 2023 1438 mobilia
2051 1412 2134 1438 esse
2163 1410 2368 1451 perpetua:
2400 1414 2492 1440 eum

1415 1462 1546 1492 motus
1566 1454 1613 1491 sit
1631 1461 1735 1492 actus
1753 1454 1900 1492 mobilis
1913 1453 1944 1491 ²¹².
1966 1454 2043 1492 Sed
2063 1462 2219 1504 tempus
2238 1463 2391 1505 oportet
2409 1467 2493 1494 esse
2519 1468 2529 1478 ·

1414 1515 1662 1558 perpetuum.
1679 1509 1773 1545 Non
1792 1507 1899 1545 enim
1919 1515 2044 1557 potest
2063 1507 2219 1557 intelligi
2239 1521 2322 1546 esse
2336 1516 2494 1559 tempus

1415 1561 1511 1611 quin
1531 1561 1578 1599 sit
1597 1574 1715 1598 nunc:
1734 1561 1831 1599 sicut
1855 1573 1928 1598 nec
1955 1560 2056 1600 linea
2083 1569 2211 1611 potest
2234 1561 2390 1612 intelligi
2409 1562 2492 1601 sine

1377 1629 1398 1648 ιε
1415 1623 1574 1665 puncto.
1596 1615 1713 1652 Nunc
1733 1622 1865 1652 autem
1885 1627 2040 1664 semper
2063 1623 2119 1653 est
2135 1616 2233 1665 finis
2245 1617 2445 1666 praeteriti
2459 1622 2495 1655 et

1412 1669 1641 1720 principium
1660 1670 1806 1717 futuri:
1833 1669 1930 1706 haec
1958 1668 2063 1706 enirn
2093 1676 2149 1706 est
2176 1668 2352 1707 definitio
2371 1669 2492 1720 ipsius

1417 1735 1517 1759 nunc
1531 1722 1562 1758 *.
1584 1722 1633 1759 Et
1658 1722 1712 1759 sic
1739 1721 1941 1771 quodlibet
1969 1735 2070 1760 nunc
2097 1722 2234 1760 datum
2264 1723 2382 1760 habet
2403 1730 2492 1761 ante
2519 1730 2539 1768 ²,

1417 1788 1457 1813 se
1477 1783 1633 1825 tempus
1652 1775 1760 1824 prius
1779 1783 1816 1812 et
1835 1775 2038 1825 posterius.
2060 1776 2108 1813 Et
2127 1775 2178 1813 ita
2197 1777 2350 1813 nullum
2364 1783 2492 1826 potest
2534 1772 2540 1782 '

1416 1841 1500 1866 esse
1528 1828 1703 1879 primum
1732 1841 1861 1879 neque
1891 1828 2084 1866 ultimum.
2114 1828 2361 1879 Relinquitur
2379 1829 2494 1879 igitur

1415 1882 1524 1933 quod
1544 1881 1715 1928 mobilia,
1736 1894 1838 1931 quae
1858 1890 1948 1919 sunt
1975 1882 2212 1920 substantiae
2235 1891 2397 1929 creatae,
2417 1882 2493 1921 sint

1415 1936 1465 1973 ab
1493 1944 1663 1972 aeterno.

1470 1990 1576 2026 Item.
1603 1989 1768 2038 Oportet
1789 1990 1852 2025 vel
1872 1988 2066 2026 affirmare
2095 1990 2331 2037 velnegare.
2362 1989 2403 2027 Si
2426 1989 2492 2039 igi-

1415 2050 1478 2080 tur
1505 2042 1556 2079 ad
1583 2041 1831 2090 negationem
1859 2041 2020 2080 alicuius
2044 2041 2219 2092 sequitur
2237 2041 2321 2080 eius
2338 2042 2493 2093 positio,

1416 2103 1569 2146 oportet
1588 2094 1682 2132 illud
1703 2107 1785 2132 esse
1805 2107 1972 2145 semper.
1993 2096 2173 2145 Tempus
2191 2104 2324 2134 autem
2343 2104 2399 2134 eet
2420 2097 2493 2134 hu-

1375 2166 1398 2186 ες
1416 2149 1599 2187 iusmodi.
1630 2149 1747 2194 Nam,
1777 2148 1808 2185 si
1842 2156 1998 2198 tempus
2031 2161 2112 2187 non
2147 2161 2302 2199 semper
2329 2149 2408 2198 fuit,
2437 2157 2496 2189 &et

1416 2202 1590 2252 accipere
1620 2202 1727 2252 prius
1756 2214 1836 2239 non
1866 2215 1949 2240 esse
1978 2202 2099 2252 ipsius
2118 2215 2238 2252 quam
2259 2215 2360 2249 esse;
2389 2211 2427 2241 et
2445 2203 2493 2242 si-

1417 2256 1567 2303 militer,
1588 2256 1620 2294 si
1638 2267 1719 2294 non
1749 2255 1795 2293 sit
1823 2268 1980 2305 semper
2003 2255 2190 2302 futurum,
2212 2265 2365 2306 oportet
2383 2257 2493 2307 quod

1417 2322 1498 2347 non
1527 2322 1611 2347 esse
1645 2309 1729 2347 eius
1764 2309 1810 2346 sit
1844 2309 2036 2359 posterius
2064 2309 2114 2347 ad
2143 2321 2226 2346 esse
2255 2309 2350 2348 eius.
2381 2310 2499 2349 Prius

1416 2371 1549 2401 autem
1584 2371 1622 2400 et
1655 2362 1848 2414 posterius
1882 2375 1964 2400 non
1999 2370 2125 2413 potest
2157 2374 2241 2400 esse
2274 2364 2497 2405 secundum

287 2417 399 2466 igitur
426 2417 535 2478 quod
564 2417 618 2454 eis
647 2416 832 2467 competit
860 2429 1017 2467 semper
1035 2429 1130 2454 esse.
1152 2417 1273 2464 Quod
1293 2430 1360 2455 au·
1377 2431 1402 2452 ιο
1415 2416 1664 2454 durationem
1684 2416 1756 2454 nisi
1780 2423 1936 2467 tempus
1955 2416 2017 2454 sit:
2039 2428 2132 2454 nam
2153 2428 2330 2454 numerus
2350 2418 2494 2467 prioms

286 2478 366 2508 tem
394 2469 525 2520 incipit
553 2482 646 2517 esse,
675 2482 756 2508 110ss
785 2482 940 2520 Semper
967 2478 1034 2508 est.
1065 2470 1130 2508 EIS
1159 2482 1250 2519 ergo
1280 2482 1361 2508 110ss

287 2523 471 2573 competlt
500 2531 541 2561 ut
570 2536 652 2562 eSSC
682 2523 877 2574 IHCIPIant.

340 2577 493 2615 Adhuc.
529 2577 875 2626 Quandocumque
913 2577 1058 2627 aliquid
1086 2578 1135 2614 de
1165 2589 1271 2615 novo
1304 2577 1360 2614 in-

287 2630 377 2680 cipit
406 2631 566 2677 moveri,
588 2638 740 2681 oportet
768 2631 876 2680 quod
906 2642 1083 2677 movenS,
1108 2632 1170 2668 vel
1194 2637 1360 2677 motum,

1417 2476 1450 2507 et
1472 2472 1691 2520 posterioris
1719 2478 1876 2520 tempus
1897 2477 1953 2507 est
1971 2469 2002 2506 *.
2033 2470 2081 2508 Et
2108 2469 2161 2507 sic
2181 2469 2374 2520 oportebit
2397 2476 2530 2509 tem-⁶
2520 2508 2541 2523 ⁵

1416 2535 1491 2573 pus
1519 2523 1635 2561 fuisse
1663 2531 1875 2572 antequam
1903 2523 2100 2572 inciperet,
2129 2531 2166 2560 et
2200 2523 2375 2561 futurum
2409 2535 2493 2565 esse

1417 2585 1628 2627 postquam
1662 2576 1823 2614 desinet.
1860 2577 2026 2626 Oportet
2062 2576 2176 2625 igitur
2216 2585 2372 2626 tempus
2408 2588 2492 2615 esse

1416 2638 1630 2668 aeternum.
1647 2631 1826 2680 Tempus
1840 2638 1972 2667 autern
1992 2638 2048 2667 est
2067 2629 2262 2668 accidens:
2284 2631 2393 2680 quod
2412 2630 2494 2669 sine

2519 927 2529 936 ·
2545 926 2602 955 Cap.
2613 932 2666 949 xui-

2628 2480 2659 2502 ὐ
2668 2479 2734 2504 nusi

287 2685 348 2721 vel
369 2692 592 2735 utrumque,
613 2684 720 2722 aliter
748 2696 788 2722 se
818 2684 958 2722 habeat
986 2696 1092 2722 nunc
1121 2684 1281 2734 quando
1306 2692 1362 2722 est
1377 2699 1399 2719 κς
1417 2684 1591 2722 subiecto
1621 2695 1703 2721 esse
1733 2696 1814 2721 non
1842 2691 1978 2733 potest.
2010 2682 2238 2722 Subiectum
2258 2691 2391 2722 autem
2410 2683 2494 2722 eius

288 2745 428 2784 motus,
449 2750 571 2788 quam
589 2738 697 2788 prius
717 2738 877 2788 quando
907 2749 988 2775 non
1017 2745 1097 2775 erat
1126 2745 1275 2776 motus:
1305 2746 1362 2776 est
1418 2750 1499 2776 non
1534 2746 1591 2775 est
1626 2738 1744 2784 Deus,
1774 2737 1843 2787 qui
1878 2745 1934 2775 est
1966 2749 2084 2787 supra
2118 2745 2292 2787 tempus:
2327 2749 2420 2776 cum
2447 2737 2495 2776 sit

288 2791 393 2829 enim
421 2792 610 2830 habitudo
631 2793 693 2830 vel
712 2791 845 2829 relatio
874 2791 1070 2842 quaedam
1099 2791 1294 2830 moventis
1312 2791 1363 2829 ad
1418 2790 1583 2829 omnino
1612 2790 1834 2837 immobilis,
1855 2798 1897 2828 ut
1925 2790 1966 2828 in
1993 2790 2127 2829 Primo
2146 2790 2166 2813 '¹‘
2193 2791 2406 2841 probatum
2424 2799 2492 2831 est.
2521 2805 2530 2813 ·
2545 2803 2602 2832 cni>-
2617 2808 2669 2826 xm·

288 2852 441 2882 motum
461 2846 680 2883 secundum
701 2845 809 2895 quod
833 2853 889 2882 est
913 2857 1079 2883 movens
1103 2853 1210 2891 actu;
1231 2844 1363 2883 relatio
1419 2844 1666 2894 Relinquitur
1698 2844 1811 2893 igitur
1841 2844 2014 2894 aliquam
2042 2844 2297 2883 substantiam
2325 2852 2494 2883 creatam

288 2906 419 2935 autem
441 2910 545 2936 nova
565 2911 645 2936 non
666 2898 798 2948 incipit
816 2898 898 2936 sine
919 2898 1134 2936 mutatione
1160 2898 1363 2948 utriusque
1419 2906 1617 2936 aeternam
1646 2910 1742 2936 esse.

49 2954 176 3007 77937100·
191 2953 259 2979 VH·
289 2952 350 2988 vel
365 2952 520 2989 alterius
540 2953 674 2990 saltem
695 2952 1010 3001 extremorum.†
1030 2951 1150 2999 Quod
1171 2960 1302 2989 autem
1323 2964 1363 2989 se
1378 2970 1405 2989 ιο
1474 2951 1665 3002 Amplius.
1695 2952 1842 2989 Multae
1871 2951 2158 3001 propositiones
2186 2951 2240 2988 sic
2275 2963 2315 2988 se
2351 2951 2496 2989 habent

50 2986 95 3054 ἰν
80 3006 188 3055 „mg-3
204 3013 219 3034 ¹
236 3013 260 3034 ⁷·
290 3004 396 3042 aliter
414 3006 530 3043 habet
550 3018 655 3043 nunc
675 3014 711 3043 et
730 3005 849 3065 prius,
870 3012 1053 3043 movetur
1066 3004 1097 3042 *.
1119 3005 1221 3054 Ergo
1248 3017 1364 3055 opor·
1420 3005 1529 3055 quod
1549 3004 1617 3055 qui
1632 3017 1697 3043 eas
1717 3012 1840 3053 negat,
1857 3011 2009 3054 oportet
2023 3005 2132 3055 quod
2152 3016 2217 3042 eas
2233 3012 2374 3064 ponat:
2395 3003 2493 3045 sicut

290 3065 351 3103 tet,
372 3066 459 3096 ante
488 3067 643 3096 motum
672 3059 740 3108 qui
761 3059 810 3097 de
833 3070 940 3097 novo
970 3058 1111 3107 incipit,
1132 3058 1253 3096 alium
1279 3070 1364 3096 mo—
1420 3058 1489 3108 qui
1517 3066 1630 3107 negat
1657 3057 1860 3096 veritatem
1894 3070 1994 3105 esse,
2023 3058 2134 3108 ponit
2161 3057 2364 3096 veritatem
2391 3069 2495 3103 esse-3

291 3119 374 3148 tum
390 3112 645 3161 praecedere
637 3124 675 3149 m
696 3111 831 3150 mobili
851 3111 941 3149 vel
932 3124 972 3149 1n
988 3119 1184 3149 movente.
1202 3112 1366 3161 Oportet
1420 3111 1531 3161 ponit
1559 3111 1665 3149 enim
1697 3124 1812 3149 suam
1846 3111 2066 3161 negativam
2099 3124 2183 3150 esse
2211 3123 2347 3149 veram
2373 3122 2496 3161 quam

292 3163 403 3212 igitur
431 3166 538 3214 quod
568 3165 726 3215 quilibet
756 3173 887 3202 motus
916 3166 978 3202 vel
1006 3164 1052 3201 sit
1080 3172 1273 3210 aeternus,
1303 3166 1365 3202 vel
1419 3165 1574 3225 profert.
1606 3165 1653 3202 Et
1681 3164 1804 3202 simile
1833 3172 1890 3202 est
1917 3165 1966 3202 de
1995 3177 2044 3202 eo
2072 3164 2140 3215 qui
2164 3171 2276 3213 negat
2297 3165 2373 3202 hoc
2391 3162 2495 3213 prin-

293 3217 431 3255 habeat
445 3218 564 3255 alium
585 3226 740 3256 motum
759 3226 846 3255 ante
867 3230 919 3255 se.
935 3219 1069 3255 Motus
1085 3217 1197 3266 igitur
1211 3230 1366 3268 semper
1380 3233 1403 3253 ις
1420 3217 1585 3267 cipium,
1618 3219 1958 3256 Contradictionem
1988 3230 2062 3255 non
2092 3230 2170 3255 esse
2194 3217 2325 3255 simul.-
2351 3227 2495 3264 negans

294 3270 371 3307 fuit.
389 3272 490 3319 Ergo
511 3280 547 3308 et
567 3271 736 3308 mobilia.
755 3272 803 3308 Et
822 3271 876 3308 sic
895 3278 1091 3308 creaturae
1112 3283 1267 3320 semper
1285 3271 1365 3308 fue-
1420 3271 1527 3308 enim
1556 3272 1632 3309 hoc
1660 3270 1750 3308 dicit
1778 3271 2024 3320 negationem
2053 3283 2174 3320 quam
2199 3269 2308 3319 ponit
2327 3281 2410 3306 esse
2430 3281 2495 3306 ve-

349 3392 381 3418 ¹9
400 3386 444 3418 qui
471 3386 674 3411 contrarium...
695 3385 744 3410 352
768 3393 783 3410 a
795 3385 808 3410 3
829 3385 985 3410 continuitas
1012 3385 1138 3416 temporis
1158 3391 1284 3418 sequatur
1302 3386 1400 3412 lacuna
1419 3386 1447 3411 in
1467 3386 1488 3411 N
1508 3386 1541 3412 ob
1559 3386 1659 3420 solium
1683 3387 1815 3412 excisum.

294 3427 328 3451 40
346 3420 448 3454 saltem]
469 3426 568 3446 tantum
587 3421 615 3446 Z.
708 3420 785 3450 Quod
805 3426 893 3446 autem
911 3420 1048 3452 Reincipit
1066 3421 1097 3450 A,
1118 3427 1199 3452 usque
1217 3421 1254 3445 ad
1275 3420 1324 3454 349
1355 3421 1408 3452 b41
1438 3422 1613 3447 similitudine.

351 3462 359 3480 ι
385 3456 454 3480 Deus
479 3455 557 3490 enim]
577 3462 603 3481 et
622 3456 659 3482 sic
678 3457 750 3481 Deus
770 3456 839 3481 enim
864 3456 935 3481 FHX
959 3459 986 3480 et
1010 3455 1068 3481 sine
1092 3456 1161 3480 enim
1180 3456 1237 3487 Bc;
1263 3457 1297 3487 cf.
1327 3456 1396 3487 1146.
1499 3456 1512 3481 5
1532 3462 1660 3490 perpetuo
1678 3457 1702 3481 A
1720 3457 1805 3486 solut:
1830 3464 1882 3482 om.
1983 3462 2014 3480 υ
2035 3455 2148 3488 Oportet
2171 3455 2213 3480 vel
2232 3456 2254 3479 Α
2274 3455 2360 3486 solun
2385 3455 2496 3488 Oportet

296 3498 374 3515 omne
392 3492 433 3516 vel
452 3491 484 3521 G,
504 3491 591 3516 Omne
614 3493 655 3517 vei
679 3497 783 3524 oportet
802 3492 833 3523 D,
853 3492 941 3516 Omne
965 3496 1069 3525 oportet
1091 3491 1133 3516 vel
1159 3492 1250 3516 ceteri.
1273 3492 1314 3523 pA
1339 3492 1378 3517 sic
1404 3492 1577 3518 decurrebat:
1602 3492 1667 3518 Item
1691 3500 1771 3518 omne
1794 3492 1858 3517 illud
1881 3495 1986 3524 oportet
2009 3497 2070 3516 ense
2094 3496 2249 3523 perpetuum
2275 3491 2307 3515 ad
2333 3491 2406 3516 cuiun
2425 3491 2497 3524 priva

297 3525 385 3550 destru
403 3527 576 3552 remotionem
596 3528 715 3561 sequitur
733 3528 790 3553 eius
810 3527 905 3560 positio
918 3531 1024 3560 oportet
1036 3527 1106 3552 enim
1119 3527 1160 3552 vel
1180 3526 1309 3552 affirmare
1327 3531 1391 3557 etc.;
1410 3535 1494 3560 supra
1513 3528 1609 3560 positio
1626 3528 1758 3560 seriptum
1775 3531 1817 3553 est
1834 3525 1874 3558 οἳ,
1892 3526 1964 3559 quod
1983 3526 2090 3558 quidem
2110 3526 2291 3551 materiah'ter
2309 3533 2362 3551 non
2382 3525 2496 3555 dem-w,

297 3561 344 3585 sed
362 3561 515 3587 virtualiter
540 3563 565 3587 in
593 3563 723 3588 deletione
748 3563 831 3588 totius
856 3563 998 3588 commatis
1022 3562 1273 3595 comprehenditur,·
1299 3563 1371 3587 istud
1389 3561 1428 3594 e-e,
1454 3564 1550 3589 lectum
1576 3571 1663 3595 omne,
1687 3563 1807 3589 servavit
1825 3562 2016 3594 transcriptor.
2120 3561 2151 3586 33
2172 3561 2323 3595 postquam]
2343 3561 2497 3594 priusquam

298 3596 370 3626 αΕΥ,
390 3596 502 3629 primum
521 3606 601 3630 quam
620 3599 652 3629 X,
672 3603 812 3631 antequam
832 3599 865 3624 G.
956 3597 1068 3630 desinet]
1089 3599 1219 3623 desineret
1237 3598 1301 3629 WZ,
1321 3598 1424 3623 desinat
1442 3599 1490 3624 Pd.
1583 3599 1616 3631 34
1633 3603 1675 3624 eet
1698 3605 1762 3624 casu
1782 3598 1856 3623 deest
1874 3597 1900 3622 in
1921 3597 1952 3622 Α.
2045 3595 2078 3630 39
2097 3602 2229 3623 aeternam
2250 3597 2293 3623 In'c
2309 3596 2417 3626 GXYZ:
2434 3599 2498 3629 post

298 3638 365 3656 esse.
454 3632 746 3693 45.contrzadictionem]
767 3635 926 3660 creationem
946 3634 975 3665 E,
994 3641 1059 3659 rara
1077 3633 1128 3667 pG.
1219 3633 1253 3665 46
1273 3633 1347 3666 ponit
1366 3642 1426 3659 esse
1443 3641 1542 3666 veram,
1562 3634 1712 3667 oppositam
1730 3632 1828 3666 autem]
1848 3632 1921 3665 ponit
1938 3639 2027 3657 veram
2046 3633 2195 3665 oppositam
2214 3637 2258 3658 aut
2277 3633 2326 3659 «X.
2346 3639 2406 3657 esse
2425 3632 2497 3664 ponit

299 3673 386 3691 veram
405 3673 552 3700 oppositam
594 3688 599 3694 .

1925 3386 1957 3411 23
1977 3393 2024 3418 per
2041 3383 2169 3418 accidens]
2196 3384 2345 3409 destruatur
2368 3384 2448 3410 addit
2467 3383 2498 3408 Z.
