2768 4134
46 1471 54 1479 '
70 1469 105 1491 Cf.
126 1475 176 1497 cap.
196 1475 257 1495 inv,

48 1496 136 1518 Tertio.

37 2379 46 2387 ·
62 2377 119 2405 Cap.
135 2383 211 2406 praec.

36 3232 45 3241 ⁶
61 3230 118 3259 Cap.
134 3238 208 3260 praec.

299 293 371 331 190

293 360 348 390 sed
377 360 460 389 bene
483 356 651 397 cognoscit
675 355 775 396 quod,
801 363 1014 395 quocumque
1044 359 1193 394 tempore
1217 357 1264 383 est
1293 352 1364 382 talis

293 403 457 444 oppositio
473 402 506 431 in
530 401 584 431 tali
600 401 673 436 situ,
690 405 768 430 tunc
785 404 833 429 est
856 399 994 439 eclipsis.
1018 398 1115 428 Nunc
1139 398 1236 428 etiam
1258 397 1292 427 in
1308 397 1364 427 tali

291 448 353 478 situ
378 455 446 477 esse
468 445 565 476 talem
582 445 825 485 oppositionem
849 452 1046 483 cognoscere
1061 447 1169 482 potest
1192 441 1363 482 arguitive:

291 491 347 522 sed
369 500 457 521 nunc
474 495 505 520 et
528 490 561 519 in
585 489 640 519 tali
663 490 724 519 situ
745 498 813 519 esse
835 488 920 518 hanc
936 487 1082 527 eclipsim
1104 496 1173 517 non
1197 487 1366 526 cognoscit

290 537 323 566 in
340 535 443 575 seipsa
458 534 519 564 nisi
535 543 632 564 sensu
649 534 838 574 experiatur.
857 531 950 563 Unde
965 541 1024 572 per
1039 531 1127 561 illam
1144 531 1366 571 cognitionem

289 589 357 610 non
372 579 579 619 cognoscitur
594 588 643 609 res
659 583 696 608 ut
710 578 762 608 hic
779 582 811 607 et
826 586 929 607 nunc:
947 575 1003 606 sed
1015 575 1195 606 universale
1211 574 1366 615 quiddam

785 275 973 313 SUMMA
1003 274 1226 311 CONTRA
1255 272 1532 320 GENTILES,
1563 272 1675 310 CAR
1695 274 1831 321 LXVI,
1851 274 2001 311 LXVII.

1418 351 1599 383 secundum
1613 352 1755 392 aliquam
1771 353 2075 384 determinationem
2091 354 2247 394 temporis
2264 359 2296 384 et
2310 354 2385 385 loci.
2402 354 2497 386 Unde

1419 406 1618 436 cognoscere
1642 406 1711 427 rem
1734 403 1772 427 ut
1793 398 1846 428 hic
1870 403 1902 429 et
1924 407 2013 429 nunc
2038 403 2085 429 est
2113 407 2311 438 cognoscere
2333 399 2438 439 ipsam
2461 404 2498 430 ut

1420 441 1586 471 actualiter
1601 442 1662 471 sub
1677 442 1741 472 hoc
1757 447 1906 483 ternpore
1922 444 2112 474 existentem
2129 448 2161 473 et
2175 443 2210 473 in
2225 443 2290 473 hoc
2306 443 2379 474 situ.
2396 443 2498 482 Quod

1419 486 1464 516 rei
1487 495 1556 516 non
1581 486 1734 516 convenit
1750 486 1896 526 quandiu
1912 493 1959 518 est
1981 489 2015 518 in
2040 497 2145 518 causa.
2170 487 2213 518 Et
2235 493 2407 529 propterea
2428 498 2497 519 non

1421 530 1630 570 cognoscitur
1645 536 1682 561 ut
1705 531 1867 571 singulare
1883 532 2016 572 quando
2033 533 2242 572 cognoscitur
2264 538 2301 563 ut
2322 532 2499 564 virtualiter

1420 580 1545 605 tantum
1572 575 1709 605 existens
1733 575 1766 605 in
1791 576 1904 607 causis.

596 901 1083 959 CAPITULUM
1120 900 1728 958 SEXAGESJMUM
1766 899 2201 956 SEPTIMUM

1170 1027 1199 1057 A
1227 1035 1298 1068 19v
1336 1037 1386 1067 a7
1412 1028 1481 1058 sine
1504 1027 1610 1058 titulo.

414 1130 589 1183 QUOD
624 1128 788 1170 DEUS
824 1127 1175 1169 COGNOSCIT
1209 1126 1589 1169 SINGULARIA
1623 1126 2089 1169 CONTINGENTIA
2124 1125 2380 1178 FUTURA

425 1288 430 1297 ,
465 1276 479 1295 ⁷<
497 1265 520 1289 x
539 1251 597 1289 his
622 1259 752 1289 autem
782 1250 860 1288 iam
885 1250 1098 1300 aliqualiter
1120 1258 1251 1300 patere
1280 1258 1364 1300 pot-

312 1316 326 1339 s:
357 1329 380 1349 5,
403 1308 410 1329 ἑ
450 1350 458 1353 ,
477 1305 482 1311 ’“
510 1313 566 1343 est
585 1305 694 1356 quod
713 1304 1020 1353 contingentium
1040 1303 1294 1353 singularium
1315 1304 1364 1342 ab

305 1367 328 1405 ῖς,
357 1357 478 1416 [1ἱῆὶὲὶῖ
511 1367 668 1397 aeterno
688 1359 796 1396 Deus
815 1357 1052 1396 infallibilem
1077 1357 1278 1395 scientiam
1297 1358 1364 1396 ha-

310 1412 327 1443 ·‹¹'
366 1404 475 1445 Ὅ)
510 1413 604 1460 buit,
639 1424 711 1449 nec
737 1420 868 1450 tamen
897 1411 1156 1459 contingentia
1187 1423 1271 1448 esse
1299 1411 1365 1448 de-

287 1466 423 1503 sistunt
437 1466 467 1503 ²⁸.

341 1520 579 1569 Contingens
617 1519 723 1557 enim
759 1518 977 1557 certitudini
1015 1517 1245 1568 cognitionis
1283 1530 1363 1556 non

286 1581 476 1624 repugnat
499 1573 572 1611 nisi
600 1572 820 1611 secundum
846 1572 955 1623 quod
983 1572 1159 1610 futurum
1185 1579 1252 1619 est,
1282 1584 1363 1610 non

286 1635 418 1665 autem
442 1627 661 1665 secundum
689 1627 798 1676 quod
817 1638 1001 1676 praesens
1026 1634 1093 1663 est.
1124 1625 1362 1674 Contingens

286 1680 403 1726 enim,
433 1693 524 1718 cum
554 1681 729 1718 futurum
757 1688 825 1727 est,
851 1687 977 1730 potest
1001 1691 1082 1717 non
1110 1691 1212 1716 esse:
1243 1687 1280 1716 et
1307 1679 1361 1716 sic

286 1733 453 1783 cognitio
474 1734 709 1771 aestimantis
729 1733 859 1783 ipsum
880 1734 1054 1770 futurum
1075 1745 1158 1770 esse
1178 1732 1253 1770 falli
1276 1741 1361 1783 pot-

285 1795 357 1833 est3
386 1787 536 1825 falletur
561 1787 666 1825 enim
687 1787 717 1825 si
737 1799 818 1824 non
843 1786 913 1824 erit
937 1786 1046 1837 quod
1074 1787 1250 1824 futurum
1277 1798 1360 1824 esse

285 1840 511 1879 aestimavit.
541 1841 601 1879 Ex
620 1853 700 1891 quo
730 1848 862 1878 autem
887 1852 1071 1890 praesens
1100 1848 1166 1887 est,
1194 1852 1266 1890 pro
1295 1839 1359 1878 illo

284 1902 460 1944 tempore
489 1907 569 1932 non
598 1902 723 1944 potest
759 1906 840 1931 non
869 1906 969 1931 esse:
1000 1901 1127 1943 potest
1158 1901 1291 1931 autem
1319 1893 1359 1931 in

282 1948 457 1984 futurum
482 1960 564 1985 non
588 1960 683 1994 esse,
704 1947 773 1984 sed
802 1948 878 1984 hoc
906 1959 987 1984 non
1016 1947 1094 1984 iam
1122 1946 1286 1996 pertinet
1309 1947 1359 1984 ad

282 2000 508 2048 contingens
526 2008 644 2051 prout
661 2012 845 2050 praesens
865 2009 932 2047 est,
953 2000 1020 2037 sed
1047 2008 1164 2050 prout
1183 2000 1357 2037 futurum

282 2061 347 2091 est.
379 2054 492 2092 Unde
527 2053 621 2091 nihil
655 2053 872 2091 certitudini
908 2065 1044 2091 sensus
1082 2052 1232 2104 deperit
1265 2065 1357 2091 cum

280 2107 367 2158 quis
382 2107 486 2145 videt
505 2120 659 2146 currere
678 2107 896 2154 hominem,
913 2106 1094 2157 quamvis
1113 2107 1190 2145 hoc
1210 2106 1357 2145 dictum

280 2160 326 2198 sit
353 2161 591 2210 contingens.
623 2161 765 2199 Omnis
783 2160 897 2209 igitur
915 2159 1084 2210 cognitio
1111 2173 1212 2210 quae
1239 2173 1358 2210 supra

279 2214 506 2263 contingens
534 2215 652 2252 fertur
686 2222 802 2264 prout
835 2227 1017 2264 praesens
1046 2222 1113 2259 est,
1142 2222 1245 2252 certa
1273 2227 1357 2252 esse

279 2275 414 2318 potest.
436 2267 567 2306 Divini
583 2276 715 2305 autem
729 2268 942 2305 intellectus
957 2267 1115 2305 intuitus
1130 2268 1179 2305 ab
1199 2275 1356 2305 aeterno

279 2322 398 2359 fertur
429 2321 468 2358 in
502 2322 819 2372 unumquodque
857 2333 996 2359 eorum
1034 2333 1135 2371 quae
1169 2321 1357 2372 temporis

279 2387 396 2412 cursu
425 2383 662 2425 peraguntur
690 2382 805 2425 prout
832 2387 1016 2425 praesens
1042 2382 1109 2422 est,
1135 2382 1177 2412 ut
1204 2374 1357 2425 supra*

279 2436 481 2466 ostensum
510 2436 576 2466 est.
607 2427 853 2478 Relinquitur
887 2427 1001 2477 igitur
1037 2428 1146 2478 quod
1181 2429 1229 2466 de
1262 2441 1355 2467 con-

277 2481 510 2530 tingentibus
529 2482 625 2519 nihil
643 2482 823 2532 prohibet
842 2483 973 2519 Deum
992 2482 1042 2519 ab
1061 2490 1219 2520 aeterno
1234 2482 1355 2520 scien-

278 2535 372 2572 tiam
401 2535 636 2573 infallibilem
666 2536 821 2573 habere.

331 2590 437 2626 Item.
456 2588 694 2638 Contingens
713 2601 736 2626 a
755 2588 972 2627 necessario
988 2588 1116 2627 differt
1135 2589 1353 2627 secundum

277 2642 385 2692 quod
406 2642 721 2693 unumquodque
748 2641 787 2680 in
808 2655 878 2680 sua
897 2655 1015 2680 causa
1034 2650 1105 2680 est:
1127 2642 1354 2692 contingens

277 2695 382 2733 enim
401 2695 456 2734 sic
474 2695 514 2733 in
533 2709 605 2734 sua
623 2708 741 2734 causa
760 2704 816 2734 est
835 2704 878 2734 ut
896 2708 978 2734 non
997 2708 1081 2734 esse
1101 2708 1148 2734 ex
1168 2709 1214 2734 ea
1232 2695 1354 2746 possit

276 2757 313 2786 et
327 2761 427 2796 esse;
448 2749 711 2788 necessarium
725 2762 820 2787 vero
840 2762 922 2787 non
941 2757 1067 2800 potest
1081 2762 1127 2787 ex
1147 2763 1219 2788 sua
1237 2762 1355 2788 causa

277 2802 348 2840 nisi
381 2815 476 2840 esse.
517 2803 746 2841 Secundum
785 2803 824 2840 id
860 2815 956 2840 vero
994 2804 1103 2853 quod
1141 2811 1353 2854 utrumque

276 2867 415 2894 eorum
445 2856 484 2894 in
513 2868 553 2894 se
583 2865 650 2904 est,
680 2868 761 2894 non
796 2856 924 2894 differt
952 2864 1144 2907 quantum
1177 2857 1225 2895 ad
1255 2869 1351 2905 esse,

276 2921 394 2960 supra
413 2910 521 2960 quod
541 2910 725 2948 fundatur
743 2922 901 2948 verum:
927 2909 1019 2960 quia
1038 2909 1078 2948 in
1103 2910 1351 2960 contingenti,

276 2963 496 3003 secundum
515 2962 553 3001 id
574 2964 683 3013 quod
702 2963 743 3001 in
769 2975 809 3001 se
836 2971 903 3010 est,
924 2976 1005 3001 non
1033 2972 1088 3002 est
1107 2977 1190 3002 esse
1210 2973 1247 3002 et
1270 2977 1352 3003 non

276 3028 371 3062 esse,
391 3017 461 3054 sed
480 3018 610 3054 solum
633 3029 728 3063 esse,
748 3016 834 3055 licet
859 3017 900 3055 in
925 3018 1100 3055 futurum
1125 3018 1352 3067 contingens

1475 1249 1666 1299 Amplius.
1698 1249 1806 1287 Sicut
1833 1262 1880 1286 ex
1909 1261 2027 1287 causa
2059 1249 2274 1287 necessaria
2307 1249 2499 1288 certitudi-

1419 1303 1555 1342 naliter
1579 1302 1754 1354 sequitur
1773 1303 1945 1350 effectus,
1970 1301 2021 1340 ita
2046 1315 2093 1341 ex
2119 1315 2238 1342 causa
2263 1302 2499 1354 contingenti

1419 1358 1614 1407 completa
1639 1356 1670 1394 si
1696 1369 1778 1394 non
1804 1355 2053 1406 impediatur.
2076 1356 2167 1403 Sed,
2187 1369 2280 1396 cum
2300 1357 2409 1395 Deus
2433 1369 2499 1395 co·

1418 1419 1577 1459 gnoscat
1597 1410 1742 1457 omnia,
1763 1418 1806 1448 ut
1824 1422 1872 1447 ex
1891 1422 2009 1460 supra
2023 1410 2044 1433 '⁸'
2062 1410 2173 1448 dictis
2189 1418 2304 1460 patet,
2325 1411 2394 1448 scit
2417 1423 2499 1449 non
2526 1413 2536 1423 ‘

1386 1479 1395 1499 ς
1419 1466 1548 1501 solum
1568 1476 1705 1502 causas
1724 1463 2044 1513 contingentium,
2065 1464 2134 1501 sed
2154 1464 2270 1502 etiarn
2289 1475 2336 1502 ea
2355 1464 2499 1514 quibus

1418 1526 1583 1568 possunt
1611 1517 1803 1568 impediri.
1835 1517 1914 1556 Scit
1937 1517 2052 1568 igitur
2068 1529 2140 1569 per
2157 1517 2428 1556 certitudinem
2448 1530 2498 1557 an

1418 1571 1679 1621 contingentia
1707 1571 1782 1610 sint
1810 1573 1873 1610 vel
1900 1583 1982 1610 non
2011 1570 2095 1610 sint.

1472 1625 1625 1663 Adhuc.
1650 1625 1847 1663 Effectum
1874 1625 2060 1663 excedere
2088 1637 2182 1663 suae
2206 1637 2347 1664 causae
2374 1625 2498 1675 perfe-

1417 1679 1588 1716 ctionem
1607 1691 1690 1716 non
1706 1678 1903 1728 contingit,
1919 1678 2116 1716 interdum
2130 1687 2264 1716 tamen
2276 1679 2327 1717 ab
2342 1691 2389 1717 ea
2401 1679 2498 1719 defi-

1377 1750 1403 1765 ιο
1416 1732 1475 1770 cit.
1494 1733 1618 1780 Unde,
1635 1744 1728 1770 cum
1743 1732 1783 1770 in
1798 1732 1912 1770 nobis
1927 1744 1975 1770 ex
1990 1732 2107 1770 rebus
2121 1732 2289 1782 cognitio
2304 1740 2496 1781 causetur,

1415 1785 1600 1836 contingit
1623 1786 1820 1824 interdum
1840 1786 1948 1836 quod
1973 1785 2189 1824 necessaria
2213 1798 2293 1824 non
2317 1798 2389 1837 per
2411 1797 2497 1824 mo·

1415 1839 1513 1878 dum
1541 1839 1775 1878 necessitatis
1803 1839 2088 1888 cognoscimus,
2109 1839 2177 1877 sed
2203 1839 2494 1890 probabilitatis.

1415 1893 1522 1931 Sicut
1541 1901 1674 1931 autem
1692 1893 1800 1942 apud
1823 1905 1897 1930 nos
1926 1905 1986 1931 res
2007 1901 2098 1930 sunt
2116 1905 2234 1931 causa
2253 1892 2495 1942 cognitionis,

1414 1946 1465 1984 ita
1483 1946 1617 1984 divina
1639 1946 1808 1995 cognitio
1828 1955 1885 1984 est
1902 1958 2022 1984 causa
2046 1958 2179 1984 rerum
2204 1946 2449 1996 cognitarum
2462 1947 2494 1986 ¹¹.

1375 2015 1397 2036 ις
1413 1999 1520 2037 Nihil
1540 1999 1654 2049 igitur
1668 1999 1850 2049 prohibet
1871 2011 1918 2037 ea
1942 1999 1982 2037 in
2002 2011 2043 2037 se
2062 1999 2323 2049 contingentia
2342 2012 2428 2038 esse
2445 2001 2495 2039 de

1413 2053 1557 2104 quibus
1586 2053 1694 2090 Deus
1723 2053 1982 2091 necessariam
2011 2053 2211 2092 scientiam
2240 2054 2368 2092 habet.

1466 2107 1680 2145 Praeterea.
1702 2107 1874 2145 Effectus
1901 2119 1982 2146 non
2001 2114 2128 2158 potest
2148 2119 2231 2146 esse
2255 2108 2495 2148 necessarius

1412 2160 1524 2198 cuius
1553 2173 1670 2199 causa
1690 2169 1746 2198 est
1764 2160 2010 2210 contingens:
2041 2160 2280 2212 contingeret
2308 2161 2414 2200 enim
2443 2161 2494 2202 ef-

1411 2214 1555 2252 fectum
1575 2226 1659 2251 esse
1686 2222 1836 2252 remota
1854 2227 1983 2252 causa.
2011 2214 2185 2253 Effectus
2208 2222 2342 2254 autem
2369 2215 2494 2255 ultimi

1372 2284 1398 2298 πο
1411 2279 1528 2305 causa
1548 2276 1604 2305 est
1623 2276 1661 2305 et
1679 2267 1859 2318 proxima
1878 2276 1915 2305 et
1935 2276 2095 2306 remota.
2123 2268 2163 2306 Si
2183 2268 2297 2318 igitur
2314 2269 2494 2319 proxima

1411 2321 1523 2359 fuerit
1564 2321 1808 2371 contingenS‚
1852 2321 1936 2359 eius
1977 2321 2162 2360 effectum
2203 2321 2493 2372 contingentem

1411 2382 1563 2425 oportet
1583 2387 1679 2422 esse,
1700 2374 1817 2413 etiam
1837 2375 1867 2413 si
1886 2387 2004 2414 causa
2023 2383 2174 2414 remota
2192 2375 2409 2414 necessaria
2428 2375 2490 2415 sit:

1411 2427 1508 2466 sicut
1527 2429 1680 2478 plantae
1700 2440 1782 2466 non
1805 2427 2024 2467 necessario
2047 2427 2290 2476 fructificant,
2310 2429 2493 2480 quamvis

1410 2490 1540 2520 motus
1569 2481 1660 2519 solis
1683 2481 1730 2519 sit
1754 2482 2008 2528 necessarius,
2028 2490 2189 2532 propter
2215 2495 2353 2521 causas
2377 2482 2492 2523 inter-

1370 2552 1393 2573 ‚5
1410 2535 1559 2573 medias
1581 2535 1857 2585 contingentes.
1885 2535 2052 2574 Scientia
2081 2544 2212 2574 autem
2242 2536 2327 2582 Dei,
2348 2536 2418 2574 etsi
2445 2536 2493 2574 sit

1410 2601 1526 2627 causa
1546 2601 1678 2626 rerum
1699 2589 1881 2627 scitarum
1900 2601 1972 2640 per
1990 2589 2128 2640 ipsam,
2147 2596 2204 2627 est
2221 2597 2353 2627 tamen
2373 2601 2492 2629 causa

1410 2650 1571 2681 remota.
1602 2642 1698 2680 Eius
1726 2641 1839 2691 igitur
1873 2642 2088 2681 necessitati
2121 2643 2308 2682 scitorum
2341 2643 2491 2682 contin-

1408 2696 1534 2745 gentia
1563 2708 1643 2733 non
1676 2704 1883 2746 repugnat:
1914 2709 2008 2735 cum
2039 2695 2235 2746 contingat
2267 2709 2405 2736 causas
2431 2697 2490 2736 in-

1409 2749 1616 2788 termedias
1645 2749 1911 2799 contingentes
1939 2762 2035 2789 esse.

1370 2820 1395 2839 ³0
1462 2804 1569 2841 ltem.
1601 2803 1769 2841 Scientia
1798 2803 1870 2841 Dei
1898 2815 1991 2842 vera
2020 2815 2102 2841 non
2130 2812 2230 2842 esset
2257 2812 2295 2842 et
2321 2804 2489 2854 perfecta

1408 2856 1438 2894 si
1468 2869 1549 2894 non
1578 2858 1655 2894 hoc
1682 2857 1805 2895 modo
1835 2868 1895 2895 res
1924 2857 2124 2895 evenirent
2156 2857 2255 2896 sicut
2286 2858 2394 2896 Deus
2422 2869 2489 2896 eas

1407 2910 1563 2948 evenire
1588 2910 1797 2960 cognoscit.
1827 2911 1936 2949 Deus
1962 2918 2107 2960 autem,
2127 2922 2220 2950 cum
2244 2910 2290 2950 sit
2313 2910 2490 2961 cognitor

1406 2964 1524 3003 totius
1543 2976 1639 3012 esse,
1655 2963 1767 3003 cuius
1787 2972 1843 3003 est
1861 2963 2111 3015 principium,
2128 2963 2325 3014 cognoscit
2344 2977 2488 3005 unum-

1407 3030 1608 3068 quemque
1640 3018 1824 3056 effectum
1853 3030 1935 3056 non
1963 3020 2092 3059 solum
2122 3018 2161 3057 in
2189 3031 2243 3064 se,
2273 3019 2342 3057 sed
2369 3018 2487 3059 etiam

1368 3088 1390 3109 ις
1407 3071 1446 3109 in
1474 3072 1611 3109 ordine
1640 3072 1690 3109 ad
1719 3071 1911 3122 quaslibet
1933 3083 2023 3110 suas
2049 3084 2197 3110 causas.
2223 3073 2336 3111 Ordo
2353 3079 2485 3110 autem

275 3131 432 3161 aeterno
461 3123 658 3172 cognoscit
683 3135 743 3162 res
767 3135 847 3161 non
872 3125 1001 3162 solum
1027 3125 1246 3163 secundum
1269 3137 1351 3164 esse
1406 3125 1712 3174 contingentium
1747 3126 1796 3163 ad
1829 3137 1920 3163 suas
1955 3137 2091 3164 causas
2127 3125 2326 3176 proximas
2357 3132 2417 3163 est
2442 3132 2486 3163 ut

275 3177 383 3226 quod
403 3177 547 3215 habent
570 3177 610 3215 in
629 3177 756 3215 causis
782 3177 874 3223 suis,
894 3178 961 3216 sed
989 3178 1106 3216 etiam
1132 3179 1350 3218 secundum
1406 3178 1672 3228 contingenter
1699 3191 1745 3216 ex
1776 3178 1830 3217 eis
1858 3179 2101 3230 proveniant.
2137 3177 2347 3229 Cognoscit
2373 3177 2487 3228 igitur

276 3242 358 3267 esse
373 3230 483 3280 quod
503 3230 647 3269 habent
662 3229 702 3269 in
721 3230 856 3281 seipsis
870 3230 900 3269 *.
917 3230 1025 3269 Nihil
1044 3231 1158 3280 igitur
1171 3232 1351 3282 prohibet
1406 3232 1514 3271 Deus
1539 3232 1669 3282 aliqua
1689 3232 1845 3271 evenire
1869 3241 1905 3270 et
1929 3232 2196 3283 contingenter
2221 3230 2390 3271 evenire.
2421 3230 2485 3271 Sic

275 3282 404 3332 ipsum
433 3284 577 3322 habere
605 3291 801 3322 aeternam
835 3284 1095 3333 cognitionem
1125 3285 1175 3323 de
1202 3286 1350 3324 contin·
1407 3285 1520 3334 igitur
1543 3285 1702 3324 divinae
1724 3286 1904 3325 scientiae
1927 3286 2118 3326 certitudo
2136 3293 2174 3324 et
2190 3284 2332 3324 veritas
2351 3297 2483 3324 rerum

275 3337 451 3384 gentibus
479 3345 518 3374 et
543 3337 792 3375 infallibilem.
1366 3356 1392 3377 4⁰
1407 3339 1709 3388 contingentiam
1738 3351 1819 3377 non
1847 3339 1952 3378 tollit.

275 3069 396 3119 possit
428 3082 509 3108 non
547 3082 642 3108 esse.
679 3070 847 3108 Divinus
883 3079 1015 3108 autem
1053 3071 1265 3109 intellectus
1302 3073 1352 3110 ab

331 3457 363 3483 14
382 3452 432 3476 ium
451 3451 494 3477 hIc
513 3452 578 3482 αΡες
595 3455 659 3484 post
677 3452 791 3486 pertinet
809 3451 838 3483 Z,
857 3459 901 3478 om
921 3451 1077 3484 DEGWYb,
1097 3452 1148 3478 Iac.
1168 3451 1200 3478 N.
1293 3460 1325 3487 ²9
1345 3451 1418 3486 vet-ol
1438 3458 1525 3478 autem
1546 3452 1655 3479 eEYPc.
1747 3460 1799 3478 non
1818 3456 1909 3487 potent
1923 3451 1967 3478 Mc
1985 3449 2102 3483 DGWZ:
2118 3453 2183 3484 post
2201 3458 2287 3478 causa.
2381 3452 2414 3478 30
2433 3451 2483 3479 niul

276 3485 344 3519 esse}
364 3494 415 3511 non
435 3494 494 3512 esse
514 3487 640 3512 DEWZb.
731 3486 756 3512 id
773 3491 837 3520 post
853 3494 918 3513 vero
936 3487 1029 3512 Gwv.
1122 3487 1151 3513 31
1175 3486 1278 3521 eorum}
1297 3487 1393 3514 horum
1413 3488 1497 3514 αΕΡσ.
1591 3489 1625 3522 ³⁴
1643 3488 1680 3522 inl
1699 3488 1769 3514 enlm
1788 3495 1814 3513 e.

332 3528 341 3546 1
365 3523 576 3548 certitudo-litei·
590 3526 656 3555 pose
673 3524 782 3549 effectu·
801 3523 887 3549 αΕΡε.
976 3522 995 3548 8
1014 3523 1202 3557 perfectionem
1221 3531 1275 3548 non
1294 3524 1429 3557 contingit!
1449 3532 1502 3550 noo
1521 3524 1644 3558 pertingit
1661 3524 1711 3550 ιΕ.
1801 3531 1819 3558 9
1837 3521 1933 3556 deficitl
1951 3522 2018 3555 qnid
2036 3522 2056 3548 Z
2074 3521 2138 3548 vide
2156 3523 2208 3556 ρΑ.
2299 3530 2333 3550 ιο
2352 3531 2383 3550 ex
2401 3523 2482 3550 rebm

277 3557 388 3589 cognitio
406 3563 527 3584 causetur
545 3558 662 3590 GNWZ;
681 3559 733 3585 tac.
752 3559 782 3590 E,
801 3559 915 3593 cognitio
933 3566 965 3584 ex
982 3558 1021 3592 (in
1040 3559 1069 3591 F,
1087 3566 1132 3585 ουκ
1151 3558 1183 3594 Β)
1203 3559 1282 3585 rebus
1301 3567 1327 3591 α,
1348 3560 1462 3593 cognitio
1485 3565 1608 3586 causetur
1631 3567 1664 3586 ex
1685 3559 1766 3586 rebus
1783 3558 1817 3591 Χ,
1967 3565 1999 3584 ex
2024 3557 2104 3584 rebus
2127 3564 2250 3585 cau-amr
2268 3559 2300 3592 D,
2319 3559 2433 3592 cognitio
2450 3567 2483 3586 ex

276 3591 355 3617 rebus
373 3598 494 3619 causetur
512 3594 559 3625 Yb,
579 3600 699 3620 causetur
719 3595 831 3627 cognitio
848 3603 882 3621 ex
899 3594 979 3621 rebus
997 3594 1042 3621 Pe.
1135 3602 1163 3621 11
1187 3602 1240 3621 non
1259 3602 1302 3621 om
1318 3595 1366 3626 αΕ,
1380 3599 1444 3622 ante
1463 3596 1648 3629 cogno-cimus
1662 3595 1694 3622 D.
1787 3592 1818 3621 15
1838 3593 1907 3620 Nihil
1926 3592 2080 3625 nuwzpm
2098 3593 2166 3620 NOR-

277 3626 401 3660 contingit
420 3628 502 3654 oEPc.
594 3636 626 3662 ²7
645 3629 708 3655 Eius
727 3629 814 3665 igitur}
833 3630 899 3656 eius.
918 3630 998 3664 Igitur
1016 3630 1058 3656 Pe.
1153 3629 1186 3655 28
1205 3631 1343 3665 repugnat]
1362 3635 1509 3665 repugnant
1527 3630 1576 3656 Pd.
1669 3628 1701 3656 35
1720 3628 1822 3663 caueae]
1842 3628 1973 3663 proximu
1998 3629 2106 3655 addunt
2128 3629 2193 3655 de.

276 3666 367 3694 genter
386 3663 498 3696 evenire]
518 3669 544 3688 et
562 3666 742 3698 contingenter
760 3666 899 3691 convenire
918 3674 944 3697 α,
963 3666 1143 3699 contingenter
1161 3665 1189 3691 Z.

2258 3594 2292 3621 18
2311 3593 2481 3630 contingeret]

2286 3629 2319 3656 38
2338 3635 2364 3657 et
2382 3629 2483 3657 contin-
