2768 4134
24 2140 38 2151 ⁸
52 2139 110 2167 cap.
121 2145 159 2162 xv.

734 297 923 335 SUMMA
953 296 1175 334 CONTRA
1204 295 1479 342 GENTILES,
1508 299 1602 335 LIB.
1624 301 1664 345 II,
1695 301 1805 338 CAP.
1826 303 1982 340 XXXV.
2376 306 2452 355 349

258 377 365 414 enim
384 384 483 414 esset
511 389 557 414 ex
587 376 857 413 insufficientia
875 387 1026 421 causae,
1047 387 1091 412 ac
1111 374 1141 411 si
1161 373 1330 411 calidum
1386 383 1459 421 est3
1482 388 1602 424 quam
1626 379 1815 416 rationem
1837 381 1927 429 quia
1950 382 2110 431 quidam
2131 384 2452 422 considerandam

258 443 339 468 non
368 430 599 468 calefaceret.
630 429 816 479 Proprius
845 437 977 466 autem
1005 428 1164 466 effectus
1191 428 1330 464 volun·
1386 429 1583 476 putabant,
1604 430 1829 468 deciderunt
1858 433 1897 470 in
1925 446 2106 481 errorem,
2128 445 2170 473 ut
2188 446 2377 486 ponerent
2396 438 2452 475 in-

258 483 342 521 tatis
362 492 418 520 est
436 492 479 521 ut
498 483 544 521 sit
562 484 638 520 hoc
664 482 772 532 quod
801 483 981 519 voluntas
1009 482 1109 519 vult:
1140 481 1171 518 si
1199 487 1332 517 autem
1386 480 1541 518 finitum
1561 481 1600 518 in
1620 484 1858 532 corporibus.
1884 487 1932 522 Et
1951 487 2120 525 similiter
2139 489 2177 525 in
2196 491 2451 539 productione

259 537 404 587 aliquid
433 537 537 574 aliud
566 543 665 573 esset
694 548 816 585 quam
835 537 1015 572 voluntas
1034 534 1134 580 velit,
1155 545 1236 571 non
1262 545 1332 582 po·
1387 533 1503 570 totius
1531 543 1738 581 creaturae,
1760 544 1863 574 extra
1892 551 2012 587 quam
2040 553 2120 578 non
2148 550 2203 578 est
2231 551 2395 592 tempus,
2416 553 2453 581 et

259 598 416 628 neretur
444 590 603 627 effeetus
630 588 812 638 proprius
841 600 992 634 causae,
1012 588 1080 625 sed
1109 587 1257 625 alienus
1283 586 1332 623 ab
1356 608 1364 628 ς
1388 598 1480 622 cum
1500 599 1578 635 qua
1598 587 1714 625 simul
1732 596 1885 638 tempus
1904 593 2139 640 producitur,
2161 607 2240 632 non
2260 604 2314 633 est
2333 605 2451 634 asten-

260 656 317 681 ea.
338 645 528 681 Voluntas
556 650 698 688 autem,
720 650 762 679 ut
781 641 929 678 dictum
949 649 1014 687 est,
1035 641 1132 678 sicut
1150 642 1233 678 vult
1256 640 1333 676 hoc
1388 639 1517 676 denda
1546 640 1640 677 ratio
1670 653 1789 690 quare
1814 654 1918 679 nunc
1938 652 1973 680 et
1993 657 2072 682 non
2091 647 2207 695 prius,
2227 657 2269 685 ut
2288 661 2357 698 per
2377 651 2452 687 hoc

260 709 343 734 esse
357 698 443 742 tale,
458 696 509 733 ita
523 697 606 732 vult
625 696 702 732 hoc
716 707 799 732 esse
819 703 923 732 tunc.
940 695 1053 732 Unde
1073 706 1155 731 non
1170 700 1332 743 oportet,
1389 692 1581 729 ducamur
1608 693 1657 730 ad
1686 695 1977 732 concedendam
1996 699 2179 747 temporis
2207 700 2449 740 infinitatem:

260 750 309 787 ad
338 750 415 787 hoc
443 749 551 799 quod
578 750 759 786 voluntas
787 747 834 785 sit
862 747 1057 785 sufficiens
1076 759 1204 793 causa,
1224 746 1333 796 quod
1389 745 1458 782 sed
1477 747 1606 783 solum
1626 759 1746 796 quare
1766 759 1846 784 non
1867 760 2030 798 semper,
2050 753 2111 788 vel
2130 764 2248 800 quare
2268 763 2353 803 post
2372 768 2451 793 non

260 803 420 840 effectus
449 801 494 839 sit
522 802 682 851 quando
710 803 891 839 voluntas
910 809 976 847 est,
997 800 1065 838 sed
1084 800 1245 850 quando
1264 811 1333 836 vo—
1389 810 1485 844 esse,
1514 800 1576 836 vel
1604 812 1697 837 cum
1725 800 1855 850 aliquo
1884 801 2084 851 principio.

261 857 386 894 luntas
406 856 589 893 effectum
609 868 692 892 esse
713 854 892 904 disponit.
922 856 964 891 In
993 853 1053 890 his
1080 861 1212 891 autem
1231 864 1333 903 quae
1350 872 1376 887 ιο
1444 852 1505 888 Ad
1535 853 1610 889 hoc
1639 861 1770 891 autem
1798 854 2086 903 inquirendum,
2107 865 2210 893 sexta
2230 858 2323 895 ratio
2343 859 2452 897 indu-

260 922 283 947 a
311 921 428 947 causa
456 909 678 947 naturaliter
705 915 839 957 agente
868 907 1095 957 procedunt,
1120 918 1232 943 secus
1260 913 1332 942 est:
1390 905 1550 942 cebatur
1577 918 1622 942 ex
1651 914 1758 956 parte
1782 906 1881 952 finis,
1902 907 1970 956 qui
1999 910 2104 945 solus
2132 909 2312 948 inducere
2332 920 2455 961 potest

261 962 353 1013 quia
381 962 479 1000 actio
509 970 668 1000 naturae
697 969 753 998 est
781 961 999 998 secundum
1019 959 1128 1009 quod
1157 959 1240 1009 ipsa
1258 967 1332 1005 est3
1390 959 1656 996 necessitatem
1676 959 1714 996 in
1735 959 1793 996 his
1813 972 1913 1009 quae
1934 963 2129 999 voluntate
2150 971 2324 1010 aguntur.
2352 965 2455 1002 Finis

261 1016 367 1054 unde
387 1016 436 1054 ad
456 1028 539 1053 esse
559 1027 698 1053 causae
722 1014 832 1064 sequi
860 1021 1013 1063 oportet
1040 1013 1235 1050 effectum.
1256 1013 1334 1050 Vo-
1390 1019 1521 1048 autem
1542 1012 1695 1050 divinae
1715 1013 1922 1050 voluntatis
1942 1026 2021 1051 non
2040 1023 2165 1064 potest
2184 1028 2265 1052 esse
2285 1016 2356 1053 nisi
2376 1017 2456 1054 eius

261 1071 388 1108 luntas
422 1077 554 1107 autem
588 1067 680 1117 agit,
709 1080 791 1105 non
819 1067 1038 1104 secundum
1073 1067 1241 1104 modum
1274 1065 1335 1103 sui
1391 1065 1553 1103 bonitas.
1574 1066 1668 1102 Non
1688 1074 1820 1104 autem
1839 1066 1912 1115 agit
1931 1076 2088 1116 propter
2107 1069 2211 1105 hunc
2230 1069 2350 1106 finem
2369 1082 2456 1119 pro-

262 1135 356 1170 esse,
372 1123 441 1160 sed
455 1122 674 1160 secundum
693 1121 860 1158 modum
875 1120 934 1157 sui
950 1119 1149 1170 propositi.
1166 1121 1215 1157 Et
1233 1119 1333 1165 ideo,
1350 1136 1374 1156 ις
1391 1118 1618 1156 ducendum
1639 1119 1677 1156 in
1698 1132 1792 1165 esse,
1814 1120 1910 1157 sicut
1929 1120 2057 1158 artifex
2086 1121 2159 1169 agit
2187 1130 2343 1172 propter
2366 1136 2456 1161 con-

262 1176 360 1214 sicut
378 1176 538 1214 effectus
557 1174 739 1212 naturalis
759 1174 904 1223 agentis
924 1174 1099 1223 sequitur
1117 1186 1200 1210 esse
1220 1185 1334 1222 agen·
1391 1172 1630 1210 stitutionem
1658 1172 1863 1210 artificiati:
1894 1185 1984 1210 cum
2017 1174 2167 1211 bonitas
2199 1175 2281 1212 eius
2314 1176 2360 1212 sit
2396 1189 2457 1214 ae-

261 1230 320 1276 tis,
339 1229 370 1267 si
390 1229 436 1266 sit
455 1228 661 1274 sufficiens,
682 1227 733 1265 ita
761 1227 920 1265 effectus
943 1227 1088 1276 agentis
1108 1239 1178 1277 per
1196 1228 1335 1264 volun·
1391 1234 1500 1263 terna
1528 1234 1565 1263 et
1590 1226 1851 1272 immutabilis,
1874 1226 1923 1263 ita
1943 1228 2050 1276 quod
2073 1227 2107 1264 ei
2131 1228 2223 1265 nihil
2244 1241 2457 1267 accrescere

261 1290 381 1321 tatem
409 1281 584 1335 sequitur
612 1282 778 1319 modum
807 1281 1006 1331 propositi.
1391 1287 1528 1329 potest.
1559 1280 1644 1316 Nec
1672 1279 1787 1316 etiam
1812 1287 1942 1329 posset
1965 1280 2038 1317 dici
2059 1281 2165 1330 quod
2193 1290 2348 1331 propter
2376 1283 2457 1320 eius

305 1337 376 1375 'Ex
391 1330 455 1373 his
474 1335 591 1373 etiam
610 1343 713 1385 patet
732 1335 840 1384 quod
860 1334 1013 1372 divinae
1030 1333 1236 1372 voluntatis
1255 1345 1336 1370 non
1392 1332 1703 1370 meliorationem
1722 1333 1830 1370 Deus
1849 1340 1944 1381 agat.
1970 1334 2053 1370 Nec
2073 1334 2187 1371 etiam
2207 1334 2280 1383 agit
2303 1334 2474 1384 propter

264 1390 478 1430 retardatur
505 1389 676 1434 effectus,
705 1388 887 1438 quamvis
916 1400 996 1425 non
1026 1399 1181 1437 semper
1213 1386 1335 1432 fuerit,
1351 1409 1378 1424 20
1394 1387 1499 1423 hunc
1525 1386 1647 1423 finem
1676 1386 1959 1436 acquirendum
1988 1387 2069 1432 sibi,
2099 1387 2193 1424 sicut
2222 1400 2286 1424 rex
2315 1397 2459 1437 pugnat

263 1445 461 1482 voluntate
490 1442 691 1480 existente:
717 1450 759 1479 ut
788 1449 925 1491 quarta
953 1441 1049 1479 ratio
1078 1440 1334 1490 supponebat.
1392 1447 1435 1477 ut
1454 1439 1627 1489 acquirat
1646 1439 1857 1477 civitatem:
1886 1440 1966 1488 ipse
1994 1440 2097 1477 enim
2123 1449 2177 1477 est
2205 1454 2274 1478 sua
2297 1442 2456 1479 bonitas.

263 1499 369 1536 Nam
399 1496 472 1534 sub
491 1497 689 1534 voluntate
709 1495 841 1533 divina
860 1494 960 1532 cadit
980 1507 1061 1531 non
1081 1495 1209 1531 solum
1229 1494 1337 1543 quod
1393 1495 1524 1531 Restat
1543 1493 1656 1542 igitur
1675 1494 1783 1542 quod
1803 1501 1887 1541 agat
1906 1502 2063 1542 propter
2082 1493 2201 1530 finem
2230 1494 2459 1544 inquantum

264 1551 348 1589 eius
376 1550 536 1587 effectus
565 1549 628 1595 sit,
657 1549 725 1587 sed
754 1549 862 1598 quod
891 1556 983 1585 tunc
1017 1548 1074 1585 sit.
1111 1549 1198 1585 Hoc
1226 1547 1339 1595 igitur
1393 1548 1577 1584 effectum
1611 1546 1790 1596 producit
1828 1547 1876 1584 ad
1916 1546 2244 1596 participationem
2283 1547 2380 1584 finis.
2417 1549 2460 1585 In

263 1603 429 1642 volitum
457 1602 565 1653 quod
595 1610 651 1639 est
678 1610 771 1639 tunc
799 1609 1016 1639 creaturam
1045 1613 1140 1647 esse,
1170 1613 1251 1638 non
1280 1613 1336 1637 re·
1394 1600 1650 1650 producendo
1680 1600 1792 1649 igitur
1820 1613 1879 1637 res
1899 1599 1952 1636 sic
1979 1608 2136 1649 propter
2156 1600 2287 1646 finem,
2317 1601 2460 1638 unifor-

264 1657 452 1695 tardatur:
474 1655 567 1706 quia
585 1663 679 1692 tunc
698 1655 867 1705 incoepit
885 1663 1059 1692 creatura
1079 1666 1162 1692 esse
1177 1654 1337 1704 quando
1353 1674 1377 1694 ις
1394 1653 1469 1691 mis
1498 1653 1686 1691 habitudo
1714 1653 1803 1690 finis
1832 1654 1879 1690 ad
1910 1661 2087 1701 agentem
2116 1665 2195 1690 non
2215 1662 2269 1690 est
2289 1654 2461 1690 conside-

265 1711 373 1749 Deus
401 1709 450 1748 ab
479 1717 636 1747 aeterno
665 1708 866 1759 disposuit.
1394 1707 1516 1744 randa
1544 1715 1587 1744 ut
1615 1706 1710 1744 ratio
1739 1707 1867 1756 operis
1896 1706 2136 1756 sempiterni:
2167 1707 2233 1743 sed
2263 1707 2383 1755 magis
2409 1715 2464 1744 est

318 1764 413 1801 Non
441 1771 498 1800 est
525 1770 657 1800 autem
685 1770 772 1799 ante
800 1761 918 1799 totius
946 1769 1143 1798 creaturae
1180 1761 1338 1798 inchoa·
1395 1760 1628 1798 attendenda
1667 1759 1854 1797 habitudo
1890 1759 1978 1796 finis
2015 1760 2063 1796 ad
2100 1759 2281 1796 effectum
2319 1760 2386 1809 qui
2422 1760 2463 1797 fit

265 1817 414 1854 tionem
434 1815 694 1854 diversitatem
714 1816 886 1865 aliquam
905 1814 1075 1864 partium
1092 1814 1253 1851 alicuius
1268 1814 1339 1851 du·
1395 1822 1554 1863 propter
1572 1813 1711 1859 finem;
1733 1822 1774 1850 ut
1798 1813 1919 1850 taliter
1937 1813 2175 1862 producatur
2194 1813 2351 1850 effectus
2371 1825 2463 1862 qua-

266 1870 423 1908 rationis
461 1869 652 1918 accipere:
684 1877 726 1906 ut
762 1869 801 1906 in
839 1868 973 1918 quinta
1010 1867 1156 1905 ratione
1195 1880 1339 1917 suppo·
1396 1867 1479 1904 liter
1504 1867 1798 1905 convenientius
1818 1866 2018 1903 ordinetur
2036 1866 2084 1903 ad
2104 1865 2235 1902 finem.
2268 1866 2377 1903 Unde
2397 1878 2465 1915 per

267 1924 442 1962 nebatur.
472 1923 578 1960 Nam
613 1922 708 1959 nihil
743 1933 968 1959 mensuram
1004 1933 1086 1958 non
1121 1921 1236 1958 habet
1268 1933 1340 1958 nec
1357 1937 1382 1955 ιο
1397 1921 1473 1957 hoc
1501 1920 1609 1969 quod
1638 1920 1726 1957 finis
1752 1919 1994 1957 uniformiter
2013 1932 2053 1956 se
2074 1919 2189 1956 habet
2209 1919 2257 1956 ad
2277 1927 2462 1967 agentem,

267 1977 527 2015 durationem.
558 1976 630 2013 Dei
659 1983 790 2013 autem
819 1974 983 2019 duratio,
1006 1986 1107 2023 quae
1136 1981 1192 2011 est
1220 1983 1340 2012 aeter·
1396 1985 1477 2011 non
1496 1981 1621 2023 potest
1635 1973 1815 2010 concludi
1830 1973 1939 2022 quod
1953 1973 2113 2010 effectus
2132 1972 2177 2009 sit
2196 1972 2462 2022 sempiternus.

268 2030 377 2077 nitas,
397 2042 479 2067 non
507 2029 623 2066 habet
650 2035 788 2078 partes,
809 2028 876 2066 sed
896 2036 953 2065 est
980 2027 1144 2076 simplex
1164 2027 1339 2074 omnino,
1449 2027 1535 2064 Nec
1553 2034 1609 2063 est
1629 2026 1889 2064 necessarium
1910 2026 2092 2064 effectum
2112 2025 2288 2062 divinum
2312 2038 2464 2075 semper

269 2096 350 2121 non
385 2084 534 2120 habens
568 2082 677 2132 prius
713 2090 750 2119 et
783 2081 986 2131 posteriuS,
1024 2093 1115 2118 cum
1153 2081 1259 2118 Deus
1295 2080 1340 2118 sit
1396 2080 1522 2126 fuisse,
1543 2087 1701 2130 propter
1728 2081 1805 2117 hoc
1833 2080 1941 2129 quod
1970 2079 2022 2116 sic
2050 2078 2341 2116 convenientius
2365 2079 2464 2115 ordi-

269 2135 495 2174 immobilis:
517 2144 559 2173 ut
587 2135 627 2173 in
656 2134 823 2172 Primo*
851 2142 1052 2172 ostensum
1076 2142 1143 2171 est.
1173 2134 1266 2171 Non
1286 2142 1341 2171 est
1397 2141 1510 2171 netur
1537 2133 1585 2171 ad
1615 2133 1748 2179 finem,
1778 2140 1819 2170 ut
1848 2132 2011 2182 septima
2047 2132 2141 2169 ratio
2175 2132 2381 2181 procedere
2410 2132 2464 2168 vi-

269 2189 382 2239 igitur
409 2201 637 2239 comparare
670 2188 960 2225 inchoationem
995 2187 1112 2224 totius
1144 2195 1341 2225 creaturae
1358 2202 1379 2222 ³5
1397 2187 1577 2224 debatur:
1608 2187 1676 2224 sed
1705 2186 2000 2224 convenientius
2029 2185 2228 2223 ordinatur
2262 2185 2309 2222 ad
2345 2184 2464 2221 finem

269 2244 319 2281 ad
346 2243 476 2292 aliqua
503 2242 656 2280 diversa
684 2242 830 2290 signata
853 2242 892 2279 in
917 2241 1045 2290 aliqua
1064 2240 1341 2290 praeexistente
1397 2252 1467 2290 per
1486 2241 1562 2277 hoc
1582 2241 1690 2289 quod
1710 2248 1765 2277 est
1785 2252 1866 2277 non
1885 2251 2040 2288 semper
2066 2238 2190 2276 fuisse.
2213 2239 2341 2275 Omne
2361 2238 2465 2275 enim

269 2309 463 2342 mensura,
489 2296 539 2333 ad
567 2308 669 2345 quae
698 2295 849 2332 initium
879 2302 1143 2332 creaturarum
1172 2293 1343 2331 similiter
1397 2306 1514 2342 agens
1533 2294 1755 2343 producens
1770 2294 1953 2330 effectum
1973 2293 2012 2329 in
2028 2292 2357 2341 participationem
2373 2303 2465 2328 suae

269 2351 331 2387 vel
359 2349 592 2388 dissimiliter
619 2361 659 2385 se
688 2348 807 2398 possit
836 2349 990 2393 habere,
1011 2355 1052 2384 ut
1081 2355 1256 2397 oporteat
1284 2360 1341 2385 ra·
1397 2347 1556 2392 formae,
1577 2346 1738 2383 intendit
1766 2347 1805 2383 in
1835 2358 1882 2383 eo
1912 2346 2094 2383 inducere
2123 2357 2235 2382 suam
2255 2344 2464 2381 similitudi-

269 2403 417 2441 tionem
445 2415 528 2440 esse
557 2403 663 2452 apud
691 2412 869 2450 agentem
897 2413 1017 2451 quare
1038 2401 1077 2438 in
1098 2401 1174 2437 hoc
1193 2400 1341 2449 signato
1398 2412 1501 2437 nem.
1533 2400 1596 2438 Sic
1623 2400 1736 2448 igitur
1764 2399 1917 2437 divinae
1937 2398 2124 2436 voluntati
2144 2397 2379 2435 conveniens
2398 2396 2465 2434 fuit

269 2457 369 2494 illius
397 2455 610 2493 durationis
639 2463 856 2492 creaturam
884 2455 924 2491 in
947 2467 1030 2492 esse
1050 2454 1286 2504 produxerit,
1306 2454 1438 2492 etwin
1466 2466 1558 2491 suae
1587 2453 1766 2490 bonitatis
1794 2453 2126 2502 participationem
2146 2459 2357 2488 creaturam
2378 2462 2464 2499 pro-

270 2522 352 2548 non
372 2509 411 2547 in
430 2508 506 2546 alio
534 2508 779 2558 praecedenti
807 2509 869 2545 vel
897 2507 1085 2557 sequenti.
1115 2508 1229 2555 Quae
1258 2508 1342 2557 qui·
1397 2507 1551 2553 ducere,
1582 2515 1623 2544 ut
1651 2519 1722 2543 sua
1749 2504 2041 2557 similitudine-1·
2065 2504 2236 2542 divinam
2257 2503 2464 2540 bonitatem

271 2564 362 2600 dem
381 2562 478 2600 ratio
498 2562 756 2611 requireretur
775 2561 806 2598 si
825 2561 953 2611 aliqua
981 2561 1132 2598 duratio
1158 2561 1197 2597 in
1216 2569 1343 2610 partes
1398 2567 1710 2610 repraesentaret.
1741 2561 1834 2596 Non
1863 2568 1994 2596 autem
2023 2566 2146 2608 potest
2183 2569 2264 2593 esse
2299 2556 2380 2593 talis
2408 2567 2463 2592 re-

271 2615 470 2654 divisibilis
498 2624 597 2652 esset
624 2623 776 2665 praeter
803 2623 924 2652 totam
952 2622 1169 2652 creaturam
1198 2615 1342 2664 produ·
1398 2613 1654 2663 praesentatio
1683 2625 1753 2662 per
1781 2613 1946 2650 modum
1975 2609 2220 2660 aequalitatiS,
2249 2609 2345 2645 sicut
2374 2608 2463 2644 effe-

271 2677 391 2707 ctam:
422 2668 519 2706 sicut
547 2668 683 2706 accidit
706 2669 746 2706 in
766 2667 1060 2718 particularibus
1089 2667 1300 2715 agentibus,
1321 2680 1343 2704 a
1399 2674 1482 2703 ctus
1510 2666 1703 2704 univocus
1732 2679 1845 2703 suam
1873 2677 2030 2703 causam
2060 2669 2325 2712 repraesentat,
2347 2668 2388 2697 ut
2412 2660 2464 2696 sic

272 2722 415 2773 quibus
429 2722 658 2772 producitur
672 2722 831 2759 effectus
850 2721 889 2757 in
907 2728 1095 2770 ternpore,
1111 2732 1191 2757 non
1211 2728 1343 2758 autem
1359 2743 1382 2763 4⁵
1399 2727 1575 2769 oporteat
1594 2720 1643 2757 ab
1659 2719 1808 2756 infinita
1827 2719 1995 2756 bonitate
2015 2725 2189 2754 aeternos
2204 2715 2360 2751 effectus
2375 2725 2463 2762 pro-

272 2776 402 2826 ipsum
430 2783 596 2825 tempus.
627 2777 734 2812 Deus
767 2782 899 2812 autem
932 2774 1048 2811 simul
1076 2773 1116 2810 in
1143 2786 1227 2810 esse
1255 2786 1343 2822 pro·
1399 2773 1507 2810 duci:
1545 2773 1613 2810 sed
1649 2772 1746 2810 sicut
1781 2773 1970 2809 excedens
2005 2775 2307 2819 repraesentatur
2335 2766 2382 2802 ab
2416 2777 2462 2801 eo

271 2829 381 2866 duxit
399 2837 436 2866 et
455 2836 672 2865 creaturam
691 2835 728 2864 et
746 2835 912 2876 tempus.
930 2828 1023 2863 Non
1042 2834 1098 2863 est
1117 2826 1230 2874 igitur
1248 2827 1343 2864 ratio
1399 2827 1507 2875 quod
1528 2825 1735 2863 exceditur.
1758 2827 1947 2862 Excessus
1967 2832 2097 2861 autem
2117 2821 2268 2859 divinae
2287 2817 2463 2855 bonitatis

274 2893 394 2932 quare
423 2893 529 2918 nunc
557 2889 593 2918 et
620 2893 702 2918 non
729 2880 837 2930 prius
865 2880 904 2916 in
933 2881 1010 2916 hoc
1044 2879 1342 2916 consideranda:
1400 2891 1518 2929 supra
1531 2886 1748 2916 creaturam
1761 2891 1832 2928 per
1846 2880 1921 2915 hoc
1936 2877 2102 2913 maxime
2117 2873 2339 2923 exprimitur
2358 2870 2463 2919 quod

275 2934 343 2971 sed
371 2935 500 2971 solum
528 2945 648 2982 quare
677 2945 758 2970 non
787 2945 952 2982 semper.
990 2932 1097 2969 Sicut
1124 2944 1194 2981 per
1222 2932 1344 2970 simile
1400 2941 1597 2970 creaturae
1626 2944 1707 2969 non
1736 2944 1890 2980 semper
1912 2931 2075 2967 fuerunt.
2106 2929 2163 2964 Ex
2183 2927 2257 2963 hoc
2276 2924 2379 2960 enim
2399 2934 2464 2970 ap-

275 2987 315 3024 in
334 2988 421 3024 loco
441 2994 611 3036 apparet.
642 2985 890 3024 Particularia
918 2986 1024 3022 enim
1052 2997 1228 3034 corpora,
1249 2985 1346 3023 sicut
1362 3007 1387 3026 5⁰
1400 2994 1509 3036 paret
1544 2997 1722 3035 expresse
1751 2985 1859 3034 quod
1889 2983 2020 3020 omnia
2055 2981 2126 3018 alia
2160 2986 2309 3029 praeter
2336 2977 2463 3034 ipsum

275 3040 316 3078 in
342 3048 520 3089 tempore
548 3038 814 3085 determinato,
842 3039 892 3076 ita
920 3046 956 3075 et
984 3038 1024 3075 in
1052 3040 1138 3075 loco
1166 3039 1345 3076 determi-
1401 3051 1495 3076 eum
1524 3038 1668 3076 habent
1696 3037 1755 3075 sui
1784 3050 1866 3074 esse
1901 3044 2117 3078 auctorem;
2148 3040 2183 3068 et
2211 3030 2317 3080 quod
2345 3036 2464 3065 Virtus

275 3101 367 3131 nato
395 3092 682 3142 producuntur;
712 3100 749 3128 et
777 3092 870 3141 quia
897 3091 1042 3128 habent
1064 3099 1170 3129 extra
1188 3105 1229 3128 se
1248 3100 1343 3129 tem·
1402 3092 1486 3129 eius
1506 3104 1587 3129 non
1607 3091 1797 3139 obligatur
1816 3091 1865 3127 ad
1885 3086 2109 3126 huiusmodi
2138 3085 2293 3122 effectus
2321 3081 2464 3130 produ-

276 3159 351 3196 pus
370 3154 407 3183 et
426 3147 569 3191 locum,
595 3158 617 3183 a
645 3145 788 3195 quibus
816 3144 1072 3190 continentur,
1093 3152 1245 3194 oportet
1263 3157 1346 3182 esse
1402 3145 1559 3190 cendos,
1580 3144 1677 3182 sicut
1695 3151 1832 3180 natura
1860 3143 1908 3179 ad
1937 3141 2094 3178 effectus
2114 3137 2319 3179 naturales;
2335 3141 2378 3193 ‘et
2396 3145 2466 3192 per

277 3199 468 3237 rationem
487 3211 607 3248 quare
637 3198 758 3246 magis
781 3198 821 3235 in
840 3198 1022 3235 hocloco
1043 3206 1079 3235 et
1098 3197 1138 3234 in
1157 3198 1233 3235 hoc
1251 3206 1346 3235 tem-
1402 3210 1646 3247 consequens
1675 3197 1783 3246 quod
1812 3203 1867 3232 est
1894 3195 2088 3230 voluntate
2117 3201 2231 3237 agens
2266 3196 2302 3223 et
2333 3187 2465 3223 intelli-

277 3265 372 3302 pore
401 3253 673 3302 producuntur
700 3263 820 3300 quam
849 3251 888 3287 in
917 3250 1008 3287 alio:
1039 3250 1079 3287 in
1107 3258 1187 3288 toto
1217 3259 1347 3289 autem
1363 3269 1385 3289 ss
1402 3264 1506 3300 gens.
1524 3252 1708 3298 Quorum
1727 3247 1915 3286 contraria
1933 3245 2092 3294 quidam
2111 3247 2332 3291 posuerunt,
2348 3247 2466 3276 aeter-

278 3307 397 3351 caelo,
417 3313 523 3343 extra
541 3305 649 3355 quod
669 3317 751 3342 non
770 3312 827 3341 est
854 3305 973 3349 locus,
994 3311 1031 3340 et
1049 3316 1142 3340 cum
1161 3316 1241 3353 quo
1261 3305 1345 3341 uni-
1403 3305 1562 3342 nitatem
1590 3311 1853 3340 creaturarum
1882 3303 2152 3347 supponentes.

279 3358 436 3395 versalis
463 3360 572 3396 locus
601 3357 782 3395 omnium
810 3356 1047 3406 producitur,
1067 3369 1150 3393 non
1173 3365 1228 3394 est
1252 3357 1347 3394 ratio
1458 3357 1521 3395 Sic
1540 3356 1653 3405 igitur
1671 3368 1716 3392 ex
1736 3362 1841 3403 parte
1861 3350 2003 3399 agentis
2022 3348 2116 3385 nihil
2135 3354 2190 3383 est
2213 3345 2319 3394 quod
2348 3352 2466 3381 aeter-

279 3411 561 3449 consideranda
588 3423 708 3461 quare
738 3410 800 3447 hic
828 3418 865 3447 et
893 3422 974 3447 non
1009 3408 1062 3446 ibi
1096 3409 1347 3447 constitutum
1402 3410 1561 3447 nitatem
1589 3416 1851 3446 creaturarum
1880 3416 1951 3440 nos
1978 3412 2122 3451 ponere
2150 3406 2269 3445 cogat.

333 3515 351 3539 4
369 3506 520 3540 poneretur]
540 3511 653 3540 ponetur
671 3506 746 3531 aDY.
837 3505 853 3531 6
874 3505 910 3539 ut]
931 3506 998 3530 sicut
1016 3505 1059 3530 Pe.
1144 3513 1159 3537 7
1179 3513 1232 3529 non
1251 3506 1275 3530 A
1288 3506 1373 3536 solus;
1391 3512 1444 3531 om.
1528 3512 1544 3537 9
1564 3503 1619 3537 sed]
1640 3509 1669 3527 ut
1687 3503 1720 3527 sit
1739 3506 1764 3526 et
1782 3501 1823 3529 Pc,
1844 3504 1869 3523 et
1886 3498 1968 3523 ceteri
1985 3498 2098 3526 excepto
2116 3495 2138 3518 D
2157 3494 2203 3526 qui
2220 3500 2270 3533 om'
2283 3493 2343 3517 hom
2363 3498 2403 3517 est
2421 3493 2468 3516 sed

280 3543 387 3575 quando
404 3543 539 3574 voluntem
558 3544 592 3574 cs.
612 3550 672 3568 var.
687 3542 815 3574 praeced.
914 3548 947 3566 10
966 3541 1080 3573 disponit
1104 3541 1138 3571 Z;
1162 3541 1299 3573 dIsposuit.
1396 3548 1425 3566 21
1448 3539 1612 3573 supponebat
1636 3540 1658 3563 A
1676 3538 1760 3566 solus;
1780 3533 1935 3568 procedebat
1958 3532 1985 3561 Ζ,
2005 3529 2166 3563 proponebat
2189 3532 2278 3553 ceteri.
2376 3526 2408 3552 38
2426 3528 2468 3552 vel

281 3579 304 3603 Α
322 3578 407 3609 solun
426 3583 459 3603 et.
550 3577 584 3603 55
603 3578 783 3610 producuntur
801 3577 915 3610 legimus
929 3583 983 3608 pro
1002 3576 1155 3609 producitur
1172 3577 1245 3608 quod
1261 3583 1326 3602 casu
1344 3578 1376 3607 A,
1395 3584 1456 3602 cum
1479 3582 1531 3607 quo
1546 3575 1600 3609 vcitX.
1691 3571 1723 3596 56
1743 3569 1821 3603 quod]
1842 3576 1920 3601 quem
1939 3573 2001 3591 casu
2021 3567 2052 3596 Α,
2070 3572 2129 3590 cum
2155 3571 2206 3596 quo
2225 3563 2320 3593 aDYz,
2338 3570 2418 3595 quam
2436 3563 2470 3587 X.

284 3611 317 3638 58
335 3613 505 3638 constitutum
523 3620 562 3638 ex
580 3613 737 3638 constitutus
756 3613 787 3638 A.
2440 3633 2445 3637 .

337 3655 348 3673 ι
371 3647 596 3681 considerandam]
617 3648 775 3673 considerari
795 3648 844 3673 αἱ).
933 3646 945 3671 5
967 3647 1045 3672 simul
1059 3647 1102 3671 hic
1116 3647 1234 3677 EGWY;
1250 3649 1314 3678 post
1327 3651 1440 3679 tempus.
1527 3645 1559 3669 18
1573 3642 1670 3677 posset]
1686 3646 1771 3675 potest
1784 3640 1860 3679 (ΞΡς.Ι
1936 3635 1968 3661 36
1983 3634 2038 3674 ρει]
2053 3639 2159 3668 propter
2171 3633 2277 3673 aEZlJc.
2363 3632 2470 3673 37'efle-

280 3688 354 3708 ctum
373 3684 486 3717 legimus
503 3691 563 3709 cum
583 3684 643 3709 DPc
661 3683 706 3717 (cf.
725 3684 751 3708 in
770 3688 827 3717 eo>3
847 3682 953 3708 effectus
972 3683 994 3707 A
1014 3685 1040 3707 et
1058 3682 1149 3707 ceteri.
1250 3681 1282 3707 38
1301 3681 1431 3715 inducere]
1452 3681 1595 3714 producere
1613 3678 1662 3702 αϊ).
1758 3682 1787 3706 4¹
1811 3675 1966 3698 dlvlnam...
1987 3670 2063 3695 3521>
2084 3670 2116 3703 39
2135 3675 2259 3702 supponit
2276 3669 2372 3693 lacuna
2391 3676 2417 3692 m
2438 3669 2470 3692 Α.

2492 2517 2614 2544 -1-Explicit
2623 2516 2702 2543 fragm.

2492 2546 2583 2591 ¹351?OE
2592 2543 2650 2563 Vn.
2658 2548 2683 2570 37
2691 2548 2703 2562 v
