<?xml version="1.0" encoding="UTF-8"?>
<!DOCTYPE html PUBLIC "-//W3C//DTD XHTML 1.0 Transitional//EN"
    "http://www.w3.org/TR/xhtml1/DTD/xhtml1-transitional.dtd">
<html xmlns="http://www.w3.org/1999/xhtml" xml:lang="en" lang="en">
 <head>
  <title>
</title>
<meta http-equiv="Content-Type" content="text/html;charset=utf-8" />
  <meta name='ocr-system' content='tesseract 3.04.00' />
  <meta name='ocr-capabilities' content='ocr_page ocr_carea ocr_par ocr_line ocrx_word'/>
</head>
<body>
  <div class='ocr_page' id='page_1' title='image "./operaomniaiussui13thom/operaomniaiussui13thom_0344.png"; bbox 0 0 2768 4134; ppageno 0'>
   <div class='ocr_carea' id='block_1_1' title="bbox 42 1418 255 1473">
    <p class='ocr_par' dir='ltr' id='par_1_1' title="bbox 42 1418 255 1473">
     <span class='ocr_line' id='line_1_1' title="bbox 42 1418 255 1446; baseline -0.005 -6"><span class='ocrx_word' id='word_1_1' title='bbox 42 1420 51 1429; x_wconf 89' lang='grc'><em>·</em></span> <span class='ocrx_word' id='word_1_2' title='bbox 67 1418 102 1440; x_wconf 85' lang='lat' dir='ltr'>Cf.</span> <span class='ocrx_word' id='word_1_3' title='bbox 120 1423 144 1439; x_wconf 84' lang='lat' dir='ltr'>n.</span> <span class='ocrx_word' id='word_1_4' title='bbox 161 1424 172 1446; x_wconf 82' lang='grc'><strong><em>5</em></strong></span> <span class='ocrx_word' id='word_1_5' title='bbox 187 1418 255 1439; x_wconf 88' lang='lat' dir='ltr'>huius</span> 
     </span>
     <span class='ocr_line' id='line_1_2' title="bbox 43 1451 119 1473; baseline -0.013 -6"><span class='ocrx_word' id='word_1_6' title='bbox 43 1451 119 1473; x_wconf 76' lang='lat' dir='ltr'>parag.</span> 
     </span>
    </p>
   </div>
   <div class='ocr_carea' id='block_1_2' title="bbox 296 327 372 363">
    <p class='ocr_par' dir='ltr' id='par_1_2' title="bbox 296 327 372 363">
     <span class='ocr_line' id='line_1_3' title="bbox 296 327 372 363; baseline -0.026 -10"><span class='ocrx_word' id='word_1_7' title='bbox 296 327 372 363; x_wconf 85' lang='lat'>270</span> 
     </span>
    </p>
   </div>
   <div class='ocr_carea' id='block_1_3' title="bbox 900 304 1892 351">
    <p class='ocr_par' dir='ltr' id='par_1_3' title="bbox 900 304 1892 351">
     <span class='ocr_line' id='line_1_4' title="bbox 900 304 1892 351; baseline -0.003 -7"><span class='ocrx_word' id='word_1_8' title='bbox 900 307 1089 344; x_wconf 88' lang='lat' dir='ltr'>SUMMA</span> <span class='ocrx_word' id='word_1_9' title='bbox 1120 305 1343 343; x_wconf 91' lang='lat' dir='ltr'><strong>CONTRA</strong></span> <span class='ocrx_word' id='word_1_10' title='bbox 1372 304 1650 351; x_wconf 86' lang='lat' dir='ltr'>GENTILES,</span> <span class='ocrx_word' id='word_1_11' title='bbox 1681 304 1793 341; x_wconf 87' lang='lat' dir='ltr'>CAP.</span> <span class='ocrx_word' id='word_1_12' title='bbox 1817 304 1892 341; x_wconf 90' lang='lat' dir='ltr'>CII.</span> 
     </span>
    </p>
   </div>
   <div class='ocr_carea' id='block_1_4' title="bbox 294 384 2502 440">
    <p class='ocr_par' dir='ltr' id='par_1_4' title="bbox 294 384 2502 440">
     <span class='ocr_line' id='line_1_5' title="bbox 294 384 2502 440; baseline -0.004 -15"><span class='ocrx_word' id='word_1_13' title='bbox 294 393 440 426; x_wconf 87' lang='lat' dir='ltr'>consistit</span> <span class='ocrx_word' id='word_1_14' title='bbox 463 393 496 422; x_wconf 92' lang='lat' dir='ltr'>in</span> <span class='ocrx_word' id='word_1_15' title='bbox 521 390 661 421; x_wconf 87' lang='lat' dir='ltr'>efficacia</span> <span class='ocrx_word' id='word_1_16' title='bbox 681 387 847 429; x_wconf 88' lang='lat' dir='ltr'>operandi,</span> <span class='ocrx_word' id='word_1_17' title='bbox 865 387 904 417; x_wconf 93' lang='lat' dir='ltr'>de</span> <span class='ocrx_word' id='word_1_18' title='bbox 921 396 985 427; x_wconf 95' lang='lat' dir='ltr'>qua</span> <span class='ocrx_word' id='word_1_19' title='bbox 1002 386 1053 416; x_wconf 91' lang='lat' dir='ltr'>hic</span> <span class='ocrx_word' id='word_1_20' title='bbox 1070 385 1216 425; x_wconf 87' lang='lat' dir='ltr'>loquitur</span> <span class='ocrx_word' id='word_1_21' title='bbox 1232 384 1369 415; x_wconf 85' lang='lat' dir='ltr'>Sanctus</span> <span class='ocrx_word' id='word_1_22' title='bbox 1394 384 1397 440; x_wconf 48' lang='lat' dir='ltr'>l</span> <span class='ocrx_word' id='word_1_23' title='bbox 1422 385 1623 424; x_wconf 90' lang='lat' dir='ltr'>comparatio</span> <span class='ocrx_word' id='word_1_24' title='bbox 1648 384 1717 414; x_wconf 91' lang='lat' dir='ltr'>eius</span> <span class='ocrx_word' id='word_1_25' title='bbox 1740 384 1781 414; x_wconf 88' lang='lat' dir='ltr'>ad</span> <span class='ocrx_word' id='word_1_26' title='bbox 1805 384 2030 425; x_wconf 86' lang='lat' dir='ltr'>operationem</span> <span class='ocrx_word' id='word_1_27' title='bbox 2054 384 2237 414; x_wconf 89' lang='lat' dir='ltr'>intellectus</span> <span class='ocrx_word' id='word_1_28' title='bbox 2255 385 2358 415; x_wconf 86' lang='lat' dir='ltr'>nostri</span> <span class='ocrx_word' id='word_1_29' title='bbox 2373 391 2502 417; x_wconf 88' lang='lat' dir='ltr'>natura-</span> 
     </span>
    </p>
   </div>
   <div class='ocr_carea' id='block_1_5' title="bbox 276 429 1369 3649">
    <p class='ocr_par' dir='ltr' id='par_1_5' title="bbox 289 429 1369 656">
     <span class='ocr_line' id='line_1_6' title="bbox 294 429 1369 476; baseline -0.009 -8"><span class='ocrx_word' id='word_1_30' title='bbox 294 435 447 472; x_wconf 80' lang='lat' dir='ltr'>Thomas,</span> <span class='ocrx_word' id='word_1_31' title='bbox 465 437 568 476; x_wconf 88' lang='lat' dir='ltr'>ipsam</span> <span class='ocrx_word' id='word_1_32' title='bbox 585 439 715 475; x_wconf 84' lang='lat' dir='ltr'>oportet</span> <span class='ocrx_word' id='word_1_33' title='bbox 738 432 894 463; x_wconf 86' lang='lat' dir='ltr'>essentiae</span> <span class='ocrx_word' id='word_1_34' title='bbox 917 431 1098 470; x_wconf 89' lang='lat' dir='ltr'>adaequari.</span> <span class='ocrx_word' id='word_1_35' title='bbox 1123 429 1218 460; x_wconf 92' lang='lat' dir='ltr'>Unde</span> <span class='ocrx_word' id='word_1_36' title='bbox 1234 438 1303 459; x_wconf 91' lang='lat' dir='ltr'>non</span> <span class='ocrx_word' id='word_1_37' title='bbox 1319 429 1369 459; x_wconf 92' lang='lat' dir='ltr'>in-</span> 
     </span>
     <span class='ocr_line' id='line_1_7' title="bbox 292 473 1367 523; baseline -0.009 -10"><span class='ocrx_word' id='word_1_38' title='bbox 292 483 362 523; x_wconf 89' lang='lat' dir='ltr'>quit</span> <span class='ocrx_word' id='word_1_39' title='bbox 386 481 521 512; x_wconf 90' lang='lat' dir='ltr'>Sanctus</span> <span class='ocrx_word' id='word_1_40' title='bbox 538 479 683 510; x_wconf 84' lang='lat' dir='ltr'>Thomas</span> <span class='ocrx_word' id='word_1_41' title='bbox 707 477 932 518; x_wconf 84' lang='lat' dir='ltr'>operationem</span> <span class='ocrx_word' id='word_1_42' title='bbox 956 476 1093 506; x_wconf 90' lang='lat' dir='ltr'>aliorum</span> <span class='ocrx_word' id='word_1_43' title='bbox 1117 473 1367 514; x_wconf 86' lang='lat' dir='ltr'>intelligibilium</span> 
     </span>
     <span class='ocr_line' id='line_1_8' title="bbox 290 518 1367 565; baseline -0.008 -8"><span class='ocrx_word' id='word_1_44' title='bbox 290 536 358 558; x_wconf 92' lang='lat' dir='ltr'>non</span> <span class='ocrx_word' id='word_1_45' title='bbox 374 534 469 565; x_wconf 91' lang='lat' dir='ltr'>posse</span> <span class='ocrx_word' id='word_1_46' title='bbox 486 525 666 565; x_wconf 88' lang='lat' dir='ltr'>pertingere</span> <span class='ocrx_word' id='word_1_47' title='bbox 683 522 723 553; x_wconf 91' lang='lat' dir='ltr'>ad</span> <span class='ocrx_word' id='word_1_48' title='bbox 741 522 886 552; x_wconf 90' lang='lat' dir='ltr'>divinum</span> <span class='ocrx_word' id='word_1_49' title='bbox 904 530 986 551; x_wconf 90' lang='lat' dir='ltr'>esse:</span> <span class='ocrx_word' id='word_1_50' title='bbox 1009 519 1065 550; x_wconf 92' lang='lat' dir='ltr'>sed</span> <span class='ocrx_word' id='word_1_51' title='bbox 1082 518 1239 559; x_wconf 88' lang='lat' dir='ltr'>quoniam</span> <span class='ocrx_word' id='word_1_52' title='bbox 1264 518 1367 559; x_wconf 81' lang='lat' dir='ltr'>ipsum</span> 
     </span>
     <span class='ocr_line' id='line_1_9' title="bbox 290 563 1366 609; baseline -0.008 -8"><span class='ocrx_word' id='word_1_53' title='bbox 290 572 396 601; x_wconf 85' lang='lat' dir='ltr'>Deum</span> <span class='ocrx_word' id='word_1_54' title='bbox 421 579 486 600; x_wconf 87' lang='lat' dir='ltr'>non</span> <span class='ocrx_word' id='word_1_55' title='bbox 510 573 651 609; x_wconf 83' lang='lat' dir='ltr'>possunt</span> <span class='ocrx_word' id='word_1_56' title='bbox 679 568 747 598; x_wconf 88' lang='lat' dir='ltr'>alia</span> <span class='ocrx_word' id='word_1_57' title='bbox 778 567 823 597; x_wconf 87' lang='lat' dir='ltr'>ita</span> <span class='ocrx_word' id='word_1_58' title='bbox 850 566 996 608; x_wconf 68' lang='lat' dir='ltr'>perfecte</span> <span class='ocrx_word' id='word_1_59' title='bbox 1019 564 1204 605; x_wconf 81' lang='lat' dir='ltr'>intelligere</span> <span class='ocrx_word' id='word_1_60' title='bbox 1226 563 1311 594; x_wconf 86' lang='lat' dir='ltr'>sicut</span> <span class='ocrx_word' id='word_1_61' title='bbox 1333 563 1366 593; x_wconf 87' lang='lat' dir='ltr'>in</span> 
     </span>
     <span class='ocr_line' id='line_1_10' title="bbox 289 615 663 656; baseline -0.008 -10"><span class='ocrx_word' id='word_1_62' title='bbox 289 616 395 656; x_wconf 83' lang='lat' dir='ltr'>seipso</span> <span class='ocrx_word' id='word_1_63' title='bbox 414 615 584 655; x_wconf 73' lang='lat' dir='ltr'>perfectus</span> <span class='ocrx_word' id='word_1_64' title='bbox 606 618 663 644; x_wconf 87' lang='lat' dir='ltr'>est.</span> 
     </span>
    </p>

    <p class='ocr_par' dir='ltr' id='par_1_6' title="bbox 287 652 1367 1004">
     <span class='ocr_line' id='line_1_11' title="bbox 344 652 1367 696; baseline -0.008 -6"><span class='ocrx_word' id='word_1_65' title='bbox 344 660 397 690; x_wconf 86' lang='lat' dir='ltr'>IV.</span> <span class='ocrx_word' id='word_1_66' title='bbox 407 659 541 696; x_wconf 86' lang='lat' dir='ltr'>Quinto.</span> <span class='ocrx_word' id='word_1_67' title='bbox 555 658 710 689; x_wconf 90' lang='lat' dir='ltr'>Divinum</span> <span class='ocrx_word' id='word_1_68' title='bbox 722 656 899 696; x_wconf 86' lang='lat' dir='ltr'>intelligere</span> <span class='ocrx_word' id='word_1_69' title='bbox 912 660 959 685; x_wconf 90' lang='lat' dir='ltr'>est</span> <span class='ocrx_word' id='word_1_70' title='bbox 971 659 1079 684; x_wconf 89' lang='lat' dir='ltr'>totum</span> <span class='ocrx_word' id='word_1_71' title='bbox 1091 653 1188 683; x_wconf 91' lang='lat' dir='ltr'>simul</span> <span class='ocrx_word' id='word_1_72' title='bbox 1200 652 1367 683; x_wconf 89' lang='lat' dir='ltr'>aeternali-</span> 
     </span>
     <span class='ocr_line' id='line_1_12' title="bbox 289 698 1367 739; baseline -0.007 -4"><span class='ocrx_word' id='word_1_73' title='bbox 289 711 337 735; x_wconf 91' lang='lat' dir='ltr'>ter</span> <span class='ocrx_word' id='word_1_74' title='bbox 353 705 503 734; x_wconf 85' lang='lat' dir='ltr'>existens:</span> <span class='ocrx_word' id='word_1_75' title='bbox 520 709 668 734; x_wconf 92' lang='lat' dir='ltr'>nostrum</span> <span class='ocrx_word' id='word_1_76' title='bbox 685 707 793 732; x_wconf 89' lang='lat' dir='ltr'>autem</span> <span class='ocrx_word' id='word_1_77' title='bbox 809 700 986 739; x_wconf 89' lang='lat' dir='ltr'>intelligere</span> <span class='ocrx_word' id='word_1_78' title='bbox 1003 698 1244 729; x_wconf 85' lang='lat' dir='ltr'>successionem</span> <span class='ocrx_word' id='word_1_79' title='bbox 1260 698 1367 733; x_wconf 90' lang='lat' dir='ltr'>habet,</span> 
     </span>
     <span class='ocr_line' id='line_1_13' title="bbox 288 743 1367 789; baseline -0.007 -9"><span class='ocrx_word' id='word_1_80' title='bbox 288 750 484 789; x_wconf 89' lang='lat' dir='ltr'>inquantum</span> <span class='ocrx_word' id='word_1_81' title='bbox 507 757 566 789; x_wconf 92' lang='lat' dir='ltr'>per</span> <span class='ocrx_word' id='word_1_82' title='bbox 588 747 738 778; x_wconf 89' lang='lat' dir='ltr'>accidens</span> <span class='ocrx_word' id='word_1_83' title='bbox 761 745 945 784; x_wconf 86' lang='lat' dir='ltr'>adiungitur</span> <span class='ocrx_word' id='word_1_84' title='bbox 966 744 995 774; x_wconf 90' lang='lat' dir='ltr'>ei</span> <span class='ocrx_word' id='word_1_85' title='bbox 1012 743 1207 774; x_wconf 91' lang='lat' dir='ltr'>continuum</span> <span class='ocrx_word' id='word_1_86' title='bbox 1230 748 1262 773; x_wconf 90' lang='lat' dir='ltr'>et</span> <span class='ocrx_word' id='word_1_87' title='bbox 1284 747 1367 773; x_wconf 88' lang='lat' dir='ltr'>tem—</span> 
     </span>
     <span class='ocr_line' id='line_1_14' title="bbox 288 787 1365 834; baseline -0.007 -9"><span class='ocrx_word' id='word_1_88' title='bbox 288 803 360 834; x_wconf 90' lang='lat' dir='ltr'>pus.</span> <span class='ocrx_word' id='word_1_89' title='bbox 386 794 472 834; x_wconf 86' lang='lat' dir='ltr'>Ergo</span> <span class='ocrx_word' id='word_1_90' title='bbox 489 792 597 824; x_wconf 90' lang='lat' dir='ltr'>divina</span> <span class='ocrx_word' id='word_1_91' title='bbox 613 791 779 822; x_wconf 87' lang='lat' dir='ltr'>beatitudo</span> <span class='ocrx_word' id='word_1_92' title='bbox 802 791 835 820; x_wconf 91' lang='lat' dir='ltr'>in</span> <span class='ocrx_word' id='word_1_93' title='bbox 851 788 1016 820; x_wconf 86' lang='lat' dir='ltr'>infinitum</span> <span class='ocrx_word' id='word_1_94' title='bbox 1033 787 1159 818; x_wconf 85' lang='lat' dir='ltr'>excedit</span> <span class='ocrx_word' id='word_1_95' title='bbox 1174 788 1365 818; x_wconf 85' lang='lat' dir='ltr'>humanam:</span> 
     </span>
     <span class='ocr_line' id='line_1_15' title="bbox 288 831 1367 873; baseline -0.007 -4"><span class='ocrx_word' id='word_1_96' title='bbox 288 839 371 869; x_wconf 90' lang='lat' dir='ltr'>sicut</span> <span class='ocrx_word' id='word_1_97' title='bbox 395 838 521 869; x_wconf 89' lang='lat' dir='ltr'>duratio</span> <span class='ocrx_word' id='word_1_98' title='bbox 546 837 740 868; x_wconf 89' lang='lat' dir='ltr'>aeternitatis</span> <span class='ocrx_word' id='word_1_99' title='bbox 768 834 893 865; x_wconf 89' lang='lat' dir='ltr'>excedit</span> <span class='ocrx_word' id='word_1_100' title='bbox 915 842 1004 864; x_wconf 91' lang='lat' dir='ltr'>nunc</span> <span class='ocrx_word' id='word_1_101' title='bbox 1027 832 1184 873; x_wconf 90' lang='lat' dir='ltr'>temporis</span> <span class='ocrx_word' id='word_1_102' title='bbox 1207 831 1324 863; x_wconf 88' lang='lat' dir='ltr'>fluens.</span> <span class='ocrx_word' id='word_1_103' title='bbox 1344 850 1367 854; x_wconf 93' lang='lat'>—</span> 
     </span>
     <span class='ocr_line' id='line_1_16' title="bbox 287 877 1367 922; baseline -0.007 -8"><span class='ocrx_word' id='word_1_104' title='bbox 287 883 446 914; x_wconf 89' lang='lat' dir='ltr'>Probatur</span> <span class='ocrx_word' id='word_1_105' title='bbox 467 882 709 922; x_wconf 90' lang='lat' dir='ltr'>consequentia.</span> <span class='ocrx_word' id='word_1_106' title='bbox 727 880 813 918; x_wconf 88' lang='lat' dir='ltr'>Quia</span> <span class='ocrx_word' id='word_1_107' title='bbox 830 884 953 919; x_wconf 89' lang='lat' dir='ltr'>quanto</span> <span class='ocrx_word' id='word_1_108' title='bbox 970 877 1092 918; x_wconf 88' lang='lat' dir='ltr'>aliquid</span> <span class='ocrx_word' id='word_1_109' title='bbox 1108 883 1157 908; x_wconf 87' lang='lat' dir='ltr'>est</span> <span class='ocrx_word' id='word_1_110' title='bbox 1175 877 1278 917; x_wconf 87' lang='lat' dir='ltr'>magis</span> <span class='ocrx_word' id='word_1_111' title='bbox 1293 877 1367 907; x_wconf 92' lang='lat' dir='ltr'>uni-</span> 
     </span>
     <span class='ocr_line' id='line_1_17' title="bbox 287 922 1366 964; baseline -0.007 -5"><span class='ocrx_word' id='word_1_112' title='bbox 287 934 369 964; x_wconf 84' lang='lat' dir='ltr'>tum,</span> <span class='ocrx_word' id='word_1_113' title='bbox 386 933 476 958; x_wconf 88' lang='lat' dir='ltr'>tanto</span> <span class='ocrx_word' id='word_1_114' title='bbox 500 927 628 957; x_wconf 83' lang='lat' dir='ltr'>bonitas</span> <span class='ocrx_word' id='word_1_115' title='bbox 644 926 713 956; x_wconf 90' lang='lat' dir='ltr'>eius</span> <span class='ocrx_word' id='word_1_116' title='bbox 729 931 761 955; x_wconf 92' lang='lat' dir='ltr'>et</span> <span class='ocrx_word' id='word_1_117' title='bbox 776 924 875 954; x_wconf 90' lang='lat' dir='ltr'>virtus</span> <span class='ocrx_word' id='word_1_118' title='bbox 899 922 1073 963; x_wconf 83' lang='lat' dir='ltr'>perfectior</span> <span class='ocrx_word' id='word_1_119' title='bbox 1093 927 1154 952; x_wconf 89' lang='lat' dir='ltr'>est:</span> <span class='ocrx_word' id='word_1_120' title='bbox 1178 922 1366 962; x_wconf 90' lang='lat' dir='ltr'>praesertim</span> 
     </span>
     <span class='ocr_line' id='line_1_18' title="bbox 288 967 1320 1004; baseline -0.008 0"><span class='ocrx_word' id='word_1_121' title='bbox 288 973 314 1003; x_wconf 89' lang='lat' dir='ltr'>si</span> <span class='ocrx_word' id='word_1_122' title='bbox 338 982 405 1003; x_wconf 91' lang='lat' dir='ltr'>non</span> <span class='ocrx_word' id='word_1_123' title='bbox 430 973 463 1002; x_wconf 90' lang='lat' dir='ltr'>in</span> <span class='ocrx_word' id='word_1_124' title='bbox 486 976 657 1002; x_wconf 91' lang='lat' dir='ltr'>momento</span> <span class='ocrx_word' id='word_1_125' title='bbox 681 974 828 1004; x_wconf 87' lang='lat' dir='ltr'>transeat,</span> <span class='ocrx_word' id='word_1_126' title='bbox 853 967 909 998; x_wconf 93' lang='lat' dir='ltr'>sed</span> <span class='ocrx_word' id='word_1_127' title='bbox 932 967 966 997; x_wconf 92' lang='lat' dir='ltr'>in</span> <span class='ocrx_word' id='word_1_128' title='bbox 990 973 1157 998; x_wconf 89' lang='lat' dir='ltr'>aeternum</span> <span class='ocrx_word' id='word_1_129' title='bbox 1180 972 1320 997; x_wconf 89' lang='lat' dir='ltr'>maneat.</span> 
     </span>
    </p>

    <p class='ocr_par' dir='ltr' id='par_1_7' title="bbox 282 1011 1366 1410">
     <span class='ocr_line' id='line_1_19' title="bbox 346 1011 1366 1050; baseline -0.007 -2"><span class='ocrx_word' id='word_1_130' title='bbox 346 1027 374 1047; x_wconf 90' lang='lat'>2.</span> <span class='ocrx_word' id='word_1_131' title='bbox 400 1016 494 1047; x_wconf 91' lang='lat' dir='ltr'>Circa</span> <span class='ocrx_word' id='word_1_132' title='bbox 517 1015 711 1047; x_wconf 87' lang='lat' dir='ltr'>antecedens</span> <span class='ocrx_word' id='word_1_133' title='bbox 735 1014 907 1044; x_wconf 89' lang='lat' dir='ltr'>dubitatur.</span> <span class='ocrx_word' id='word_1_134' title='bbox 932 1011 1029 1050; x_wconf 85' lang='lat' dir='ltr'>Quia,</span> <span class='ocrx_word' id='word_1_135' title='bbox 1054 1012 1129 1042; x_wconf 91' lang='lat' dir='ltr'>licet</span> <span class='ocrx_word' id='word_1_136' title='bbox 1151 1017 1301 1042; x_wconf 87' lang='lat' dir='ltr'>nostrum</span> <span class='ocrx_word' id='word_1_137' title='bbox 1317 1011 1366 1041; x_wconf 88' lang='lat' dir='ltr'>in-</span> 
     </span>
     <span class='ocr_line' id='line_1_20' title="bbox 285 1055 1366 1102; baseline -0.006 -10"><span class='ocrx_word' id='word_1_138' title='bbox 285 1062 429 1102; x_wconf 87' lang='lat' dir='ltr'>telligere</span> <span class='ocrx_word' id='word_1_139' title='bbox 452 1061 692 1092; x_wconf 86' lang='lat' dir='ltr'>successionem</span> <span class='ocrx_word' id='word_1_140' title='bbox 715 1059 831 1089; x_wconf 90' lang='lat' dir='ltr'>habeat</span> <span class='ocrx_word' id='word_1_141' title='bbox 853 1058 1050 1098; x_wconf 87' lang='lat' dir='ltr'>inquantum</span> <span class='ocrx_word' id='word_1_142' title='bbox 1074 1057 1104 1087; x_wconf 91' lang='lat' dir='ltr'>ei</span> <span class='ocrx_word' id='word_1_143' title='bbox 1127 1066 1185 1097; x_wconf 90' lang='lat' dir='ltr'>per</span> <span class='ocrx_word' id='word_1_144' title='bbox 1215 1055 1366 1086; x_wconf 87' lang='lat' dir='ltr'>accidens</span> 
     </span>
     <span class='ocr_line' id='line_1_21' title="bbox 286 1101 1365 1146; baseline -0.006 -9"><span class='ocrx_word' id='word_1_145' title='bbox 286 1106 471 1146; x_wconf 86' lang='lat' dir='ltr'>adiungitur</span> <span class='ocrx_word' id='word_1_146' title='bbox 494 1106 688 1136; x_wconf 92' lang='lat' dir='ltr'>continuum</span> <span class='ocrx_word' id='word_1_147' title='bbox 712 1109 744 1134; x_wconf 90' lang='lat' dir='ltr'>et</span> <span class='ocrx_word' id='word_1_148' title='bbox 767 1108 906 1142; x_wconf 89' lang='lat' dir='ltr'>tempus,</span> <span class='ocrx_word' id='word_1_149' title='bbox 931 1111 989 1142; x_wconf 92' lang='lat' dir='ltr'>per</span> <span class='ocrx_word' id='word_1_150' title='bbox 1011 1111 1045 1132; x_wconf 92' lang='lat' dir='ltr'>se</span> <span class='ocrx_word' id='word_1_151' title='bbox 1069 1107 1177 1132; x_wconf 91' lang='lat' dir='ltr'>tamen</span> <span class='ocrx_word' id='word_1_152' title='bbox 1204 1106 1251 1131; x_wconf 87' lang='lat' dir='ltr'>est</span> <span class='ocrx_word' id='word_1_153' title='bbox 1266 1101 1299 1131; x_wconf 88' lang='lat' dir='ltr'>in</span> <span class='ocrx_word' id='word_1_154' title='bbox 1315 1101 1365 1131; x_wconf 93' lang='lat' dir='ltr'>in-</span> 
     </span>
     <span class='ocr_line' id='line_1_22' title="bbox 285 1145 1364 1187; baseline -0.006 -6"><span class='ocrx_word' id='word_1_155' title='bbox 285 1151 379 1181; x_wconf 92' lang='lat' dir='ltr'>stanti</span> <span class='ocrx_word' id='word_1_156' title='bbox 401 1156 434 1180; x_wconf 91' lang='lat' dir='ltr'>et</span> <span class='ocrx_word' id='word_1_157' title='bbox 448 1156 555 1180; x_wconf 91' lang='lat' dir='ltr'>totum</span> <span class='ocrx_word' id='word_1_158' title='bbox 579 1149 685 1184; x_wconf 90' lang='lat' dir='ltr'>simul,</span> <span class='ocrx_word' id='word_1_159' title='bbox 702 1154 738 1179; x_wconf 92' lang='lat' dir='ltr'>ut</span> <span class='ocrx_word' id='word_1_160' title='bbox 754 1147 871 1178; x_wconf 90' lang='lat' dir='ltr'>dicitur</span> <span class='ocrx_word' id='word_1_161' title='bbox 888 1146 997 1182; x_wconf 74' lang='lat' dir='ltr'>Ver-it„</span> <span class='ocrx_word' id='word_1_162' title='bbox 1014 1156 1046 1187; x_wconf 92' lang='lat' dir='ltr'>q.</span> <span class='ocrx_word' id='word_1_163' title='bbox 1057 1156 1125 1182; x_wconf 84' lang='lat' dir='ltr'>vm,</span> <span class='ocrx_word' id='word_1_164' title='bbox 1142 1156 1170 1176; x_wconf 90' lang='lat' dir='ltr'>a.</span> <span class='ocrx_word' id='word_1_165' title='bbox 1189 1155 1238 1184; x_wconf 84' lang='lat'>14,</span> <span class='ocrx_word' id='word_1_166' title='bbox 1252 1145 1293 1176; x_wconf 93' lang='lat' dir='ltr'>ad</span> <span class='ocrx_word' id='word_1_167' title='bbox 1314 1153 1364 1182; x_wconf 86' lang='lat'>12,</span> 
     </span>
     <span class='ocr_line' id='line_1_23' title="bbox 285 1191 1363 1233; baseline -0.006 -7"><span class='ocrx_word' id='word_1_168' title='bbox 285 1202 317 1226; x_wconf 93' lang='lat' dir='ltr'>et</span> <span class='ocrx_word' id='word_1_169' title='bbox 341 1195 384 1225; x_wconf 95' lang='lat' dir='ltr'>IV</span> <span class='ocrx_word' id='word_1_170' title='bbox 400 1195 500 1230; x_wconf 69' lang='lat' dir='ltr'>Sent.5</span> <span class='ocrx_word' id='word_1_171' title='bbox 524 1194 555 1225; x_wconf 89' lang='lat' dir='ltr'>d.</span> <span class='ocrx_word' id='word_1_172' title='bbox 579 1204 661 1229; x_wconf 79' lang='lat' dir='ltr'>xmx,</span> <span class='ocrx_word' id='word_1_173' title='bbox 686 1202 717 1233; x_wconf 93' lang='lat' dir='ltr'>q.</span> <span class='ocrx_word' id='word_1_174' title='bbox 741 1202 785 1228; x_wconf 84' lang='lat'>111,</span> <span class='ocrx_word' id='word_1_175' title='bbox 809 1202 838 1222; x_wconf 94' lang='lat' dir='ltr'>a.</span> <span class='ocrx_word' id='word_1_176' title='bbox 860 1199 887 1228; x_wconf 85' lang='grc' dir='ltr'>ι,</span> <span class='ocrx_word' id='word_1_177' title='bbox 913 1191 987 1231; x_wconf 81' lang='lat' dir='ltr'>[qu¹</span> <span class='ocrx_word' id='word_1_178' title='bbox 1010 1191 1059 1231; x_wconf 87' lang='lat'>3],</span> <span class='ocrx_word' id='word_1_179' title='bbox 1085 1191 1124 1221; x_wconf 93' lang='lat' dir='ltr'>ad</span> <span class='ocrx_word' id='word_1_180' title='bbox 1146 1199 1172 1220; x_wconf 84' lang='lat'>1:</span> <span class='ocrx_word' id='word_1_181' title='bbox 1199 1196 1231 1220; x_wconf 92' lang='lat' dir='ltr'>et</span> <span class='ocrx_word' id='word_1_182' title='bbox 1257 1191 1302 1220; x_wconf 91' lang='lat' dir='ltr'>sic</span> <span class='ocrx_word' id='word_1_183' title='bbox 1330 1191 1363 1221; x_wconf 92' lang='lat' dir='ltr'>in</span> 
     </span>
     <span class='ocr_line' id='line_1_24' title="bbox 283 1235 1364 1280; baseline -0.005 -10"><span class='ocrx_word' id='word_1_184' title='bbox 283 1240 392 1280; x_wconf 89' lang='lat' dir='ltr'>seipso</span> <span class='ocrx_word' id='word_1_185' title='bbox 422 1240 663 1270; x_wconf 89' lang='lat' dir='ltr'>successionem</span> <span class='ocrx_word' id='word_1_186' title='bbox 694 1247 762 1268; x_wconf 93' lang='lat' dir='ltr'>non</span> <span class='ocrx_word' id='word_1_187' title='bbox 793 1237 900 1273; x_wconf 87' lang='lat' dir='ltr'>habet,</span> <span class='ocrx_word' id='word_1_188' title='bbox 927 1236 1021 1277; x_wconf 91' lang='lat' dir='ltr'>quasi</span> <span class='ocrx_word' id='word_1_189' title='bbox 1048 1245 1113 1266; x_wconf 88' lang='lat' dir='ltr'>una</span> <span class='ocrx_word' id='word_1_190' title='bbox 1141 1245 1215 1276; x_wconf 88' lang='lat' dir='ltr'>pars</span> <span class='ocrx_word' id='word_1_191' title='bbox 1239 1235 1364 1266; x_wconf 89' lang='lat' dir='ltr'>intelle-</span> 
     </span>
     <span class='ocr_line' id='line_1_25' title="bbox 284 1280 1363 1324; baseline -0.005 -9"><span class='ocrx_word' id='word_1_192' title='bbox 284 1285 401 1315; x_wconf 92' lang='lat' dir='ltr'>ctionis</span> <span class='ocrx_word' id='word_1_193' title='bbox 433 1284 521 1314; x_wconf 90' lang='lat' dir='ltr'>alteri</span> <span class='ocrx_word' id='word_1_194' title='bbox 554 1284 635 1324; x_wconf 92' lang='lat' dir='ltr'>parti</span> <span class='ocrx_word' id='word_1_195' title='bbox 665 1281 828 1313; x_wconf 87' lang='lat' dir='ltr'>succedat.</span> <span class='ocrx_word' id='word_1_196' title='bbox 862 1282 949 1323; x_wconf 88' lang='lat' dir='ltr'>Ergo</span> <span class='ocrx_word' id='word_1_197' title='bbox 979 1291 1048 1312; x_wconf 91' lang='lat' dir='ltr'>non</span> <span class='ocrx_word' id='word_1_198' title='bbox 1079 1280 1185 1311; x_wconf 80' lang='lat' dir='ltr'>differt</span> <span class='ocrx_word' id='word_1_199' title='bbox 1213 1286 1363 1311; x_wconf 90' lang='lat' dir='ltr'>nostrum</span> 
     </span>
     <span class='ocr_line' id='line_1_26' title="bbox 282 1325 1364 1369; baseline -0.005 -9"><span class='ocrx_word' id='word_1_200' title='bbox 282 1329 461 1369; x_wconf 85' lang='lat' dir='ltr'>intelligere</span> <span class='ocrx_word' id='word_1_201' title='bbox 488 1329 528 1359; x_wconf 84' lang='lat' dir='ltr'>ab</span> <span class='ocrx_word' id='word_1_202' title='bbox 555 1328 734 1368; x_wconf 87' lang='lat' dir='ltr'>intelligere</span> <span class='ocrx_word' id='word_1_203' title='bbox 758 1327 870 1358; x_wconf 90' lang='lat' dir='ltr'>divino</span> <span class='ocrx_word' id='word_1_204' title='bbox 895 1327 986 1367; x_wconf 90' lang='lat' dir='ltr'>quasi</span> <span class='ocrx_word' id='word_1_205' title='bbox 1010 1325 1091 1357; x_wconf 88' lang='lat' dir='ltr'>illud</span> <span class='ocrx_word' id='word_1_206' title='bbox 1114 1326 1155 1356; x_wconf 92' lang='lat' dir='ltr'>sit</span> <span class='ocrx_word' id='word_1_207' title='bbox 1177 1325 1308 1356; x_wconf 86' lang='lat' dir='ltr'>unitum</span> <span class='ocrx_word' id='word_1_208' title='bbox 1333 1332 1364 1356; x_wconf 89' lang='lat' dir='ltr'>et</span> 
     </span>
     <span class='ocr_line' id='line_1_27' title="bbox 282 1370 1247 1410; baseline -0.004 -5"><span class='ocrx_word' id='word_1_209' title='bbox 282 1380 389 1405; x_wconf 89' lang='lat' dir='ltr'>totum</span> <span class='ocrx_word' id='word_1_210' title='bbox 414 1374 521 1410; x_wconf 88' lang='lat' dir='ltr'>simul,</span> <span class='ocrx_word' id='word_1_211' title='bbox 545 1379 693 1404; x_wconf 88' lang='lat' dir='ltr'>nostrum</span> <span class='ocrx_word' id='word_1_212' title='bbox 717 1378 827 1403; x_wconf 90' lang='lat' dir='ltr'>autem</span> <span class='ocrx_word' id='word_1_213' title='bbox 851 1382 919 1402; x_wconf 89' lang='lat' dir='ltr'>non</span> <span class='ocrx_word' id='word_1_214' title='bbox 943 1373 982 1402; x_wconf 88' lang='lat' dir='ltr'>sit</span> <span class='ocrx_word' id='word_1_215' title='bbox 1006 1377 1114 1402; x_wconf 88' lang='lat' dir='ltr'>totum</span> <span class='ocrx_word' id='word_1_216' title='bbox 1139 1370 1247 1401; x_wconf 91' lang='lat' dir='ltr'>simul.</span> 
     </span>
    </p>

    <p class='ocr_par' dir='ltr' id='par_1_8' title="bbox 281 1414 1365 1680">
     <span class='ocr_line' id='line_1_28' title="bbox 339 1414 1365 1457; baseline -0.004 -8"><span class='ocrx_word' id='word_1_217' title='bbox 339 1418 435 1450; x_wconf 91' lang='lat' dir='ltr'>Circa</span> <span class='ocrx_word' id='word_1_218' title='bbox 459 1418 708 1449; x_wconf 89' lang='lat' dir='ltr'>conclusionem</span> <span class='ocrx_word' id='word_1_219' title='bbox 732 1426 868 1457; x_wconf 89' lang='lat' dir='ltr'>quoque</span> <span class='ocrx_word' id='word_1_220' title='bbox 894 1416 1016 1447; x_wconf 89' lang='lat' dir='ltr'>illatam</span> <span class='ocrx_word' id='word_1_221' title='bbox 1044 1415 1210 1446; x_wconf 90' lang='lat' dir='ltr'>dubitatur</span> <span class='ocrx_word' id='word_1_222' title='bbox 1225 1416 1252 1446; x_wconf 47' lang='grc' dir='ltr'><strong>ἦ</strong></span> <span class='ocrx_word' id='word_1_223' title='bbox 1277 1414 1365 1453; x_wconf 89' lang='lat' dir='ltr'>Quia</span> 
     </span>
     <span class='ocr_line' id='line_1_29' title="bbox 281 1461 1364 1503; baseline -0.004 -9"><span class='ocrx_word' id='word_1_224' title='bbox 281 1473 350 1494; x_wconf 90' lang='lat' dir='ltr'>non</span> <span class='ocrx_word' id='word_1_225' title='bbox 367 1463 495 1494; x_wconf 88' lang='lat' dir='ltr'>videtur</span> <span class='ocrx_word' id='word_1_226' title='bbox 510 1463 603 1503; x_wconf 90' lang='lat' dir='ltr'>sequi</span> <span class='ocrx_word' id='word_1_227' title='bbox 619 1472 657 1493; x_wconf 88' lang='lat' dir='ltr'>ex</span> <span class='ocrx_word' id='word_1_228' title='bbox 678 1462 872 1503; x_wconf 86' lang='lat' dir='ltr'>praemissis.</span> <span class='ocrx_word' id='word_1_229' title='bbox 894 1461 978 1492; x_wconf 87' lang='lat' dir='ltr'>Nam</span> <span class='ocrx_word' id='word_1_230' title='bbox 998 1461 1115 1492; x_wconf 91' lang='lat' dir='ltr'>dicitur</span> <span class='ocrx_word' id='word_1_231' title='bbox 1131 1461 1164 1491; x_wconf 93' lang='lat' dir='ltr'>in</span> <span class='ocrx_word' id='word_1_232' title='bbox 1180 1461 1364 1501; x_wconf 87' lang='lat' dir='ltr'>praemissis</span> 
     </span>
     <span class='ocr_line' id='line_1_30' title="bbox 282 1506 1363 1549; baseline -0.004 -10"><span class='ocrx_word' id='word_1_233' title='bbox 282 1508 374 1549; x_wconf 91' lang='lat' dir='ltr'>quod</span> <span class='ocrx_word' id='word_1_234' title='bbox 396 1513 546 1539; x_wconf 88' lang='lat' dir='ltr'>nostrum</span> <span class='ocrx_word' id='word_1_235' title='bbox 568 1508 748 1548; x_wconf 89' lang='lat' dir='ltr'>intelligere</span> <span class='ocrx_word' id='word_1_236' title='bbox 775 1512 824 1537; x_wconf 90' lang='lat' dir='ltr'>est</span> <span class='ocrx_word' id='word_1_237' title='bbox 853 1507 1085 1538; x_wconf 88' lang='lat' dir='ltr'>successivum.</span> <span class='ocrx_word' id='word_1_238' title='bbox 1116 1506 1204 1546; x_wconf 83' lang='lat' dir='ltr'>Ergo</span> <span class='ocrx_word' id='word_1_239' title='bbox 1234 1515 1302 1536; x_wconf 90' lang='lat' dir='ltr'>non</span> <span class='ocrx_word' id='word_1_240' title='bbox 1330 1506 1363 1536; x_wconf 91' lang='lat' dir='ltr'>in</span> 
     </span>
     <span class='ocr_line' id='line_1_31' title="bbox 281 1551 1363 1593; baseline -0.003 -9"><span class='ocrx_word' id='word_1_241' title='bbox 281 1554 423 1590; x_wconf 89' lang='lat' dir='ltr'>instanti,</span> <span class='ocrx_word' id='word_1_242' title='bbox 448 1552 505 1584; x_wconf 91' lang='lat' dir='ltr'>sed</span> <span class='ocrx_word' id='word_1_243' title='bbox 534 1553 569 1583; x_wconf 92' lang='lat' dir='ltr'>in</span> <span class='ocrx_word' id='word_1_244' title='bbox 596 1558 756 1593; x_wconf 87' lang='lat' dir='ltr'>tempore.</span> <span class='ocrx_word' id='word_1_245' title='bbox 787 1552 876 1592; x_wconf 88' lang='lat' dir='ltr'>Ergo</span> <span class='ocrx_word' id='word_1_246' title='bbox 905 1551 1053 1582; x_wconf 92' lang='lat' dir='ltr'>divinum</span> <span class='ocrx_word' id='word_1_247' title='bbox 1083 1551 1263 1591; x_wconf 87' lang='lat' dir='ltr'>intelligere</span> <span class='ocrx_word' id='word_1_248' title='bbox 1294 1559 1363 1581; x_wconf 90' lang='lat' dir='ltr'>non</span> 
     </span>
     <span class='ocr_line' id='line_1_32' title="bbox 281 1595 1364 1639; baseline -0.004 -10"><span class='ocrx_word' id='word_1_249' title='bbox 281 1603 489 1639; x_wconf 87' lang='lat' dir='ltr'>comparatur</span> <span class='ocrx_word' id='word_1_250' title='bbox 511 1597 552 1628; x_wconf 92' lang='lat' dir='ltr'>ad</span> <span class='ocrx_word' id='word_1_251' title='bbox 575 1603 724 1628; x_wconf 87' lang='lat' dir='ltr'>nostrum</span> <span class='ocrx_word' id='word_1_252' title='bbox 748 1597 832 1628; x_wconf 90' lang='lat' dir='ltr'>sicut</span> <span class='ocrx_word' id='word_1_253' title='bbox 855 1597 1025 1627; x_wconf 85' lang='lat' dir='ltr'>aeternitas</span> <span class='ocrx_word' id='word_1_254' title='bbox 1042 1595 1081 1626; x_wconf 87' lang='lat' dir='ltr'>ad</span> <span class='ocrx_word' id='word_1_255' title='bbox 1096 1605 1187 1627; x_wconf 90' lang='lat' dir='ltr'>nunc</span> <span class='ocrx_word' id='word_1_256' title='bbox 1206 1595 1364 1636; x_wconf 83' lang='lat' dir='ltr'>temporis</span> 
     </span>
     <span class='ocr_line' id='line_1_33' title="bbox 281 1641 629 1680; baseline -0.006 -6"><span class='ocrx_word' id='word_1_257' title='bbox 281 1643 398 1680; x_wconf 89' lang='lat' dir='ltr'>fluens,</span> <span class='ocrx_word' id='word_1_258' title='bbox 423 1648 460 1673; x_wconf 94' lang='lat' dir='ltr'>ut</span> <span class='ocrx_word' id='word_1_259' title='bbox 481 1641 629 1673; x_wconf 83' lang='lat' dir='ltr'>infertur.</span> 
     </span>
    </p>

    <p class='ocr_par' dir='ltr' id='par_1_9' title="bbox 276 1685 1365 2621">
     <span class='ocr_line' id='line_1_34' title="bbox 339 1685 1365 1726; baseline -0.003 -8"><span class='ocrx_word' id='word_1_260' title='bbox 339 1688 369 1718; x_wconf 87' lang='lat'>3.</span> <span class='ocrx_word' id='word_1_261' title='bbox 394 1687 447 1718; x_wconf 89' lang='lat' dir='ltr'>Ad</span> <span class='ocrx_word' id='word_1_262' title='bbox 469 1687 566 1718; x_wconf 91' lang='lat' dir='ltr'>huius</span> <span class='ocrx_word' id='word_1_263' title='bbox 590 1686 786 1717; x_wconf 89' lang='lat' dir='ltr'>evidentiam</span> <span class='ocrx_word' id='word_1_264' title='bbox 810 1685 1085 1716; x_wconf 89' lang='lat' dir='ltr'>considerandum</span> <span class='ocrx_word' id='word_1_265' title='bbox 1105 1691 1152 1715; x_wconf 86' lang='lat' dir='ltr'>est</span> <span class='ocrx_word' id='word_1_266' title='bbox 1171 1685 1273 1726; x_wconf 91' lang='lat' dir='ltr'>quod,</span> <span class='ocrx_word' id='word_1_267' title='bbox 1290 1686 1365 1716; x_wconf 88' lang='lat' dir='ltr'>licet</span> 
     </span>
     <span class='ocr_line' id='line_1_35' title="bbox 281 1730 1363 1773; baseline -0.003 -10"><span class='ocrx_word' id='word_1_268' title='bbox 281 1733 429 1773; x_wconf 89' lang='lat' dir='ltr'>operatio</span> <span class='ocrx_word' id='word_1_269' title='bbox 453 1732 636 1762; x_wconf 89' lang='lat' dir='ltr'>intellectus</span> <span class='ocrx_word' id='word_1_270' title='bbox 666 1740 724 1772; x_wconf 92' lang='lat' dir='ltr'>per</span> <span class='ocrx_word' id='word_1_271' title='bbox 753 1740 788 1761; x_wconf 90' lang='lat' dir='ltr'>se</span> <span class='ocrx_word' id='word_1_272' title='bbox 820 1731 1023 1761; x_wconf 89' lang='lat' dir='ltr'>instantanea</span> <span class='ocrx_word' id='word_1_273' title='bbox 1053 1730 1093 1760; x_wconf 90' lang='lat' dir='ltr'>sit</span> <span class='ocrx_word' id='word_1_274' title='bbox 1121 1735 1152 1760; x_wconf 93' lang='lat' dir='ltr'>et</span> <span class='ocrx_word' id='word_1_275' title='bbox 1175 1735 1243 1760; x_wconf 91' lang='lat' dir='ltr'>tota</span> <span class='ocrx_word' id='word_1_276' title='bbox 1267 1730 1363 1761; x_wconf 87' lang='lat' dir='ltr'>simul</span> 
     </span>
     <span class='ocr_line' id='line_1_36' title="bbox 281 1775 1363 1816; baseline -0.003 -8"><span class='ocrx_word' id='word_1_277' title='bbox 281 1778 431 1813; x_wconf 85' lang='lat' dir='ltr'>existens,</span> <span class='ocrx_word' id='word_1_278' title='bbox 456 1782 487 1807; x_wconf 92' lang='lat' dir='ltr'>et</span> <span class='ocrx_word' id='word_1_279' title='bbox 510 1785 568 1816; x_wconf 90' lang='lat' dir='ltr'>per</span> <span class='ocrx_word' id='word_1_280' title='bbox 596 1785 803 1816; x_wconf 89' lang='lat' dir='ltr'>consequens</span> <span class='ocrx_word' id='word_1_281' title='bbox 833 1784 984 1806; x_wconf 88' lang='lat' dir='ltr'>mensura</span> <span class='ocrx_word' id='word_1_282' title='bbox 1009 1776 1038 1806; x_wconf 92' lang='lat' dir='ltr'>ei</span> <span class='ocrx_word' id='word_1_283' title='bbox 1062 1775 1169 1815; x_wconf 86' lang='lat' dir='ltr'>primo</span> <span class='ocrx_word' id='word_1_284' title='bbox 1194 1780 1226 1805; x_wconf 93' lang='lat' dir='ltr'>et</span> <span class='ocrx_word' id='word_1_285' title='bbox 1248 1784 1307 1815; x_wconf 90' lang='lat' dir='ltr'>per</span> <span class='ocrx_word' id='word_1_286' title='bbox 1330 1784 1363 1805; x_wconf 92' lang='lat' dir='ltr'>se</span> 
     </span>
     <span class='ocr_line' id='line_1_37' title="bbox 281 1820 1364 1860; baseline -0.003 -7"><span class='ocrx_word' id='word_1_287' title='bbox 281 1822 481 1853; x_wconf 91' lang='lat' dir='ltr'>conveniens</span> <span class='ocrx_word' id='word_1_288' title='bbox 497 1822 539 1852; x_wconf 91' lang='lat' dir='ltr'>sit</span> <span class='ocrx_word' id='word_1_289' title='bbox 560 1821 777 1856; x_wconf 89' lang='lat' dir='ltr'>indivisibilis;</span> <span class='ocrx_word' id='word_1_290' title='bbox 801 1826 922 1856; x_wconf 87' lang='lat' dir='ltr'>tamen,</span> <span class='ocrx_word' id='word_1_291' title='bbox 938 1820 1015 1860; x_wconf 91' lang='lat' dir='ltr'>quia</span> <span class='ocrx_word' id='word_1_292' title='bbox 1030 1820 1214 1850; x_wconf 87' lang='lat' dir='ltr'>necessario</span> <span class='ocrx_word' id='word_1_293' title='bbox 1230 1820 1364 1860; x_wconf 87' lang='lat' dir='ltr'>requirit</span> 
     </span>
     <span class='ocr_line' id='line_1_38' title="bbox 280 1864 1364 1908; baseline -0.002 -11"><span class='ocrx_word' id='word_1_294' title='bbox 280 1867 468 1908; x_wconf 89' lang='lat' dir='ltr'>phantasiae</span> <span class='ocrx_word' id='word_1_295' title='bbox 481 1867 718 1906; x_wconf 87' lang='lat' dir='ltr'>operationem,</span> <span class='ocrx_word' id='word_1_296' title='bbox 731 1874 815 1905; x_wconf 89' lang='lat' dir='ltr'>quae</span> <span class='ocrx_word' id='word_1_297' title='bbox 828 1865 1077 1895; x_wconf 88' lang='lat' dir='ltr'>continuitatem</span> <span class='ocrx_word' id='word_1_298' title='bbox 1090 1864 1256 1905; x_wconf 90' lang='lat' dir='ltr'>quandam</span> <span class='ocrx_word' id='word_1_299' title='bbox 1268 1865 1364 1895; x_wconf 93' lang='lat' dir='ltr'>habet</span> 
     </span>
     <span class='ocr_line' id='line_1_39' title="bbox 280 1909 1362 1950; baseline -0.003 -8"><span class='ocrx_word' id='word_1_300' title='bbox 280 1917 312 1942; x_wconf 91' lang='lat' dir='ltr'>et</span> <span class='ocrx_word' id='word_1_301' title='bbox 336 1911 588 1947; x_wconf 87' lang='lat' dir='ltr'>successionem,</span> <span class='ocrx_word' id='word_1_302' title='bbox 605 1909 684 1941; x_wconf 89' lang='lat' dir='ltr'>dum</span> <span class='ocrx_word' id='word_1_303' title='bbox 700 1919 758 1950; x_wconf 91' lang='lat' dir='ltr'>per</span> <span class='ocrx_word' id='word_1_304' title='bbox 773 1909 912 1940; x_wconf 90' lang='lat' dir='ltr'>modum</span> <span class='ocrx_word' id='word_1_305' title='bbox 936 1909 1085 1940; x_wconf 87' lang='lat' dir='ltr'>continui</span> <span class='ocrx_word' id='word_1_306' title='bbox 1102 1915 1134 1939; x_wconf 91' lang='lat' dir='ltr'>et</span> <span class='ocrx_word' id='word_1_307' title='bbox 1150 1910 1314 1940; x_wconf 85' lang='lat' dir='ltr'>existentis</span> <span class='ocrx_word' id='word_1_308' title='bbox 1329 1909 1362 1940; x_wconf 91' lang='lat' dir='ltr'>in</span> 
     </span>
     <span class='ocr_line' id='line_1_40' title="bbox 278 1953 1364 1996; baseline -0.002 -10"><span class='ocrx_word' id='word_1_309' title='bbox 278 1961 427 1996; x_wconf 90' lang='lat' dir='ltr'>tempore</span> <span class='ocrx_word' id='word_1_310' title='bbox 451 1955 613 1995; x_wconf 88' lang='lat' dir='ltr'>singulare</span> <span class='ocrx_word' id='word_1_311' title='bbox 636 1953 861 1995; x_wconf 85' lang='lat' dir='ltr'>apprehendit,</span> <span class='ocrx_word' id='word_1_312' title='bbox 878 1959 911 1984; x_wconf 90' lang='lat' dir='ltr'>et</span> <span class='ocrx_word' id='word_1_313' title='bbox 926 1954 996 1994; x_wconf 85' lang='lat' dir='ltr'>ipsa</span> <span class='ocrx_word' id='word_1_314' title='bbox 1011 1954 1160 1994; x_wconf 88' lang='lat' dir='ltr'>operatio</span> <span class='ocrx_word' id='word_1_315' title='bbox 1180 1953 1364 1984; x_wconf 92' lang='lat' dir='ltr'>intellectus</span> 
     </span>
     <span class='ocr_line' id='line_1_41' title="bbox 279 1997 1363 2040; baseline -0.002 -10"><span class='ocrx_word' id='word_1_316' title='bbox 279 2000 397 2031; x_wconf 90' lang='lat' dir='ltr'>dicitur</span> <span class='ocrx_word' id='word_1_317' title='bbox 413 2009 471 2040; x_wconf 89' lang='lat' dir='ltr'>per</span> <span class='ocrx_word' id='word_1_318' title='bbox 485 1999 636 2030; x_wconf 89' lang='lat' dir='ltr'>accidens</span> <span class='ocrx_word' id='word_1_319' title='bbox 651 1999 848 2033; x_wconf 77' lang='lat' dir='ltr'>successiva:</span> <span class='ocrx_word' id='word_1_320' title='bbox 873 2008 942 2029; x_wconf 92' lang='lat' dir='ltr'>non</span> <span class='ocrx_word' id='word_1_321' title='bbox 966 1997 1100 2038; x_wconf 90' lang='lat' dir='ltr'>quidem</span> <span class='ocrx_word' id='word_1_322' title='bbox 1117 1998 1194 2038; x_wconf 91' lang='lat' dir='ltr'>quia</span> <span class='ocrx_word' id='word_1_323' title='bbox 1210 2008 1276 2029; x_wconf 91' lang='lat' dir='ltr'>una</span> <span class='ocrx_word' id='word_1_324' title='bbox 1293 1999 1363 2029; x_wconf 91' lang='lat' dir='ltr'>eius</span> 
     </span>
     <span class='ocr_line' id='line_1_42' title="bbox 277 2042 1362 2086; baseline -0.002 -11"><span class='ocrx_word' id='word_1_325' title='bbox 277 2054 352 2086; x_wconf 91' lang='lat' dir='ltr'>pars</span> <span class='ocrx_word' id='word_1_326' title='bbox 367 2053 433 2075; x_wconf 92' lang='lat' dir='ltr'>una</span> <span class='ocrx_word' id='word_1_327' title='bbox 448 2049 539 2084; x_wconf 89' lang='lat' dir='ltr'>parte</span> <span class='ocrx_word' id='word_1_328' title='bbox 555 2044 712 2084; x_wconf 90' lang='lat' dir='ltr'>temporis</span> <span class='ocrx_word' id='word_1_329' title='bbox 735 2049 942 2074; x_wconf 81' lang='lat' dir='ltr'>mensuretur</span> <span class='ocrx_word' id='word_1_330' title='bbox 958 2049 990 2074; x_wconf 92' lang='lat' dir='ltr'>et</span> <span class='ocrx_word' id='word_1_331' title='bbox 1005 2043 1067 2073; x_wconf 87' lang='lat' dir='ltr'>alia</span> <span class='ocrx_word' id='word_1_332' title='bbox 1083 2051 1156 2083; x_wconf 89' lang='lat' dir='ltr'>pars</span> <span class='ocrx_word' id='word_1_333' title='bbox 1180 2042 1241 2073; x_wconf 89' lang='lat' dir='ltr'>alia</span> <span class='ocrx_word' id='word_1_334' title='bbox 1260 2048 1362 2083; x_wconf 90' lang='lat' dir='ltr'>parte,</span> 
     </span>
     <span class='ocr_line' id='line_1_43' title="bbox 278 2087 1362 2128; baseline -0.002 -8"><span class='ocrx_word' id='word_1_335' title='bbox 278 2099 366 2125; x_wconf 87' lang='lat' dir='ltr'>cum,</span> <span class='ocrx_word' id='word_1_336' title='bbox 391 2094 428 2119; x_wconf 93' lang='lat' dir='ltr'>ut</span> <span class='ocrx_word' id='word_1_337' title='bbox 451 2088 575 2119; x_wconf 91' lang='lat' dir='ltr'>dictum</span> <span class='ocrx_word' id='word_1_338' title='bbox 599 2094 657 2124; x_wconf 85' lang='lat' dir='ltr'>est,</span> <span class='ocrx_word' id='word_1_339' title='bbox 681 2094 751 2119; x_wconf 90' lang='lat' dir='ltr'>tota</span> <span class='ocrx_word' id='word_1_340' title='bbox 774 2088 871 2119; x_wconf 91' lang='lat' dir='ltr'>simul</span> <span class='ocrx_word' id='word_1_341' title='bbox 895 2089 950 2124; x_wconf 85' lang='lat' dir='ltr'>sit;</span> <span class='ocrx_word' id='word_1_342' title='bbox 978 2087 1035 2118; x_wconf 89' lang='lat' dir='ltr'>sed</span> <span class='ocrx_word' id='word_1_343' title='bbox 1059 2088 1136 2128; x_wconf 89' lang='lat' dir='ltr'>quia</span> <span class='ocrx_word' id='word_1_344' title='bbox 1166 2088 1236 2128; x_wconf 83' lang='lat' dir='ltr'>ipsa</span> <span class='ocrx_word' id='word_1_345' title='bbox 1259 2088 1362 2128; x_wconf 86' lang='lat' dir='ltr'>phan-</span> 
     </span>
     <span class='ocr_line' id='line_1_44' title="bbox 277 2132 1363 2174; baseline -0.001 -10"><span class='ocrx_word' id='word_1_346' title='bbox 277 2135 376 2165; x_wconf 85' lang='lat' dir='ltr'>tasiae</span> <span class='ocrx_word' id='word_1_347' title='bbox 400 2134 560 2174; x_wconf 81' lang='lat' dir='ltr'>operatio,</span> <span class='ocrx_word' id='word_1_348' title='bbox 584 2142 668 2174; x_wconf 90' lang='lat' dir='ltr'>quae</span> <span class='ocrx_word' id='word_1_349' title='bbox 691 2133 905 2164; x_wconf 90' lang='lat' dir='ltr'>intellectioni</span> <span class='ocrx_word' id='word_1_350' title='bbox 933 2132 1117 2163; x_wconf 88' lang='lat' dir='ltr'>necessario</span> <span class='ocrx_word' id='word_1_351' title='bbox 1141 2132 1363 2172; x_wconf 86' lang='lat' dir='ltr'>coniungitur,</span> 
     </span>
     <span class='ocr_line' id='line_1_45' title="bbox 276 2176 1362 2218; baseline -0.003 -8"><span class='ocrx_word' id='word_1_352' title='bbox 276 2178 520 2210; x_wconf 81' lang='lat' dir='ltr'>successionem</span> <span class='ocrx_word' id='word_1_353' title='bbox 536 2178 642 2208; x_wconf 89' lang='lat' dir='ltr'>habet.</span> <span class='ocrx_word' id='word_1_354' title='bbox 668 2177 709 2208; x_wconf 88' lang='lat' dir='ltr'>Et</span> <span class='ocrx_word' id='word_1_355' title='bbox 725 2178 789 2208; x_wconf 92' lang='lat' dir='ltr'>hoc</span> <span class='ocrx_word' id='word_1_356' title='bbox 807 2183 855 2208; x_wconf 90' lang='lat' dir='ltr'>est</span> <span class='ocrx_word' id='word_1_357' title='bbox 870 2177 961 2218; x_wconf 90' lang='lat' dir='ltr'>quod</span> <span class='ocrx_word' id='word_1_358' title='bbox 985 2177 1093 2218; x_wconf 89' lang='lat' dir='ltr'>inquit</span> <span class='ocrx_word' id='word_1_359' title='bbox 1116 2176 1254 2208; x_wconf 87' lang='lat' dir='ltr'>Sanctus</span> <span class='ocrx_word' id='word_1_360' title='bbox 1270 2176 1362 2207; x_wconf 89' lang='lat' dir='ltr'>Tho—</span> 
     </span>
     <span class='ocr_line' id='line_1_46' title="bbox 277 2222 1363 2264; baseline -0.002 -10"><span class='ocrx_word' id='word_1_361' title='bbox 277 2233 356 2259; x_wconf 87' lang='lat' dir='ltr'>mas,</span> <span class='ocrx_word' id='word_1_362' title='bbox 374 2223 531 2263; x_wconf 89' lang='lat' dir='ltr'>quoniam</span> <span class='ocrx_word' id='word_1_363' title='bbox 553 2223 739 2264; x_wconf 81' lang='lat' dir='ltr'>intelligere</span> <span class='ocrx_word' id='word_1_364' title='bbox 762 2228 911 2253; x_wconf 85' lang='lat' dir='ltr'>nostrum</span> <span class='ocrx_word' id='word_1_365' title='bbox 933 2222 1171 2253; x_wconf 84' lang='lat' dir='ltr'>successionem</span> <span class='ocrx_word' id='word_1_366' title='bbox 1195 2222 1290 2253; x_wconf 79' lang='lat' dir='ltr'>habet</span> <span class='ocrx_word' id='word_1_367' title='bbox 1313 2223 1363 2252; x_wconf 84' lang='lat' dir='ltr'>in-</span> 
     </span>
     <span class='ocr_line' id='line_1_47' title="bbox 276 2267 1363 2310; baseline -0.002 -11"><span class='ocrx_word' id='word_1_368' title='bbox 276 2273 435 2310; x_wconf 86' lang='lat' dir='ltr'>quantum</span> <span class='ocrx_word' id='word_1_369' title='bbox 449 2277 513 2308; x_wconf 83' lang='lat' dir='ltr'>per</span> <span class='ocrx_word' id='word_1_370' title='bbox 527 2267 679 2298; x_wconf 78' lang='lat' dir='ltr'>accidens</span> <span class='ocrx_word' id='word_1_371' title='bbox 701 2267 899 2309; x_wconf 81' lang='lat' dir='ltr'>adiungitur</span> <span class='ocrx_word' id='word_1_372' title='bbox 914 2268 944 2298; x_wconf 86' lang='lat' dir='ltr'>ei</span> <span class='ocrx_word' id='word_1_373' title='bbox 960 2267 1152 2298; x_wconf 78' lang='lat' dir='ltr'>continuum</span> <span class='ocrx_word' id='word_1_374' title='bbox 1168 2271 1201 2297; x_wconf 86' lang='lat' dir='ltr'>et</span> <span class='ocrx_word' id='word_1_375' title='bbox 1220 2272 1363 2308; x_wconf 81' lang='lat' dir='ltr'>tempus:</span> 
     </span>
     <span class='ocr_line' id='line_1_48' title="bbox 276 2311 1361 2353; baseline -0.002 -9"><span class='ocrx_word' id='word_1_376' title='bbox 276 2313 370 2349; x_wconf 87' lang='lat' dir='ltr'>idest,</span> <span class='ocrx_word' id='word_1_377' title='bbox 394 2313 491 2343; x_wconf 87' lang='lat' dir='ltr'>habet</span> <span class='ocrx_word' id='word_1_378' title='bbox 514 2313 756 2343; x_wconf 85' lang='lat' dir='ltr'>successionem</span> <span class='ocrx_word' id='word_1_379' title='bbox 783 2321 853 2343; x_wconf 86' lang='lat' dir='ltr'>non</span> <span class='ocrx_word' id='word_1_380' title='bbox 878 2311 1012 2353; x_wconf 91' lang='lat' dir='ltr'>quidem</span> <span class='ocrx_word' id='word_1_381' title='bbox 1041 2312 1075 2343; x_wconf 89' lang='lat' dir='ltr'>in</span> <span class='ocrx_word' id='word_1_382' title='bbox 1103 2312 1223 2352; x_wconf 88' lang='lat' dir='ltr'>seipso,</span> <span class='ocrx_word' id='word_1_383' title='bbox 1247 2311 1304 2342; x_wconf 87' lang='lat' dir='ltr'>sed</span> <span class='ocrx_word' id='word_1_384' title='bbox 1327 2312 1361 2342; x_wconf 91' lang='lat' dir='ltr'>in</span> 
     </span>
     <span class='ocr_line' id='line_1_49' title="bbox 277 2357 1362 2399; baseline -0.001 -11"><span class='ocrx_word' id='word_1_385' title='bbox 277 2357 465 2399; x_wconf 87' lang='lat' dir='ltr'>phantasiae</span> <span class='ocrx_word' id='word_1_386' title='bbox 489 2357 681 2397; x_wconf 90' lang='lat' dir='ltr'>operatione</span> <span class='ocrx_word' id='word_1_387' title='bbox 705 2357 766 2387; x_wconf 90' lang='lat' dir='ltr'>sibi</span> <span class='ocrx_word' id='word_1_388' title='bbox 796 2357 983 2393; x_wconf 84' lang='lat' dir='ltr'>coniuncta,</span> <span class='ocrx_word' id='word_1_389' title='bbox 1008 2357 1042 2387; x_wconf 91' lang='lat' dir='ltr'>in</span> <span class='ocrx_word' id='word_1_390' title='bbox 1066 2365 1130 2397; x_wconf 87' lang='lat' dir='ltr'>qua</span> <span class='ocrx_word' id='word_1_391' title='bbox 1155 2362 1203 2387; x_wconf 89' lang='lat' dir='ltr'>est</span> <span class='ocrx_word' id='word_1_392' title='bbox 1226 2362 1259 2387; x_wconf 91' lang='lat' dir='ltr'>et</span> <span class='ocrx_word' id='word_1_393' title='bbox 1282 2365 1362 2387; x_wconf 90' lang='lat' dir='ltr'>con-</span> 
     </span>
     <span class='ocr_line' id='line_1_50' title="bbox 277 2401 1361 2442; baseline -0.001 -9"><span class='ocrx_word' id='word_1_394' title='bbox 277 2403 410 2434; x_wconf 87' lang='lat' dir='ltr'>tinuitas</span> <span class='ocrx_word' id='word_1_395' title='bbox 434 2407 466 2432; x_wconf 92' lang='lat' dir='ltr'>et</span> <span class='ocrx_word' id='word_1_396' title='bbox 489 2402 667 2438; x_wconf 66' lang='lat' dir='ltr'>successim</span> <span class='ocrx_word' id='word_1_397' title='bbox 698 2402 782 2432; x_wconf 89' lang='lat' dir='ltr'>sicut</span> <span class='ocrx_word' id='word_1_398' title='bbox 805 2411 874 2432; x_wconf 87' lang='lat' dir='ltr'>esse</span> <span class='ocrx_word' id='word_1_399' title='bbox 898 2401 1107 2432; x_wconf 84' lang='lat' dir='ltr'>substantiale</span> <span class='ocrx_word' id='word_1_400' title='bbox 1131 2401 1177 2432; x_wconf 90' lang='lat' dir='ltr'>rei</span> <span class='ocrx_word' id='word_1_401' title='bbox 1201 2402 1361 2442; x_wconf 87' lang='lat' dir='ltr'>corrupti-</span> 
     </span>
     <span class='ocr_line' id='line_1_51' title="bbox 278 2446 1360 2488; baseline -0.001 -11"><span class='ocrx_word' id='word_1_402' title='bbox 278 2447 350 2478; x_wconf 90' lang='lat' dir='ltr'>bilis</span> <span class='ocrx_word' id='word_1_403' title='bbox 374 2456 432 2488; x_wconf 87' lang='lat' dir='ltr'>per</span> <span class='ocrx_word' id='word_1_404' title='bbox 454 2446 543 2477; x_wconf 90' lang='lat' dir='ltr'>aliud</span> <span class='ocrx_word' id='word_1_405' title='bbox 566 2446 683 2477; x_wconf 89' lang='lat' dir='ltr'>dicitur</span> <span class='ocrx_word' id='word_1_406' title='bbox 713 2446 746 2477; x_wconf 90' lang='lat' dir='ltr'>in</span> <span class='ocrx_word' id='word_1_407' title='bbox 777 2452 927 2487; x_wconf 90' lang='lat' dir='ltr'>tempore</span> <span class='ocrx_word' id='word_1_408' title='bbox 958 2455 1028 2477; x_wconf 85' lang='lat' dir='ltr'>esse</span> <span class='ocrx_word' id='word_1_409' title='bbox 1059 2451 1091 2476; x_wconf 89' lang='lat' dir='ltr'>et</span> <span class='ocrx_word' id='word_1_410' title='bbox 1119 2446 1360 2477; x_wconf 89' lang='lat' dir='ltr'>successionem</span> 
     </span>
     <span class='ocr_line' id='line_1_52' title="bbox 278 2490 1360 2532; baseline -0.001 -10"><span class='ocrx_word' id='word_1_411' title='bbox 278 2492 407 2527; x_wconf 88' lang='lat' dir='ltr'>habere,</span> <span class='ocrx_word' id='word_1_412' title='bbox 432 2491 519 2532; x_wconf 85' lang='lat' dir='ltr'>quia,</span> <span class='ocrx_word' id='word_1_413' title='bbox 543 2490 619 2522; x_wconf 89' lang='lat' dir='ltr'>licet</span> <span class='ocrx_word' id='word_1_414' title='bbox 641 2491 750 2531; x_wconf 88' lang='lat' dir='ltr'>ipsum</span> <span class='ocrx_word' id='word_1_415' title='bbox 773 2497 881 2522; x_wconf 90' lang='lat' dir='ltr'>totum</span> <span class='ocrx_word' id='word_1_416' title='bbox 912 2491 1009 2522; x_wconf 87' lang='lat' dir='ltr'>simul</span> <span class='ocrx_word' id='word_1_417' title='bbox 1037 2491 1087 2527; x_wconf 90' lang='lat' dir='ltr'>sit,</span> <span class='ocrx_word' id='word_1_418' title='bbox 1112 2491 1222 2522; x_wconf 82' lang='lat' dir='ltr'>subest</span> <span class='ocrx_word' id='word_1_419' title='bbox 1251 2497 1360 2522; x_wconf 90' lang='lat' dir='ltr'>tamen</span> 
     </span>
     <span class='ocr_line' id='line_1_53' title="bbox 277 2535 1361 2577; baseline -0.001 -10"><span class='ocrx_word' id='word_1_420' title='bbox 277 2536 550 2571; x_wconf 83' lang='lat' dir='ltr'>transmutationi,</span> <span class='ocrx_word' id='word_1_421' title='bbox 567 2536 601 2566; x_wconf 90' lang='lat' dir='ltr'>in</span> <span class='ocrx_word' id='word_1_422' title='bbox 617 2545 682 2576; x_wconf 91' lang='lat' dir='ltr'>qua</span> <span class='ocrx_word' id='word_1_423' title='bbox 699 2541 747 2566; x_wconf 90' lang='lat' dir='ltr'>est</span> <span class='ocrx_word' id='word_1_424' title='bbox 769 2536 858 2576; x_wconf 91' lang='lat' dir='ltr'>prius</span> <span class='ocrx_word' id='word_1_425' title='bbox 883 2541 915 2566; x_wconf 91' lang='lat' dir='ltr'>et</span> <span class='ocrx_word' id='word_1_426' title='bbox 938 2535 1110 2577; x_wconf 80' lang='lat' dir='ltr'>posterius,</span> <span class='ocrx_word' id='word_1_427' title='bbox 1126 2536 1251 2566; x_wconf 88' lang='lat' dir='ltr'>ratione</span> <span class='ocrx_word' id='word_1_428' title='bbox 1268 2536 1361 2567; x_wconf 90' lang='lat' dir='ltr'>cuius</span> 
     </span>
     <span class='ocr_line' id='line_1_54' title="bbox 278 2580 919 2621; baseline 0 -10"><span class='ocrx_word' id='word_1_429' title='bbox 278 2586 387 2621; x_wconf 91' lang='lat' dir='ltr'>potest</span> <span class='ocrx_word' id='word_1_430' title='bbox 410 2580 472 2611; x_wconf 91' lang='lat' dir='ltr'>dici</span> <span class='ocrx_word' id='word_1_431' title='bbox 496 2590 564 2611; x_wconf 91' lang='lat' dir='ltr'>non</span> <span class='ocrx_word' id='word_1_432' title='bbox 589 2589 658 2611; x_wconf 91' lang='lat' dir='ltr'>esse</span> <span class='ocrx_word' id='word_1_433' title='bbox 682 2586 789 2611; x_wconf 90' lang='lat' dir='ltr'>totum</span> <span class='ocrx_word' id='word_1_434' title='bbox 813 2580 919 2611; x_wconf 88' lang='lat' dir='ltr'>simul.</span> 
     </span>
    </p>

    <p class='ocr_par' dir='ltr' id='par_1_10' title="bbox 276 2624 1361 2979">
     <span class='ocr_line' id='line_1_55' title="bbox 334 2624 1360 2665; baseline 0 -10"><span class='ocrx_word' id='word_1_435' title='bbox 334 2636 365 2665; x_wconf 91' lang='lat'>4.</span> <span class='ocrx_word' id='word_1_436' title='bbox 383 2625 509 2655; x_wconf 86' lang='lat' dir='ltr'>Dicitur</span> <span class='ocrx_word' id='word_1_437' title='bbox 525 2634 602 2665; x_wconf 90' lang='lat' dir='ltr'>ergo</span> <span class='ocrx_word' id='word_1_438' title='bbox 623 2624 663 2655; x_wconf 93' lang='lat' dir='ltr'>ad</span> <span class='ocrx_word' id='word_1_439' title='bbox 687 2626 830 2665; x_wconf 90' lang='lat' dir='ltr'>primum</span> <span class='ocrx_word' id='word_1_440' title='bbox 854 2625 991 2656; x_wconf 91' lang='lat' dir='ltr'>dubium</span> <span class='ocrx_word' id='word_1_441' title='bbox 1017 2624 1107 2665; x_wconf 92' lang='lat' dir='ltr'>quod</span> <span class='ocrx_word' id='word_1_442' title='bbox 1131 2624 1360 2656; x_wconf 85' lang='lat' dir='ltr'>dissimilitudo</span> 
     </span>
     <span class='ocr_line' id='line_1_56' title="bbox 277 2669 1359 2710; baseline 0 -10"><span class='ocrx_word' id='word_1_443' title='bbox 277 2671 360 2701; x_wconf 92' lang='lat' dir='ltr'>inter</span> <span class='ocrx_word' id='word_1_444' title='bbox 375 2675 523 2700; x_wconf 89' lang='lat' dir='ltr'>nostrum</span> <span class='ocrx_word' id='word_1_445' title='bbox 539 2669 717 2710; x_wconf 89' lang='lat' dir='ltr'>intelligere</span> <span class='ocrx_word' id='word_1_446' title='bbox 734 2675 766 2700; x_wconf 93' lang='lat' dir='ltr'>et</span> <span class='ocrx_word' id='word_1_447' title='bbox 781 2669 929 2701; x_wconf 87' lang='lat' dir='ltr'>divinum</span> <span class='ocrx_word' id='word_1_448' title='bbox 946 2675 993 2700; x_wconf 92' lang='lat' dir='ltr'>est</span> <span class='ocrx_word' id='word_1_449' title='bbox 1009 2670 1096 2710; x_wconf 91' lang='lat' dir='ltr'>quia,</span> <span class='ocrx_word' id='word_1_450' title='bbox 1114 2669 1189 2700; x_wconf 91' lang='lat' dir='ltr'>licet</span> <span class='ocrx_word' id='word_1_451' title='bbox 1211 2676 1359 2701; x_wconf 88' lang='lat' dir='ltr'>nostrum</span> 
     </span>
     <span class='ocr_line' id='line_1_57' title="bbox 276 2714 1360 2755; baseline -0.001 -9"><span class='ocrx_word' id='word_1_452' title='bbox 276 2715 455 2754; x_wconf 87' lang='lat' dir='ltr'>intelligere</span> <span class='ocrx_word' id='word_1_453' title='bbox 478 2715 512 2744; x_wconf 90' lang='lat' dir='ltr'>in</span> <span class='ocrx_word' id='word_1_454' title='bbox 537 2714 645 2755; x_wconf 88' lang='lat' dir='ltr'>seipso</span> <span class='ocrx_word' id='word_1_455' title='bbox 669 2720 775 2745; x_wconf 87' lang='lat' dir='ltr'>totum</span> <span class='ocrx_word' id='word_1_456' title='bbox 801 2715 897 2746; x_wconf 91' lang='lat' dir='ltr'>simul</span> <span class='ocrx_word' id='word_1_457' title='bbox 913 2715 964 2750; x_wconf 86' lang='lat' dir='ltr'>sit,</span> <span class='ocrx_word' id='word_1_458' title='bbox 980 2715 1106 2745; x_wconf 87' lang='lat' dir='ltr'>ratione</span> <span class='ocrx_word' id='word_1_459' title='bbox 1121 2720 1230 2746; x_wconf 88' lang='lat' dir='ltr'>tamen</span> <span class='ocrx_word' id='word_1_460' title='bbox 1248 2723 1360 2746; x_wconf 90' lang='lat' dir='ltr'>neces-</span> 
     </span>
     <span class='ocr_line' id='line_1_58' title="bbox 277 2758 1361 2800; baseline 0 -10"><span class='ocrx_word' id='word_1_461' title='bbox 277 2760 361 2790; x_wconf 87' lang='lat' dir='ltr'>sario</span> <span class='ocrx_word' id='word_1_462' title='bbox 386 2758 530 2790; x_wconf 85' lang='lat' dir='ltr'>adiuncti</span> <span class='ocrx_word' id='word_1_463' title='bbox 553 2769 622 2790; x_wconf 89' lang='lat' dir='ltr'>non</span> <span class='ocrx_word' id='word_1_464' title='bbox 647 2765 695 2790; x_wconf 91' lang='lat' dir='ltr'>est</span> <span class='ocrx_word' id='word_1_465' title='bbox 718 2765 825 2790; x_wconf 92' lang='lat' dir='ltr'>totum</span> <span class='ocrx_word' id='word_1_466' title='bbox 850 2759 958 2796; x_wconf 87' lang='lat' dir='ltr'>simul,</span> <span class='ocrx_word' id='word_1_467' title='bbox 978 2759 1166 2800; x_wconf 89' lang='lat' dir='ltr'>praesertim</span> <span class='ocrx_word' id='word_1_468' title='bbox 1190 2759 1223 2790; x_wconf 92' lang='lat' dir='ltr'>in</span> <span class='ocrx_word' id='word_1_469' title='bbox 1249 2759 1361 2800; x_wconf 89' lang='lat' dir='ltr'>cogni-</span> 
     </span>
     <span class='ocr_line' id='line_1_59' title="bbox 277 2803 1360 2835; baseline 0.001 -1"><span class='ocrx_word' id='word_1_470' title='bbox 277 2805 367 2835; x_wconf 87' lang='lat' dir='ltr'>tione</span> <span class='ocrx_word' id='word_1_471' title='bbox 391 2803 653 2835; x_wconf 90' lang='lat' dir='ltr'>enuntiabilium.</span> <span class='ocrx_word' id='word_1_472' title='bbox 679 2803 756 2835; x_wconf 87' lang='lat' dir='ltr'>Ideo</span> <span class='ocrx_word' id='word_1_473' title='bbox 779 2813 847 2835; x_wconf 89' lang='lat' dir='ltr'>non</span> <span class='ocrx_word' id='word_1_474' title='bbox 871 2810 920 2835; x_wconf 90' lang='lat' dir='ltr'>est</span> <span class='ocrx_word' id='word_1_475' title='bbox 943 2804 1081 2835; x_wconf 87' lang='lat' dir='ltr'>omnino</span> <span class='ocrx_word' id='word_1_476' title='bbox 1097 2804 1238 2835; x_wconf 86' lang='lat' dir='ltr'>unitum.</span> <span class='ocrx_word' id='word_1_477' title='bbox 1264 2804 1360 2835; x_wconf 80' lang='lat' dir='ltr'>Intel—</span> 
     </span>
     <span class='ocr_line' id='line_1_60' title="bbox 277 2847 1360 2890; baseline -0.001 -10"><span class='ocrx_word' id='word_1_478' title='bbox 277 2849 375 2890; x_wconf 81' lang='lat' dir='ltr'>ligere</span> <span class='ocrx_word' id='word_1_479' title='bbox 400 2854 509 2880; x_wconf 91' lang='lat' dir='ltr'>autem</span> <span class='ocrx_word' id='word_1_480' title='bbox 533 2847 680 2879; x_wconf 89' lang='lat' dir='ltr'>divinum</span> <span class='ocrx_word' id='word_1_481' title='bbox 705 2849 842 2880; x_wconf 90' lang='lat' dir='ltr'>omnino</span> <span class='ocrx_word' id='word_1_482' title='bbox 872 2849 1000 2880; x_wconf 89' lang='lat' dir='ltr'>unitum</span> <span class='ocrx_word' id='word_1_483' title='bbox 1024 2855 1086 2879; x_wconf 89' lang='lat' dir='ltr'>est:</span> <span class='ocrx_word' id='word_1_484' title='bbox 1117 2849 1194 2890; x_wconf 93' lang='lat' dir='ltr'>quia</span> <span class='ocrx_word' id='word_1_485' title='bbox 1216 2858 1279 2880; x_wconf 91' lang='lat' dir='ltr'>nec</span> <span class='ocrx_word' id='word_1_486' title='bbox 1302 2858 1360 2890; x_wconf 89' lang='lat' dir='ltr'>per</span> 
     </span>
     <span class='ocr_line' id='line_1_61' title="bbox 277 2892 1360 2935; baseline 0 -11"><span class='ocrx_word' id='word_1_487' title='bbox 277 2903 312 2924; x_wconf 89' lang='lat' dir='ltr'>se</span> <span class='ocrx_word' id='word_1_488' title='bbox 334 2903 396 2924; x_wconf 92' lang='lat' dir='ltr'>nec</span> <span class='ocrx_word' id='word_1_489' title='bbox 419 2902 478 2934; x_wconf 89' lang='lat' dir='ltr'>per</span> <span class='ocrx_word' id='word_1_490' title='bbox 500 2892 589 2924; x_wconf 86' lang='lat' dir='ltr'>aliud</span> <span class='ocrx_word' id='word_1_491' title='bbox 611 2894 853 2925; x_wconf 88' lang='lat' dir='ltr'>successionem</span> <span class='ocrx_word' id='word_1_492' title='bbox 876 2894 983 2924; x_wconf 90' lang='lat' dir='ltr'>habet.</span> <span class='ocrx_word' id='word_1_493' title='bbox 1013 2893 1091 2924; x_wconf 88' lang='lat' dir='ltr'>ldeo</span> <span class='ocrx_word' id='word_1_494' title='bbox 1115 2899 1162 2924; x_wconf 87' lang='lat' dir='ltr'>est</span> <span class='ocrx_word' id='word_1_495' title='bbox 1185 2892 1360 2935; x_wconf 87' lang='lat' dir='ltr'>perfectius</span> 
     </span>
     <span class='ocr_line' id='line_1_62' title="bbox 277 2937 1200 2979; baseline 0 -10"><span class='ocrx_word' id='word_1_496' title='bbox 277 2938 456 2979; x_wconf 88' lang='lat' dir='ltr'>intelligere</span> <span class='ocrx_word' id='word_1_497' title='bbox 480 2937 628 2969; x_wconf 89' lang='lat' dir='ltr'>divinum</span> <span class='ocrx_word' id='word_1_498' title='bbox 651 2947 751 2978; x_wconf 89' lang='lat' dir='ltr'>quam</span> <span class='ocrx_word' id='word_1_499' title='bbox 775 2939 816 2969; x_wconf 89' lang='lat' dir='ltr'>sit</span> <span class='ocrx_word' id='word_1_500' title='bbox 839 2943 987 2969; x_wconf 85' lang='lat' dir='ltr'>nostrum</span> <span class='ocrx_word' id='word_1_501' title='bbox 1011 2938 1200 2979; x_wconf 89' lang='lat' dir='ltr'>intelligere.</span> 
     </span>
    </p>

    <p class='ocr_par' dir='ltr' id='par_1_11' title="bbox 278 2982 1360 3425">
     <span class='ocr_line' id='line_1_63' title="bbox 332 2982 1358 3024; baseline 0.001 -11"><span class='ocrx_word' id='word_1_502' title='bbox 332 2983 447 3014; x_wconf 88' lang='lat' dir='ltr'>Posset</span> <span class='ocrx_word' id='word_1_503' title='bbox 470 2983 567 3013; x_wconf 91' lang='lat' dir='ltr'>etiam</span> <span class='ocrx_word' id='word_1_504' title='bbox 591 2982 654 3013; x_wconf 92' lang='lat' dir='ltr'>dici</span> <span class='ocrx_word' id='word_1_505' title='bbox 679 2982 780 3023; x_wconf 91' lang='lat' dir='ltr'>quod,</span> <span class='ocrx_word' id='word_1_506' title='bbox 798 2983 874 3014; x_wconf 87' lang='lat' dir='ltr'>licet</span> <span class='ocrx_word' id='word_1_507' title='bbox 889 2992 954 3014; x_wconf 88' lang='lat' dir='ltr'>una</span> <span class='ocrx_word' id='word_1_508' title='bbox 969 2983 1054 3014; x_wconf 88' lang='lat' dir='ltr'>actio</span> <span class='ocrx_word' id='word_1_509' title='bbox 1073 2983 1274 3024; x_wconf 89' lang='lat' dir='ltr'>intelligendi</span> <span class='ocrx_word' id='word_1_510' title='bbox 1290 2992 1358 3014; x_wconf 90' lang='lat' dir='ltr'>non</span> 
     </span>
     <span class='ocr_line' id='line_1_64' title="bbox 278 3027 1360 3069; baseline 0.001 -11"><span class='ocrx_word' id='word_1_511' title='bbox 278 3028 393 3058; x_wconf 90' lang='lat' dir='ltr'>habeat</span> <span class='ocrx_word' id='word_1_512' title='bbox 408 3027 662 3063; x_wconf 85' lang='lat' dir='ltr'>successionem,</span> <span class='ocrx_word' id='word_1_513' title='bbox 676 3033 744 3058; x_wconf 91' lang='lat' dir='ltr'>tota</span> <span class='ocrx_word' id='word_1_514' title='bbox 759 3033 869 3058; x_wconf 89' lang='lat' dir='ltr'>tamen</span> <span class='ocrx_word' id='word_1_515' title='bbox 885 3028 1063 3059; x_wconf 88' lang='lat' dir='ltr'>intellectio</span> <span class='ocrx_word' id='word_1_516' title='bbox 1080 3028 1233 3065; x_wconf 89' lang='lat' dir='ltr'>humana,</span> <span class='ocrx_word' id='word_1_517' title='bbox 1245 3029 1278 3059; x_wconf 87' lang='lat' dir='ltr'>in</span> <span class='ocrx_word' id='word_1_518' title='bbox 1295 3037 1360 3069; x_wconf 88' lang='lat' dir='ltr'>qua</span> 
     </span>
     <span class='ocr_line' id='line_1_65' title="bbox 278 3071 1359 3114; baseline 0.001 -11"><span class='ocrx_word' id='word_1_519' title='bbox 278 3072 431 3103; x_wconf 88' lang='lat' dir='ltr'>naturalis</span> <span class='ocrx_word' id='word_1_520' title='bbox 447 3071 583 3103; x_wconf 83' lang='lat' dir='ltr'>felicitas</span> <span class='ocrx_word' id='word_1_521' title='bbox 598 3077 707 3103; x_wconf 89' lang='lat' dir='ltr'>nostra</span> <span class='ocrx_word' id='word_1_522' title='bbox 724 3073 880 3109; x_wconf 89' lang='lat' dir='ltr'>consistit,</span> <span class='ocrx_word' id='word_1_523' title='bbox 897 3073 1139 3103; x_wconf 90' lang='lat' dir='ltr'>successionem</span> <span class='ocrx_word' id='word_1_524' title='bbox 1155 3073 1265 3104; x_wconf 86' lang='lat' dir='ltr'>habet:</span> <span class='ocrx_word' id='word_1_525' title='bbox 1283 3074 1359 3114; x_wconf 87' lang='lat' dir='ltr'>quia</span> 
     </span>
     <span class='ocr_line' id='line_1_66' title="bbox 278 3116 1358 3158; baseline 0.002 -11"><span class='ocrx_word' id='word_1_526' title='bbox 278 3126 346 3147; x_wconf 91' lang='lat' dir='ltr'>non</span> <span class='ocrx_word' id='word_1_527' title='bbox 370 3126 439 3148; x_wconf 92' lang='lat' dir='ltr'>uno</span> <span class='ocrx_word' id='word_1_528' title='bbox 463 3122 539 3147; x_wconf 87' lang='lat' dir='ltr'>actu</span> <span class='ocrx_word' id='word_1_529' title='bbox 562 3116 762 3157; x_wconf 86' lang='lat' dir='ltr'>intelligendi</span> <span class='ocrx_word' id='word_1_530' title='bbox 787 3117 1018 3157; x_wconf 85' lang='lat' dir='ltr'>cognoscimus</span> <span class='ocrx_word' id='word_1_531' title='bbox 1041 3126 1078 3147; x_wconf 90' lang='lat' dir='ltr'>ea</span> <span class='ocrx_word' id='word_1_532' title='bbox 1095 3126 1179 3158; x_wconf 85' lang='lat' dir='ltr'>quae</span> <span class='ocrx_word' id='word_1_533' title='bbox 1196 3117 1257 3148; x_wconf 90' lang='lat' dir='ltr'>Dei</span> <span class='ocrx_word' id='word_1_534' title='bbox 1272 3123 1358 3154; x_wconf 84' lang='lat' dir='ltr'>sunt,</span> 
     </span>
     <span class='ocr_line' id='line_1_67' title="bbox 278 3161 1360 3202; baseline 0.002 -10"><span class='ocrx_word' id='word_1_535' title='bbox 278 3161 335 3192; x_wconf 89' lang='lat' dir='ltr'>sed</span> <span class='ocrx_word' id='word_1_536' title='bbox 350 3161 498 3202; x_wconf 88' lang='lat' dir='ltr'>pluribus</span> <span class='ocrx_word' id='word_1_537' title='bbox 513 3161 573 3192; x_wconf 92' lang='lat' dir='ltr'>sibi</span> <span class='ocrx_word' id='word_1_538' title='bbox 588 3161 729 3192; x_wconf 89' lang='lat' dir='ltr'>invicem</span> <span class='ocrx_word' id='word_1_539' title='bbox 753 3161 1017 3199; x_wconf 84' lang='lat' dir='ltr'>succedentibus3</span> <span class='ocrx_word' id='word_1_540' title='bbox 1042 3171 1118 3192; x_wconf 90' lang='lat' dir='ltr'>cum</span> <span class='ocrx_word' id='word_1_541' title='bbox 1142 3162 1360 3194; x_wconf 85' lang='lat' dir='ltr'>mediantibus</span> 
     </span>
     <span class='ocr_line' id='line_1_68' title="bbox 279 3205 1359 3247; baseline 0.002 -11"><span class='ocrx_word' id='word_1_542' title='bbox 279 3206 556 3246; x_wconf 85' lang='lat' dir='ltr'>phantasmatibus</span> <span class='ocrx_word' id='word_1_543' title='bbox 579 3205 688 3237; x_wconf 90' lang='lat' dir='ltr'>Deum</span> <span class='ocrx_word' id='word_1_544' title='bbox 703 3206 737 3237; x_wconf 90' lang='lat' dir='ltr'>in</span> <span class='ocrx_word' id='word_1_545' title='bbox 753 3206 813 3237; x_wconf 91' lang='lat' dir='ltr'>hac</span> <span class='ocrx_word' id='word_1_546' title='bbox 830 3206 894 3237; x_wconf 86' lang='lat' dir='ltr'>vita</span> <span class='ocrx_word' id='word_1_547' title='bbox 913 3215 1162 3247; x_wconf 84' lang='lat' dir='ltr'>cognoscamus,</span> <span class='ocrx_word' id='word_1_548' title='bbox 1178 3216 1246 3238; x_wconf 93' lang='lat' dir='ltr'>non</span> <span class='ocrx_word' id='word_1_549' title='bbox 1263 3206 1359 3238; x_wconf 90' lang='lat' dir='ltr'>ducat</span> 
     </span>
     <span class='ocr_line' id='line_1_69' title="bbox 279 3250 1359 3292; baseline 0.002 -11"><span class='ocrx_word' id='word_1_550' title='bbox 279 3256 388 3281; x_wconf 88' lang='lat' dir='ltr'>autem</span> <span class='ocrx_word' id='word_1_551' title='bbox 412 3260 517 3282; x_wconf 89' lang='lat' dir='ltr'>unum</span> <span class='ocrx_word' id='word_1_552' title='bbox 541 3250 731 3291; x_wconf 82' lang='lat' dir='ltr'>phantasma</span> <span class='ocrx_word' id='word_1_553' title='bbox 747 3251 780 3281; x_wconf 90' lang='lat' dir='ltr'>in</span> <span class='ocrx_word' id='word_1_554' title='bbox 796 3251 1020 3292; x_wconf 81' lang='lat' dir='ltr'>cognitionem</span> <span class='ocrx_word' id='word_1_555' title='bbox 1044 3252 1193 3282; x_wconf 90' lang='lat' dir='ltr'>omnium</span> <span class='ocrx_word' id='word_1_556' title='bbox 1218 3261 1303 3292; x_wconf 89' lang='lat' dir='ltr'>quae</span> <span class='ocrx_word' id='word_1_557' title='bbox 1319 3251 1359 3283; x_wconf 91' lang='lat' dir='ltr'>de</span> 
     </span>
     <span class='ocr_line' id='line_1_70' title="bbox 280 3295 1359 3336; baseline 0.001 -10"><span class='ocrx_word' id='word_1_558' title='bbox 280 3295 352 3325; x_wconf 91' lang='lat' dir='ltr'>Deo</span> <span class='ocrx_word' id='word_1_559' title='bbox 375 3301 630 3335; x_wconf 87' lang='lat' dir='ltr'>cognoscuntur.</span> <span class='ocrx_word' id='word_1_560' title='bbox 662 3295 751 3326; x_wconf 87' lang='lat' dir='ltr'>Deus</span> <span class='ocrx_word' id='word_1_561' title='bbox 775 3301 884 3327; x_wconf 89' lang='lat' dir='ltr'>autem</span> <span class='ocrx_word' id='word_1_562' title='bbox 908 3296 1004 3326; x_wconf 90' lang='lat' dir='ltr'>unica</span> <span class='ocrx_word' id='word_1_563' title='bbox 1029 3296 1219 3336; x_wconf 87' lang='lat' dir='ltr'>operatione</span> <span class='ocrx_word' id='word_1_564' title='bbox 1249 3297 1359 3328; x_wconf 89' lang='lat' dir='ltr'>omnia</span> 
     </span>
     <span class='ocr_line' id='line_1_71' title="bbox 280 3339 1359 3381; baseline 0.002 -11"><span class='ocrx_word' id='word_1_565' title='bbox 280 3340 459 3380; x_wconf 86' lang='lat' dir='ltr'>cognoscit.</span> <span class='ocrx_word' id='word_1_566' title='bbox 485 3339 562 3371; x_wconf 86' lang='lat' dir='ltr'>Ideo</span> <span class='ocrx_word' id='word_1_567' title='bbox 587 3340 656 3371; x_wconf 89' lang='lat' dir='ltr'>eius</span> <span class='ocrx_word' id='word_1_568' title='bbox 681 3341 826 3381; x_wconf 85' lang='lat' dir='ltr'>cognitio</span> <span class='ocrx_word' id='word_1_569' title='bbox 848 3341 950 3381; x_wconf 88' lang='lat' dir='ltr'>magis</span> <span class='ocrx_word' id='word_1_570' title='bbox 966 3341 1056 3371; x_wconf 87' lang='lat' dir='ltr'>unita</span> <span class='ocrx_word' id='word_1_571' title='bbox 1073 3346 1132 3371; x_wconf 85' lang='lat' dir='ltr'>est:</span> <span class='ocrx_word' id='word_1_572' title='bbox 1159 3346 1191 3372; x_wconf 92' lang='lat' dir='ltr'>et</span> <span class='ocrx_word' id='word_1_573' title='bbox 1206 3350 1265 3381; x_wconf 92' lang='lat' dir='ltr'>per</span> <span class='ocrx_word' id='word_1_574' title='bbox 1280 3350 1359 3372; x_wconf 91' lang='lat' dir='ltr'>con-</span> 
     </span>
     <span class='ocr_line' id='line_1_72' title="bbox 281 3383 818 3425; baseline 0.004 -11"><span class='ocrx_word' id='word_1_575' title='bbox 281 3393 419 3425; x_wconf 85' lang='lat' dir='ltr'>sequens</span> <span class='ocrx_word' id='word_1_576' title='bbox 443 3383 617 3425; x_wconf 80' lang='lat' dir='ltr'>perfectior</span> <span class='ocrx_word' id='word_1_577' title='bbox 640 3384 818 3416; x_wconf 88' lang='lat' dir='ltr'>beatitudo.</span> 
     </span>
    </p>

    <p class='ocr_par' dir='ltr' id='par_1_12' title="bbox 282 3428 1359 3649">
     <span class='ocr_line' id='line_1_73' title="bbox 340 3428 1358 3471; baseline 0.002 -12"><span class='ocrx_word' id='word_1_578' title='bbox 340 3429 368 3459; x_wconf 86' lang='grc'>5.</span> <span class='ocrx_word' id='word_1_579' title='bbox 386 3428 437 3459; x_wconf 85' lang='lat' dir='ltr'>Ad</span> <span class='ocrx_word' id='word_1_580' title='bbox 453 3428 633 3460; x_wconf 91' lang='lat' dir='ltr'>secundum</span> <span class='ocrx_word' id='word_1_581' title='bbox 647 3429 783 3461; x_wconf 90' lang='lat' dir='ltr'>dubium</span> <span class='ocrx_word' id='word_1_582' title='bbox 800 3428 1026 3470; x_wconf 84' lang='lat' dir='ltr'>respondetur,</span> <span class='ocrx_word' id='word_1_583' title='bbox 1039 3429 1208 3470; x_wconf 90' lang='lat' dir='ltr'>sequendo</span> <span class='ocrx_word' id='word_1_584' title='bbox 1221 3431 1358 3471; x_wconf 88' lang='lat' dir='ltr'>primam</span> 
     </span>
     <span class='ocr_line' id='line_1_74' title="bbox 282 3473 1359 3515; baseline 0.004 -13"><span class='ocrx_word' id='word_1_585' title='bbox 282 3474 528 3513; x_wconf 86' lang='lat' dir='ltr'>responsionem</span> <span class='ocrx_word' id='word_1_586' title='bbox 544 3474 584 3505; x_wconf 92' lang='lat' dir='ltr'>ad</span> <span class='ocrx_word' id='word_1_587' title='bbox 599 3474 742 3514; x_wconf 91' lang='lat' dir='ltr'>primum</span> <span class='ocrx_word' id='word_1_588' title='bbox 759 3474 907 3510; x_wconf 82' lang='lat' dir='ltr'>dubium.</span> <span class='ocrx_word' id='word_1_589' title='bbox 920 3473 1022 3515; x_wconf 85' lang='lat' dir='ltr'>quod,</span> <span class='ocrx_word' id='word_1_590' title='bbox 1039 3474 1114 3505; x_wconf 88' lang='lat' dir='ltr'>licet</span> <span class='ocrx_word' id='word_1_591' title='bbox 1129 3483 1195 3505; x_wconf 90' lang='lat' dir='ltr'>una</span> <span class='ocrx_word' id='word_1_592' title='bbox 1211 3475 1359 3515; x_wconf 87' lang='lat' dir='ltr'>operatio</span> 
     </span>
     <span class='ocr_line' id='line_1_75' title="bbox 282 3517 1359 3560; baseline 0.002 -13"><span class='ocrx_word' id='word_1_593' title='bbox 282 3517 481 3557; x_wconf 88' lang='lat' dir='ltr'>intelligendi</span> <span class='ocrx_word' id='word_1_594' title='bbox 504 3527 562 3558; x_wconf 88' lang='lat' dir='ltr'>per</span> <span class='ocrx_word' id='word_1_595' title='bbox 585 3518 735 3550; x_wconf 89' lang='lat' dir='ltr'>accidens</span> <span class='ocrx_word' id='word_1_596' title='bbox 749 3519 789 3550; x_wconf 87' lang='lat' dir='ltr'>sit</span> <span class='ocrx_word' id='word_1_597' title='bbox 805 3519 839 3550; x_wconf 90' lang='lat' dir='ltr'>in</span> <span class='ocrx_word' id='word_1_598' title='bbox 855 3524 1015 3560; x_wconf 83' lang='lat' dir='ltr'>ternpore,</span> <span class='ocrx_word' id='word_1_599' title='bbox 1031 3524 1068 3549; x_wconf 89' lang='lat' dir='ltr'>ut</span> <span class='ocrx_word' id='word_1_600' title='bbox 1083 3518 1235 3556; x_wconf 87' lang='lat' dir='ltr'>diximus,</span> <span class='ocrx_word' id='word_1_601' title='bbox 1251 3520 1359 3560; x_wconf 85' lang='lat' dir='ltr'>primo</span> 
     </span>
     <span class='ocr_line' id='line_1_76' title="bbox 282 3563 1359 3602; baseline 0.003 -11"><span class='ocrx_word' id='word_1_602' title='bbox 282 3566 391 3592; x_wconf 88' lang='lat' dir='ltr'>tamen</span> <span class='ocrx_word' id='word_1_603' title='bbox 404 3568 435 3592; x_wconf 90' lang='lat' dir='ltr'>et</span> <span class='ocrx_word' id='word_1_604' title='bbox 446 3571 504 3602; x_wconf 91' lang='lat' dir='ltr'>per</span> <span class='ocrx_word' id='word_1_605' title='bbox 516 3572 550 3594; x_wconf 89' lang='lat' dir='ltr'>se</span> <span class='ocrx_word' id='word_1_606' title='bbox 566 3569 613 3594; x_wconf 89' lang='lat' dir='ltr'>est</span> <span class='ocrx_word' id='word_1_607' title='bbox 629 3564 662 3594; x_wconf 91' lang='lat' dir='ltr'>in</span> <span class='ocrx_word' id='word_1_608' title='bbox 678 3564 821 3601; x_wconf 86' lang='lat' dir='ltr'>instanti,</span> <span class='ocrx_word' id='word_1_609' title='bbox 834 3573 911 3595; x_wconf 90' lang='lat' dir='ltr'>cum</span> <span class='ocrx_word' id='word_1_610' title='bbox 923 3564 963 3595; x_wconf 88' lang='lat' dir='ltr'>sit</span> <span class='ocrx_word' id='word_1_611' title='bbox 974 3569 1044 3594; x_wconf 89' lang='lat' dir='ltr'>tota</span> <span class='ocrx_word' id='word_1_612' title='bbox 1055 3563 1162 3594; x_wconf 90' lang='lat' dir='ltr'>simul.</span> <span class='ocrx_word' id='word_1_613' title='bbox 1177 3563 1265 3600; x_wconf 92' lang='lat' dir='ltr'>ldeo,</span> <span class='ocrx_word' id='word_1_614' title='bbox 1283 3573 1359 3595; x_wconf 90' lang='lat' dir='ltr'>cum</span> 
     </span>
     <span class='ocr_line' id='line_1_77' title="bbox 283 3606 1358 3649; baseline 0.004 -14"><span class='ocrx_word' id='word_1_615' title='bbox 283 3606 429 3645; x_wconf 88' lang='lat' dir='ltr'>operatio</span> <span class='ocrx_word' id='word_1_616' title='bbox 442 3606 539 3638; x_wconf 83' lang='lat' dir='ltr'>divini</span> <span class='ocrx_word' id='word_1_617' title='bbox 556 3607 748 3645; x_wconf 88' lang='lat' dir='ltr'>intellectus,</span> <span class='ocrx_word' id='word_1_618' title='bbox 761 3618 846 3649; x_wconf 90' lang='lat' dir='ltr'>quae</span> <span class='ocrx_word' id='word_1_619' title='bbox 862 3614 909 3640; x_wconf 90' lang='lat' dir='ltr'>est</span> <span class='ocrx_word' id='word_1_620' title='bbox 925 3609 994 3640; x_wconf 88' lang='lat' dir='ltr'>eius</span> <span class='ocrx_word' id='word_1_621' title='bbox 1006 3607 1151 3645; x_wconf 59' lang='lat' dir='ltr'>felicium,</span> <span class='ocrx_word' id='word_1_622' title='bbox 1164 3609 1205 3639; x_wconf 90' lang='lat' dir='ltr'>sit</span> <span class='ocrx_word' id='word_1_623' title='bbox 1220 3614 1358 3645; x_wconf 86' lang='lat' dir='ltr'>aeterna,</span> 
     </span>
    </p>
   </div>
   <div class='ocr_carea' id='block_1_6' title="bbox 1394 441 1397 560">
    <p class='ocr_par' dir='ltr' id='par_1_13' title="bbox 1394 441 1397 560">
     <span class='ocr_line' id='line_1_78' title="bbox 1394 441 1397 560; baseline 0 0"><span class='ocrx_word' id='word_1_624' title='bbox 1394 441 1397 560; x_wconf 95' lang='lat' dir='ltr'> </span> 
     </span>
    </p>
   </div>
   <div class='ocr_carea' id='block_1_7' title="bbox 1389 911 1394 1984">
    <p class='ocr_par' dir='ltr' id='par_1_14' title="bbox 1389 911 1394 1984">
     <span class='ocr_line' id='line_1_79' title="bbox 1389 911 1394 1984; baseline 0 0"><span class='ocrx_word' id='word_1_625' title='bbox 1389 911 1394 1984; x_wconf 95' lang='lat' dir='ltr'> </span> 
     </span>
    </p>
   </div>
   <div class='ocr_carea' id='block_1_8' title="bbox 1386 2634 1390 3413">
    <p class='ocr_par' dir='ltr' id='par_1_15' title="bbox 1386 2634 1390 3413">
     <span class='ocr_line' id='line_1_80' title="bbox 1386 2634 1390 3413; baseline 0 0"><span class='ocrx_word' id='word_1_626' title='bbox 1386 2634 1390 3413; x_wconf 95' lang='lat' dir='ltr'> </span> 
     </span>
    </p>
   </div>
   <div class='ocr_carea' id='block_1_9' title="bbox 1412 429 2537 3641">
    <p class='ocr_par' dir='ltr' id='par_1_16' title="bbox 1421 429 2503 603">
     <span class='ocr_line' id='line_1_81' title="bbox 1421 429 2502 471; baseline 0.003 -12"><span class='ocrx_word' id='word_1_627' title='bbox 1421 429 1497 465; x_wconf 91' lang='lat' dir='ltr'>lem,</span> <span class='ocrx_word' id='word_1_628' title='bbox 1515 438 1600 469; x_wconf 90' lang='lat' dir='ltr'>quae</span> <span class='ocrx_word' id='word_1_629' title='bbox 1617 435 1664 459; x_wconf 90' lang='lat' dir='ltr'>est</span> <span class='ocrx_word' id='word_1_630' title='bbox 1678 434 1789 459; x_wconf 90' lang='lat' dir='ltr'>nostra</span> <span class='ocrx_word' id='word_1_631' title='bbox 1805 429 1939 460; x_wconf 84' lang='lat' dir='ltr'>felicitas</span> <span class='ocrx_word' id='word_1_632' title='bbox 1963 438 2063 469; x_wconf 91' lang='lat' dir='ltr'>quam</span> <span class='ocrx_word' id='word_1_633' title='bbox 2087 429 2226 469; x_wconf 82' lang='lat' dir='ltr'>propriis</span> <span class='ocrx_word' id='word_1_634' title='bbox 2248 429 2368 460; x_wconf 89' lang='lat' dir='ltr'>viribus</span> <span class='ocrx_word' id='word_1_635' title='bbox 2389 431 2502 471; x_wconf 89' lang='lat' dir='ltr'>acqui-</span> 
     </span>
     <span class='ocr_line' id='line_1_82' title="bbox 1421 472 2502 516; baseline 0.002 -12"><span class='ocrx_word' id='word_1_636' title='bbox 1421 475 1532 509; x_wconf 84' lang='lat' dir='ltr'>rimus,</span> <span class='ocrx_word' id='word_1_637' title='bbox 1550 479 1597 504; x_wconf 88' lang='lat' dir='ltr'>est</span> <span class='ocrx_word' id='word_1_638' title='bbox 1614 474 1815 513; x_wconf 85' lang='lat' dir='ltr'>comparatio</span> <span class='ocrx_word' id='word_1_639' title='bbox 1839 474 1937 504; x_wconf 90' lang='lat' dir='ltr'>etiam</span> <span class='ocrx_word' id='word_1_640' title='bbox 1961 473 2156 504; x_wconf 89' lang='lat' dir='ltr'>aeternitatis</span> <span class='ocrx_word' id='word_1_641' title='bbox 2180 472 2220 503; x_wconf 92' lang='lat' dir='ltr'>ad</span> <span class='ocrx_word' id='word_1_642' title='bbox 2240 483 2329 504; x_wconf 88' lang='lat' dir='ltr'>nunc</span> <span class='ocrx_word' id='word_1_643' title='bbox 2345 476 2502 516; x_wconf 88' lang='lat' dir='ltr'>temporis</span> 
     </span>
     <span class='ocr_line' id='line_1_83' title="bbox 1421 517 2503 560; baseline 0.002 -12"><span class='ocrx_word' id='word_1_644' title='bbox 1421 518 1539 549; x_wconf 88' lang='lat' dir='ltr'>fluens:</span> <span class='ocrx_word' id='word_1_645' title='bbox 1566 518 1652 558; x_wconf 87' lang='lat' dir='ltr'>quia,</span> <span class='ocrx_word' id='word_1_646' title='bbox 1669 519 1752 548; x_wconf 90' lang='lat' dir='ltr'>sicut</span> <span class='ocrx_word' id='word_1_647' title='bbox 1768 527 1802 548; x_wconf 90' lang='lat' dir='ltr'>se</span> <span class='ocrx_word' id='word_1_648' title='bbox 1817 518 1937 549; x_wconf 89' lang='lat' dir='ltr'>habent</span> <span class='ocrx_word' id='word_1_649' title='bbox 1952 524 2136 549; x_wconf 87' lang='lat' dir='ltr'>mensurata</span> <span class='ocrx_word' id='word_1_650' title='bbox 2160 517 2200 548; x_wconf 91' lang='lat' dir='ltr'>ad</span> <span class='ocrx_word' id='word_1_651' title='bbox 2222 518 2364 549; x_wconf 88' lang='lat' dir='ltr'>invicem</span> <span class='ocrx_word' id='word_1_652' title='bbox 2379 519 2413 549; x_wconf 91' lang='lat' dir='ltr'>in</span> <span class='ocrx_word' id='word_1_653' title='bbox 2428 529 2503 560; x_wconf 89' lang='lat' dir='ltr'>per-</span> 
     </span>
     <span class='ocr_line' id='line_1_84' title="bbox 1422 563 2418 603; baseline 0 -9"><span class='ocrx_word' id='word_1_654' title='bbox 1422 563 1573 597; x_wconf 83' lang='lat' dir='ltr'>sectione,</span> <span class='ocrx_word' id='word_1_655' title='bbox 1598 563 1642 592; x_wconf 91' lang='lat' dir='ltr'>ita</span> <span class='ocrx_word' id='word_1_656' title='bbox 1666 568 1697 593; x_wconf 88' lang='lat' dir='ltr'>et</span> <span class='ocrx_word' id='word_1_657' title='bbox 1720 572 1890 593; x_wconf 89' lang='lat' dir='ltr'>mensurae</span> <span class='ocrx_word' id='word_1_658' title='bbox 1915 573 2029 593; x_wconf 91' lang='lat' dir='ltr'>eorum</span> <span class='ocrx_word' id='word_1_659' title='bbox 2054 563 2214 593; x_wconf 91' lang='lat' dir='ltr'>naturales</span> <span class='ocrx_word' id='word_1_660' title='bbox 2239 568 2270 593; x_wconf 92' lang='lat' dir='ltr'>et</span> <span class='ocrx_word' id='word_1_661' title='bbox 2294 572 2352 603; x_wconf 90' lang='lat' dir='ltr'>per</span> <span class='ocrx_word' id='word_1_662' title='bbox 2374 573 2418 594; x_wconf 90' lang='lat' dir='ltr'>se.</span> 
     </span>
    </p>

    <p class='ocr_par' dir='ltr' id='par_1_17' title="bbox 1419 607 2502 953">
     <span class='ocr_line' id='line_1_85' title="bbox 1478 607 2502 648; baseline 0.001 -10"><span class='ocrx_word' id='word_1_663' title='bbox 1478 608 1516 638; x_wconf 91' lang='lat' dir='ltr'>V.</span> <span class='ocrx_word' id='word_1_664' title='bbox 1534 607 1646 638; x_wconf 79' lang='lat' dir='ltr'>Sexto.</span> <span class='ocrx_word' id='word_1_665' title='bbox 1671 607 1916 647; x_wconf 86' lang='lat' dir='ltr'>Contemplatio</span> <span class='ocrx_word' id='word_1_666' title='bbox 1939 614 2059 644; x_wconf 89' lang='lat' dir='ltr'>nostra,</span> <span class='ocrx_word' id='word_1_667' title='bbox 2084 608 2117 638; x_wconf 91' lang='lat' dir='ltr'>in</span> <span class='ocrx_word' id='word_1_668' title='bbox 2143 617 2207 648; x_wconf 91' lang='lat' dir='ltr'>qua</span> <span class='ocrx_word' id='word_1_669' title='bbox 2230 608 2406 648; x_wconf 90' lang='lat' dir='ltr'>praecipue</span> <span class='ocrx_word' id='word_1_670' title='bbox 2422 617 2502 639; x_wconf 90' lang='lat' dir='ltr'>con-</span> 
     </span>
     <span class='ocr_line' id='line_1_86' title="bbox 1421 652 2502 694; baseline 0.001 -11"><span class='ocrx_word' id='word_1_671' title='bbox 1421 654 1502 683; x_wconf 90' lang='lat' dir='ltr'>sistit</span> <span class='ocrx_word' id='word_1_672' title='bbox 1525 653 1667 683; x_wconf 89' lang='lat' dir='ltr'>humana</span> <span class='ocrx_word' id='word_1_673' title='bbox 1691 652 1836 688; x_wconf 87' lang='lat' dir='ltr'>felicitas,</span> <span class='ocrx_word' id='word_1_674' title='bbox 1863 652 1889 682; x_wconf 91' lang='lat' dir='ltr'>si</span> <span class='ocrx_word' id='word_1_675' title='bbox 1916 661 1982 692; x_wconf 91' lang='lat' dir='ltr'>qua</span> <span class='ocrx_word' id='word_1_676' title='bbox 2005 659 2052 683; x_wconf 91' lang='lat' dir='ltr'>est</span> <span class='ocrx_word' id='word_1_677' title='bbox 2074 654 2252 694; x_wconf 90' lang='lat' dir='ltr'>praesentis</span> <span class='ocrx_word' id='word_1_678' title='bbox 2280 653 2364 684; x_wconf 87' lang='lat' dir='ltr'>vitae</span> <span class='ocrx_word' id='word_1_679' title='bbox 2396 653 2502 694; x_wconf 89' lang='lat' dir='ltr'>(quod</span> 
     </span>
     <span class='ocr_line' id='line_1_87' title="bbox 1421 697 2501 738; baseline 0 -10"><span class='ocrx_word' id='word_1_680' title='bbox 1421 697 1538 728; x_wconf 92' lang='lat' dir='ltr'>dicitur</span> <span class='ocrx_word' id='word_1_681' title='bbox 1554 698 1631 737; x_wconf 92' lang='lat' dir='ltr'>quia</span> <span class='ocrx_word' id='word_1_682' title='bbox 1646 697 1711 727; x_wconf 89' lang='lat' dir='ltr'>vita</span> <span class='ocrx_word' id='word_1_683' title='bbox 1727 698 1870 727; x_wconf 90' lang='lat' dir='ltr'>humana</span> <span class='ocrx_word' id='word_1_684' title='bbox 1893 697 1995 737; x_wconf 85' lang='lat' dir='ltr'>magis</span> <span class='ocrx_word' id='word_1_685' title='bbox 2019 698 2175 729; x_wconf 92' lang='lat' dir='ltr'>continua</span> <span class='ocrx_word' id='word_1_686' title='bbox 2193 698 2322 728; x_wconf 89' lang='lat' dir='ltr'>miseria</span> <span class='ocrx_word' id='word_1_687' title='bbox 2338 704 2386 729; x_wconf 89' lang='lat' dir='ltr'>est</span> <span class='ocrx_word' id='word_1_688' title='bbox 2401 707 2501 738; x_wconf 89' lang='lat' dir='ltr'>quam</span> 
     </span>
     <span class='ocr_line' id='line_1_88' title="bbox 1420 741 2502 784; baseline 0.001 -11"><span class='ocrx_word' id='word_1_689' title='bbox 1420 742 1544 784; x_wconf 93' lang='lat' dir='ltr'>aliquid</span> <span class='ocrx_word' id='word_1_690' title='bbox 1567 742 1727 773; x_wconf 88' lang='lat' dir='ltr'>felicitatis</span> <span class='ocrx_word' id='word_1_691' title='bbox 1756 741 1895 780; x_wconf 84' lang='lat' dir='ltr'>habeat),</span> <span class='ocrx_word' id='word_1_692' title='bbox 1925 741 2117 782; x_wconf 87' lang='lat' dir='ltr'>interpolata</span> <span class='ocrx_word' id='word_1_693' title='bbox 2148 748 2196 773; x_wconf 89' lang='lat' dir='ltr'>est</span> <span class='ocrx_word' id='word_1_694' title='bbox 2225 748 2360 783; x_wconf 89' lang='lat' dir='ltr'>propter</span> <span class='ocrx_word' id='word_1_695' title='bbox 2390 742 2502 784; x_wconf 82' lang='lat' dir='ltr'>fatiga—</span> 
     </span>
     <span class='ocr_line' id='line_1_89' title="bbox 1419 786 2501 827; baseline 0 -9"><span class='ocrx_word' id='word_1_696' title='bbox 1419 786 1545 818; x_wconf 89' lang='lat' dir='ltr'>tionem</span> <span class='ocrx_word' id='word_1_697' title='bbox 1562 793 1593 818; x_wconf 91' lang='lat' dir='ltr'>et</span> <span class='ocrx_word' id='word_1_698' title='bbox 1610 786 1845 827; x_wconf 84' lang='lat' dir='ltr'>occupationes</span> <span class='ocrx_word' id='word_1_699' title='bbox 1860 786 1977 816; x_wconf 88' lang='lat' dir='ltr'>varias:</span> <span class='ocrx_word' id='word_1_700' title='bbox 1994 792 2042 817; x_wconf 90' lang='lat' dir='ltr'>est</span> <span class='ocrx_word' id='word_1_701' title='bbox 2058 788 2156 818; x_wconf 89' lang='lat' dir='ltr'>etiam</span> <span class='ocrx_word' id='word_1_702' title='bbox 2171 787 2316 818; x_wconf 91' lang='lat' dir='ltr'>subiecta</span> <span class='ocrx_word' id='word_1_703' title='bbox 2328 788 2501 824; x_wconf 82' lang='lat' dir='ltr'>erroribus,</span> 
     </span>
     <span class='ocr_line' id='line_1_90' title="bbox 1420 831 2500 864; baseline 0 -1"><span class='ocrx_word' id='word_1_704' title='bbox 1420 832 1676 864; x_wconf 88' lang='lat' dir='ltr'>dubitationibus</span> <span class='ocrx_word' id='word_1_705' title='bbox 1693 837 1725 862; x_wconf 90' lang='lat' dir='ltr'>et</span> <span class='ocrx_word' id='word_1_706' title='bbox 1741 831 1835 861; x_wconf 87' lang='lat' dir='ltr'>variis</span> <span class='ocrx_word' id='word_1_707' title='bbox 1851 831 1987 861; x_wconf 85' lang='lat' dir='ltr'>casibus.</span> <span class='ocrx_word' id='word_1_708' title='bbox 2012 831 2089 862; x_wconf 90' lang='lat' dir='ltr'>Non</span> <span class='ocrx_word' id='word_1_709' title='bbox 2105 837 2215 863; x_wconf 89' lang='lat' dir='ltr'>autem</span> <span class='ocrx_word' id='word_1_710' title='bbox 2231 831 2366 863; x_wconf 87' lang='lat' dir='ltr'>felicitas</span> <span class='ocrx_word' id='word_1_711' title='bbox 2382 832 2500 864; x_wconf 87' lang='lat' dir='ltr'>divina.</span> 
     </span>
     <span class='ocr_line' id='line_1_91' title="bbox 1420 875 2501 918; baseline 0 -10"><span class='ocrx_word' id='word_1_712' title='bbox 1420 878 1507 918; x_wconf 88' lang='lat' dir='ltr'>Ergo</span> <span class='ocrx_word' id='word_1_713' title='bbox 1523 877 1658 908; x_wconf 84' lang='lat' dir='ltr'>felicitas</span> <span class='ocrx_word' id='word_1_714' title='bbox 1671 875 1779 907; x_wconf 90' lang='lat' dir='ltr'>divina</span> <span class='ocrx_word' id='word_1_715' title='bbox 1794 875 2057 916; x_wconf 87' lang='lat' dir='ltr'>incomparabilis</span> <span class='ocrx_word' id='word_1_716' title='bbox 2069 881 2117 907; x_wconf 90' lang='lat' dir='ltr'>est</span> <span class='ocrx_word' id='word_1_717' title='bbox 2128 876 2301 914; x_wconf 83' lang='lat' dir='ltr'>humanae,</span> <span class='ocrx_word' id='word_1_718' title='bbox 2313 879 2501 918; x_wconf 84' lang='lat' dir='ltr'>praesertim</span> 
     </span>
     <span class='ocr_line' id='line_1_92' title="bbox 1420 923 1635 953; baseline -0.005 0"><span class='ocrx_word' id='word_1_719' title='bbox 1420 923 1517 953; x_wconf 92' lang='lat' dir='ltr'>huius</span> <span class='ocrx_word' id='word_1_720' title='bbox 1540 923 1635 953; x_wconf 87' lang='lat' dir='ltr'>vitae.</span> 
     </span>
    </p>

    <p class='ocr_par' dir='ltr' id='par_1_18' title="bbox 1415 965 2503 1502">
     <span class='ocr_line' id='line_1_93' title="bbox 1464 965 2502 1007; baseline 0 -9"><span class='ocrx_word' id='word_1_721' title='bbox 1464 967 1518 998; x_wconf 92' lang='lat' dir='ltr'>VI.</span> <span class='ocrx_word' id='word_1_722' title='bbox 1527 967 1680 1007; x_wconf 79' lang='lat' dir='ltr'>Septimo.</span> <span class='ocrx_word' id='word_1_723' title='bbox 1690 965 1863 997; x_wconf 90' lang='lat' dir='ltr'>Beatitudo</span> <span class='ocrx_word' id='word_1_724' title='bbox 1874 965 1983 996; x_wconf 85' lang='lat' dir='ltr'>divina</span> <span class='ocrx_word' id='word_1_725' title='bbox 1993 974 2108 996; x_wconf 89' lang='lat' dir='ltr'>omnes</span> <span class='ocrx_word' id='word_1_726' title='bbox 2118 966 2334 998; x_wconf 84' lang='lat' dir='ltr'>beatitudines</span> <span class='ocrx_word' id='word_1_727' title='bbox 2342 967 2502 998; x_wconf 87' lang='lat' dir='ltr'>humanas</span> 
     </span>
     <span class='ocr_line' id='line_1_94' title="bbox 1418 1010 2500 1053; baseline 0.001 -11"><span class='ocrx_word' id='word_1_728' title='bbox 1418 1012 1658 1053; x_wconf 82' lang='lat' dir='ltr'>complectitur.</span> <span class='ocrx_word' id='word_1_729' title='bbox 1675 1011 1763 1052; x_wconf 88' lang='lat' dir='ltr'>Ergo</span> <span class='ocrx_word' id='word_1_730' title='bbox 1780 1017 1841 1042; x_wconf 92' lang='lat' dir='ltr'>etc.</span> <span class='ocrx_word' id='word_1_731' title='bbox 1857 1028 1880 1033; x_wconf 87' lang='lat'>-</span> <span class='ocrx_word' id='word_1_732' title='bbox 1895 1010 2055 1041; x_wconf 87' lang='lat' dir='ltr'>Probatur</span> <span class='ocrx_word' id='word_1_733' title='bbox 2069 1010 2266 1042; x_wconf 86' lang='lat' dir='ltr'>antecedens</span> <span class='ocrx_word' id='word_1_734' title='bbox 2289 1011 2500 1044; x_wconf 85' lang='lat' dir='ltr'>discurrendo</span> 
     </span>
     <span class='ocr_line' id='line_1_95' title="bbox 1418 1055 2502 1097; baseline 0.001 -10"><span class='ocrx_word' id='word_1_735' title='bbox 1418 1066 1476 1097; x_wconf 90' lang='lat' dir='ltr'>per</span> <span class='ocrx_word' id='word_1_736' title='bbox 1499 1056 1641 1097; x_wconf 89' lang='lat' dir='ltr'>singulas</span> <span class='ocrx_word' id='word_1_737' title='bbox 1665 1055 1890 1087; x_wconf 87' lang='lat' dir='ltr'>beatitudines.</span> <span class='ocrx_word' id='word_1_738' title='bbox 1923 1055 1973 1086; x_wconf 93' lang='lat' dir='ltr'>De</span> <span class='ocrx_word' id='word_1_739' title='bbox 2001 1056 2254 1096; x_wconf 88' lang='lat' dir='ltr'>contemplativa</span> <span class='ocrx_word' id='word_1_740' title='bbox 2281 1056 2382 1093; x_wconf 87' lang='lat' dir='ltr'>enim,</span> <span class='ocrx_word' id='word_1_741' title='bbox 2405 1057 2502 1088; x_wconf 88' lang='lat' dir='ltr'>habet</span> 
     </span>
     <span class='ocr_line' id='line_1_96' title="bbox 1417 1100 2501 1142; baseline 0.001 -10"><span class='ocrx_word' id='word_1_742' title='bbox 1417 1101 1685 1142; x_wconf 90' lang='lat' dir='ltr'>perfectissimam</span> <span class='ocrx_word' id='word_1_743' title='bbox 1709 1101 1759 1131; x_wconf 89' lang='lat' dir='ltr'>sui</span> <span class='ocrx_word' id='word_1_744' title='bbox 1783 1106 1816 1132; x_wconf 92' lang='lat' dir='ltr'>et</span> <span class='ocrx_word' id='word_1_745' title='bbox 1839 1101 1979 1131; x_wconf 90' lang='lat' dir='ltr'>aliorum</span> <span class='ocrx_word' id='word_1_746' title='bbox 1995 1100 2304 1138; x_wconf 79' lang='lat' dir='ltr'>considerationem3</span> <span class='ocrx_word' id='word_1_747' title='bbox 2330 1100 2371 1132; x_wconf 88' lang='lat' dir='ltr'>de</span> <span class='ocrx_word' id='word_1_748' title='bbox 2387 1103 2501 1138; x_wconf 75' lang='lat' dir='ltr'>act-iva,</span> 
     </span>
     <span class='ocr_line' id='line_1_97' title="bbox 1417 1145 2502 1186; baseline 0.001 -9"><span class='ocrx_word' id='word_1_749' title='bbox 1417 1147 1517 1177; x_wconf 90' lang='lat' dir='ltr'>totius</span> <span class='ocrx_word' id='word_1_750' title='bbox 1541 1147 1683 1177; x_wconf 87' lang='lat' dir='ltr'>universi</span> <span class='ocrx_word' id='word_1_751' title='bbox 1705 1146 1987 1186; x_wconf 83' lang='lat' dir='ltr'>gubernationem.</span> <span class='ocrx_word' id='word_1_752' title='bbox 2012 1145 2062 1176; x_wconf 92' lang='lat' dir='ltr'>De</span> <span class='ocrx_word' id='word_1_753' title='bbox 2086 1145 2164 1176; x_wconf 86' lang='lat' dir='ltr'>falsa</span> <span class='ocrx_word' id='word_1_754' title='bbox 2187 1151 2308 1183; x_wconf 86' lang='lat' dir='ltr'>autem,</span> <span class='ocrx_word' id='word_1_755' title='bbox 2325 1155 2410 1186; x_wconf 91' lang='lat' dir='ltr'>quae</span> <span class='ocrx_word' id='word_1_756' title='bbox 2432 1155 2502 1178; x_wconf 87' lang='lat' dir='ltr'>non</span> 
     </span>
     <span class='ocr_line' id='line_1_98' title="bbox 1418 1190 2503 1232; baseline 0.001 -10"><span class='ocrx_word' id='word_1_757' title='bbox 1418 1192 1514 1222; x_wconf 89' lang='lat' dir='ltr'>habet</span> <span class='ocrx_word' id='word_1_758' title='bbox 1529 1192 1589 1222; x_wconf 91' lang='lat' dir='ltr'>nisi</span> <span class='ocrx_word' id='word_1_759' title='bbox 1606 1190 1771 1232; x_wconf 90' lang='lat' dir='ltr'>quandam</span> <span class='ocrx_word' id='word_1_760' title='bbox 1787 1191 1937 1221; x_wconf 88' lang='lat' dir='ltr'>umbram</span> <span class='ocrx_word' id='word_1_761' title='bbox 1952 1190 2039 1221; x_wconf 90' lang='lat' dir='ltr'>illius</span> <span class='ocrx_word' id='word_1_762' title='bbox 2062 1190 2315 1231; x_wconf 85' lang='lat' dir='ltr'>perfectissimae</span> <span class='ocrx_word' id='word_1_763' title='bbox 2329 1190 2503 1229; x_wconf 70' lang='lat' dir='ltr'>felicitans,</span> 
     </span>
     <span class='ocr_line' id='line_1_99' title="bbox 1417 1235 2502 1277; baseline 0 -10"><span class='ocrx_word' id='word_1_764' title='bbox 1417 1237 1523 1273; x_wconf 89' lang='lat' dir='ltr'>habet,</span> <span class='ocrx_word' id='word_1_765' title='bbox 1540 1246 1601 1277; x_wconf 89' lang='lat' dir='ltr'>pro</span> <span class='ocrx_word' id='word_1_766' title='bbox 1617 1236 1797 1276; x_wconf 87' lang='lat' dir='ltr'>voluptate,</span> <span class='ocrx_word' id='word_1_767' title='bbox 1813 1235 2117 1267; x_wconf 85' lang='lat' dir='ltr'>excellentissimam</span> <span class='ocrx_word' id='word_1_768' title='bbox 2136 1235 2177 1267; x_wconf 91' lang='lat' dir='ltr'>de</span> <span class='ocrx_word' id='word_1_769' title='bbox 2193 1245 2227 1267; x_wconf 89' lang='lat' dir='ltr'>se</span> <span class='ocrx_word' id='word_1_770' title='bbox 2251 1235 2502 1268; x_wconf 87' lang='lat' dir='ltr'>delectationem</span> 
     </span>
     <span class='ocr_line' id='line_1_100' title="bbox 1417 1280 2502 1322; baseline 0.001 -10"><span class='ocrx_word' id='word_1_771' title='bbox 1417 1287 1449 1312; x_wconf 90' lang='lat' dir='ltr'>et</span> <span class='ocrx_word' id='word_1_772' title='bbox 1462 1281 1643 1313; x_wconf 86' lang='lat' dir='ltr'>universale</span> <span class='ocrx_word' id='word_1_773' title='bbox 1655 1281 1811 1322; x_wconf 89' lang='lat' dir='ltr'>gaudium</span> <span class='ocrx_word' id='word_1_774' title='bbox 1824 1280 1865 1311; x_wconf 90' lang='lat' dir='ltr'>de</span> <span class='ocrx_word' id='word_1_775' title='bbox 1881 1281 2036 1312; x_wconf 90' lang='lat' dir='ltr'>omnibus</span> <span class='ocrx_word' id='word_1_776' title='bbox 2048 1281 2154 1317; x_wconf 85' lang='lat' dir='ltr'>bonis,</span> <span class='ocrx_word' id='word_1_777' title='bbox 2167 1281 2290 1322; x_wconf 85' lang='lat' dir='ltr'>absque</span> <span class='ocrx_word' id='word_1_778' title='bbox 2302 1280 2502 1313; x_wconf 84' lang='lat' dir='ltr'>admixtione</span> 
     </span>
     <span class='ocr_line' id='line_1_101' title="bbox 1417 1325 2502 1367; baseline 0.001 -10"><span class='ocrx_word' id='word_1_779' title='bbox 1417 1327 1583 1362; x_wconf 88' lang='lat' dir='ltr'>contrarii;</span> <span class='ocrx_word' id='word_1_780' title='bbox 1608 1335 1669 1367; x_wconf 91' lang='lat' dir='ltr'>pro</span> <span class='ocrx_word' id='word_1_781' title='bbox 1693 1325 1822 1362; x_wconf 87' lang='lat' dir='ltr'>divitiis,</span> <span class='ocrx_word' id='word_1_782' title='bbox 1847 1325 2075 1357; x_wconf 86' lang='lat' dir='ltr'>omnimodam</span> <span class='ocrx_word' id='word_1_783' title='bbox 2098 1325 2326 1357; x_wconf 85' lang='lat' dir='ltr'>sufficientiam</span> <span class='ocrx_word' id='word_1_784' title='bbox 2350 1327 2502 1358; x_wconf 88' lang='lat' dir='ltr'>omnium</span> 
     </span>
     <span class='ocr_line' id='line_1_102' title="bbox 1416 1370 2502 1412; baseline 0 -10"><span class='ocrx_word' id='word_1_785' title='bbox 1416 1372 1598 1408; x_wconf 87' lang='lat' dir='ltr'>bonorum;</span> <span class='ocrx_word' id='word_1_786' title='bbox 1624 1380 1685 1412; x_wconf 86' lang='lat' dir='ltr'>pro</span> <span class='ocrx_word' id='word_1_787' title='bbox 1701 1376 1872 1412; x_wconf 89' lang='lat' dir='ltr'>potestate,</span> <span class='ocrx_word' id='word_1_788' title='bbox 1890 1371 2051 1402; x_wconf 86' lang='lat' dir='ltr'>infinitam</span> <span class='ocrx_word' id='word_1_789' title='bbox 2067 1371 2234 1407; x_wconf 77' lang='lat' dir='ltr'>virtutem3</span> <span class='ocrx_word' id='word_1_790' title='bbox 2259 1380 2320 1412; x_wconf 89' lang='lat' dir='ltr'>pro</span> <span class='ocrx_word' id='word_1_791' title='bbox 2336 1370 2502 1412; x_wconf 86' lang='lat' dir='ltr'>dignitate,</span> 
     </span>
     <span class='ocr_line' id='line_1_103' title="bbox 1417 1415 2503 1457; baseline 0.001 -10"><span class='ocrx_word' id='word_1_792' title='bbox 1417 1417 1567 1447; x_wconf 90' lang='lat' dir='ltr'>omnium</span> <span class='ocrx_word' id='word_1_793' title='bbox 1591 1417 1717 1447; x_wconf 90' lang='lat' dir='ltr'>entium</span> <span class='ocrx_word' id='word_1_794' title='bbox 1741 1417 1917 1457; x_wconf 83' lang='lat' dir='ltr'>primatum</span> <span class='ocrx_word' id='word_1_795' title='bbox 1949 1421 1981 1447; x_wconf 90' lang='lat' dir='ltr'>et</span> <span class='ocrx_word' id='word_1_796' title='bbox 2010 1416 2170 1456; x_wconf 78' lang='lat' dir='ltr'>regimen:</span> <span class='ocrx_word' id='word_1_797' title='bbox 2194 1425 2255 1456; x_wconf 91' lang='lat' dir='ltr'>pro</span> <span class='ocrx_word' id='word_1_798' title='bbox 2279 1415 2375 1453; x_wconf 88' lang='lat' dir='ltr'>fama,</span> <span class='ocrx_word' id='word_1_799' title='bbox 2400 1416 2503 1448; x_wconf 86' lang='lat' dir='ltr'>admi-</span> 
     </span>
     <span class='ocr_line' id='line_1_104' title="bbox 1415 1461 2502 1502; baseline 0.001 -10"><span class='ocrx_word' id='word_1_800' title='bbox 1415 1462 1575 1492; x_wconf 86' lang='lat' dir='ltr'>rationem</span> <span class='ocrx_word' id='word_1_801' title='bbox 1592 1462 1700 1499; x_wconf 85' lang='lat' dir='ltr'>omnis</span> <span class='ocrx_word' id='word_1_802' title='bbox 1715 1461 1900 1492; x_wconf 90' lang='lat' dir='ltr'>intellectus</span> <span class='ocrx_word' id='word_1_803' title='bbox 1923 1461 2032 1502; x_wconf 89' lang='lat' dir='ltr'>ipsum</span> <span class='ocrx_word' id='word_1_804' title='bbox 2056 1466 2238 1501; x_wconf 88' lang='lat' dir='ltr'>utcumque</span> <span class='ocrx_word' id='word_1_805' title='bbox 2262 1462 2502 1501; x_wconf 84' lang='lat' dir='ltr'>cognoscentis.</span> 
     </span>
    </p>

    <p class='ocr_par' dir='ltr' id='par_1_19' title="bbox 1414 1505 2504 2566">
     <span class='ocr_line' id='line_1_105' title="bbox 1472 1505 2502 1548; baseline 0.001 -11"><span class='ocrx_word' id='word_1_806' title='bbox 1472 1505 1730 1542; x_wconf 87' lang='lat' dir='ltr'>Advertendum,</span> <span class='ocrx_word' id='word_1_807' title='bbox 1755 1515 1794 1537; x_wconf 89' lang='lat' dir='ltr'>ex</span> <span class='ocrx_word' id='word_1_808' title='bbox 1822 1506 2008 1542; x_wconf 83' lang='lat' dir='ltr'>Aristotele,</span> <span class='ocrx_word' id='word_1_809' title='bbox 2034 1505 2062 1536; x_wconf 90' lang='lat' dir='ltr'>X</span> <span class='ocrx_word' id='word_1_810' title='bbox 2085 1505 2192 1536; x_wconf 77' lang='lat' dir='ltr'>Ethic.</span> <span class='ocrx_word' id='word_1_811' title='bbox 2209 1506 2237 1542; x_wconf 78' lang='lat'>⁴¹,</span> <span class='ocrx_word' id='word_1_812' title='bbox 2261 1505 2354 1546; x_wconf 92' lang='lat' dir='ltr'>quod</span> <span class='ocrx_word' id='word_1_813' title='bbox 2380 1506 2502 1548; x_wconf 81' lang='lat' dir='ltr'>duplex</span> 
     </span>
     <span class='ocr_line' id='line_1_106' title="bbox 1417 1550 2503 1592; baseline 0.001 -10"><span class='ocrx_word' id='word_1_814' title='bbox 1417 1557 1464 1582; x_wconf 86' lang='lat' dir='ltr'>est</span> <span class='ocrx_word' id='word_1_815' title='bbox 1487 1550 1636 1582; x_wconf 86' lang='lat' dir='ltr'>felicitas:</span> <span class='ocrx_word' id='word_1_816' title='bbox 1661 1551 1784 1582; x_wconf 91' lang='lat' dir='ltr'>scilicet</span> <span class='ocrx_word' id='word_1_817' title='bbox 1807 1550 2015 1592; x_wconf 88' lang='lat' dir='ltr'>speculativa,</span> <span class='ocrx_word' id='word_1_818' title='bbox 2040 1559 2125 1591; x_wconf 92' lang='lat' dir='ltr'>quae</span> <span class='ocrx_word' id='word_1_819' title='bbox 2154 1551 2189 1581; x_wconf 88' lang='lat' dir='ltr'>in</span> <span class='ocrx_word' id='word_1_820' title='bbox 2219 1556 2294 1582; x_wconf 87' lang='lat' dir='ltr'>actu</span> <span class='ocrx_word' id='word_1_821' title='bbox 2323 1551 2503 1592; x_wconf 79' lang='lat' dir='ltr'>sapientiae</span> 
     </span>
     <span class='ocr_line' id='line_1_107' title="bbox 1416 1595 2503 1636; baseline 0.002 -10"><span class='ocrx_word' id='word_1_822' title='bbox 1416 1596 1577 1632; x_wconf 89' lang='lat' dir='ltr'>consistit;</span> <span class='ocrx_word' id='word_1_823' title='bbox 1603 1602 1635 1627; x_wconf 89' lang='lat' dir='ltr'>et</span> <span class='ocrx_word' id='word_1_824' title='bbox 1658 1597 1772 1632; x_wconf 81' lang='lat' dir='ltr'>activa,</span> <span class='ocrx_word' id='word_1_825' title='bbox 1796 1605 1881 1636; x_wconf 88' lang='lat' dir='ltr'>quae</span> <span class='ocrx_word' id='word_1_826' title='bbox 1905 1596 2054 1626; x_wconf 86' lang='lat' dir='ltr'>consistit</span> <span class='ocrx_word' id='word_1_827' title='bbox 2084 1595 2118 1626; x_wconf 91' lang='lat' dir='ltr'>in</span> <span class='ocrx_word' id='word_1_828' title='bbox 2149 1604 2212 1626; x_wconf 90' lang='lat' dir='ltr'>usu</span> <span class='ocrx_word' id='word_1_829' title='bbox 2239 1596 2416 1628; x_wconf 87' lang='lat' dir='ltr'>moralium</span> <span class='ocrx_word' id='word_1_830' title='bbox 2439 1597 2503 1628; x_wconf 82' lang='lat' dir='ltr'>vir-</span> 
     </span>
     <span class='ocr_line' id='line_1_108' title="bbox 1415 1640 2504 1682; baseline 0.002 -11"><span class='ocrx_word' id='word_1_831' title='bbox 1415 1646 1535 1676; x_wconf 90' lang='lat' dir='ltr'>tutum,</span> <span class='ocrx_word' id='word_1_832' title='bbox 1561 1646 1593 1672; x_wconf 89' lang='lat' dir='ltr'>et</span> <span class='ocrx_word' id='word_1_833' title='bbox 1616 1641 1836 1682; x_wconf 88' lang='lat' dir='ltr'>principaliter</span> <span class='ocrx_word' id='word_1_834' title='bbox 1859 1641 1893 1671; x_wconf 91' lang='lat' dir='ltr'>in</span> <span class='ocrx_word' id='word_1_835' title='bbox 1916 1646 1991 1671; x_wconf 86' lang='lat' dir='ltr'>actu</span> <span class='ocrx_word' id='word_1_836' title='bbox 2015 1640 2219 1681; x_wconf 85' lang='lat' dir='ltr'>prudentiae,</span> <span class='ocrx_word' id='word_1_837' title='bbox 2236 1641 2331 1672; x_wconf 90' lang='lat' dir='ltr'>cuius</span> <span class='ocrx_word' id='word_1_838' title='bbox 2346 1646 2397 1672; x_wconf 89' lang='lat' dir='ltr'>est</span> <span class='ocrx_word' id='word_1_839' title='bbox 2410 1647 2504 1673; x_wconf 85' lang='lat' dir='ltr'>actus</span> 
     </span>
     <span class='ocr_line' id='line_1_109' title="bbox 1417 1684 2503 1728; baseline 0.002 -12"><span class='ocrx_word' id='word_1_840' title='bbox 1417 1686 1567 1716; x_wconf 90' lang='lat' dir='ltr'>omnium</span> <span class='ocrx_word' id='word_1_841' title='bbox 1590 1686 1747 1716; x_wconf 86' lang='lat' dir='ltr'>virtutum</span> <span class='ocrx_word' id='word_1_842' title='bbox 1771 1685 1919 1725; x_wconf 87' lang='lat' dir='ltr'>dirigere.</span> <span class='ocrx_word' id='word_1_843' title='bbox 1947 1684 2037 1721; x_wconf 87' lang='lat' dir='ltr'>ldeo,</span> <span class='ocrx_word' id='word_1_844' title='bbox 2061 1684 2249 1717; x_wconf 85' lang='lat' dir='ltr'>felicitatem</span> <span class='ocrx_word' id='word_1_845' title='bbox 2272 1686 2503 1728; x_wconf 79' lang='lat' dir='ltr'>contemplati-</span> 
     </span>
     <span class='ocr_line' id='line_1_110' title="bbox 1416 1729 2503 1772; baseline 0.002 -12"><span class='ocrx_word' id='word_1_846' title='bbox 1416 1739 1490 1760; x_wconf 87' lang='lat' dir='ltr'>vam</span> <span class='ocrx_word' id='word_1_847' title='bbox 1514 1739 1643 1771; x_wconf 89' lang='lat' dir='ltr'>ponens</span> <span class='ocrx_word' id='word_1_848' title='bbox 1665 1730 1804 1761; x_wconf 87' lang='lat' dir='ltr'>Sanctus</span> <span class='ocrx_word' id='word_1_849' title='bbox 1824 1730 1970 1760; x_wconf 86' lang='lat' dir='ltr'>Thomas</span> <span class='ocrx_word' id='word_1_850' title='bbox 1993 1731 2027 1761; x_wconf 91' lang='lat' dir='ltr'>in</span> <span class='ocrx_word' id='word_1_851' title='bbox 2052 1729 2136 1766; x_wconf 92' lang='lat' dir='ltr'>Deo,</span> <span class='ocrx_word' id='word_1_852' title='bbox 2160 1730 2268 1770; x_wconf 84' lang='lat' dir='ltr'>inquit</span> <span class='ocrx_word' id='word_1_853' title='bbox 2290 1730 2382 1772; x_wconf 89' lang='lat' dir='ltr'>quod</span> <span class='ocrx_word' id='word_1_854' title='bbox 2405 1731 2503 1762; x_wconf 83' lang='lat' dir='ltr'>habet</span> 
     </span>
     <span class='ocr_line' id='line_1_111' title="bbox 1415 1774 2502 1816; baseline 0.002 -10"><span class='ocrx_word' id='word_1_855' title='bbox 1415 1774 1684 1815; x_wconf 87' lang='lat' dir='ltr'>perfectissimam</span> <span class='ocrx_word' id='word_1_856' title='bbox 1700 1775 1751 1806; x_wconf 93' lang='lat' dir='ltr'>sui</span> <span class='ocrx_word' id='word_1_857' title='bbox 1767 1781 1800 1806; x_wconf 93' lang='lat' dir='ltr'>et</span> <span class='ocrx_word' id='word_1_858' title='bbox 1815 1774 1955 1806; x_wconf 85' lang='lat' dir='ltr'>aliorum</span> <span class='ocrx_word' id='word_1_859' title='bbox 1972 1775 2197 1815; x_wconf 86' lang='lat' dir='ltr'>cognitionem</span> <span class='ocrx_word' id='word_1_860' title='bbox 2212 1781 2421 1816; x_wconf 80' lang='lat' dir='ltr'>perpetuam:</span> <span class='ocrx_word' id='word_1_861' title='bbox 2435 1776 2502 1808; x_wconf 76' lang='lat' dir='ltr'>hoc</span> 
     </span>
     <span class='ocr_line' id='line_1_112' title="bbox 1416 1819 2502 1862; baseline 0.003 -12"><span class='ocrx_word' id='word_1_862' title='bbox 1416 1820 1504 1850; x_wconf 89' lang='lat' dir='ltr'>enim</span> <span class='ocrx_word' id='word_1_863' title='bbox 1528 1819 1568 1850; x_wconf 90' lang='lat' dir='ltr'>ad</span> <span class='ocrx_word' id='word_1_864' title='bbox 1591 1820 1783 1860; x_wconf 88' lang='lat' dir='ltr'>sapientiam</span> <span class='ocrx_word' id='word_1_865' title='bbox 1806 1820 1946 1860; x_wconf 90' lang='lat' dir='ltr'>pertinet</span> <span class='ocrx_word' id='word_1_866' title='bbox 1969 1825 2006 1850; x_wconf 94' lang='lat' dir='ltr'>ut</span> <span class='ocrx_word' id='word_1_867' title='bbox 2027 1819 2061 1850; x_wconf 91' lang='lat' dir='ltr'>in</span> <span class='ocrx_word' id='word_1_868' title='bbox 2085 1828 2120 1850; x_wconf 87' lang='lat' dir='ltr'>se</span> <span class='ocrx_word' id='word_1_869' title='bbox 2144 1828 2261 1851; x_wconf 90' lang='lat' dir='ltr'>omnes</span> <span class='ocrx_word' id='word_1_870' title='bbox 2276 1820 2406 1852; x_wconf 84' lang='lat' dir='ltr'>habitus</span> <span class='ocrx_word' id='word_1_871' title='bbox 2425 1828 2502 1862; x_wconf 79' lang='lat' dir='ltr'>spo-</span> 
     </span>
     <span class='ocr_line' id='line_1_113' title="bbox 1416 1863 2502 1906; baseline 0.002 -11"><span class='ocrx_word' id='word_1_872' title='bbox 1416 1864 1576 1895; x_wconf 89' lang='lat' dir='ltr'>culativos</span> <span class='ocrx_word' id='word_1_873' title='bbox 1611 1863 1871 1906; x_wconf 87' lang='lat' dir='ltr'>comprehendit.</span> <span class='ocrx_word' id='word_1_874' title='bbox 1902 1864 2052 1895; x_wconf 78' lang='lat' dir='ltr'>Activam</span> <span class='ocrx_word' id='word_1_875' title='bbox 2082 1869 2193 1895; x_wconf 90' lang='lat' dir='ltr'>autem</span> <span class='ocrx_word' id='word_1_876' title='bbox 2225 1863 2412 1896; x_wconf 82' lang='lat' dir='ltr'>felicitatem</span> <span class='ocrx_word' id='word_1_877' title='bbox 2441 1865 2502 1897; x_wconf 84' lang='lat' dir='ltr'>sibi</span> 
     </span>
     <span class='ocr_line' id='line_1_114' title="bbox 1416 1908 2502 1949; baseline 0.003 -10"><span class='ocrx_word' id='word_1_878' title='bbox 1416 1909 1559 1939; x_wconf 85' lang='lat' dir='ltr'>attribuit</span> <span class='ocrx_word' id='word_1_879' title='bbox 1582 1909 1709 1940; x_wconf 89' lang='lat' dir='ltr'>ratione</span> <span class='ocrx_word' id='word_1_880' title='bbox 1731 1908 1976 1949; x_wconf 86' lang='lat' dir='ltr'>gubernationis</span> <span class='ocrx_word' id='word_1_881' title='bbox 1999 1909 2152 1939; x_wconf 85' lang='lat' dir='ltr'>universi.</span> <span class='ocrx_word' id='word_1_882' title='bbox 2178 1908 2304 1940; x_wconf 83' lang='lat' dir='ltr'>Omnes</span> <span class='ocrx_word' id='word_1_883' title='bbox 2326 1910 2417 1941; x_wconf 85' lang='lat' dir='ltr'>enim</span> <span class='ocrx_word' id='word_1_884' title='bbox 2438 1910 2502 1942; x_wconf 70' lang='lat' dir='ltr'>vir-</span> 
     </span>
     <span class='ocr_line' id='line_1_115' title="bbox 1415 1953 2503 1990; baseline 0.003 -7"><span class='ocrx_word' id='word_1_885' title='bbox 1415 1958 1502 1983; x_wconf 89' lang='lat' dir='ltr'>tutes</span> <span class='ocrx_word' id='word_1_886' title='bbox 1517 1953 1658 1984; x_wconf 83' lang='lat' dir='ltr'>morales</span> <span class='ocrx_word' id='word_1_887' title='bbox 1674 1958 1730 1984; x_wconf 90' lang='lat' dir='ltr'>aut</span> <span class='ocrx_word' id='word_1_888' title='bbox 1746 1953 1830 1984; x_wconf 88' lang='lat' dir='ltr'>circa</span> <span class='ocrx_word' id='word_1_889' title='bbox 1846 1953 2024 1984; x_wconf 86' lang='lat' dir='ltr'>extrinseca</span> <span class='ocrx_word' id='word_1_890' title='bbox 2040 1953 2127 1984; x_wconf 87' lang='lat' dir='ltr'>bona</span> <span class='ocrx_word' id='word_1_891' title='bbox 2143 1958 2230 1990; x_wconf 89' lang='lat' dir='ltr'>sunt,</span> <span class='ocrx_word' id='word_1_892' title='bbox 2242 1959 2299 1984; x_wconf 85' lang='lat' dir='ltr'>aut</span> <span class='ocrx_word' id='word_1_893' title='bbox 2314 1954 2399 1986; x_wconf 90' lang='lat' dir='ltr'>circa</span> <span class='ocrx_word' id='word_1_894' title='bbox 2413 1954 2503 1989; x_wconf 69' lang='lat' dir='ltr'>bona</span> 
     </span>
     <span class='ocr_line' id='line_1_116' title="bbox 1416 1997 2503 2038; baseline 0.003 -10"><span class='ocrx_word' id='word_1_895' title='bbox 1416 1998 1573 2038; x_wconf 89' lang='lat' dir='ltr'>corporis,</span> <span class='ocrx_word' id='word_1_896' title='bbox 1591 2004 1646 2028; x_wconf 90' lang='lat' dir='ltr'>aut</span> <span class='ocrx_word' id='word_1_897' title='bbox 1666 1998 1750 2028; x_wconf 88' lang='lat' dir='ltr'>circa</span> <span class='ocrx_word' id='word_1_898' title='bbox 1769 1997 1870 2028; x_wconf 90' lang='lat' dir='ltr'>animi</span> <span class='ocrx_word' id='word_1_899' title='bbox 1891 1997 2070 2038; x_wconf 77' lang='lat' dir='ltr'>passiones,</span> <span class='ocrx_word' id='word_1_900' title='bbox 2083 1997 2123 2028; x_wconf 91' lang='lat' dir='ltr'>ad</span> <span class='ocrx_word' id='word_1_901' title='bbox 2142 2004 2228 2038; x_wconf 86' lang='lat' dir='ltr'>quae</span> <span class='ocrx_word' id='word_1_902' title='bbox 2249 1999 2363 2030; x_wconf 86' lang='lat' dir='ltr'>omnia</span> <span class='ocrx_word' id='word_1_903' title='bbox 2385 2007 2503 2031; x_wconf 76' lang='lat' dir='ltr'>seom-</span> 
     </span>
     <span class='ocr_line' id='line_1_117' title="bbox 1416 2042 2503 2083; baseline 0.003 -10"><span class='ocrx_word' id='word_1_904' title='bbox 1416 2042 1496 2073; x_wconf 90' lang='lat' dir='ltr'>dum</span> <span class='ocrx_word' id='word_1_905' title='bbox 1520 2043 1682 2074; x_wconf 89' lang='lat' dir='ltr'>rationem</span> <span class='ocrx_word' id='word_1_906' title='bbox 1705 2042 1898 2083; x_wconf 89' lang='lat' dir='ltr'>prudentiae</span> <span class='ocrx_word' id='word_1_907' title='bbox 1921 2042 2002 2073; x_wconf 87' lang='lat' dir='ltr'>aliae</span> <span class='ocrx_word' id='word_1_908' title='bbox 2025 2042 2160 2074; x_wconf 82' lang='lat' dir='ltr'>virtutes</span> <span class='ocrx_word' id='word_1_909' title='bbox 2183 2043 2325 2075; x_wconf 81' lang='lat' dir='ltr'>morales</span> <span class='ocrx_word' id='word_1_910' title='bbox 2339 2052 2375 2075; x_wconf 85' lang='lat' dir='ltr'>se</span> <span class='ocrx_word' id='word_1_911' title='bbox 2390 2049 2503 2076; x_wconf 64' lang='lat' dir='ltr'>extm-</span> 
     </span>
     <span class='ocr_line' id='line_1_118' title="bbox 1417 2086 2502 2129; baseline 0.003 -11"><span class='ocrx_word' id='word_1_912' title='bbox 1417 2086 1508 2118; x_wconf 90' lang='lat' dir='ltr'>dunt.</span> <span class='ocrx_word' id='word_1_913' title='bbox 1534 2087 1575 2118; x_wconf 90' lang='lat' dir='ltr'>Et</span> <span class='ocrx_word' id='word_1_914' title='bbox 1598 2087 1644 2118; x_wconf 89' lang='lat' dir='ltr'>sic</span> <span class='ocrx_word' id='word_1_915' title='bbox 1668 2093 1737 2118; x_wconf 90' lang='lat' dir='ltr'>tota</span> <span class='ocrx_word' id='word_1_916' title='bbox 1760 2086 1895 2118; x_wconf 81' lang='lat' dir='ltr'>felicitas</span> <span class='ocrx_word' id='word_1_917' title='bbox 1913 2087 2018 2118; x_wconf 86' lang='lat' dir='ltr'>activa</span> <span class='ocrx_word' id='word_1_918' title='bbox 2041 2087 2074 2118; x_wconf 91' lang='lat' dir='ltr'>in</span> <span class='ocrx_word' id='word_1_919' title='bbox 2098 2086 2242 2128; x_wconf 85' lang='lat' dir='ltr'>quadam</span> <span class='ocrx_word' id='word_1_920' title='bbox 2263 2088 2502 2129; x_wconf 78' lang='lat' dir='ltr'>gubernatione</span> 
     </span>
     <span class='ocr_line' id='line_1_119' title="bbox 1416 2131 2502 2167; baseline 0.004 -5"><span class='ocrx_word' id='word_1_921' title='bbox 1416 2137 1472 2162; x_wconf 88' lang='lat' dir='ltr'>aut</span> <span class='ocrx_word' id='word_1_922' title='bbox 1498 2132 1549 2163; x_wconf 90' lang='lat' dir='ltr'>sui</span> <span class='ocrx_word' id='word_1_923' title='bbox 1573 2137 1630 2163; x_wconf 91' lang='lat' dir='ltr'>aut</span> <span class='ocrx_word' id='word_1_924' title='bbox 1652 2131 1783 2163; x_wconf 88' lang='lat' dir='ltr'>alterius</span> <span class='ocrx_word' id='word_1_925' title='bbox 1807 2132 1955 2163; x_wconf 85' lang='lat' dir='ltr'>consistit</span> <span class='ocrx_word' id='word_1_926' title='bbox 1977 2131 2161 2164; x_wconf 87' lang='lat' dir='ltr'>secundum</span> <span class='ocrx_word' id='word_1_927' title='bbox 2183 2138 2305 2164; x_wconf 85' lang='lat' dir='ltr'>rectam</span> <span class='ocrx_word' id='word_1_928' title='bbox 2329 2133 2502 2167; x_wconf 73' lang='lat' dir='ltr'>rationem.</span> 
     </span>
     <span class='ocr_line' id='line_1_120' title="bbox 1417 2176 2503 2218; baseline 0.003 -11"><span class='ocrx_word' id='word_1_929' title='bbox 1417 2176 1523 2207; x_wconf 85' lang='lat' dir='ltr'>Maius</span> <span class='ocrx_word' id='word_1_930' title='bbox 1546 2182 1656 2207; x_wconf 89' lang='lat' dir='ltr'>autem</span> <span class='ocrx_word' id='word_1_931' title='bbox 1673 2182 1721 2208; x_wconf 91' lang='lat' dir='ltr'>est</span> <span class='ocrx_word' id='word_1_932' title='bbox 1736 2177 1927 2208; x_wconf 90' lang='lat' dir='ltr'>universum</span> <span class='ocrx_word' id='word_1_933' title='bbox 1949 2177 2131 2217; x_wconf 88' lang='lat' dir='ltr'>gubernare</span> <span class='ocrx_word' id='word_1_934' title='bbox 2146 2186 2246 2218; x_wconf 84' lang='lat' dir='ltr'>quam</span> <span class='ocrx_word' id='word_1_935' title='bbox 2266 2187 2371 2209; x_wconf 87' lang='lat' dir='ltr'>unum</span> <span class='ocrx_word' id='word_1_936' title='bbox 2394 2179 2503 2210; x_wconf 83' lang='lat' dir='ltr'>homi-</span> 
     </span>
     <span class='ocr_line' id='line_1_121' title="bbox 1415 2221 2502 2264; baseline 0.003 -12"><span class='ocrx_word' id='word_1_937' title='bbox 1415 2230 1492 2252; x_wconf 88' lang='lat' dir='ltr'>nem</span> <span class='ocrx_word' id='word_1_938' title='bbox 1509 2221 1618 2252; x_wconf 89' lang='lat' dir='ltr'>solum</span> <span class='ocrx_word' id='word_1_939' title='bbox 1635 2227 1667 2253; x_wconf 91' lang='lat' dir='ltr'>et</span> <span class='ocrx_word' id='word_1_940' title='bbox 1683 2230 1783 2262; x_wconf 86' lang='lat' dir='ltr'>quam</span> <span class='ocrx_word' id='word_1_941' title='bbox 1799 2221 1937 2253; x_wconf 92' lang='lat' dir='ltr'>domum</span> <span class='ocrx_word' id='word_1_942' title='bbox 1953 2227 2010 2252; x_wconf 89' lang='lat' dir='ltr'>aut</span> <span class='ocrx_word' id='word_1_943' title='bbox 2023 2230 2173 2262; x_wconf 79' lang='lat' dir='ltr'>regumn,</span> <span class='ocrx_word' id='word_1_944' title='bbox 2186 2222 2278 2264; x_wconf 92' lang='lat' dir='ltr'>quod</span> <span class='ocrx_word' id='word_1_945' title='bbox 2297 2223 2502 2264; x_wconf 74' lang='lat' dir='ltr'>pei-virtutes</span> 
     </span>
     <span class='ocr_line' id='line_1_122' title="bbox 1416 2265 2502 2308; baseline 0.003 -11"><span class='ocrx_word' id='word_1_946' title='bbox 1416 2266 1566 2302; x_wconf 88' lang='lat' dir='ltr'>morales,</span> <span class='ocrx_word' id='word_1_947' title='bbox 1592 2273 1624 2298; x_wconf 88' lang='lat' dir='ltr'>et</span> <span class='ocrx_word' id='word_1_948' title='bbox 1647 2267 1787 2298; x_wconf 87' lang='lat' dir='ltr'>maxime</span> <span class='ocrx_word' id='word_1_949' title='bbox 1811 2266 2029 2308; x_wconf 84' lang='lat' dir='ltr'>prudentiam,</span> <span class='ocrx_word' id='word_1_950' title='bbox 2054 2265 2100 2297; x_wconf 76' lang='lat' dir='ltr'>fit.</span> <span class='ocrx_word' id='word_1_951' title='bbox 2133 2266 2210 2298; x_wconf 89' lang='lat' dir='ltr'>Ideo</span> <span class='ocrx_word' id='word_1_952' title='bbox 2233 2265 2370 2300; x_wconf 85' lang='lat' dir='ltr'>felicitas</span> <span class='ocrx_word' id='word_1_953' title='bbox 2397 2269 2502 2300; x_wconf 66' lang='lat' dir='ltr'>activa</span> 
     </span>
     <span class='ocr_line' id='line_1_123' title="bbox 1416 2310 2502 2352; baseline 0.003 -10"><span class='ocrx_word' id='word_1_954' title='bbox 1416 2310 1637 2342; x_wconf 86' lang='lat' dir='ltr'>excellentiori</span> <span class='ocrx_word' id='word_1_955' title='bbox 1664 2311 1767 2343; x_wconf 91' lang='lat' dir='ltr'>modo</span> <span class='ocrx_word' id='word_1_956' title='bbox 1790 2310 1945 2343; x_wconf 86' lang='lat' dir='ltr'>convenit</span> <span class='ocrx_word' id='word_1_957' title='bbox 1968 2310 2042 2342; x_wconf 90' lang='lat' dir='ltr'>Deo</span> <span class='ocrx_word' id='word_1_958' title='bbox 2065 2320 2166 2352; x_wconf 85' lang='lat' dir='ltr'>quam</span> <span class='ocrx_word' id='word_1_959' title='bbox 2192 2312 2393 2350; x_wconf 86' lang='lat' dir='ltr'>hominibus,</span> <span class='ocrx_word' id='word_1_960' title='bbox 2417 2313 2502 2346; x_wconf 79' lang='lat' dir='ltr'>sicut</span> 
     </span>
     <span class='ocr_line' id='line_1_124' title="bbox 1415 2355 2502 2397; baseline 0.004 -11"><span class='ocrx_word' id='word_1_961' title='bbox 1415 2356 1512 2387; x_wconf 90' lang='lat' dir='ltr'>etiam</span> <span class='ocrx_word' id='word_1_962' title='bbox 1536 2362 1568 2386; x_wconf 92' lang='lat' dir='ltr'>et</span> <span class='ocrx_word' id='word_1_963' title='bbox 1591 2355 1726 2387; x_wconf 86' lang='lat' dir='ltr'>felicitas</span> <span class='ocrx_word' id='word_1_964' title='bbox 1749 2356 1958 2397; x_wconf 79' lang='lat' dir='ltr'>speculativa,</span> <span class='ocrx_word' id='word_1_965' title='bbox 1982 2361 2015 2387; x_wconf 90' lang='lat' dir='ltr'>et</span> <span class='ocrx_word' id='word_1_966' title='bbox 2037 2356 2137 2397; x_wconf 90' lang='lat' dir='ltr'>longe</span> <span class='ocrx_word' id='word_1_967' title='bbox 2159 2356 2281 2388; x_wconf 85' lang='lat' dir='ltr'>altioris</span> <span class='ocrx_word' id='word_1_968' title='bbox 2304 2358 2439 2389; x_wconf 86' lang='lat' dir='ltr'>rationis</span> <span class='ocrx_word' id='word_1_969' title='bbox 2453 2363 2502 2390; x_wconf 83' lang='lat' dir='ltr'>est</span> 
     </span>
     <span class='ocr_line' id='line_1_125' title="bbox 1416 2400 2500 2440; baseline 0.003 -9"><span class='ocrx_word' id='word_1_970' title='bbox 1416 2400 1567 2432; x_wconf 85' lang='lat' dir='ltr'>felicitate</span> <span class='ocrx_word' id='word_1_971' title='bbox 1591 2401 1743 2432; x_wconf 88' lang='lat' dir='ltr'>humana.</span> <span class='ocrx_word' id='word_1_972' title='bbox 1769 2400 1864 2432; x_wconf 92' lang='lat' dir='ltr'>Unde</span> <span class='ocrx_word' id='word_1_973' title='bbox 1887 2410 1956 2432; x_wconf 91' lang='lat' dir='ltr'>non</span> <span class='ocrx_word' id='word_1_974' title='bbox 1975 2406 2052 2432; x_wconf 89' lang='lat' dir='ltr'>sunt</span> <span class='ocrx_word' id='word_1_975' title='bbox 2067 2400 2152 2432; x_wconf 87' lang='lat' dir='ltr'>duae</span> <span class='ocrx_word' id='word_1_976' title='bbox 2166 2400 2337 2433; x_wconf 80' lang='lat' dir='ltr'>felicitates</span> <span class='ocrx_word' id='word_1_977' title='bbox 2357 2402 2392 2434; x_wconf 86' lang='lat' dir='ltr'>in</span> <span class='ocrx_word' id='word_1_978' title='bbox 2415 2402 2500 2440; x_wconf 88' lang='lat' dir='ltr'>Deo,</span> 
     </span>
     <span class='ocr_line' id='line_1_126' title="bbox 1414 2445 2501 2483; baseline 0.003 -7"><span class='ocrx_word' id='word_1_979' title='bbox 1414 2446 1499 2476; x_wconf 89' lang='lat' dir='ltr'>sicut</span> <span class='ocrx_word' id='word_1_980' title='bbox 1525 2446 1558 2476; x_wconf 91' lang='lat' dir='ltr'>in</span> <span class='ocrx_word' id='word_1_981' title='bbox 1587 2446 1693 2482; x_wconf 91' lang='lat' dir='ltr'>nobis,</span> <span class='ocrx_word' id='word_1_982' title='bbox 1717 2445 1775 2477; x_wconf 93' lang='lat' dir='ltr'>sed</span> <span class='ocrx_word' id='word_1_983' title='bbox 1805 2446 1913 2483; x_wconf 88' lang='lat' dir='ltr'>unica,</span> <span class='ocrx_word' id='word_1_984' title='bbox 1938 2445 2119 2477; x_wconf 86' lang='lat' dir='ltr'>eminenter</span> <span class='ocrx_word' id='word_1_985' title='bbox 2149 2451 2182 2478; x_wconf 93' lang='lat' dir='ltr'>et</span> <span class='ocrx_word' id='word_1_986' title='bbox 2211 2447 2303 2478; x_wconf 89' lang='lat' dir='ltr'>unite</span> <span class='ocrx_word' id='word_1_987' title='bbox 2327 2446 2501 2479; x_wconf 88' lang='lat' dir='ltr'>continens</span> 
     </span>
     <span class='ocr_line' id='line_1_127' title="bbox 1415 2489 2500 2532; baseline 0.004 -12"><span class='ocrx_word' id='word_1_988' title='bbox 1415 2489 1573 2531; x_wconf 90' lang='lat' dir='ltr'>quicquid</span> <span class='ocrx_word' id='word_1_989' title='bbox 1596 2491 1630 2520; x_wconf 91' lang='lat' dir='ltr'>in</span> <span class='ocrx_word' id='word_1_990' title='bbox 1654 2491 1746 2521; x_wconf 87' lang='lat' dir='ltr'>omni</span> <span class='ocrx_word' id='word_1_991' title='bbox 1770 2497 1881 2522; x_wconf 89' lang='lat' dir='ltr'>nostra</span> <span class='ocrx_word' id='word_1_992' title='bbox 1899 2489 2053 2522; x_wconf 87' lang='lat' dir='ltr'>felicitate</span> <span class='ocrx_word' id='word_1_993' title='bbox 2075 2491 2299 2532; x_wconf 86' lang='lat' dir='ltr'>multipliciter</span> <span class='ocrx_word' id='word_1_994' title='bbox 2321 2497 2353 2522; x_wconf 89' lang='lat' dir='ltr'>et</span> <span class='ocrx_word' id='word_1_995' title='bbox 2372 2491 2500 2524; x_wconf 59' lang='lat' dir='ltr'>divisui</span> 
     </span>
     <span class='ocr_line' id='line_1_128' title="bbox 1415 2535 1612 2566; baseline -0.005 0"><span class='ocrx_word' id='word_1_996' title='bbox 1415 2535 1612 2566; x_wconf 89' lang='lat' dir='ltr'>continetur.</span> 
     </span>
    </p>

    <p class='ocr_par' dir='ltr' id='par_1_20' title="bbox 1413 2578 2537 2935">
     <span class='ocr_line' id='line_1_129' title="bbox 1473 2578 2502 2621; baseline 0.003 -11"><span class='ocrx_word' id='word_1_997' title='bbox 1473 2588 1502 2610; x_wconf 89' lang='lat'>2.</span> <span class='ocrx_word' id='word_1_998' title='bbox 1534 2579 1630 2610; x_wconf 90' lang='lat' dir='ltr'>Circa</span> <span class='ocrx_word' id='word_1_999' title='bbox 1660 2578 1848 2610; x_wconf 90' lang='lat' dir='ltr'>felicitatem</span> <span class='ocrx_word' id='word_1_1000' title='bbox 1877 2580 2109 2621; x_wconf 87' lang='lat' dir='ltr'>speculativam</span> <span class='ocrx_word' id='word_1_1001' title='bbox 2137 2579 2313 2612; x_wconf 89' lang='lat' dir='ltr'>dubitatur.</span> <span class='ocrx_word' id='word_1_1002' title='bbox 2344 2580 2429 2612; x_wconf 90' lang='lat' dir='ltr'>Nam</span> <span class='ocrx_word' id='word_1_1003' title='bbox 2459 2581 2502 2613; x_wconf 88' lang='lat' dir='ltr'>ad</span> 
     </span>
     <span class='ocr_line' id='line_1_130' title="bbox 1414 2623 2502 2667; baseline 0.004 -13"><span class='ocrx_word' id='word_1_1004' title='bbox 1414 2625 1575 2655; x_wconf 88' lang='lat' dir='ltr'>rationem</span> <span class='ocrx_word' id='word_1_1005' title='bbox 1609 2623 1770 2655; x_wconf 85' lang='lat' dir='ltr'>felicitatis</span> <span class='ocrx_word' id='word_1_1006' title='bbox 1802 2625 2064 2656; x_wconf 86' lang='lat' dir='ltr'>concomitanter</span> <span class='ocrx_word' id='word_1_1007' title='bbox 2095 2626 2237 2666; x_wconf 87' lang='lat' dir='ltr'>pertinet</span> <span class='ocrx_word' id='word_1_1008' title='bbox 2268 2631 2306 2656; x_wconf 90' lang='lat' dir='ltr'>ut</span> <span class='ocrx_word' id='word_1_1009' title='bbox 2337 2626 2502 2667; x_wconf 78' lang='lat' dir='ltr'>appetitus</span> 
     </span>
     <span class='ocr_line' id='line_1_131' title="bbox 1414 2669 2500 2710; baseline 0.003 -10"><span class='ocrx_word' id='word_1_1010' title='bbox 1414 2670 1589 2709; x_wconf 90' lang='lat' dir='ltr'>quietetur,</span> <span class='ocrx_word' id='word_1_1011' title='bbox 1606 2675 1638 2700; x_wconf 92' lang='lat' dir='ltr'>et</span> <span class='ocrx_word' id='word_1_1012' title='bbox 1654 2677 1712 2710; x_wconf 90' lang='lat' dir='ltr'>per</span> <span class='ocrx_word' id='word_1_1013' title='bbox 1728 2678 1935 2710; x_wconf 85' lang='lat' dir='ltr'>consequens</span> <span class='ocrx_word' id='word_1_1014' title='bbox 1955 2675 1991 2700; x_wconf 90' lang='lat' dir='ltr'>ut</span> <span class='ocrx_word' id='word_1_1015' title='bbox 2007 2669 2201 2701; x_wconf 89' lang='lat' dir='ltr'>delectetur:</span> <span class='ocrx_word' id='word_1_1016' title='bbox 2226 2679 2303 2701; x_wconf 87' lang='lat' dir='ltr'>cum</span> <span class='ocrx_word' id='word_1_1017' title='bbox 2327 2670 2500 2703; x_wconf 78' lang='lat' dir='ltr'>delectatio</span> 
     </span>
     <span class='ocr_line' id='line_1_132' title="bbox 1413 2714 2500 2758; baseline 0.004 -14"><span class='ocrx_word' id='word_1_1018' title='bbox 1413 2723 1483 2745; x_wconf 88' lang='lat' dir='ltr'>non</span> <span class='ocrx_word' id='word_1_1019' title='bbox 1500 2715 1540 2745; x_wconf 88' lang='lat' dir='ltr'>sit</span> <span class='ocrx_word' id='word_1_1020' title='bbox 1555 2714 1644 2745; x_wconf 84' lang='lat' dir='ltr'>aliud</span> <span class='ocrx_word' id='word_1_1021' title='bbox 1660 2723 1761 2755; x_wconf 87' lang='lat' dir='ltr'>quam</span> <span class='ocrx_word' id='word_1_1022' title='bbox 1776 2715 1870 2755; x_wconf 88' lang='lat' dir='ltr'>quies</span> <span class='ocrx_word' id='word_1_1023' title='bbox 1893 2715 2067 2755; x_wconf 89' lang='lat' dir='ltr'>appetitus.</span> <span class='ocrx_word' id='word_1_1024' title='bbox 2093 2714 2157 2746; x_wconf 87' lang='lat' dir='ltr'>Sed</span> <span class='ocrx_word' id='word_1_1025' title='bbox 2181 2714 2365 2747; x_wconf 76' lang='lat' dir='ltr'>intellectus</span> <span class='ocrx_word' id='word_1_1026' title='bbox 2386 2724 2500 2758; x_wconf 72' lang='lat' dir='ltr'>specu-</span> 
     </span>
     <span class='ocr_line' id='line_1_133' title="bbox 1415 2759 2500 2802; baseline 0.003 -12"><span class='ocrx_word' id='word_1_1027' title='bbox 1415 2759 1535 2790; x_wconf 73' lang='lat' dir='ltr'>lativas</span> <span class='ocrx_word' id='word_1_1028' title='bbox 1566 2768 1633 2790; x_wconf 84' lang='lat' dir='ltr'>non</span> <span class='ocrx_word' id='word_1_1029' title='bbox 1664 2763 1772 2790; x_wconf 75' lang='lat' dir='ltr'>movet</span> <span class='ocrx_word' id='word_1_1030' title='bbox 1801 2759 1988 2800; x_wconf 80' lang='lat' dir='ltr'>appetitum,</span> <span class='ocrx_word' id='word_1_1031' title='bbox 2012 2759 2070 2790; x_wconf 80' lang='lat' dir='ltr'>sed</span> <span class='ocrx_word' id='word_1_1032' title='bbox 2100 2765 2226 2791; x_wconf 77' lang='lat' dir='ltr'>tantum</span> <span class='ocrx_word' id='word_1_1033' title='bbox 2253 2760 2442 2802; x_wconf 74' lang='lat' dir='ltr'>practicus:</span> <span class='ocrx_word' id='word_1_1034' title='bbox 2462 2767 2500 2793; x_wconf 83' lang='lat' dir='ltr'>ut</span> 
     </span>
     <span class='ocr_line' id='line_1_134' title="bbox 1414 2803 2500 2846; baseline 0.003 -11"><span class='ocrx_word' id='word_1_1035' title='bbox 1414 2804 1521 2845; x_wconf 90' lang='lat' dir='ltr'>inquit</span> <span class='ocrx_word' id='word_1_1036' title='bbox 1543 2804 1683 2835; x_wconf 87' lang='lat' dir='ltr'>Sanctus</span> <span class='ocrx_word' id='word_1_1037' title='bbox 1706 2804 1853 2835; x_wconf 88' lang='lat' dir='ltr'>Thomas</span> <span class='ocrx_word' id='word_1_1038' title='bbox 1876 2803 1984 2835; x_wconf 79' lang='lat' dir='ltr'>Prima</span> <span class='ocrx_word' id='word_1_1039' title='bbox 2004 2803 2185 2841; x_wconf 87' lang='lat' dir='ltr'>Secundae,</span> <span class='ocrx_word' id='word_1_1040' title='bbox 2205 2813 2238 2846; x_wconf 91' lang='lat' dir='ltr'>q.</span> <span class='ocrx_word' id='word_1_1041' title='bbox 2255 2814 2298 2842; x_wconf 78' lang='lat' dir='ltr'>tx,</span> <span class='ocrx_word' id='word_1_1042' title='bbox 2315 2815 2343 2836; x_wconf 90' lang='lat' dir='ltr'>a.</span> <span class='ocrx_word' id='word_1_1043' title='bbox 2364 2812 2393 2842; x_wconf 80' lang='grc' dir='ltr'>ι,</span> <span class='ocrx_word' id='word_1_1044' title='bbox 2409 2805 2452 2838; x_wconf 81' lang='lat' dir='ltr'>ad</span> <span class='ocrx_word' id='word_1_1045' title='bbox 2467 2812 2500 2843; x_wconf 70' lang='lat' dir='ltr'>a,</span> 
     </span>
     <span class='ocr_line' id='line_1_135' title="bbox 1414 2848 2537 2891; baseline 0.003 -11"><span class='ocrx_word' id='word_1_1046' title='bbox 1414 2854 1447 2880; x_wconf 89' lang='lat' dir='ltr'>et</span> <span class='ocrx_word' id='word_1_1047' title='bbox 1471 2855 1519 2880; x_wconf 88' lang='lat' dir='ltr'>est</span> <span class='ocrx_word' id='word_1_1048' title='bbox 1542 2848 1583 2881; x_wconf 91' lang='lat' dir='ltr'>de</span> <span class='ocrx_word' id='word_1_1049' title='bbox 1606 2854 1718 2880; x_wconf 88' lang='lat' dir='ltr'>mente</span> <span class='ocrx_word' id='word_1_1050' title='bbox 1748 2848 1952 2890; x_wconf 84' lang='lat' dir='ltr'>Philosophi,</span> <span class='ocrx_word' id='word_1_1051' title='bbox 1977 2849 2020 2880; x_wconf 88' lang='lat'>111</span> <span class='ocrx_word' id='word_1_1052' title='bbox 2044 2849 2085 2880; x_wconf 83' lang='lat' dir='ltr'>de</span> <span class='ocrx_word' id='word_1_1053' title='bbox 2107 2849 2228 2880; x_wconf 73' lang='lat' dir='ltr'>Anima</span> <span class='ocrx_word' id='word_1_1054' title='bbox 2244 2851 2272 2880; x_wconf 59' lang='grc' dir='ltr'>θ.</span> <span class='ocrx_word' id='word_1_1055' title='bbox 2303 2849 2392 2891; x_wconf 83' lang='lat' dir='ltr'>Ergo</span> <span class='ocrx_word' id='word_1_1056' title='bbox 2414 2850 2500 2883; x_wconf 74' lang='lat' dir='ltr'>mate</span> <span class='ocrx_word' id='word_1_1057' title='bbox 2527 2851 2537 2861; x_wconf 87' lang='lat'><strong>‘</strong></span> 
     </span>
     <span class='ocr_line' id='line_1_136' title="bbox 1413 2893 2074 2935; baseline 0.002 -11"><span class='ocrx_word' id='word_1_1058' title='bbox 1413 2894 1549 2934; x_wconf 90' lang='lat' dir='ltr'>ponitur</span> <span class='ocrx_word' id='word_1_1059' title='bbox 1572 2893 1708 2925; x_wconf 87' lang='lat' dir='ltr'>felicitas</span> <span class='ocrx_word' id='word_1_1060' title='bbox 1731 2893 1839 2934; x_wconf 89' lang='lat' dir='ltr'>aliqua</span> <span class='ocrx_word' id='word_1_1061' title='bbox 1864 2893 2074 2935; x_wconf 89' lang='lat' dir='ltr'>speculativa.</span> 
     </span>
    </p>

    <p class='ocr_par' dir='ltr' id='par_1_21' title="bbox 1412 2937 2500 3552">
     <span class='ocr_line' id='line_1_137' title="bbox 1469 2937 2500 2979; baseline 0.004 -10"><span class='ocrx_word' id='word_1_1062' title='bbox 1469 2937 1700 2979; x_wconf 87' lang='lat' dir='ltr'>Respondetur</span> <span class='ocrx_word' id='word_1_1063' title='bbox 1722 2938 1814 2979; x_wconf 90' lang='lat' dir='ltr'>quod</span> <span class='ocrx_word' id='word_1_1064' title='bbox 1838 2938 2012 2979; x_wconf 85' lang='lat' dir='ltr'>dupliciter</span> <span class='ocrx_word' id='word_1_1065' title='bbox 2026 2944 2135 2979; x_wconf 88' lang='lat' dir='ltr'>potest</span> <span class='ocrx_word' id='word_1_1066' title='bbox 2150 2940 2276 2970; x_wconf 88' lang='lat' dir='ltr'>moveri</span> <span class='ocrx_word' id='word_1_1067' title='bbox 2292 2940 2444 2972; x_wconf 81' lang='lat' dir='ltr'>voluntas</span> <span class='ocrx_word' id='word_1_1068' title='bbox 2458 2941 2500 2972; x_wconf 87' lang='lat' dir='ltr'>ab</span> 
     </span>
     <span class='ocr_line' id='line_1_138' title="bbox 1414 2982 2500 3027; baseline 0.003 -13"><span class='ocrx_word' id='word_1_1069' title='bbox 1414 2983 1688 3024; x_wconf 89' lang='lat' dir='ltr'>apprehensione:</span> <span class='ocrx_word' id='word_1_1070' title='bbox 1713 2992 1783 3015; x_wconf 89' lang='lat' dir='ltr'>uno</span> <span class='ocrx_word' id='word_1_1071' title='bbox 1799 2983 1913 3020; x_wconf 89' lang='lat' dir='ltr'>modo,</span> <span class='ocrx_word' id='word_1_1072' title='bbox 1930 2982 1971 3014; x_wconf 91' lang='lat' dir='ltr'>ad</span> <span class='ocrx_word' id='word_1_1073' title='bbox 1987 2983 2212 3024; x_wconf 85' lang='lat' dir='ltr'>quaerendum</span> <span class='ocrx_word' id='word_1_1074' title='bbox 2227 2984 2261 3015; x_wconf 91' lang='lat' dir='ltr'>id</span> <span class='ocrx_word' id='word_1_1075' title='bbox 2276 2984 2368 3026; x_wconf 86' lang='lat' dir='ltr'>quod</span> <span class='ocrx_word' id='word_1_1076' title='bbox 2383 2993 2500 3027; x_wconf 66' lang='lat' dir='ltr'>appre-</span> 
     </span>
     <span class='ocr_line' id='line_1_139' title="bbox 1414 3027 2498 3070; baseline 0.002 -11"><span class='ocrx_word' id='word_1_1077' title='bbox 1414 3027 1581 3065; x_wconf 71' lang='lat' dir='ltr'>henditur:</span> <span class='ocrx_word' id='word_1_1078' title='bbox 1605 3028 1671 3059; x_wconf 87' lang='lat' dir='ltr'>alio</span> <span class='ocrx_word' id='word_1_1079' title='bbox 1694 3028 1808 3065; x_wconf 89' lang='lat' dir='ltr'>modo,</span> <span class='ocrx_word' id='word_1_1080' title='bbox 1834 3027 1874 3059; x_wconf 87' lang='lat' dir='ltr'>ad</span> <span class='ocrx_word' id='word_1_1081' title='bbox 1897 3027 2136 3069; x_wconf 87' lang='lat' dir='ltr'>quiescendum</span> <span class='ocrx_word' id='word_1_1082' title='bbox 2159 3029 2192 3060; x_wconf 88' lang='lat' dir='ltr'>in</span> <span class='ocrx_word' id='word_1_1083' title='bbox 2223 3037 2259 3060; x_wconf 89' lang='lat' dir='ltr'>re</span> <span class='ocrx_word' id='word_1_1084' title='bbox 2286 3029 2498 3070; x_wconf 74' lang='lat' dir='ltr'>apprehensa.</span> 
     </span>
     <span class='ocr_line' id='line_1_140' title="bbox 1413 3071 2499 3116; baseline 0.002 -12"><span class='ocrx_word' id='word_1_1085' title='bbox 1413 3073 1466 3104; x_wconf 86' lang='lat' dir='ltr'>Ad</span> <span class='ocrx_word' id='word_1_1086' title='bbox 1488 3073 1633 3114; x_wconf 88' lang='lat' dir='ltr'>primum</span> <span class='ocrx_word' id='word_1_1087' title='bbox 1657 3078 1788 3104; x_wconf 89' lang='lat' dir='ltr'>motum</span> <span class='ocrx_word' id='word_1_1088' title='bbox 1810 3073 1986 3114; x_wconf 88' lang='lat' dir='ltr'>requiritur</span> <span class='ocrx_word' id='word_1_1089' title='bbox 2008 3073 2226 3114; x_wconf 88' lang='lat' dir='ltr'>apprehensio</span> <span class='ocrx_word' id='word_1_1090' title='bbox 2257 3074 2409 3115; x_wconf 84' lang='lat' dir='ltr'>practica.</span> <span class='ocrx_word' id='word_1_1091' title='bbox 2433 3071 2499 3116; x_wconf 66' lang='lat' dir='ltr'>qun</span> 
     </span>
     <span class='ocr_line' id='line_1_141' title="bbox 1413 3117 2498 3161; baseline 0.003 -13"><span class='ocrx_word' id='word_1_1092' title='bbox 1413 3117 1574 3149; x_wconf 84' lang='lat' dir='ltr'>iudicatur</span> <span class='ocrx_word' id='word_1_1093' title='bbox 1597 3117 1720 3158; x_wconf 88' lang='lat' dir='ltr'>aliquid</span> <span class='ocrx_word' id='word_1_1094' title='bbox 1745 3127 1814 3149; x_wconf 87' lang='lat' dir='ltr'>esse</span> <span class='ocrx_word' id='word_1_1095' title='bbox 1837 3117 2016 3149; x_wconf 85' lang='lat' dir='ltr'>volendum</span> <span class='ocrx_word' id='word_1_1096' title='bbox 2040 3123 2073 3149; x_wconf 87' lang='lat' dir='ltr'>et</span> <span class='ocrx_word' id='word_1_1097' title='bbox 2095 3118 2320 3159; x_wconf 85' lang='lat' dir='ltr'>quaerendum</span> <span class='ocrx_word' id='word_1_1098' title='bbox 2341 3123 2498 3161; x_wconf 75' lang='lat' dir='ltr'>tanquam</span> 
     </span>
     <span class='ocr_line' id='line_1_142' title="bbox 1414 3162 2498 3204; baseline 0.002 -11"><span class='ocrx_word' id='word_1_1099' title='bbox 1414 3163 1541 3194; x_wconf 88' lang='lat' dir='ltr'>bonum</span> <span class='ocrx_word' id='word_1_1100' title='bbox 1561 3168 1593 3193; x_wconf 88' lang='lat' dir='ltr'>et</span> <span class='ocrx_word' id='word_1_1101' title='bbox 1608 3162 1819 3194; x_wconf 85' lang='lat' dir='ltr'>conveniens.</span> <span class='ocrx_word' id='word_1_1102' title='bbox 1844 3162 1886 3194; x_wconf 87' lang='lat' dir='ltr'>Et</span> <span class='ocrx_word' id='word_1_1103' title='bbox 1908 3162 1950 3194; x_wconf 88' lang='lat' dir='ltr'>de</span> <span class='ocrx_word' id='word_1_1104' title='bbox 1973 3163 2034 3194; x_wconf 89' lang='lat' dir='ltr'>hac</span> <span class='ocrx_word' id='word_1_1105' title='bbox 2053 3163 2204 3194; x_wconf 84' lang='lat' dir='ltr'>motione</span> <span class='ocrx_word' id='word_1_1106' title='bbox 2220 3162 2498 3204; x_wconf 64' lang='lat' dir='ltr'>loquuntursa-</span> 
     </span>
     <span class='ocr_line' id='line_1_143' title="bbox 1414 3207 2497 3240; baseline 0.001 -2"><span class='ocrx_word' id='word_1_1107' title='bbox 1414 3212 1485 3238; x_wconf 88' lang='lat' dir='ltr'>ctus</span> <span class='ocrx_word' id='word_1_1108' title='bbox 1501 3207 1647 3238; x_wconf 82' lang='lat' dir='ltr'>Th0mas</span> <span class='ocrx_word' id='word_1_1109' title='bbox 1663 3213 1696 3239; x_wconf 88' lang='lat' dir='ltr'>et</span> <span class='ocrx_word' id='word_1_1110' title='bbox 1711 3207 1912 3238; x_wconf 81' lang='lat' dir='ltr'>Aristoteles.</span> <span class='ocrx_word' id='word_1_1111' title='bbox 1928 3225 1953 3231; x_wconf 94' lang='lat'>-—</span> <span class='ocrx_word' id='word_1_1112' title='bbox 1967 3207 2019 3239; x_wconf 76' lang='lat' dir='ltr'>Ad</span> <span class='ocrx_word' id='word_1_1113' title='bbox 2043 3207 2221 3239; x_wconf 81' lang='lat' dir='ltr'>secundam</span> <span class='ocrx_word' id='word_1_1114' title='bbox 2243 3213 2354 3238; x_wconf 81' lang='lat' dir='ltr'>autem</span> <span class='ocrx_word' id='word_1_1115' title='bbox 2376 3208 2497 3240; x_wconf 61' lang='lat' dir='ltr'>modo·</span> 
     </span>
     <span class='ocr_line' id='line_1_144' title="bbox 1413 3251 2497 3294; baseline 0.001 -11"><span class='ocrx_word' id='word_1_1116' title='bbox 1413 3261 1491 3283; x_wconf 87' lang='lat' dir='ltr'>nem</span> <span class='ocrx_word' id='word_1_1117' title='bbox 1506 3261 1574 3283; x_wconf 91' lang='lat' dir='ltr'>non</span> <span class='ocrx_word' id='word_1_1118' title='bbox 1591 3252 1765 3293; x_wconf 88' lang='lat' dir='ltr'>requiritur</span> <span class='ocrx_word' id='word_1_1119' title='bbox 1787 3252 2005 3294; x_wconf 89' lang='lat' dir='ltr'>apprehensio</span> <span class='ocrx_word' id='word_1_1120' title='bbox 2029 3253 2184 3294; x_wconf 84' lang='lat' dir='ltr'>practica:</span> <span class='ocrx_word' id='word_1_1121' title='bbox 2209 3252 2285 3292; x_wconf 85' lang='lat' dir='ltr'>quia</span> <span class='ocrx_word' id='word_1_1122' title='bbox 2301 3251 2341 3283; x_wconf 87' lang='lat' dir='ltr'>ad</span> <span class='ocrx_word' id='word_1_1123' title='bbox 2357 3251 2497 3284; x_wconf 73' lang='lat' dir='ltr'>delecta-</span> 
     </span>
     <span class='ocr_line' id='line_1_145' title="bbox 1412 3296 2499 3339; baseline 0.002 -12"><span class='ocrx_word' id='word_1_1124' title='bbox 1412 3297 1537 3327; x_wconf 86' lang='lat' dir='ltr'>tionem</span> <span class='ocrx_word' id='word_1_1125' title='bbox 1561 3296 1679 3328; x_wconf 85' lang='lat' dir='ltr'>sufficit</span> <span class='ocrx_word' id='word_1_1126' title='bbox 1703 3296 1833 3338; x_wconf 76' lang='lat' dir='ltr'>adeptio</span> <span class='ocrx_word' id='word_1_1127' title='bbox 1856 3297 1934 3328; x_wconf 78' lang='lat' dir='ltr'>boni</span> <span class='ocrx_word' id='word_1_1128' title='bbox 1956 3296 2180 3328; x_wconf 73' lang='lat' dir='ltr'>convenientis</span> <span class='ocrx_word' id='word_1_1129' title='bbox 2202 3301 2235 3327; x_wconf 81' lang='lat' dir='ltr'>st</span> <span class='ocrx_word' id='word_1_1130' title='bbox 2255 3297 2404 3339; x_wconf 65' lang='lat' dir='ltr'>cognitio</span> <span class='ocrx_word' id='word_1_1131' title='bbox 2419 3298 2499 3330; x_wconf 75' lang='lat' dir='ltr'>talis</span> 
     </span>
     <span class='ocr_line' id='line_1_146' title="bbox 1413 3340 2496 3383; baseline 0.002 -11"><span class='ocrx_word' id='word_1_1132' title='bbox 1413 3341 1608 3383; x_wconf 74' lang='lat' dir='ltr'>adeptionis,</span> <span class='ocrx_word' id='word_1_1133' title='bbox 1625 3347 1662 3373; x_wconf 88' lang='lat' dir='ltr'>ut</span> <span class='ocrx_word' id='word_1_1134' title='bbox 1677 3341 1794 3373; x_wconf 83' lang='lat' dir='ltr'>dicitur</span> <span class='ocrx_word' id='word_1_1135' title='bbox 1809 3341 1916 3372; x_wconf 86' lang='lat' dir='ltr'>Prima</span> <span class='ocrx_word' id='word_1_1136' title='bbox 1931 3340 2112 3378; x_wconf 83' lang='lat' dir='ltr'>Secundae,</span> <span class='ocrx_word' id='word_1_1137' title='bbox 2129 3349 2161 3382; x_wconf 90' lang='lat' dir='ltr'>q.</span> <span class='ocrx_word' id='word_1_1138' title='bbox 2177 3350 2273 3377; x_wconf 77' lang='lat' dir='ltr'>xxxxi,</span> <span class='ocrx_word' id='word_1_1139' title='bbox 2291 3350 2319 3372; x_wconf 89' lang='lat' dir='ltr'>a.</span> <span class='ocrx_word' id='word_1_1140' title='bbox 2340 3349 2368 3372; x_wconf 84' lang='grc' dir='ltr'>ι.</span> <span class='ocrx_word' id='word_1_1141' title='bbox 2389 3341 2496 3380; x_wconf 87' lang='lat' dir='ltr'>Unde,</span> 
     </span>
     <span class='ocr_line' id='line_1_147' title="bbox 1413 3385 2495 3428; baseline 0.002 -11"><span class='ocrx_word' id='word_1_1142' title='bbox 1413 3395 1491 3417; x_wconf 91' lang='lat' dir='ltr'>cum</span> <span class='ocrx_word' id='word_1_1143' title='bbox 1515 3387 1661 3427; x_wconf 85' lang='lat' dir='ltr'>cognitio</span> <span class='ocrx_word' id='word_1_1144' title='bbox 1685 3386 1883 3427; x_wconf 79' lang='lat' dir='ltr'>speculativa</span> <span class='ocrx_word' id='word_1_1145' title='bbox 1905 3386 1947 3417; x_wconf 91' lang='lat' dir='ltr'>sit</span> <span class='ocrx_word' id='word_1_1146' title='bbox 1969 3386 2095 3417; x_wconf 87' lang='lat' dir='ltr'>bonum</span> <span class='ocrx_word' id='word_1_1147' title='bbox 2117 3385 2335 3427; x_wconf 87' lang='lat' dir='ltr'>intelligentis,</span> <span class='ocrx_word' id='word_1_1148' title='bbox 2353 3392 2386 3418; x_wconf 92' lang='lat' dir='ltr'>et</span> <span class='ocrx_word' id='word_1_1149' title='bbox 2402 3396 2495 3428; x_wconf 90' lang='lat' dir='ltr'>prae-</span> 
     </span>
     <span class='ocr_line' id='line_1_148' title="bbox 1413 3430 2496 3472; baseline 0.002 -10"><span class='ocrx_word' id='word_1_1150' title='bbox 1413 3431 1522 3462; x_wconf 88' lang='lat' dir='ltr'>sertim</span> <span class='ocrx_word' id='word_1_1151' title='bbox 1548 3432 1631 3462; x_wconf 88' lang='lat' dir='ltr'>circa</span> <span class='ocrx_word' id='word_1_1152' title='bbox 1655 3430 1836 3472; x_wconf 88' lang='lat' dir='ltr'>perfectum</span> <span class='ocrx_word' id='word_1_1153' title='bbox 1859 3430 2070 3470; x_wconf 84' lang='lat' dir='ltr'>intelligibile,</span> <span class='ocrx_word' id='word_1_1154' title='bbox 2086 3430 2156 3471; x_wconf 83' lang='lat' dir='ltr'>ipsa</span> <span class='ocrx_word' id='word_1_1155' title='bbox 2179 3430 2325 3472; x_wconf 90' lang='lat' dir='ltr'>cognitio</span> <span class='ocrx_word' id='word_1_1156' title='bbox 2348 3431 2496 3472; x_wconf 77' lang='lat' dir='ltr'>specula-</span> 
     </span>
     <span class='ocr_line' id='line_1_149' title="bbox 1413 3474 2495 3517; baseline 0.002 -11"><span class='ocrx_word' id='word_1_1157' title='bbox 1413 3475 1488 3512; x_wconf 86' lang='lat' dir='ltr'>tiva,</span> <span class='ocrx_word' id='word_1_1158' title='bbox 1512 3476 1621 3507; x_wconf 84' lang='lat' dir='ltr'>habita</span> <span class='ocrx_word' id='word_1_1159' title='bbox 1651 3482 1683 3507; x_wconf 90' lang='lat' dir='ltr'>et</span> <span class='ocrx_word' id='word_1_1160' title='bbox 1712 3476 1843 3517; x_wconf 86' lang='lat' dir='ltr'>cognita</span> <span class='ocrx_word' id='word_1_1161' title='bbox 1873 3475 1989 3510; x_wconf 76' lang='lat' dir='ltr'>inesse,</span> <span class='ocrx_word' id='word_1_1162' title='bbox 2014 3474 2264 3506; x_wconf 85' lang='lat' dir='ltr'>delectationem</span> <span class='ocrx_word' id='word_1_1163' title='bbox 2295 3485 2334 3507; x_wconf 91' lang='lat' dir='ltr'>ex</span> <span class='ocrx_word' id='word_1_1164' title='bbox 2356 3476 2495 3508; x_wconf 79' lang='lat' dir='ltr'>naturali</span> 
     </span>
     <span class='ocr_line' id='line_1_150' title="bbox 1414 3521 1813 3552; baseline 0 -1"><span class='ocrx_word' id='word_1_1165' title='bbox 1414 3521 1669 3551; x_wconf 87' lang='lat' dir='ltr'>concomitantia</span> <span class='ocrx_word' id='word_1_1166' title='bbox 1693 3526 1813 3552; x_wconf 86' lang='lat' dir='ltr'>causat.</span> 
     </span>
    </p>

    <p class='ocr_par' dir='ltr' id='par_1_22' title="bbox 1413 3565 2494 3641">
     <span class='ocr_line' id='line_1_151' title="bbox 1470 3565 2494 3602; baseline 0 -6"><span class='ocrx_word' id='word_1_1167' title='bbox 1470 3565 1529 3596; x_wconf 66' lang='lat' dir='ltr'>Ipsi</span> <span class='ocrx_word' id='word_1_1168' title='bbox 1554 3565 1626 3596; x_wconf 83' lang='lat' dir='ltr'>Dso</span> <span class='ocrx_word' id='word_1_1169' title='bbox 1652 3574 1770 3601; x_wconf 74' lang='lat' dir='ltr'>torma,</span> <span class='ocrx_word' id='word_1_1170' title='bbox 1795 3574 1849 3595; x_wconf 79' lang='lat' dir='ltr'>aur</span> <span class='ocrx_word' id='word_1_1171' title='bbox 1879 3573 2117 3596; x_wconf 66' lang='lat' dir='ltr'>maraci-isarna</span> <span class='ocrx_word' id='word_1_1172' title='bbox 2147 3574 2264 3596; x_wconf 63' lang='lat' dir='ltr'>auarus</span> <span class='ocrx_word' id='word_1_1173' title='bbox 2294 3573 2359 3602; x_wconf 71' lang='lat' dir='ltr'>aar,</span> <span class='ocrx_word' id='word_1_1174' title='bbox 2383 3573 2494 3596; x_wconf 66' lang='lat' dir='ltr'>norton</span> 
     </span>
     <span class='ocr_line' id='line_1_152' title="bbox 1413 3609 2492 3641; baseline 0.002 -2"><span class='ocrx_word' id='word_1_1175' title='bbox 1413 3618 1460 3640; x_wconf 85' lang='lat' dir='ltr'>srr</span> <span class='ocrx_word' id='word_1_1176' title='bbox 1476 3619 1515 3640; x_wconf 80' lang='grc' dir='ltr'>ιτ</span> <span class='ocrx_word' id='word_1_1177' title='bbox 1532 3619 1650 3641; x_wconf 61' lang='lat' dir='ltr'>onoma</span> <span class='ocrx_word' id='word_1_1178' title='bbox 1673 3618 1734 3640; x_wconf 70' lang='lat' dir='ltr'>rao</span> <span class='ocrx_word' id='word_1_1179' title='bbox 1757 3618 1820 3640; x_wconf 66' lang='lat' dir='ltr'>nae</span> <span class='ocrx_word' id='word_1_1180' title='bbox 1843 3617 1930 3640; x_wconf 65' lang='lat' dir='ltr'>»amr</span> <span class='ocrx_word' id='word_1_1181' title='bbox 1953 3618 2036 3639; x_wconf 70' lang='grc' dir='ltr'>ιιιιιι</span> <span class='ocrx_word' id='word_1_1182' title='bbox 2060 3618 2361 3641; x_wconf 64' lang='lat' dir='ltr'>tannasara-noun.</span> <span class='ocrx_word' id='word_1_1183' title='bbox 2386 3609 2492 3641; x_wconf 69' lang='lat' dir='ltr'>Anu.</span> 
     </span>
    </p>
   </div>
   <div class='ocr_carea' id='block_1_10' title="bbox 1065 3704 1710 3733">
    <p class='ocr_par' dir='ltr' id='par_1_23' title="bbox 1065 3704 1710 3733">
     <span class='ocr_line' id='line_1_153' title="bbox 1065 3704 1710 3733; baseline -0.002 0"><span class='ocrx_word' id='word_1_1184' title='bbox 1065 3704 1710 3733; x_wconf 37' lang='lat' dir='ltr'>v--Qfflw</span> 
     </span>
    </p>
   </div>
   <div class='ocr_carea' id='block_1_11' title="bbox 2530 1495 2730 1533">
    <p class='ocr_par' dir='ltr' id='par_1_24' title="bbox 2530 1495 2730 1533">
     <span class='ocr_line' id='line_1_154' title="bbox 2530 1495 2730 1533; baseline -0.005 -6"><span class='ocrx_word' id='word_1_1185' title='bbox 2530 1505 2540 1515; x_wconf 85' lang='grc'><em>·</em></span> <span class='ocrx_word' id='word_1_1186' title='bbox 2555 1495 2614 1533; x_wconf 67' lang='lat' dir='ltr'>Cap.</span> <span class='ocrx_word' id='word_1_1187' title='bbox 2624 1507 2667 1532; x_wconf 75' lang='lat' dir='ltr'>vu,</span> <span class='ocrx_word' id='word_1_1188' title='bbox 2675 1509 2730 1527; x_wconf 76' lang='lat' dir='ltr'>vui.</span> 
     </span>
    </p>
   </div>
   <div class='ocr_carea' id='block_1_12' title="bbox 2758 3826 2768 4028">
    <p class='ocr_par' dir='ltr' id='par_1_25' title="bbox 2758 3826 2768 4028">
     <span class='ocr_line' id='line_1_155' title="bbox 2758 3826 2768 4028; textangle 90"><span class='ocrx_word' id='word_1_1189' title='bbox 2762 4022 2768 4028; x_wconf 87' lang='lat'>.</span> <span class='ocrx_word' id='word_1_1190' title='bbox 2758 3977 2768 4004; x_wconf 70' lang='lat'>-·—</span> <span class='ocrx_word' id='word_1_1191' title='bbox 2759 3826 2768 3958; x_wconf 53' lang='lat' dir='ltr'>mmm—-</span> 
     </span>
    </p>
   </div>
  </div>
 </body>
</html>
