2768 4134
80 734 89 744 ⁸
109 732 161 754 Fol.
175 714 203 758 s4
225 730 293 759 (Ven.

82 759 155 787 ¹497)-

77 1082 117 1131 ἷιῗ,
126 1082 171 1136 Ui·
177 1082 292 1135 {¹⁷1;,1}¹.‘¹

80 3435 89 3445 ·
109 3432 146 3456 Cf.
163 3439 186 3455 n.
199 3439 229 3460 ix,
241 3433 293 3456 init.

322 306 402 352 446

323 393 351 413 a.
371 391 398 418 1,
412 386 444 412 et
458 382 492 411 in
504 380 569 418 Qu.
586 379 626 410 de
636 378 869 419 Spiritualibus
883 377 1064 413 Creaturis,
1080 383 1137 407 art.
1156 386 1186 413 2,
1202 382 1291 407 tenet
1307 375 1398 417 quod

323 426 428 456 forma
449 425 541 455 mixti
562 424 658 454 habet
680 422 825 462 aliquam
849 421 1073 462 operationem
1089 421 1294 452 excedentem
1318 429 1399 461 qua-

322 470 429 500 litates
451 469 575 499 activas
597 472 629 497 et
644 467 805 507 passivas.

376 522 406 543 2.
424 511 612 543 Secundum
635 511 772 541 dubium
794 514 841 540 est
857 510 942 540 circa
957 510 1183 550 operationem
1199 510 1326 540 animae
1348 509 1397 539 in-

321 557 509 587 tellectivae.
526 554 662 586 Videtur
678 555 766 585 enim
782 554 865 584 velle
882 554 1018 585 Sanctus
1034 554 1181 585 Thomas
1196 553 1288 594 quod
1302 553 1396 584 intel—

320 601 419 640 ligere
442 600 614 630 conveniat
637 599 698 629 sibi
720 598 902 629 secundum
918 598 1009 639 quod
1024 598 1150 630 excedit
1172 597 1396 629 conditionem

320 644 483 680 materiae,
499 653 576 674 cum
591 644 626 674 in
636 643 692 674 illa
707 643 899 684 operatione
914 644 1047 674 materia
1059 643 1205 683 corporis
1220 652 1289 673 non
1306 651 1397 672 com·

320 688 475 719 municet.
511 687 635 718 Contra
665 688 730 718 hoc
760 688 848 718 enim
878 688 982 727 arguit
1016 687 1148 723 Scottis,
1179 687 1214 717 in
1245 686 1395 724 Quolib.,

321 742 376 772 qu.
393 742 424 762 rx
436 733 464 768 *,
488 731 669 772 dupliciter.
694 732 813 762 Primo.
837 731 951 762 Homo
968 741 1034 762 non
1058 736 1107 762 est
1128 731 1225 761 homo
1242 740 1308 771 per
1324 730 1396 760 ani-

321 786 406 807 mam
431 776 494 807 nisi
518 781 554 806 ut
576 776 738 818 informat
760 776 942 807 materiam.
960 775 1055 816 Ergo
1073 784 1132 805 nec
1148 780 1306 815 operatur
1322 784 1395 815 ope-

321 820 451 851 ratione
467 820 610 861 propria
625 821 767 851 hominis
781 820 958 851 secundum
977 819 1133 855 animam,
1151 819 1215 850 nisi
1234 824 1271 850 ut
1285 819 1396 849 anima

321 865 482 907 informat
503 865 686 895 materiam.
716 865 822 906 Ergo,
854 865 905 894 vel
934 873 1000 894 non
1032 863 1188 904 intelligit
1218 863 1395 894 secundum

320 910 464 940 animam
489 914 525 939 ut
545 909 722 940 secundum
736 910 889 950 sormam
911 916 995 948 quae
1017 907 1060 938 sit
1074 907 1278 948 principium
1300 908 1397 938 huius

320 953 539 994 operationis:
559 954 610 984 uel
633 953 788 994 intelligit
801 952 978 983 secundum
994 961 1064 982 eam
1086 957 1122 982 ut
1145 952 1306 993 informat
1328 960 1397 981 ma·

320 998 446 1028 teriam.
462 1014 486 1019 -
500 997 658 1027 Probatur
680 996 883 1027 antecedens.
911 995 998 1031 Quia
1022 995 1235 1036 compositum
1259 1005 1325 1026 non
1350 1000 1398 1026 est

321 1042 404 1073 illud
422 1041 509 1082 quod
529 1046 576 1072 est
596 1041 658 1071 nisi
673 1051 716 1071 ex
726 1041 878 1081 partibus
898 1040 1008 1076 unitis,
1026 1045 1062 1070 ut
1078 1044 1172 1080 patet
1185 1048 1228 1070 ex
1249 1039 1314 1070 VII
1325 1040 1396 1070 Me-

321 1086 511 1126 taphysica'e
526 1086 552 1115 *ἢ

376 1128 539 1161 Secundo.
571 1129 689 1159 Anima
720 1128 897 1159 secundum
926 1137 1113 1169 supremum
1143 1127 1287 1169 gradum
1316 1137 1397 1158 suae

312 1173 530 1215 perfectionis
553 1173 734 1204 essentialis
749 1173 911 1214 informat
925 1173 1108 1204 materiam.
1124 1171 1189 1202 Sed
1211 1171 1397 1213 intelligere

319 1227 385 1248 non
399 1222 510 1257 potest
527 1222 707 1257 competere
728 1217 790 1248 sibi
811 1217 988 1248 secundum
1011 1217 1153 1257 aliquem
1175 1216 1319 1257 gradum
1341 1226 1396 1247 su-

312 1262 479 1302 periorem
503 1270 600 1302 quam
623 1261 667 1292 sit
689 1270 870 1302 supremus.
895 1261 971 1292 Non
996 1271 1078 1302 ergo
1102 1261 1255 1301 competit
1275 1260 1337 1291 sibi
1360 1265 1397 1291 ut

319 1306 446 1336 excedit
467 1305 660 1336 materiam:
682 1305 896 1347 intelligendo
915 1315 978 1346 per
1005 1318 1018 1332 ‹
1038 1305 1195 1336 excedere
1213 1318 1227 1332 ›
1254 1314 1320 1335 non
1345 1305 1395 1335 in-

336 1359 477 1381 ormare.
526 1357 528 1359 ·

309 1351 341 1392 f
375 1395 429 1425 XI.
460 1393 513 1424 Ad
542 1394 686 1434 primum
717 1393 855 1425 dubium
882 1393 1072 1434 responderi
1100 1398 1209 1434 potest
1239 1393 1331 1434 quod
1354 1392 1395 1424 de

318 1438 376 1469 illo
399 1437 516 1469 effectu
540 1438 665 1469 formae
687 1438 780 1469 mixti
803 1438 975 1479 dupliciter
994 1438 1087 1478 loqui
1110 1443 1300 1478 possumus:
1326 1446 1395 1468 uno

318 1482 431 1519 modo,
456 1488 616 1523 quantum
632 1482 672 1513 ad
687 1483 831 1523 speciem
846 1482 998 1519 effectus;
1023 1483 1088 1513 alio
1103 1481 1217 1519 modo,
1235 1487 1394 1522 quantum

318 1527 360 1558 ad
382 1526 520 1558 modum
542 1527 756 1568 producendi.
772 1527 883 1558 Primo
898 1526 1001 1558 modo
1016 1527 1070 1557 hic
1089 1527 1235 1567 loquitur
1257 1526 1395 1557 Sanctus

319 1571 481 1602 Thomas:
505 1571 650 1602 secundo
675 1577 784 1603 autem
808 1571 910 1602 modo
926 1571 960 1602 in
983 1571 1052 1602 aliis
1075 1571 1167 1602 locis.
1190 1571 1284 1602 Licet
1306 1571 1395 1602 enim

318 1616 353 1646 in
377 1615 529 1647 effectum
552 1616 730 1656 quemlibet
753 1615 877 1647 formae
901 1616 994 1646 mixti
1015 1615 1184 1646 inanimati
1206 1615 1310 1656 possit
1332 1615 1395 1645 vir-

318 1665 388 1691 tute
400 1660 592 1700 qualitatum
603 1660 817 1691 materialium
829 1660 1000 1700 perveniri,
1011 1669 1080 1690 non
1091 1665 1202 1690 tamen
1217 1669 1258 1690 eo
1274 1659 1395 1690 modo.

319 1705 396 1745 quia
419 1703 524 1735 forma
546 1705 638 1735 mixti
661 1705 804 1745 aliquem
820 1704 972 1735 effectum
988 1703 1142 1745 producit
1164 1704 1318 1734 nobiliori
1332 1703 1396 1734 vir-

320 1754 389 1780 tute
413 1756 512 1788 quam
539 1749 580 1779 sit
606 1749 707 1779 virtus
736 1749 864 1779 illarum
893 1749 1097 1789 qualitatum,
1129 1748 1251 1779 scilicet
1276 1748 1395 1778 virtute

321 1797 543 1833 consequente
558 1793 702 1833 speciem
717 1802 757 1824 ex
772 1793 918 1833 corporis
934 1793 1079 1823 caelestis
1094 1791 1277 1828 influentia;
1294 1796 1327 1822 et
1338 1801 1397 1832 per

322 1844 528 1877 consequens
544 1838 641 1868 etiam
664 1837 769 1868 altiori
785 1842 817 1867 et
831 1837 984 1868 nobiliori
1003 1836 1106 1868 modo
1122 1837 1215 1867 illum
1231 1835 1394 1876 producit.

379 1891 408 1912 2.
432 1881 484 1911 Ad
507 1881 688 1912 secundum
704 1881 840 1912 dubium
855 1881 972 1912 dicitur
987 1880 1078 1921 quod
1097 1880 1234 1912 Sanctus
1248 1880 1396 1911 Th0mas

321 1926 463 1956 animam
477 1925 707 1956 intellectivam
722 1925 879 1956 excedere
893 1925 1064 1956 materiam
1080 1934 1149 1955 non
1164 1924 1313 1964 intelligit
1329 1933 1395 1954 non

321 1969 506 2011 infamare
532 1970 713 2005 materiam,
737 1974 774 1999 ut
796 1979 835 2000 ex
858 1969 1007 2009 superius
1031 1969 1123 1999 dictis
1145 1969 1180 1999 in
1202 1969 1267 1999 hoc
1291 1969 1396 2009 capite

321 2019 469 2054 apparet:
489 2013 546 2044 sed
568 2014 672 2054 ipsam
694 2022 764 2044 non
780 2022 849 2044 esse
864 2013 1016 2044 materiae
1039 2014 1236 2049 immersam,
1259 2017 1292 2043 et
1314 2012 1396 2043 obli-

319 2063 426 2098 gatam
441 2058 604 2094 materiae,
617 2067 655 2088 ac
670 2057 811 2088 totaliter
826 2058 866 2088 ab
882 2058 951 2098 ipsa
975 2057 1256 2097 comprehensam,
1280 2061 1397 2097 utpote

320 2104 364 2133 ita
383 2102 622 2143 dependentem
637 2102 677 2132 ab
692 2102 763 2142 ipsa
778 2101 870 2142 quod
885 2111 953 2132 non
969 2102 1073 2142 possit
1088 2101 1206 2133 habere
1222 2110 1292 2132 esse
1308 2106 1396 2132 extra

320 2147 497 2178 materiam.
521 2146 616 2178 Unde
648 2146 812 2177 actionem
839 2145 1039 2186 intelligendi
1067 2146 1243 2177 convenire
1270 2146 1397 2176 animae

320 2190 501 2222 secundum
529 2190 620 2231 quod
653 2190 779 2222 excedit
808 2190 1033 2222 conditionem
1062 2190 1226 2226 materiae,
1255 2196 1326 2221 non
1350 2194 1398 2220 est

319 2235 408 2266 illam
431 2235 657 2276 operationem
677 2235 852 2266 convenire
868 2235 994 2266 animae
1010 2240 1047 2265 ut
1069 2244 1137 2266 non
1160 2234 1315 2265 informat
1329 2243 1397 2265 ma-

320 2281 450 2311 teriam:
475 2279 532 2310 sed
547 2284 584 2310 ut
599 2280 696 2310 habet
720 2289 789 2310 esse
805 2280 851 2310 sic
874 2288 970 2319 supra
993 2279 1161 2310 materiam
1184 2278 1347 2310 elevatum
1362 2284 1398 2309 ut

320 2325 360 2354 ab
383 2324 453 2364 ipsa
475 2333 544 2354 non
567 2323 749 2364 dependeat
771 2333 809 2354 ac
823 2333 892 2354 non
908 2323 1213 2364 comprehendatur.
1237 2323 1279 2353 Et
1301 2323 1398 2354 huius

320 2369 450 2408 signum
473 2373 531 2403 est,
548 2368 626 2407 quia
647 2367 701 2398 illa
717 2368 864 2408 operatio
883 2367 1005 2408 absque
1029 2376 1152 2407 organo
1174 2367 1335 2407 corporali
1351 2366 1396 2397 fit.

376 2412 423 2442 Ea
446 2416 590 2452 propter,
609 2417 799 2452 argumenta
822 2412 911 2442 Scoti
934 2421 1003 2442 non
1026 2416 1102 2443 sunt
1117 2417 1231 2442 contra
1252 2416 1398 2442 mentem

321 2456 431 2487 Sancti
461 2456 622 2492 Thomae,
652 2455 709 2486 sed
739 2465 778 2487 ex
807 2456 895 2487 malo
926 2456 1094 2487 intellectu
1123 2456 1298 2487 verborum
1328 2456 1398 2486 eius

320 2500 513 2541 procedunt.
530 2500 753 2531 Veruntamen
776 2500 817 2531 ad
839 2500 894 2531 illa
915 2500 1149 2540 particulariter
1171 2499 1397 2540 respondetur.

375 2544 429 2575 Ad
451 2545 595 2584 primum
626 2544 759 2584 quidem
790 2544 907 2575 dicitur
937 2544 1028 2585 quod
1057 2545 1172 2585 utique
1190 2545 1304 2575 >homo
1327 2554 1397 2576 non

320 2594 473 2628 operatur
495 2589 687 2629 operatione
710 2589 770 2619 sibi
793 2589 935 2629 propria,
954 2598 1064 2628 neque
1086 2598 1144 2629 per
1167 2589 1320 2625 animam,
1335 2589 1398 2620 nisi

319 2633 372 2664 illa
395 2632 549 2664 informet
571 2633 755 2664 materiam:
786 2632 843 2664 sed
872 2638 981 2664 tamen
1011 2633 1189 2673 intelligere
1218 2642 1287 2664 non
1316 2642 1396 2664 con-

318 2678 407 2708 venit
430 2677 460 2708 ei
483 2682 520 2708 ut
542 2676 706 2713 informat,
731 2678 758 2708 si
780 2677 814 2718 ly
837 2682 872 2708 ut
895 2677 989 2708 dicat·
1002 2677 1162 2708 rationem
1185 2676 1395 2718 intelligendi,

319 2721 375 2752 sed
399 2726 434 2752 ut
448 2721 496 2755 sic
519 2721 681 2763 informat
695 2721 866 2753 materiam
881 2721 970 2762 quod
985 2721 1026 2752 ab
1042 2722 1112 2762 ipsa
1134 2721 1312 2753 secundum
1327 2731 1397 2753 esse

320 2775 385 2796 non
409 2765 574 2807 dependet,
591 2765 683 2807 quod
698 2771 747 2797 est
761 2766 865 2806 ipsam
881 2765 1036 2797 excedere
1051 2767 1230 2797 materiam.
1247 2766 1291 2798 Ut
1307 2767 1396 2798 enim

318 2811 426 2851 inquit
456 2810 592 2842 Sanctus
620 2810 766 2841 Thomas
788 2810 822 2841 in
845 2810 911 2849 Qu.
932 2811 973 2842 de
990 2811 1121 2847 Anima,
1137 2816 1195 2842 art.
1217 2819 1267 2850 14,
1283 2810 1325 2842 ad
1343 2818 1394 2848 ιο,

319 2854 394 2886 licet
415 2855 527 2886 anima
545 2863 609 2896 per
631 2855 802 2886 essentiam
826 2864 919 2886 suam
934 2855 978 2886 sit
990 2855 1121 2897 sonna,
1139 2860 1245 2886 tamen
1270 2855 1396 2896 aliquid

312 2903 423 2939 potest
453 2900 483 2930 ei
514 2904 695 2940 competere
722 2900 914 2940 inquantum
942 2904 990 2931 est
1017 2900 1093 2931 talis
1112 2900 1243 2942 forma,
1272 2900 1397 2932 scilicet

310 2944 430 2985 forma
453 2943 638 2979 subsistens,
669 2944 757 2984 quod
787 2953 853 2974 non
886 2944 1038 2984 competit
1064 2945 1094 2975 ei
1124 2944 1318 2985 inquantum
1348 2949 1396 2976 est

310 2988 451 3029 forma:
474 2988 558 3019 sicut
581 2988 766 3029 intelligere
790 2997 855 3019 non
881 2988 1032 3019 conuenit
1054 2988 1179 3019 homini
1202 2988 1395 3029 inquantum

319 3032 453 3068 animal,
477 3032 553 3063 licet
573 3032 671 3063 homo
694 3033 738 3063 sit
758 3032 884 3063 animal
906 3032 1083 3063 secundum
1099 3033 1270 3064 essentiam
1289 3042 1394 3065 suam.

374 3076 427 3108 Ad
449 3075 630 3108 secundum
647 3076 763 3108 dicitur
778 3076 871 3117 quod
886 3077 993 3108 anima
1008 3076 1189 3108 secundum
1205 3086 1395 3118 supremum

319 3121 369 3151 sui
385 3120 520 3160 gradum
537 3120 740 3152 essentialem
752 3122 866 3161 utique
881 3120 1035 3152 informat
1050 3122 1233 3152 materiam.
1251 3121 1308 3153 sed
1325 3131 1395 3154 non

318 3165 520 3205 immergitur
542 3165 705 3202 materiae,
729 3166 832 3196 immo
857 3171 1002 3196 remanet
1027 3174 1085 3206 per
1107 3175 1141 3196 se
1164 3166 1340 3197 subsistens
1363 3171 1396 3198 et

318 3218 386 3240 non
403 3208 592 3250 dependens
603 3219 622 3240 a
636 3210 770 3240 materia
786 3209 967 3241 secundum
984 3218 1068 3246 esse3
1084 3209 1175 3250 quod
1191 3215 1239 3241 est
1253 3211 1395 3242 animam

319 3254 487 3285 materiam
511 3253 675 3285 excedere.
700 3254 742 3285 Et
764 3254 828 3285 hoc
852 3259 900 3285 est
918 3254 978 3284 sibi
1000 3254 1082 3285 ratio
1099 3263 1199 3294 quare
1221 3255 1396 3295 possit-in-

319 3297 473 3337 telligere.
497 3297 593 3336 Quae
615 3299 697 3329 ratio
721 3299 799 3339 quia
820 3299 855 3330 in
879 3297 992 3329 formis
1013 3298 1232 3330 materialibus
1254 3308 1322 3330 non
1345 3300 1395 3331 in-

320 3342 456 3378 venitur,
472 3341 628 3373 sed'sunt
645 3343 816 3374 immersae
832 3343 984 3374 materiae
1008 3347 1040 3374 et
1063 3351 1132 3373 non
1154 3352 1213 3383 per
1236 3353 1270 3374 se
1292 3344 1395 3374 subsi-

320 3391 418 3422 stunt,
442 3385 518 3417 idco
541 3387 718 3427 intelligere
741 3397 810 3418 non
835 3392 982 3427 possunt.

374 3430 443 3461 XII.
457 3430 627 3468 Quantum
639 3430 872 3462 ad'secundum
884 3435 1047 3472 punctum
1061 3431 1158 3462 huius
1170 3431 1268 3471 partis
1278 3432 1305 3467 *,
1320 3432 1396 3472 quia

322 3479 432 3513 posset
455 3475 571 3515 aliquis
595 3475 785 3512 existimare,
802 3476 878 3516 quia
902 3476 1009 3506 anima
1030 3475 1225 3506 intellectiva
1247 3484 1317 3506 non
1341 3475 1396 3507 de-

323 3517 443 3556 pendet
466 3528 484 3549 a
510 3520 644 3550 materia
667 3519 724 3550 sed
754 3525 801 3550 est
830 3528 888 3560 per
918 3528 953 3550 se
982 3519 1168 3555 subsistens,
1201 3519 1292 3559 quod
1320 3519 1395 3551 ideo

323 3561 403 3592 unio
427 3562 527 3602 ipsius
543 3572 619 3594 cum
634 3564 768 3594 materia
786 3573 855 3595 non
878 3564 918 3595 sit
933 3563 1100 3595 naturalis:
1124 3563 1299 3604 respondet
1318 3563 1397 3595 San-

325 3610 395 3635 ctus
418 3605 564 3638 Thomas
586 3607 687 3647 quod,
711 3608 775 3639 hoc
804 3617 873 3639 non
897 3608 1055 3645 obstante,
1079 3608 1138 3639 illa
1166 3607 1246 3638 unio
1269 3612 1317 3639 est
1339 3617 1397 3639 na-

327 3649 454 3680 turalis.
470 3650 570 3687 Quod
592 3652 708 3691 probat
723 3652 784 3683 hac
799 3653 934 3683 ratione.
950 3652 1070 3684 Forma
1085 3651 1234 3692 indigens
1249 3651 1290 3683 ad
1305 3661 1398 3683 suam

793 300 983 337 SUMMA
1011 299 1235 337 CONTRA
1262 297 1539 342 GENTILES,
1567 297 1662 333 LIB.
1683 297 1726 342 11,
1756 296 1868 334 CAP.
1888 298 2054 335 LXVIII.

1452 377 1679 416 operationem
1701 375 1857 416 potentiis
1879 385 1938 416 per
1960 377 2142 416 corporalia
2164 386 2285 418 organa
2307 379 2528 419 operanfibus,

1451 421 1637 451 naturaliter
1660 420 1771 450 unitur
1799 420 1939 460 corpori.
1970 421 2090 451 Anima
2117 421 2314 453 intellectiva
2345 429 2393 454 est
2415 424 2528 454 huius-

1451 464 1559 495 modi:
1583 464 1707 504 indiget
1729 464 1818 494 enim
1847 465 2079 504 imaginatione
2103 470 2136 495 et
2165 474 2273 502 sensu,
2295 467 2419 498 scilicet
2440 473 2527 498 exte-

1451 509 1537 539 riori.
1562 509 1650 549 Ergo
1665 508 1852 539 naturaliter
1866 509 1978 539 unitur
1994 509 2124 549 corpori
2142 509 2183 540 ad
2207 510 2437 550 complendam
2455 521 2528 553 spe-

1452 554 1536 583 ciem
1559 553 1747 583 humanam.

1508 596 1560 627 Ad
1583 596 1780 628 evidentiam
1802 597 1900 627 huius
1917 597 2062 634 rationis,
2079 597 2352 629 considerandum
2367 603 2415 629 est
2437 599 2530 639 quod

1451 646 1585 672 naturae
1607 641 1867 681 uniuscuiusque
1890 642 2041 681 congruit
2055 647 2092 673 ut
2107 642 2224 672 habeat
2245 642 2280 673 id
2302 642 2394 683 quod
2414 651 2528 673 neces·

1450 686 1571 716 sarium
1594 691 1642 717 est
1665 685 1706 716 ad
1720 694 1813 716 suam
1829 686 2054 725 operationem
2068 687 2252 727 propriam:
2270 696 2347 718 cum
2362 696 2528 727 unaquae-

1451 739 1515 770 que
1538 739 1589 760 res
1612 730 1653 761 sit
1675 735 1808 770 propter
1822 739 1915 760 suam
1938 731 2174 770 operationem,
2194 736 2227 762 et
2245 730 2285 761 ad
2307 731 2412 771 ipsam
2433 737 2529 762 natu-

1450 774 1557 805 raliter
1580 774 1763 805 inclinetur.
1784 773 1838 804 Ad
1851 774 2019 814 propriam
2034 779 2144 805 autem
2159 776 2384 815 operationem
2400 775 2529 806 animae

1450 819 1675 854 intellectiva,
1699 828 1738 849 eo
1754 818 1844 859 quod
1865 818 1908 848 sit
1926 818 2040 859 infima
2055 818 2088 849 in
2103 828 2227 860 genere
2246 820 2528 855 intellectualium,

1449 863 1534 893 sicut
1556 863 1696 893 materia
1715 863 1826 903 prima
1850 861 1883 892 in
1906 871 2030 904 genere
2056 872 2168 893 rerum
2189 863 2399 900 sensibilium,
2425 869 2456 895 et
2479 864 2527 894 id-

1450 907 1539 938 circo
1560 907 1593 937 in
1617 907 1670 938 sui
1685 911 1807 937 natura
1831 915 1898 937 non
1921 906 2040 937 habeat
2060 907 2182 947 species
2205 907 2435 950 intelligibiles,
2459 908 2529 939 exi-

1449 951 1543 993 gitur
1567 956 1602 982 ut
1613 952 1683 992 fiat
1705 951 1738 981 in
1763 955 1838 982 actu
1855 960 1920 991 per
1941 951 2062 991 species
2086 951 2306 993 intelligibiles
2327 952 2529 993 acquirendo

1451 1005 1507 1026 eas
1516 1005 1581 1036 per
1594 995 1765 1026 sensitiuas
1775 994 1942 1035 potentias
1958 1004 1980 1026 a
1994 995 2210 1032 sensibilibus,
2222 1001 2263 1029 ¹ut
2279 995 2396 1027 dicitur
2410 997 2445 1027 in
2459 996 2527 1035 Qu.

1450 1040 1491 1071 de
1505 1040 1635 1076 Anima,
1652 1045 1709 1070 art.
1726 1049 1757 1079 7.
1777 1039 1853 1070 Hoc
1869 1044 1979 1070 autem
2001 1038 2072 1070 fieri
2093 1049 2163 1070 non
2182 1044 2291 1080 potest
2311 1041 2375 1071 nisi
2397 1041 2528 1080 corpori

1450 1084 1716 1124 complexionato
1735 1084 1882 1114 uniatur:
1900 1093 1977 1114 curn
1993 1084 2140 1124 operatio
2164 1093 2278 1115 sensus
2300 1093 2371 1115 non
2392 1083 2449 1115 fiat
2465 1085 2530 1115 nisi

1450 1138 1508 1169 per
1531 1138 1691 1168 organum
1714 1128 1894 1168 corporale.
1919 1127 1997 1159 Ideo
2020 1128 2207 1159 naturaiiter
2230 1129 2385 1159 convenit
2399 1129 2530 1164 animae

1450 1178 1486 1203 ut
1502 1173 1633 1212 corpori
1647 1172 1789 1203 uniatur.
1805 1172 1847 1203 Et
1861 1172 1927 1203 hoc
1943 1178 1991 1203 est
2004 1172 2102 1203 huius
2117 1172 2250 1203 rationis
2265 1171 2528 1204 fimdamenmm.

1505 1216 1589 1247 XIII.
1615 1215 1680 1247 Sed
1696 1217 1838 1247 occurrit
1855 1216 2004 1247 dubium.
2020 1216 2108 1255 Quia
2123 1215 2215 1257 quod
2229 1217 2417 1248 naturaliter
2431 1217 2530 1248 alicui

1450 1261 1615 1296 convenit,
1639 1261 1779 1301 separari
1793 1260 1834 1291 ab
1857 1269 1899 1291 eo
1913 1269 1983 1291 non
2006 1266 2130 1301 potest:
2147 1262 2302 1292 convenit
2316 1261 2404 1292 enim
2427 1269 2529 1293 omne

1449 1305 1512 1336 tale
1535 1305 1584 1335 rei
1606 1304 1789 1335 secundum
1812 1313 1857 1335 se.
1887 1304 1986 1345 Ergo,
2010 1306 2037 1336 si
2066 1306 2154 1336 uniri
2176 1305 2307 1346 corpori
2330 1310 2378 1336 est
2400 1306 2528 1337 animae

1449 1349 1605 1385 naturale,
1629 1357 1801 1389 nunquam
1823 1349 1945 1389 poterit
1961 1358 2030 1380 esse
2049 1350 2158 1380 anima
2178 1358 2248 1380 non
2271 1350 2362 1380 unita
2385 1350 2528 1391 corpori.

1449 1393 1492 1424 Et
1513 1403 1572 1434 per
1595 1402 1811 1433 consequens,
1836 1397 1992 1433 corrupto
2015 1402 2166 1434 corpore,
2182 1394 2347 1434 oportebit
2370 1399 2402 1424 et
2420 1394 2528 1442 ipsam

1450 1438 1627 1478 corrumpi.

1507 1491 1536 1513 2.
1552 1480 1756 1523 Responderi
1772 1486 1881 1522 potest
1899 1481 2018 1522 primo,
2035 1481 2127 1522 quod
2148 1482 2255 1512 maior
2269 1487 2318 1512 est
2331 1484 2407 1513 vera
2420 1491 2481 1523 per
2493 1491 2530 1514 se

1449 1526 1635 1567 loquendo:
1660 1526 1718 1557 sed
1739 1526 1824 1557 bene
1847 1535 1907 1566 per
1928 1525 2079 1557 accidens
2095 1526 2236 1566 separari
2250 1531 2370 1566 potest,
2393 1525 2528 1567 quando

1450 1570 1542 1611 quod
1564 1570 1751 1602 naturaliter
1773 1570 1871 1601 alicui
1895 1571 2058 1607 convenit,
2083 1570 2144 1601 sibi
2167 1570 2321 1601 convenit
2347 1571 2382 1602 in
2411 1569 2529 1602 ordine

1450 1615 1491 1646 ad
1513 1614 1648 1666 aliquod
1671 1615 1906 1651 extrinsecum;
1923 1614 2007 1646 sicut
2024 1623 2093 1645 esse
2109 1623 2239 1645 sursum
2253 1615 2318 1645 levi
2340 1615 2531 1663 neutraliter

1450 1659 1614 1696 convenit,
1637 1664 1747 1690 tamen
1770 1658 1921 1699 impediri
1943 1664 2053 1699 potest
2074 1668 2117 1689 ne
2138 1659 2180 1690 sit
2201 1667 2341 1690 sursum.

1506 1704 1593 1744 Resp
1595 1702 1737 1734 ondetur
1759 1702 1917 1740 secundo,
1941 1703 2033 1743 quod
2063 1703 2237 1743 dupliciter
2264 1702 2388 1743 aliquid
2416 1706 2527 1744 potest

1450 1747 1515 1778 dici
1536 1713 1682 1778 mentale
1705 1747 1816 1778 alicui:
1840 1756 1910 1778 uno
1932 1747 2046 1784 modo,
2062 1756 2122 1788 per
2143 1747 2282 1779 modum
2306 1753 2396 1778 actus
2419 1748 2529 1788 prisni,

1451 1797 1487 1822 ut
1498 1792 1667 1823 risibilitas
1680 1792 1824 1828 homini;
1840 1791 1904 1823 alio
1919 1791 2033 1828 modo,
2049 1801 2108 1832 per
2122 1791 2260 1823 modum
2276 1797 2368 1823 actus
2382 1791 2530 1828 secundi,

1450 1842 1506 1866 aut
1524 1837 1654 1867 termini
1669 1841 1760 1867 actus
1775 1835 1921 1873 secundi,
1937 1836 2007 1867 eius
2023 1836 2116 1867 cuius
2139 1835 2257 1867 dicitur
2271 1836 2428 1873 naturale,
2440 1836 2530 1867 'sicut

1451 1880 1560 1911 ridere
1575 1886 1624 1911 est
1636 1880 1765 1911 homini
1779 1880 1935 1910 naturale.
1949 1879 2053 1918 Quod
2068 1885 2117 1911 est
2130 1880 2277 1911 naturale
2291 1881 2399 1920 primo
2413 1880 2530 1917 modo,

1451 1925 1590 1965 separari
1611 1933 1681 1954 non
1696 1929 1821 1964 potest:
1839 1924 1916 1964 quia
1930 1924 1995 1954 tale
2010 1929 2066 1954 aut
2081 1929 2130 1955 est
2143 1924 2327 1961 essentiale;
2343 1930 2400 1956 aut
2414 1932 2530 1956 conse·

1451 1969 1562 2008 quitur
1583 1968 1743 2008 principia
1765 1967 1947 1998 essentialia
1961 1968 2092 2008 speciei,
2108 1967 2160 1998 vel
2176 1968 2337 2009 principia
2357 1967 2529 2000 individui.

1452 2012 1553 2050 Quod
1569 2017 1678 2043 autem
1690 2017 1739 2042 est
1753 2011 1899 2043 naturale
1915 2011 2062 2043 secundo
2073 2011 2188 2050 modo,
2199 2012 2236 2043 in
2246 2012 2410 2054 aliquibus
2419 2017 2531 2054 potest

1452 2057 1591 2097 separari
1614 2055 1797 2087 secundum
1819 2062 1941 2092 actum,
1964 2065 2034 2088 non
2060 2062 2171 2088 autem
2193 2057 2377 2088 secundum
2398 2062 2528 2089 namm-

1451 2101 1518 2132 lem
1541 2100 1771 2142 aptitudinem:
1796 2101 1883 2141 quia,
1909 2101 2060 2141 quamvis
2085 2106 2200 2132 natura
2222 2101 2264 2132 ad
2291 2101 2373 2133 illud
2390 2101 2531 2135 ineunt-

1451 2146 1577 2176 tions-
1592 2145 1719 2180 habent.
1734 2154 1804 2176 non
1818 2150 1929 2176 tamen
1944 2150 2076 2186 oportet
2096 2151 2135 2176 ut
2149 2154 2278 2186 semper
2300 2146 2341 2176 sit
2354 2146 2390 2177 in
2411 2148 2458 2183 rs,
2473 2151 2532 2178 aut

1450 2195 1586 2230 propter
1606 2189 1842 2230 impedimenta
1856 2190 2127 2230 supervenientia,
2149 2195 2207 2221 aut
2229 2190 2299 2221 aliis
2321 2199 2360 2220 ex
2376 2190 2492 2222 minis.
2506 2206 2530 2215 -

1451 2234 1487 2265 In
1510 2234 1683 2275 proposito
1707 2243 1796 2275 ergo,
1812 2234 1899 2265 uniri
1919 2235 2073 2266 materiae
2089 2239 2138 2265 est
2158 2234 2305 2265 natm-ale
2327 2235 2456 2266 animae
2477 2235 2529 2266 in·¹

1451 2278 1631 2309 tellectivae
1654 2278 1800 2309 secundo
1819 2278 1933 2315 modo,
1949 2288 2019 2310 non
2042 2283 2152 2310 autem
2174 2279 2282 2319 primo
2305 2278 2420 2310 modo.
2442 2278 2530 2311 Nun

1451 2323 1555 2373 ipsam
1579 2323 1664 2354 uniri
1687 2323 1841 2354 materiae
1857 2328 1905 2354 est
1927 2323 2032 2364 ipsam
2054 2323 2181 2355 trahere
2203 2323 2373 2355 materiam
2391 2322 2434 2354 ad
2454 2332 2530 2365 par·

1451 2367 1675 2408 ticipationem
1694 2367 1744 2398 sui
1763 2376 1848 2398 esse:
1864 2367 1910 2398 ita
1933 2367 2025 2408 quod
2039 2368 2129 2408 prius
2151 2367 2362 2419 intelligimus
2385 2367 2529 2400 animam

1451 2412 1647 2442 subsistere·
1638 2421 1673 2442 in
1689 2421 1750 2443 suo
1775 2421 1855 2448 esse,
1871 2411 1990 2443 deinde
2004 2411 2086 2443 illud
2100 2412 2345 2443 communicare
2362 2412 2527 2444 mancine.

1451 2455 1547 2487 Unde
1570 2455 1707 2487 Sanctus
1730 2456 1877 2487 Thomas
1895 2456 2003 2487 Primii
2024 2456 2129 2493 Parte,
2149 2465 2182 2496 q.
2205 2465 2309 2494 mvi,
2333 2465 2362 2487 a.
2382 2464 2411 2493 ι,
2430 2456 2474 2488 ad
2493 2456 2527 2494 6,

1451 2500 1558 2540 inquit
1581 2499 1673 2540 quod
1695 2501 1830 2541 corpori
1854 2500 1945 2531 uniri
1967 2501 2119 2532 conuenit
2139 2500 2273 2532 animae
2293 2499 2472 2532 secundum
2492 2509 2532 2532 ee

1450 2544 1536 2575 sicut
1556 2544 1733 2575 secundum
1748 2554 1785 2575 se
1802 2544 1954 2575 conuenit
1969 2545 2103 2586 corpori
2118 2545 2183 2576 leui
2197 2554 2267 2576 esse
2283 2552 2436 2576 sur-stan:
2449 2553 2530 2577 cen·

1451 2593 1513 2619 stat
1535 2594 1645 2619 autem
1669 2588 1761 2629 quod
1783 2598 1853 2620 esse
1883 2598 2013 2620 sursum
2041 2590 2195 2620 convenit
2217 2589 2281 2620 levi
2308 2598 2368 2630 per
2387 2588 2529 2621 momn-

1449 2638 1540 2664 actus
1563 2633 1708 2670 secundi,
1725 2638 1782 2664 aut
1796 2634 1927 2664 termini
1942 2636 2034 2664 actus
2052 2633 2204 2670 secundi:
2226 2639 2275 2664 est
2290 2634 2378 2664 enim
2393 2633 2529 2666 effeems

1450 2677 1598 2714 levitatis,
1614 2686 1699 2718 quae
1721 2683 1834 2709 movet
1856 2677 1897 2709 ad
1919 2677 2032 2708 locum
2046 2687 2186 2708 sursum.
2203 2677 2280 2709 Ideo
2297 2683 2406 2718 potest
2419 2678 2529 2710 anima

1448 2730 1519 2752 non
1541 2722 1627 2753 uniri
1649 2722 1794 2762 corpori:
1809 2722 1896 2759 licet,
1910 2731 1933 2753 a
1948 2731 2089 2763 corpore
2105 2727 2268 2763 separata,
2286 2723 2427 2754 retineat
2443 2723 2529 2764 apti-

1449 2765 1593 2797 tudinem
1609 2771 1641 2797 et
1656 2766 1842 2797 naturalem
1858 2766 2106 2797 inclinationem
2120 2766 2166 2797 ad
2180 2767 2332 2808 corporis
2354 2767 2529 2805 unionum·

1449 2810 1532 2842 sicut
1555 2810 1626 2842 leve
1649 2815 1759 2851 potest
1779 2820 1850 2842 non
1873 2820 1943 2842 esse
1970 2820 2110 2848 sursum,
2139 2820 2268 2852 semper
2297 2815 2408 2842 tamen
2429 2811 2528 2843 habet

1448 2854 1664 2895 aptitudinem
1687 2860 1721 2886 et
1742 2855 1990 2886 inclinationem
2013 2855 2054 2886 ad
2076 2855 2190 2887 locum
2212 2864 2352 2887 sursum.
2370 2872 2395 2879 -
2416 2855 2467 2887 Ex
2486 2855 2530 2887 iis

1447 2904 1536 2940 patet
1549 2898 1591 2931 ad
1613 2905 1852 2940 argumentum.
1869 2899 1974 2931 Maior
1997 2900 2086 2931 enim
2108 2905 2157 2931 est
2171 2899 2250 2931 falsa
2264 2899 2306 2931 de
2319 2899 2459 2931 naturali
2477 2908 2529 2931 se-

1449 2943 1558 2975 cundo
1574 2943 1688 2981 modo,
1703 2945 1738 2975 in
1754 2953 1823 2985 quo
1835 2953 1932 2975 sensu
1943 2949 2072 2975 tantum
2083 2944 2191 2975 minor
2205 2944 2304 2975 habet
2313 2944 2528 2976 veritatem.-

1447 2987 1500 3019 Ad
1515 2988 1744 3028 probationem
1759 2997 1837 3020 vero
1853 2988 1924 3020 eius
1939 2987 2057 3020 dieitur
2072 2987 2191 3020 eodem
2204 2987 2322 3020 modo:
2340 2987 2433 3029 quod
2445 2987 2528 3020 illud

1448 3038 1651 3074 assumptum
1681 3032 1778 3064 habet
1803 3032 1972 3064 veritatem
1997 3031 2039 3064 de
2062 3041 2103 3064 eo
2129 3031 2222 3073 quod
2248 3033 2403 3064 convenit
2430 3032 2528 3067 alicui

1449 3076 1629 3108 secundum
1653 3086 1687 3108 se
1710 3086 1768 3118 per
1790 3076 1928 3108 modum
1951 3083 2042 3108 actus
2065 3077 2180 3118 primi;
2198 3086 2269 3108 non
2291 3082 2402 3108 autem
2425 3075 2527 3109 anso

1448 3120 1540 3161 quod
1563 3121 1717 3152 convenit
1738 3121 1836 3152 alicui
1857 3130 1916 3162 per
1938 3120 2077 3153 modum
2099 3126 2191 3153 actus
2213 3121 2360 3153 secundi.
2382 3120 2427 3152 Et
2442 3119 2526 3152 τέο

1447 3166 1545 3197 huius
1568 3170 1616 3197 est
1638 3166 1717 3206 quia
1737 3165 1802 3197 tale
1824 3175 1895 3197 non
1918 3165 2038 3197 dicitur
2059 3174 2119 3206 per
2147 3174 2183 3197 se
2209 3164 2438 3207 principaliter.
2467 3163 2526 3195 sed

1447 3209 1613 3241 reductive
1636 3215 1774 3247 tantum,
1790 3211 1987 3250 inquantum
2002 3215 2051 3242 est
2065 3215 2156 3242 actus
2179 3210 2250 3241 eius
2265 3207 2354 3250 quod
2371 3208 2526 3239 convenit

1448 3263 1495 3285 rei
1518 3263 1576 3294 per
1598 3263 1643 3285 se.

1504 3298 1616 3329 Potest
1637 3299 1734 3330 tertio
1761 3297 1961 3339 responderi,
1985 3298 2027 3330 de
2052 3302 2164 3329 mente
2186 3296 2295 3328 Sancti
2317 3295 2468 3327 Thomae
2489 3296 2525 3327 in

1449 3342 1603 3374 Tractatu
1618 3342 1659 3373 de
1672 3342 1759 3374 Ente
1773 3347 1805 3374 et
1818 3342 1980 3378 Essentia,
1996 3351 2068 3383 cap.
2084 3341 2154 3378 ult„
2170 3339 2263 3381 quod
2278 3339 2402 3380 aliquid
2416 3344 2526 3381 potest

1449 3387 1514 3418 dici
1536 3387 1681 3418 naturale
1708 3387 1806 3418 alicui
1827 3386 2013 3428 dupliciter:
2036 3393 2106 3417 uno
2127 3383 2242 3421 modo,
2258 3384 2335 3425 quia
2358 3393 2379 3415 a
2402 3389 2525 3416 natura

1450 3431 1520 3462 eius
1540 3430 1718 3462 secundum
1741 3435 1849 3463 actum
1868 3431 2054 3472 perfectum
2072 3433 2240 3464 causatm,
2258 3429 2343 3459 sicut
2363 3428 2460 3459 calor
2475 3432 2527 3460 est

1451 3475 1614 3506 naturalis
1637 3475 1710 3517 igni
1717 3481 1730 3511 ‚·
1749 3475 1814 3506 alio
1835 3474 1949 3511 modo,
1963 3473 2044 3515 quia
2056 3477 2216 3504 causatur
2237 3481 2258 3503 a
2275 3472 2450 3514 principiis
2462 3481 2525 3504 na-

1451 3524 1546 3550 turae
1567 3519 1746 3551 secundum
1775 3518 1987 3559 aptitudinem
2014 3521 2150 3552 tantum,
2173 3517 2231 3548 sed
2256 3517 2522 3557 complementum

1450 3563 1568 3604 accipit
1590 3563 1631 3595 ab
1646 3563 1841 3599 extrinseco,
1856 3562 1943 3594 sicut
1955 3561 2181 3602 diophaneitas
2195 3566 2243 3592 est
2259 3561 2422 3592 naturalis
2439 3560 2522 3597 aeri,

1450 3607 1630 3649 completur
1651 3611 1760 3639 autem
1777 3616 1842 3647 per
1862 3614 1982 3646 corpus
2004 3605 2147 3636 lucidum
2170 3605 2398 3637 extrinsecum.
2422 3604 2523 3643 Quod

1451 3658 1498 3683 est
1520 3651 1666 3683 naturale
1687 3652 1794 3692 primo
1816 3649 1930 3687 modo,
1948 3654 1995 3681 est
2010 3659 2028 3681 a
2042 3659 2078 3681 re
2093 3650 2280 3691 simpliciter
2294 3649 2522 3691 inseparabile:
