2768 4134
284 296 361 331 204
870 277 1059 315 SUMMA
1088 276 1311 314 CONTRA
1339 275 1616 323 GENTILES,
1646 276 1759 314 CAP.
1780 278 1900 315 LXX.

711 434 1238 490 CAPITULUM
1287 434 2057 495 SEPTUAGESIMUM

1150 545 1180 574 A
1213 552 1279 574 2ir
1314 552 1382 575 a21
1417 545 1486 575 sine
1509 545 1616 575 titulo.

897 625 1073 678 QUOD
1109 625 1273 668 DEUS
1307 627 1474 667 VILIA
1511 627 1864 683 COGNOSCIT

292 785 306 818 ’ἶ
337 802 423 840 ,;;]
452 795 477 839 ³⁸3
505 796 612 832 Deus
641 793 838 854 cognoscit
866 792 972 837 vilia;
1003 800 1040 829 et
1059 793 1168 842 quod
1188 794 1265 831 hoc
1284 806 1354 831 no-
1410 794 1612 831 bilioribus
1640 793 1875 832 abstrahitur
1901 794 2133 854 cogitandis3
2163 797 2226 834 vel
2245 808 2293 833 eo
2312 796 2421 845 quod
2442 808 2489 833 ex

32 858 96 907 ges.
145 864 159 885 ρ
336 861 362 875 ·
460 852 471 869 *¹
505 848 635 886 bilitati
655 847 739 885 eius
758 846 938 884 scientiae
958 858 1039 883 non
1064 847 1298 896 repugnat*.
1409 847 1719 885 consideratione
1747 847 1887 885 vilium
1922 847 1962 885 in
1996 847 2146 898 aliquas
2181 849 2369 887 indebitas
2396 849 2489 887 affe-

51 888 112 907 “m'
299 930 305 936 s
338 893 410 939 ”ί’“
554 902 713 949 Quanto
734 900 839 937 enim
861 900 990 950 aliqua
1008 900 1131 937 virtus
1150 900 1275 938 activa
1298 908 1355 938 est
1409 902 1555 939 ctiones
1575 901 1790 939 inclinatur.
1817 901 1938 949 Quod
1958 901 2149 951 quidem
2139 913 2180 940 in
2199 903 2285 940 Deo
2305 914 2388 941 esse
2407 915 2489 940 non
2509 907 2516 915 ’

274 956 418 1004 fortior,
439 963 544 993 tanto
574 955 613 992 in
642 954 850 992 remotiora
870 965 983 991 suam
1003 953 1197 991 actionem
1223 961 1354 992 exten·
1375 969 1384 989 ς
1409 963 1546 1005 potest,
1576 963 1619 992 ut
1647 967 1694 992 ex
1729 953 1878 992 dictis*
1905 962 2019 1005 patet.
2057 955 2151 993 Non
2186 955 2317 1004 igitur
2331 957 2490 1006 derogat
2517 958 2731 986 “hp-¹¹¹⁸&-

275 1009 345 1048 dit:
377 1017 418 1047 ut
446 1009 561 1047 etiarn
591 1008 630 1045 in
659 1007 899 1045 sensibilium
927 1006 1145 1045 actionibus
1179 1016 1351 1058 apparet.
1408 1008 1564 1046 divinae
1607 1007 1795 1046 nobilitati
1837 1008 1974 1046 vilium
2017 1020 2155 1048 rerum
2191 1007 2378 1058 cognitio,
2420 1009 2489 1048 sed

274 1063 340 1101 Vis
369 1071 500 1101 autern
529 1062 650 1100 divini
679 1062 892 1099 intellectus
921 1060 960 1098 in
988 1061 1264 1122 cognoscendo
1292 1074 1353 1099 res
1408 1062 1531 1111 magis
1558 1062 1722 1112 pertinet
1751 1063 1800 1100 ad
1829 1062 2002 1100 divinam
2034 1061 2323 1112 perfectionem,
2350 1075 2489 1101 secun-

273 1116 461 1154 similatur
484 1115 612 1154 virtuti
637 1115 801 1153 activae:
832 1115 1046 1152 intellectus
1069 1115 1175 1152 enim
1196 1114 1352 1152 divinus
1408 1116 1506 1153 dum
1525 1116 1635 1165 quod
1655 1115 1790 1154 omnia
1814 1115 1854 1153 in
1880 1115 2009 1166 seipso
2032 1116 2256 1166 praehabet,
2280 1124 2324 1154 ut
2342 1116 2490 1166 supra*
2517 1120 2526 1130 ‘
2544 1119 2677 1147 (Ἀρ-’Μ

272 1183 352 1208 non
382 1170 604 1229 recipiendo
634 1182 656 1206 a
685 1169 801 1206 rebus
821 1169 1030 1229 cognoscit,
1052 1169 1120 1206 sed
1141 1168 1263 1217 magis
1282 1180 1394 1254 per¹⁰
1407 1177 1611 1207 ostensum
1639 1177 1707 1206 est.

271 1225 347 1261 hoc
369 1224 478 1284 quod
507 1223 561 1260 eis
590 1222 728 1260 influit
761 1222 865 1259 Cum
885 1222 999 1272 igitur
1018 1222 1064 1259 sit
1083 1222 1256 1260 infinitae
1275 1222 1351 1260 vir-
1462 1223 1615 1260 Adhuc.
1637 1222 1769 1260 Virtus
1788 1222 1919 1274 aliqua
1937 1235 2020 1261 non
2039 1223 2234 1262 iudicatur
2250 1235 2373 1274 parva
2387 1235 2489 1274 quae

28 1287 38 1296 ·
53 1285 110 1313 Cap·
121 1291 172 1306 m·
270 1277 358 1315 tutis
374 1277 412 1314 in
428 1276 687 1326 intelligendo,
700 1283 742 1313 ut
757 1288 803 1313 ex
818 1275 1054 1326 praedictis*
1068 1283 1182 1326 patet,
1199 1239 1394 1326 oportet¹⁰
1407 1275 1447 1314 in
1466 1289 1589 1326 parva
1607 1284 1745 1327 potest,
1767 1276 1836 1314 sed
1854 1289 1957 1326 quae
1976 1277 2027 1315 ad
2045 1289 2168 1327 parva
2189 1276 2488 1316 determinatur:

270 1330 377 1381 quod
398 1331 481 1368 eius
500 1329 668 1380 cognitio
698 1342 824 1380 usque
853 1330 903 1368 ad
933 1329 1193 1367 remotissima
1221 1338 1351 1367 exten·
1406 1342 1500 1368 nam
1529 1330 1652 1369 virtus
1681 1342 1782 1380 quae
1812 1330 1851 1368 in
1879 1342 2022 1380 magna
2050 1339 2188 1380 potest,
2218 1330 2335 1368 etiam
2363 1338 2490 1381 potest

268 1385 393 1422 datur.
411 1385 488 1422 Sed
503 1385 646 1434 gradus
660 1383 869 1422 nobilitatis
883 1391 921 1421 et
935 1383 1088 1421 vilitatis
1104 1383 1143 1421 in
1164 1383 1352 1421 omnibus
1406 1384 1445 1421 in
1475 1396 1608 1435 parva.
1640 1384 1821 1433 Cognitio
1843 1396 1936 1433 ergo
1956 1396 2058 1434 quae
2078 1384 2194 1422 simul
2213 1392 2342 1434 potest
2360 1384 2399 1422 in
2419 1394 2490 1422 no-

268 1438 421 1476 entibus
457 1438 665 1476 attenditur
699 1438 918 1475 secundum
954 1437 1285 1488 propinquitatem
1315 1445 1351 1475 et
1406 1437 1496 1475 bilia
1516 1446 1552 1475 et
1571 1438 1672 1484 vilia,
1693 1450 1775 1475 non
1794 1445 1851 1475 est
1870 1437 2079 1476 iudicanda
2098 1437 2196 1485 vilis,
2217 1438 2286 1476 sed
2305 1438 2367 1476 illa
2387 1449 2489 1488 quae

268 1491 488 1530 distantiam
508 1505 531 1530 a
550 1492 648 1538 Deo,
669 1491 736 1542 qui
757 1499 814 1529 est
833 1491 872 1528 in
891 1490 972 1529 fine
1000 1490 1219 1529 nobilitatis.
1246 1492 1350 1540 Ergo
1367 1507 1389 1526 ις
1406 1491 1445 1529 in
1465 1491 1555 1530 vilia
1573 1499 1726 1530 tantum
1744 1498 1882 1542 potest,
1903 1490 2001 1530 sicut
2019 1491 2059 1530 in
2079 1491 2193 1530 nobis
2212 1491 2367 1530 accidit:
2394 1496 2490 1532 nam

267 1554 634 1596 quantumcumque
664 1544 849 1583 vilissima
876 1545 917 1582 in
946 1545 1099 1583 entibus
1119 1545 1238 1593 Deus,
1259 1557 1350 1596 pro·
1405 1545 1478 1583 alia
1507 1545 1818 1584 consideratione
1855 1545 2152 1584 consideramus
2179 1545 2312 1584 divina
2347 1552 2384 1583 et
2415 1546 2490 1585 hu·-

267 1608 352 1649 pter
377 1599 592 1638 maximam
611 1599 795 1637 virtutem
814 1598 874 1636 sui
894 1598 1120 1646 intellectus,
1139 1599 1348 1648 cognoscit.
1405 1611 1536 1643 mana,
1555 1607 1593 1637 et
1621 1599 1695 1638 alia
1721 1598 1879 1638 scientia
1907 1607 1963 1637 est
1991 1598 2212 1649 utriusque;
2242 1598 2359 1647 unde,
2379 1611 2489 1638 com-

321 1654 535 1691 Praeterea.
567 1653 699 1691 Omne
727 1653 837 1702 quod
861 1659 929 1699 est,
950 1652 990 1690 in
1010 1665 1058 1690 eo
1078 1653 1187 1702 quod
1207 1660 1264 1690 est
1287 1654 1349 1690 vel
1404 1653 1606 1702 paratione
1635 1652 1848 1700 nobilioris,
1878 1651 2036 1690 inferior
2063 1652 2178 1691 vilior
2205 1660 2414 1703 reputatur.
2444 1654 2487 1690 In

268 1708 382 1756 quale
402 1706 496 1756 quid
517 1714 584 1753 est,
605 1714 693 1744 actu
718 1714 786 1754 est,
807 1714 844 1743 et
872 1705 1085 1743 similitudo
1104 1705 1221 1766 primi
1242 1714 1349 1744 actus
1405 1707 1491 1744 Deo
1520 1714 1653 1744 autem
1682 1718 1763 1744 non
1793 1714 1849 1743 est
1877 1706 1947 1744 sic:
1976 1718 2069 1744 nam
2098 1707 2238 1744 eadem
2265 1706 2423 1745 scientia
2451 1714 2489 1744 et

268 1768 334 1807 est,
356 1767 392 1797 et
412 1772 458 1797 ex
479 1761 556 1797 hoc
575 1760 817 1798 nobilitatem
838 1759 965 1797 habet.
997 1759 1118 1807 Quod
1138 1760 1255 1797 etiarn
1279 1772 1375 1810 po·
1366 1759 1714 1798 wconsideratione
1734 1759 1907 1811 seipsum
1928 1767 1965 1798 et
1983 1759 2119 1798 omnia
2138 1759 2212 1798 alia
2225 1759 2486 1799 considerat&
2513 1762 2671 1792 '‘²¹²²''-

267 1813 385 1852 tentia
404 1822 470 1857 est,
492 1826 539 1851 ex
558 1813 695 1852 ordine
725 1814 774 1851 ad
803 1821 934 1852 actum
954 1813 1162 1851 nobilitatis
1182 1821 1238 1850 est
1262 1825 1348 1873 par·
1404 1814 1498 1851 Non
1526 1813 1641 1863 igitur
1668 1813 1752 1852 eius
1780 1813 1961 1852 scientiae
1981 1813 2112 1863 aliqua
2131 1813 2255 1852 vilitas
2283 1813 2488 1853 ascribitur

267 1862 402 1916 ticeps:
434 1867 487 1904 sic
516 1866 622 1904 enim
652 1879 734 1904 esse
770 1866 921 1904 dicitur.
961 1866 1209 1916 Relinquitur
1236 1866 1349 1915 igitur
1403 1879 1452 1904 ex
1480 1868 1557 1904 hoc
1585 1867 1695 1917 quod
1723 1879 2000 1917 quaecumque
2029 1866 2120 1905 vilia
2147 1863 2358 1916 cognoscit.

267 1921 374 1970 quod
401 1921 730 1970 unumquodque,
756 1920 795 1957 in
824 1933 864 1957 se
894 1920 1196 1967 consideratum,
1217 1919 1347 1957 nobile
1458 1920 1562 1958 Huic
1581 1928 1714 1958 autem
1733 1928 1923 1958 consonat
1946 1919 2057 1970 quod
2080 1919 2221 1958 dicitur
2243 1922 2331 1971 Sap.
2346 1923 2484 1968 vu·⁴·’⁵,

267 1982 338 2011 est:
368 1974 436 2011 sed
466 1973 540 2011 vile
569 1973 709 2011 dicitur
737 1982 914 2023 respectu
951 1973 1161 2011 nobilioris.
1198 1975 1232 2010 A
1260 1974 1347 2010 Deo
1402 1974 1452 2011 de
1471 1973 1605 2011 divina
1629 1973 1837 2024 Sapientia,
1857 1973 1968 2024 quod
1995 1975 2143 2025 attingit
2170 1975 2308 2024 ubique
2330 1976 2488 2025 propter

266 2035 397 2064 autem
426 2026 567 2064 distant
602 2026 866 2064 nobilissimae
900 2026 1064 2065 aliarum
1103 2038 1235 2064 rerum
1265 2038 1346 2064 non
1362 2040 1386 2062 1ς
1401 2039 1510 2064 suam
1540 2027 1776 2072 munditiam,
1806 2033 1840 2064 et
1869 2027 1962 2065 nihil
1988 2028 2224 2078 inquinatum
2253 2028 2413 2066 incurrit
2440 2029 2485 2068 'in

266 2080 396 2118 minus
425 2092 545 2130 quam
575 2080 733 2118 ultimae
763 2092 896 2118 rerum
924 2088 1141 2118 creatarum
1165 2080 1306 2118 distent
1324 2093 1348 2118 a
1403 2081 1518 2119 illam.

266 2133 470 2184 supremis
511 2133 552 2172 Si
579 2133 693 2182 igitur
721 2135 817 2171 haec
846 2133 1022 2172 distantia
1058 2133 1263 2184 impediret
1291 2133 1347 2171 di-
1457 2135 1564 2173 Patet
1592 2142 1723 2172 autem
1753 2146 1801 2172 ex
1829 2133 2034 2184 praedictis
2061 2134 2170 2184 quod
2198 2133 2296 2173 ratio
2318 2146 2422 2185 quae
2444 2133 2486 2174 in

265 2187 399 2225 vinam
427 2187 704 2236 cognitionem,
734 2189 858 2225 multo
887 2187 1010 2236 magis
1038 2187 1244 2237 impediret
1271 2187 1345 2225 illa.
1402 2187 1631 2238 oppositum
1650 2186 1945 2235 obiiciebatur¹¹2
1965 2195 2143 2226 ostensae
2156 2187 2307 2226 veritati
2325 2199 2407 2226 non
2426 2199 2487 2226 re-
2512 2187 2605 2239 εξξ
2627 2194 2695 2215 '³¹¹¹-

267 2242 316 2279 Et
343 2241 397 2278 sic
426 2249 652 2291 sequeretur
679 2241 788 2291 quod
823 2240 919 2278 nihil
954 2242 1062 2278 Deus
1097 2248 1348 2290 cognosceret
1402 2249 1560 2291 pugnat.
1582 2241 1775 2279 Nobilitas
1793 2240 1900 2279 enim
1919 2241 2100 2279 scientiae
2119 2240 2330 2280 attenditur
2346 2252 2485 2280 secum·

25 2303 34 2313 ‘
49 2301 178 2329 Cap-¹2¹¹·
267 2294 372 2332 aliud
387 2307 410 2332 a
424 2307 476 2332 se.
498 2295 619 2342 Quod
635 2296 785 2344 supra*
800 2294 1066 2344 improbatum
1084 2302 1151 2332 est.
1174 2294 1214 2332 Si
1235 2293 1349 2343 igitur
1364 2309 1389 2328 το
1402 2295 1501 2333 dum
1520 2307 1565 2332 ea
1590 2295 1640 2332 ad
1665 2306 1767 2345 quae
1794 2293 2056 2345 principaliter
2083 2294 2242 2333 scientia
2269 2294 2484 2345 ordinatur,

267 2347 412 2398 aliquid
432 2347 537 2385 aliud
557 2360 579 2385 a
599 2360 639 2385 se
659 2347 868 2396 cognoscit,
890 2356 1257 2397 quantumcumque
1277 2360 1347 2386 no·
1403 2356 1440 2386 et
1458 2360 1540 2386 non
1560 2348 1610 2386 ad
1630 2347 1766 2386 omnia
1788 2359 2066 2398 quaecumque
2085 2347 2126 2386 in
2146 2347 2304 2386 scientia
2323 2348 2483 2387 cadunt:

268 2401 512 2448 bilissimum,
524 2401 608 2451 pari
624 2401 770 2440 ratione
787 2400 984 2450 cognoscit
999 2401 1211 2451 quodlibet,
1224 2413 1347 2451 quan·
1402 2401 1476 2440 sub
1505 2400 1747 2440 nobilissima
1770 2401 1876 2440 enim
1905 2401 2166 2448 scientiarum,
2186 2401 2294 2452 apud
2316 2413 2402 2449 nos,
2422 2413 2486 2441 ca-

267 2463 526 2504 tumeumque
554 2454 705 2492 dicatur
732 2454 976 2492 vilissimum.
1403 2455 1502 2493 dunt
1529 2467 1610 2493 non
1639 2456 1769 2493 solum
1797 2467 1983 2505 suprema
2011 2454 2051 2492 in
2079 2454 2246 2502 entibus,
2271 2455 2339 2493 sed
2367 2454 2485 2495 etiam

322 2508 511 2558 Amplius.
543 2509 701 2546 Bonum
730 2508 877 2546 ordinis
905 2507 1076 2546 universi
1103 2507 1273 2545 nobilius
1292 2516 1348 2545 est
1403 2508 1555 2555 infima;
1586 2520 1679 2546 nam
1699 2508 1953 2558 Philosophia
1972 2508 2103 2546 Prima
2131 2508 2484 2547 considerationem

268 2561 439 2612 qualibet
456 2569 564 2612 parte
585 2561 774 2599 universi:
795 2574 888 2599 cum
907 2569 1034 2611 partes
1054 2561 1226 2611 singulae
1246 2561 1343 2599 ordi-
1365 2577 1387 2597 ις
1403 2574 1516 2600 suam
1545 2562 1716 2600 extendit
1734 2574 1757 2600 a
1775 2562 1905 2612 primo
1934 2570 2022 2600 ente
2050 2574 2178 2612 usque
2197 2561 2247 2600 ad
2267 2574 2336 2600 ens
2355 2561 2395 2600 in
2412 2572 2485 2614 po-

268 2624 410 2653 nentur
447 2616 496 2653 ad
531 2616 684 2653 bonum
713 2614 860 2652 ordinis
889 2615 957 2665 qui
986 2622 1042 2653 est
1071 2614 1110 2653 in
1139 2623 1221 2653 toto
1250 2614 1348 2653 sicut
1402 2615 1532 2664 tentia,
1562 2616 1670 2666 quod
1699 2623 1756 2653 est
1784 2615 1967 2654 ultimum
1996 2615 2036 2654 in
2064 2615 2230 2654 entibus.
2261 2615 2325 2654 Sic
2351 2623 2486 2655 autem

268 2670 317 2707 ad
336 2669 470 2716 finem,
491 2676 533 2706 ut
552 2681 622 2719 per
641 2668 929 2719 Philosophum
953 2676 1068 2718 patet,
1089 2669 1128 2706 in
1154 2669 1204 2706 XI
1223 2671 1347 2707 Meta·
1403 2669 1477 2707 sub
1497 2668 1630 2707 divina
1658 2668 1816 2707 scientia
1843 2669 2236 2719 comprehenduntur
2257 2668 2395 2709 infima
2418 2681 2486 2708 en·

26 2730 124 2783 ‘xfiapsx
122 2729 239 2779 pis-Th·
263 2724 446 2774 physicae
455 2721 486 2760 ²⁸.
509 2722 549 2760 Si
569 2722 682 2771 igitur
696 2723 804 2760 Deus
824 2722 1021 2771 cognoscit
1040 2722 1212 2772 aliquam
1232 2722 1348 2760 aliam
1403 2722 1502 2760 tium
1523 2722 1635 2772 quasi
1653 2734 1747 2760 cum
1768 2721 1970 2773 principali
1989 2721 2144 2772 cognito
2163 2723 2281 2760 simul
2299 2730 2408 2761 nota:
2428 2722 2486 2761 di-

268 2785 447 2815 naturam
485 2776 671 2822 nobilem,
710 2775 880 2813 maxime
917 2783 1126 2825 cognoscet
1167 2776 1347 2814 ordinem
1403 2776 1495 2814 vina
1509 2775 1615 2813 enim
1636 2775 1800 2814 essentia
1819 2784 1877 2814 est
1895 2775 2107 2827 principale
2127 2789 2150 2814 a
2164 2777 2251 2814 Deo
2270 2775 2484 2826 cognitum,

268 2829 450 2868 universi.
481 2830 555 2867 Hic
584 2836 715 2867 autem
744 2829 925 2878 cognosci
946 2841 1027 2867 non
1047 2837 1173 2879 potest
1192 2829 1263 2866 nisi
1284 2841 1348 2867 co·
1363 2848 1390 2868 ⁴0
1404 2830 1442 2867 in
1458 2842 1539 2880 quo
1559 2829 1633 2867 alia
1651 2837 1953 2879 cognoscuntur,
1969 2836 2012 2868 ut
2031 2829 2180 2891 supra*
2194 2837 2397 2869 ostensum
2415 2836 2483 2868 est.
2511 2830 2604 2881 {22⁸⁹-
2627 2836 2709 2857 '‘¹³¹¹'’

268 2892 503 2933 gnoscantur
531 2891 568 2920 et
596 2883 787 2920 nobiliora
807 2891 843 2920 et
862 2882 1009 2931 viliora,
1035 2883 1074 2920 in
1100 2895 1272 2933 quorum
1292 2883 1348 2921 di·
1458 2884 1566 2921 Patet
1594 2883 1711 2921 etiam
1739 2883 1847 2934 quod
1877 2884 1975 2922 haec
2003 2882 2144 2922 veritas
2178 2895 2259 2922 non
2295 2891 2485 2939 repugnat

269 2937 415 2975 stantiis
444 2945 480 2974 et
508 2935 802 2974 habitudinibus
831 2936 929 2975 ordo
965 2935 1137 2974 universi
1165 2936 1346 2974 consistit.
1404 2935 1513 2975 dictis
1542 2936 1771 2987 Philosophi
1800 2936 1839 2975 in
1867 2937 1919 2975 XI
1938 2938 2228 2988 Metaphysicae
2243 2937 2276 2976 ¹⁸¹.
2305 2933 2422 2976 Nam
2430 2936 2486 2978 ibi
2511 2937 2651 2990 {gf-,5¹53
2665 2942 2727 2987 1³33}

269 2990 518 3041 Relinquitur
536 2989 650 3039 igitur
663 2990 773 3039 quod
787 2990 897 3028 Deus
911 2989 1108 3039 cognoscit
1123 3002 1204 3027 non
1220 2991 1349 3028 solum
1405 2990 1566 3028 intendit
1595 2990 1799 3029 ostendere
1834 2990 1944 3040 quod
1977 2989 2134 3028 divinus
2161 2989 2375 3029 intellectus
2402 3002 2484 3029 non

270 3044 426 3092 nobilia,
457 3044 525 3082 sed
555 3043 671 3081 etiam
700 3055 746 3081 ea
775 3055 877 3093 quae
906 3043 996 3082 vilia
1025 3051 1262 3093 reputantur.
1404 3043 1602 3093 cognoscit
1628 3043 1734 3082 aliud
1762 3056 1786 3081 a
1814 3056 1855 3082 se
1883 3044 1993 3094 quod
2012 3043 2059 3082 sit
2077 3043 2138 3082 sui
2165 3043 2378 3082 intellectus
2450 3055 2484 3082 r·

324 3098 473 3136 Adhuc.
513 3097 646 3134 Vilitas
683 3097 930 3146 cognitorum
972 3097 1011 3134 in
1049 3105 1349 3146 cognoscentem
1365 3116 1388 3136 ts
1404 3097 1516 3135 sectio
1545 3097 1657 3148 quasi
1693 3097 1905 3148 principale
1939 3097 2150 3147 cognitum.
2188 3098 2237 3135 Et
2264 3109 2385 3136 secun

272 3164 351 3189 non
372 3151 564 3189 redundat
582 3162 653 3201 per
671 3162 727 3188 se:
750 3151 826 3188 hoc
845 3158 901 3188 est
920 3149 1026 3188 enirn
1045 3151 1094 3188 de
1119 3150 1266 3188 ratione
1286 3162 1350 3188 co·
1405 3152 1512 3189 hunc
1541 3150 1706 3189 modum
1733 3149 1823 3189 dicit
1844 3150 1954 3202 quod
1980 3151 2070 3190 vilia
2098 3151 2230 3190 melius
2257 3152 2485 3212 ignorantur

271 3204 460 3254 gnitionis,
492 3212 534 3242 ut
562 3216 802 3253 cognoscens
821 3203 1015 3242 contineat
1034 3204 1182 3254 species
1209 3203 1350 3253 cogniti
1406 3217 1519 3255 quam
1547 3210 1846 3265 cognoscuntur:
1872 3204 2034 3255 quando
2062 3203 2204 3244 scilicet
2231 3212 2288 3242 est
2318 3202 2391 3243 alia
2418 3215 2483 3242 co·

273 3259 491 3297 secundum
525 3258 692 3296 modum
725 3270 854 3296 suum.
892 3258 966 3296 Per
1003 3257 1181 3295 accidens
1219 3266 1349 3296 autem
1404 3257 1523 3307 gnitio
1543 3257 1680 3296 vilium
1709 3265 1747 3296 et
1774 3257 1979 3306 nobilium,
1999 3266 2038 3296 et
2060 3257 2199 3296 vilium
2226 3257 2483 3296 consideratio

274 3320 397 3361 potest
426 3312 645 3350 redundare
675 3311 714 3349 in
743 3318 1044 3360 cognoscentem
1072 3310 1196 3348 vilitas
1221 3311 1351 3360 cogni·
1406 3311 1758 3350 considerationem
1787 3310 1980 3350 nobilium
2007 3310 2180 3361 impedit.

330 3427 343 3452 3
364 3435 415 3453 non
434 3427 572 3462 repugnat}
593 3435 644 3452 non
664 3432 794 3461 repugnat
812 3427 859 3452 sed
879 3431 1016 3452 attestatur
1033 3433 1094 3452 cum
1114 3427 1155 3458 ρΑ
1174 3426 1269 3452 NZl‘d.
1363 3433 1392 3452 ιι
1415 3427 1553 3460 praedictis
1574 3427 1629 3458 NZ;
1651 3435 1732 3461 supra
1751 3427 1835 3452 dictis.
1932 3426 1965 3452 15
1984 3426 2010 3451 in
2029 3424 2091 3460 fine}
2111 3424 2234 3451 infinitae.
2332 3425 2364 3451 18
2383 3431 2424 3452 est
2436 3434 2484 3460 pr.

273 3463 332 3488 loco
351 3471 393 3488 om
413 3463 441 3488 Ρ.
534 3470 568 3488 ao
587 3462 665 3494 Quod
684 3463 773 3496 etiam]
793 3462 855 3496 quis
875 3463 952 3488 etism
972 3461 1044 3495 quod
1063 3461 1110 3488 Pd.
1205 3461 1233 3487 31
1256 3463 1392 3494 cognoscit
1405 3463 1439 3493 Ε,
1456 3467 1637 3495 cognosceret.
1719 3468 1964 3496 quantumcumque
1977 3460 2082 3491 Wde:
2102 3461 2300 3495 quodcumque.
2387 3461 2420 3488 3²
2439 3470 2484 3488 co-

274 3500 378 3530 gnoscit
397 3499 429 3529 E?
449 3504 590 3531 cognoscet
609 3499 660 3528 αΥ,
679 3503 852 3532 cognosceret
868 3498 960 3524 ceteri.
1058 3497 1091 3523 38
1111 3498 1255 3531 cognoscitl
1281 3504 1453 3531 cognosceret
1471 3499 1515 3525 Pe.
1613 3499 1646 3532 39
1665 3497 1817 3532 cognoscet}
1840 3501 2013 3531 cognosceret
2031 3480 2207 3523 GN'wvzt‘c.
2295 3504 2332 3529 4ο
2351 3496 2408 3532 Hicl
2428 3497 2485 3524 Hae

278 3533 345 3560 GPc.
365 3534 434 3559 Haec
453 3533 490 3568 (..
500 3534 650 3568 .possunt)
669 3535 721 3560 NZ.
812 3541 843 3566 4¹
867 3539 894 3560 et
912 3533 1040 3560 nobiliora
1059 3533 1114 3561 ΝΧ
1134 3533 1291 3559 innobiliora
1309 3533 1377 3565 GW,
1396 3534 1525 3560 nobilior·
1544 3534 1635 3560 ceteri.

331 3569 347 3593 8
367 3569 454 3602 seipso
472 3570 541 3601 WZ;
561 3578 590 3595 se
608 3570 639 3601 D.
659 3571 746 3603 seipsa
764 3570 856 3596 ceteri.
954 3569 1096 3603 pnehabet
1114 3570 1135 3594 Α
1155 3569 1241 3598 solus:
1260 3569 1347 3596 habet.
1447 3577 1478 3596 ια
1498 3575 1586 3604 potest
1603 3570 1719 3596 atterum
1735 3572 1800 3603 post
1819 3569 1845 3594 ln
1863 3575 1944 3602 psi-vs
1961 3567 2049 3594 «EPc.
2145 3575 2180 3601 ²⁴
2198 3567 2231 3593 de
2249 3567 2335 3594 divina
2353 3568 2485 3610 Sapientis

274 3610 320 3628 om
340 3603 402 3629 WZ.
496 3613 527 3638 ²7
548 3604 644 3640 autem]
665 3605 742 3631 etiam
762 3605 903 3632 DGYde.
1003 3604 1033 3630 3²
1054 3604 1104 3630 sub
1124 3604 1247 3635 Nxzmn
1267 3605 1292 3630 in
1311 3605 1411 3635 WsYb
1431 3613 1474 3631 om
1493 3605 1584 3633 ceteri.
1680 3605 1846 3630 sciendarum
1864 3603 2007 3633 Duwxm
2026 3608 2177 3629 sanctorum
2197 3602 2249 3637 pG,
2269 3603 2377 3630 seientia
2392 3603 2485 3631 κίονί

281 3638 312 3663 35
333 3647 363 3663 us
351 3647 417 3672 sque
436 3641 469 3665 sd
488 3648 535 3665 ens
554 3641 579 3666 in
599 3640 723 3675 potentis]
743 3649 829 3675 usque
848 3641 880 3667 sd
899 3648 946 3667 ens
960 3649 1008 3674 per
1020 3641 1141 3666 accidens
1154 3647 1215 3666 cum
1235 3641 1276 3673 ρΑ
1295 3640 1348 3671 ΝΖ;
1371 3649 1458 3675 usque
1476 3649 1519 3667 om
1537 3640 1629 3667 cereri.
1719 3647 1755 3672 4ο
1773 3638 1832 3674 slis]
1851 3639 1940 3665 omnis
1953 3638 1999 3671 Nc,
2012 3639 2100 3664 omnis
2115 3639 2164 3665 alia
2178 3639 2244 3665 de.
2333 3647 2368 3673 47
2388 3647 2485 3673 cogno—

277 3681 387 3699 scuntur
406 3675 440 3705 Ν;
460 3683 525 3708 cogn
510 3682 657 3702 noscantur.
747 3676 781 3709 48
802 3683 826 3702 et
846 3678 935 3703 vilium
955 3676 1110 3702 considerati
1105 3676 1138 3709 io}
1159 3676 1332 3701 consideratio
1352 3677 1443 3709 pGYb
1463 3683 1487 3702 et
1507 3677 1680 3703 consideratio
1699 3676 1789 3701 viuum
1807 3675 1851 3700 W.
