2768 4134
59 975 69 985 ·
85 973 120 995 Cf.
139 973 273 1004 Comment.

59 1007 81 1022 c.
92 1006 164 1027 xxxii,
178 1003 228 1022 init.

304 278 380 314 104

300 351 393 382 tunc
412 343 451 380 in
471 340 674 389 analogicis
700 351 782 376 non
811 345 866 375 est
893 337 999 374 idem
1027 337 1126 374 ordo
1154 335 1374 373 secundum

300 409 384 434 rem
404 403 439 432 et
458 394 676 432 secundum
704 390 875 429 nominis
900 389 1106 427 rationem:
1137 388 1235 427 sicut
1252 388 1375 426 virtus

300 438 462 487 s'anandi
489 459 590 497 quae
620 454 675 483 est
702 445 743 483 in
771 443 966 489 sanativis,
994 442 1101 493 prior
1129 451 1185 480 est
1220 450 1374 480 natura-

299 503 382 540 liter
420 500 579 538 sanitate
613 511 714 549 quae
751 506 807 536 est
844 497 885 535 in
922 496 1090 544 animali,
1124 496 1222 534 sicut
1258 507 1375 533 causa

862 259 1051 296 SUMMA
1081 258 1304 295 CONTRA
1333 256 1610 304 GENTILES,
1642 257 1753 294 CAP.
1774 258 1947 294 XXXIV.
1980 256 1983 258 ’

1429 334 1496 380 rei,
1527 335 1595 372 sed
1624 335 1769 373 animal
1801 335 1941 374 dicitur
1967 347 2038 386 per
2066 335 2173 385 prius
2205 347 2341 373 sanum
2370 340 2507 373 secun—

1430 388 1528 425 dum
1555 388 1727 426 nominis
1755 389 1957 427 rationem.

1486 441 1549 479 Sic
1577 441 1701 490 igitur,
1730 441 1824 491 quia
1859 455 1907 480 ex
1941 443 2058 480 rebus
2093 441 2174 479 aliis
2207 441 2248 480 in
2276 442 2350 480 Dei
2377 441 2508 491 cogni-

1430 495 1579 532 tionem
1616 495 1886 543 pervenimus,
1915 508 1977 534 res
2013 494 2224 534 nominum
2260 495 2311 533 de
2347 493 2434 534 Deo
2472 504 2509 532 et

300 555 455 600 effectu3
492 554 561 591 sed
598 553 691 603 quia
727 553 829 589 hanc
864 550 1048 588 virtutem
1084 562 1156 600 per
1192 550 1376 587 effectum
1398 564 1408 585 ς
1431 549 1550 586 rebus
1568 547 1651 585 aliis
1673 544 1870 586 dictorum
1892 561 1963 599 per
1984 549 2094 599 prius
2119 557 2176 587 est
2198 549 2240 587 in
2258 549 2345 586 Deo
2371 560 2508 587 secun·

300 607 582 657 cognoscimus,
603 607 692 644 ideo
721 605 834 643 etiam
865 617 912 641 ex
941 604 1081 641 effectu
1109 603 1374 641 nominamus.

300 662 349 699 Et
385 661 476 698 inde
514 668 570 698 est
607 659 715 710 quod
751 660 963 696 sanativum
997 665 1053 694 est
1088 656 1197 707 prius
1239 656 1377 694 ordine

353 778 391 803 bi
414 784 462 811 per
480 776 562 810 prius]
582 776 656 810 prius
676 775 784 800 aENPc.
874 781 893 806 4
911 773 944 798 de
962 771 1028 806 Deo]
1048 773 1081 797 de
1099 779 1132 797 eo
1151 772 1201 797 al).

1431 602 1530 640 dum
1559 613 1678 639 suum
1705 602 1886 650 modum,
1916 603 1983 640 sed
2013 603 2109 640 ratio
2142 602 2314 640 nominis
2341 614 2412 652 per
2438 614 2508 652 po-

1433 655 1581 693 sterius.
1601 654 1716 693 Unde
1736 662 1773 692 et
1791 655 1986 693 nominari
2005 656 2144 694 dicitur
2162 668 2185 694 a
2204 655 2283 694 suis
2302 655 2508 693 causatis*.

1294 770 1308 796 5
1328 778 1375 805 per
1394 771 1468 804 prius
1487 770 1649 800 ZsDWch3
1669 770 1742 802 prius
1761 769 1843 799 GNY,
1862 770 1983 803 proprius
2002 771 2094 797 ceteri.

1064 861 1402 894 Commenta-ia
1433 859 1747 892 Ferrariensis

352 975 372 994 x
402 963 571 1004 praedictis
600 962 793 1002 relinquitur
824 961 915 991 tertia
946 959 1115 990 conclusio
1145 957 1333 988 affirmativa
1347 957 1375 993 ⁴¹¹,

306 976 486 1039 Escilicet:
510 1007 563 1038 Ea
585 1016 669 1048 quae
684 1006 724 1037 de
738 1006 810 1036 Deo
834 1010 866 1036 et
886 1004 962 1035 aliis
982 1003 1077 1034 rebus
1099 1002 1264 1038 dicuntur,
1279 1011 1376 1042 prae-

301 1053 455 1084 dicantur
477 1052 661 1093 analogice,
685 1051 746 1081 hoc
769 1055 825 1086 est,
844 1048 1022 1080 secundum
1039 1047 1187 1078 ordinem
1203 1047 1255 1078 vel
1270 1055 1377 1087 respe-

301 1103 387 1129 ctum
411 1097 455 1128 ad
477 1096 612 1137 aliquod
635 1105 746 1126 unum.

356 1143 450 1173 Hanc
469 1148 578 1172 autem
601 1140 847 1172 conclusionem
869 1148 939 1169 non
961 1138 1078 1179 probat
1091 1137 1154 1168 nisi
1169 1146 1188 1167 a
1203 1135 1377 1167 sufficienti

301 1186 469 1217 divisione.
493 1187 560 1218 Aut
584 1186 671 1216 enim
694 1184 846 1216 dicuntur
867 1184 1019 1220 univoce,
1036 1188 1092 1213 aut
1114 1181 1304 1222 aequivoce,
1321 1185 1377 1212 aut

300 1231 477 1271 analogice.
501 1231 578 1262 Non
607 1231 748 1260 univoce
774 1238 837 1260 nec
863 1228 1053 1269 aequivoce,
1081 1233 1119 1258 ut
1148 1226 1298 1268 superius
1329 1230 1377 1256 est

300 1282 477 1307 ostensum.
503 1276 590 1316 Ergo
613 1275 790 1315 analogice.

356 1320 378 1351 1.
404 1320 552 1351 Declarat
575 1325 683 1350 autem
703 1319 781 1350 duo.
805 1318 951 1349 Primum
967 1323 1024 1354 est,
1041 1315 1213 1358 quomodo
1230 1315 1378 1346 dicantur

299 1364 487 1396 huiusmodi
509 1365 645 1396 nomina
668 1364 845 1404 analogice.
867 1381 892 1387 —
911 1362 1100 1394 Secundum
1123 1367 1181 1398 est,
1205 1359 1377 1402 quomodo

299 1410 388 1450 prius
412 1419 535 1440 nomen
559 1410 732 1440 conveniat
755 1409 839 1439 Deo.

356 1454 502 1485 Primum
525 1454 664 1485 declarat
680 1463 719 1484 ex
734 1452 876 1494 quadam
899 1452 1068 1484 divisione.
1093 1451 1275 1492 Dupliciter
1290 1451 1378 1482 enim

300 1499 407 1540 aliqua
431 1499 583 1530 dicuntur
614 1498 792 1539 analogice,
819 1499 887 1529 sive
918 1497 1101 1528 secundum
1129 1502 1314 1537 respectum
1337 1495 1378 1527 ad

301 1543 436 1585 aliquod
457 1553 573 1575 unum.
598 1543 674 1575 Uno
698 1542 812 1580 modo,
835 1542 1018 1574 secundum
1041 1541 1133 1582 quod
1150 1540 1244 1582 plura
1258 1541 1379 1572 habent

300 1594 485 1630 respectum
501 1587 542 1619 ad
557 1597 662 1619 unum
678 1588 823 1619 tertium:
847 1588 932 1618 sicut
953 1586 1082 1623 animal,
1098 1586 1270 1622 medicina,
1287 1586 1378 1617 cibus

302 1639 334 1664 et
356 1634 450 1664 urina
473 1632 625 1664 dicuntur
639 1642 723 1663 sana
738 1634 772 1663 in
788 1632 902 1664 ordine
919 1631 959 1662 ad
974 1640 1074 1662 unam
1097 1631 1277 1667 sanitatem,
1293 1640 1378 1672 quae

302 1683 350 1709 est
373 1678 529 1709 animalis.
553 1675 628 1709 Alio
652 1677 766 1714 modo,
790 1676 972 1708 secundum
995 1675 1087 1717 quod
1110 1675 1252 1707 duorum
1275 1681 1378 1706 atten-

302 1721 388 1753 ditur
411 1722 492 1754 ordo
517 1723 614 1754 unius
644 1722 685 1753 ad
714 1722 865 1753 alterum:
891 1722 974 1753 sicut
997 1731 1055 1752 ens
1076 1720 1116 1752 de
1147 1721 1325 1751 substantia
1347 1726 1379 1751 et

302 1767 468 1798 accidente
487 1767 668 1798 secundum
692 1766 783 1807 quod
806 1766 966 1803 accidens,
982 1766 1023 1798 ad
1041 1765 1252 1797 substantiam
1270 1774 1378 1806 respe-

303 1817 392 1842 ctum
415 1812 520 1843 habet.
545 1831 566 1835 —
591 1812 733 1843 Nomina
757 1821 835 1852 ergo
858 1811 1026 1852 analogice
1050 1810 1134 1842 dicta
1158 1809 1198 1841 de
1221 1810 1293 1841 Deo
1309 1820 1378 1841 non

302 1855 454 1887 dicuntur
476 1857 583 1897 primo
606 1856 719 1892 modo,
745 1857 821 1897 quia
845 1861 1010 1897 oporteret
1028 1865 1152 1896 ponere
1167 1854 1290 1895 aliquid
1306 1855 1378 1886 Deo

301 1901 404 1942 prius:
430 1901 486 1931 sed
510 1901 655 1932 secundo
679 1901 791 1932 modo.

357 1945 526 1983 Quantum
543 1945 583 1976 ad
598 1945 790 1982 secundum,
806 1950 898 1975 notat
914 1944 1005 1985 quod
1021 1944 1114 1980 ordo,
1127 1945 1248 1975 scilicet
1262 1944 1378 1984 prioris

301 1995 334 2020 et
355 1990 553 2030 posterioris,
578 1991 612 2020 in
639 1991 774 2021 nomine
804 1989 979 2030 aliquando
1003 1995 1050 2020 est
1080 1988 1166 2020 idem
1196 1988 1377 2020 secundum

300 2043 369 2064 rem
393 2040 425 2064 et
447 2034 629 2065 secundum
653 2044 787 2070 nomen,
811 2035 889 2074 quia
918 2034 1041 2065 scilicet
1070 2043 1121 2064 res
1150 2039 1199 2064 est
1228 2034 1317 2074 prior
1347 2039 1380 2064 et

301 2078 482 2109 secundum
498 2084 645 2110 naturam
662 2085 694 2110 et
710 2078 891 2110 secundum
909 2078 1053 2109 nominis
1076 2078 1250 2109 rationem:
1275 2087 1378 2119 quan-

301 2122 411 2164 doque
434 2133 511 2154 vero
534 2133 602 2154 non
627 2130 674 2155 est
697 2123 794 2154 idem.
819 2123 962 2161 Quando
986 2123 1074 2154 enim
1097 2122 1188 2164 quod
1213 2129 1260 2154 est
1289 2123 1378 2164 prius

301 2167 481 2199 secundum
505 2178 584 2204 rem,
609 2174 656 2199 est
680 2169 776 2199 etiam
795 2169 884 2208 prius
900 2168 933 2198 in
950 2168 1139 2209 cognitione
1162 2173 1282 2205 nostra,
1299 2174 1378 2199 tunc

300 2212 387 2243 idem
412 2214 500 2253 prius
524 2219 571 2243 est
595 2213 776 2244 secundum
799 2223 868 2244 rem
893 2219 924 2244 et
951 2212 1132 2244 secundum
1162 2213 1306 2244 nominis
1330 2223 1379 2244 ra-

300 2258 436 2294 tionem,
453 2267 530 2289 cum
550 2257 631 2289 ordo
655 2258 799 2290 nominis
821 2263 975 2299 sequatur
998 2257 1148 2289 ordinem
1171 2258 1378 2299 cognitionis,

301 2307 457 2343 tanquam
489 2303 617 2343 signum
649 2303 874 2334 intellectualis
909 2303 1149 2344 conceptionis:
1185 2303 1268 2334 sicut
1302 2304 1378 2334 sub-

301 2348 416 2378 stantia
439 2347 604 2378 accidente
628 2354 741 2379 natura
765 2348 853 2389 prior
877 2353 924 2378 est
947 2353 1103 2389 tanquam
1127 2347 1197 2379 eius
1220 2357 1326 2385 causa,
1347 2353 1379 2379 et

301 2393 488 2433 cognitione
518 2393 712 2433 inquantum
742 2393 776 2424 in
807 2393 876 2423 eius
910 2393 1044 2433 ponitur
1073 2391 1278 2430 definitione;
1303 2393 1378 2424 ideo

301 2447 359 2468 ens
382 2438 470 2477 prius
494 2436 610 2468 dicitur
642 2437 683 2468 de
713 2438 889 2469 substantia
920 2443 951 2468 et
978 2436 1159 2468 secundum
1182 2447 1251 2468 rem
1275 2443 1307 2468 et
1330 2447 1379 2469 se-

302 2482 447 2513 cundum
463 2483 605 2513 nominis
621 2483 790 2514 rationem.
808 2481 951 2522 Quando
968 2487 1078 2513 autem
1093 2482 1182 2523 prius
1198 2482 1379 2514 secundum

301 2532 449 2557 naturam
473 2533 520 2558 est
543 2528 730 2567 cognitione
754 2527 926 2569 posterius,
943 2532 1022 2558 tunc
1045 2536 1114 2557 non
1131 2533 1179 2558 est
1194 2527 1281 2558 idem
1297 2526 1379 2558 ordo

302 2571 483 2603 secundum
499 2581 567 2603 rem
583 2578 615 2602 et
630 2571 811 2604 secundum
827 2572 971 2603 nominis
992 2572 1166 2603 rationem:
1191 2572 1285 2608 sicut,
1305 2572 1379 2603 licet

301 2617 401 2647 virtus
424 2618 566 2648 sanativa
589 2617 629 2648 sit
651 2618 740 2658 prior
767 2617 902 2649 sanitate
932 2617 1080 2648 animalis
1102 2616 1284 2648 secundum
1310 2626 1379 2648 rem

301 2666 456 2702 tanquam
481 2662 550 2693 eius
573 2671 680 2698 causa,
704 2662 781 2704 quia
803 2667 913 2693 tamen
943 2670 982 2692 ex
1013 2660 1132 2693 effectu
1159 2662 1378 2702 cognoscitur,

301 2705 376 2736 ideo
399 2715 516 2737 sanum
540 2706 721 2738 secundum
744 2706 888 2738 nominis
911 2706 1070 2738 rationem
1093 2706 1183 2747 prius
1207 2706 1323 2738 dicitur
1339 2705 1379 2738 de

302 2751 432 2782 animali
455 2760 555 2791 quam
579 2750 619 2782 de
642 2752 798 2782 sanativo.
821 2769 845 2774 -
867 2750 1021 2783 Similiter
1051 2760 1139 2791 erg0,
1163 2751 1239 2792 quia
1270 2751 1378 2782 Deum

302 2804 340 2826 ex
363 2796 459 2826 rebus
483 2796 551 2827 aliis
575 2797 816 2836 cognoscimus,
840 2805 891 2827 res
918 2796 1054 2826 nomine
1083 2795 1260 2836 significata
1290 2797 1379 2836 prius

302 2841 456 2871 convenit
479 2841 551 2872 Deo
575 2841 757 2872 secundum
779 2850 877 2872 suum
899 2840 1048 2876 modum,
1066 2840 1157 2877 idest,
1182 2841 1235 2872 illa
1258 2850 1308 2872 res
1331 2847 1379 2872 est

299 2885 390 2926 prius
413 2885 448 2916 in
471 2885 544 2916 Deo
569 2894 668 2926 quam
690 2885 726 2916 in
749 2891 903 2922 creatura,
927 2885 1005 2925 quia
1027 2890 1075 2916 est
1091 2895 1187 2916 causa
1203 2887 1273 2917 eius
1288 2885 1378 2927 quod

302 2935 350 2960 est
371 2930 406 2960 in
429 2935 587 2961 creatura:
613 2929 670 2960 sed
691 2930 774 2961 ratio
799 2930 941 2961 nominis
963 2939 1022 2970 per
1040 2931 1211 2970 posterius.
1236 2930 1331 2962 Unde
1347 2937 1379 2962 et

301 2974 463 3005 nominari
486 2974 603 3005 dicitur
626 2983 644 3004 a
668 2974 734 3005 suis
758 2975 908 3005 causatis:
934 2975 1011 3015 quia
1034 2973 1184 3006 videlicet
1199 2981 1379 3016 conceptus

301 3027 359 3060 per
381 3028 505 3050 nomen
527 3019 732 3059 impet-tatus,
757 3019 814 3060 qui
845 3025 892 3050 est
923 3025 1103 3060 conceptus
1133 3025 1307 3056 creaturae,
1333 3026 1380 3051 est

301 3063 390 3104 prior
405 3069 570 3104 conceptu
586 3063 657 3100 Dei,
674 3063 741 3094 sive
758 3070 920 3105 conceptu
936 3063 1064 3095 divinae
1087 3064 1305 3104 perfectionis,
1323 3074 1380 3106 per

300 3107 390 3138 idem
412 3117 537 3140 nomen
559 3109 748 3149 importato.

356 3152 392 3183 11.
418 3152 512 3184 Circa
535 3153 616 3185 illud
639 3153 731 3194 quod
754 3152 879 3184 dictum
902 3159 960 3190 est,
985 3162 1037 3184 res
1053 3154 1222 3185 nominum
1245 3154 1285 3184 de
1306 3155 1378 3185 Deo

302 3201 333 3227 et
355 3197 430 3228 aliis
454 3198 548 3229 rebus
571 3198 734 3229 dictorum
752 3207 816 3239 per
831 3198 930 3238 prius
952 3207 1021 3229 esse
1048 3198 1081 3228 in
1109 3198 1191 3234 Deo,
1212 3198 1379 3230 adverten-

302 3240 381 3272 dum
398 3242 498 3282 quod,
516 3252 592 3274 cum
613 3242 802 3274 huiusmodi
826 3243 961 3273 nomina
984 3252 1051 3274 non
1075 3242 1256 3283 significent
1279 3253 1378 3274 unam

301 3291 447 3317 naturam
479 3296 691 3318 communem
715 3287 787 3318 Deo
811 3292 843 3318 et
866 3292 1029 3318 creaturae
1054 3287 1143 3328 (quia
1167 3292 1245 3319 tunc
1274 3293 1379 3319 essent

302 3331 466 3371 univoca),
490 3332 547 3363 sed
578 3331 765 3363 immediate
788 3331 970 3372 significent
992 3331 1227 3372 perfectionem
1258 3332 1319 3363 Dei
1348 3338 1379 3363 et

302 3373 535 3414 perfectionem
559 3382 740 3413 creaturae;
765 3375 921 3417 perfectio
941 3385 1024 3417 quae
1047 3382 1095 3407 est
1110 3377 1144 3407 in
1165 3376 1238 3407 Deo
1259 3383 1307 3408 est
1329 3386 1378 3408 se-

303 3419 447 3451 cundum
470 3431 504 3451 se
527 3422 614 3461 prior
637 3421 837 3462 perfectione
868 3430 954 3462 quae
977 3427 1024 3452 est
1054 3422 1087 3452 in
1116 3427 1271 3458 creatura,
1296 3422 1378 3453 sicut

303 3471 398 3494 causa
424 3474 483 3495 suo
512 3465 627 3496 effectu
659 3472 707 3497 est
737 3465 923 3497 naturaliter
950 3466 1048 3506 prior.
1083 3466 1124 3497 Et
1154 3465 1230 3497 ideo
1262 3466 1379 3498 dicitur

305 3516 356 3536 res
380 3510 556 3546 nominum,
581 3510 662 3541 idest
685 3520 743 3552 per
765 3511 901 3541 nomina
924 3509 1111 3551 significata,
1136 3511 1225 3552 prius
1249 3520 1317 3542 esse
1344 3512 1378 3542 in

305 3550 390 3581 Deo:
416 3554 491 3592 quia
515 3554 663 3586 videlicet
692 3555 745 3586 illa
775 3554 932 3596 perfectio
963 3554 1140 3596 significata
1170 3564 1228 3596 per
1254 3565 1378 3587 nomen

305 3603 388 3634 quae
412 3602 458 3670 qst
481 3598 513 3627 in
538 3598 621 3635 Deo,
645 3605 692 3630 est
716 3609 752 3630 ea
777 3609 860 3640 quae
883 3600 918 3631 in
941 3600 1094 3631 creaturis
1111 3600 1275 3631 invenitur
1290 3601 1378 3641 prior

305 3644 337 3669 et
360 3649 417 3679 per
432 3642 540 3672 ectior.

1487 955 1583 987 Circa
1604 956 1694 986 illam
1716 956 1989 997 propositionem,
2013 955 2201 987 Substantia
2217 961 2265 987 est
2280 957 2381 997 prior
2395 957 2510 999 cogni—

1431 1000 1520 1031 tione
1534 1000 1710 1038 accidente,
1727 1000 1856 1032 adverte
1879 999 1971 1041 quod
1992 1000 2182 1041 intelligitur
2199 1000 2241 1032 de
2259 1002 2447 1042 cognitione
2460 1002 2510 1034 iu-

1430 1045 1591 1076 tellectiva
1606 1045 1828 1086 quidditativa.
1852 1044 1954 1084 Quod
1969 1050 2059 1086 patet
2073 1054 2112 1076 a
2129 1044 2269 1077 adducta
2282 1045 2418 1083 ratione,
2434 1047 2511 1089 quia

1430 1090 1553 1121 scilicet
1575 1090 1751 1122 substantia
1773 1090 1908 1131 ponitur
1922 1090 1957 1121 in
1973 1090 2042 1121 eius
2065 1089 2266 1127 definitione,
2282 1095 2320 1122 ut
2333 1090 2510 1132 supet-inat

1431 1134 1556 1166 dictum
1584 1140 1641 1166 est.
1673 1134 1863 1175 Intelligitur
1892 1144 2030 1176 quoque
2059 1134 2101 1166 de
2129 1135 2199 1166 eius
2229 1135 2512 1177 cognitionevqua

1430 1180 1641 1220 cognoscitur
1661 1181 1858 1221 inquantum
1881 1186 1930 1211 est
1951 1189 2020 1212 ens.
2049 1180 2116 1213 Res
2146 1180 2235 1212 enim
2264 1181 2400 1215 nomine
2428 1181 2512 1216 entis

1430 1224 1605 1265 importata
1627 1224 1810 1256 secundum
1833 1225 1924 1266 quod
1943 1225 2061 1256 dicitur
2075 1223 2116 1256 de
2131 1225 2318 1262 substantia,
2334 1231 2383 1257 est
2397 1232 2512 1259 natura

1432 1275 1464 1300 et
1486 1268 1687 1310 perfectione
1710 1270 1800 1310 prior
1823 1279 1924 1311 quam
1945 1279 1996 1301 res
2026 1269 2145 1302 eodem
2172 1270 2309 1302 nomine
2325 1271 2512 1312 ,imponam

1431 1313 1613 1345 secundum
1630 1314 1721 1355 quod
1737 1314 1854 1346 dicitur
1870 1314 1911 1346 de
1925 1314 2103 1346 accidente.
2119 1314 2275 1347 Similiter
2287 1315 2342 1348 illa
2356 1325 2407 1349 res
2421 1316 2511 1357 priua

1431 1355 1599 1390 intellectu
1623 1360 1833 1400 cognoscitur
1856 1369 1955 1400 quam
1977 1360 2048 1400 ipsa
2069 1369 2121 1392 res
2147 1359 2339 1392 accidentis:
2363 1369 2451 1399 ciim.
2474 1367 2512 1393 ut

1431 1403 1557 1435 dictum
1580 1409 1628 1435 est
1660 1413 1731 1445 cap.
1753 1413 1850 1441 xxxn,
1873 1405 2055 1436 substantia
2079 1409 2231 1446 ponatur
2259 1405 2293 1437 in
2323 1405 2512 1448 definitione

1431 1449 1608 1480 accidentis
1630 1449 1808 1481 secundum
1830 1449 1920 1491 quod
1942 1454 1992 1481 est
2013 1458 2080 1481 ens.
2392 1466 2394 1469 v

1488 1493 1584 1524 Circa
1606 1493 1695 1525 illam
1719 1494 1888 1535 analogiae
1911 1494 2139 1531 diversitatem,
2163 1494 2439 1528 considerandum

1432 1538 1524 1579 quod
1546 1539 1703 1580 implicite
1725 1539 1866 1580 tangitur
1886 1539 1972 1571 inter
1994 1539 2068 1571 illos
2081 1539 2202 1572 modos
2217 1539 2398 1574 differentia
2410 1541 2510 1575 haec:

1432 1582 1523 1624 quod
1545 1583 1580 1614 in
1603 1584 1712 1624 primo
1734 1583 1837 1615 modo
1861 1584 2029 1626 analogiae
2052 1590 2100 1615 est
2122 1583 2246 1626 aliquid
2264 1585 2355 1626 prius
2369 1590 2511 1628 imoque

1431 1628 1615 1669 analogato,
1639 1628 1761 1660 scilicet
1783 1628 1863 1660 illud
1886 1628 1927 1660 ad
1950 1629 2043 1671 quod
2065 1629 2187 1661 habent
2210 1630 2456 1663 attributionem
2475 1637 2512 1664 α

1431 1678 1634 1714 respectum;
1649 1673 1684 1704 in
1695 1673 1843 1705 secundo
1855 1679 1966 1705 autem
1976 1683 2046 1706 non
2058 1680 2106 1706 est
2117 1673 2241 1716 aliquid
2254 1676 2345 1716 prius
2355 1676 2472 1708 omnib

1432 1718 1619 1759 analogatis,
1642 1717 1701 1749 sed
1722 1728 1828 1750 unum
1851 1728 1968 1752 eorum
1991 1724 2041 1751 est
2062 1720 2153 1760 prius
2175 1719 2288 1752 altero.
2371 1742 2374 1746 ι
2464 1735 2466 1737 ’
2497 1748 2506 1754 .

1489 1762 1542 1794 111.
1559 1763 1655 1795 Circa
1669 1763 1833 1804 praedicta
1847 1763 1964 1804 triplex
1979 1765 2121 1796 occurrit
2133 1764 2282 1797 dubium.
2301 1765 2450 1799 Primum
2459 1771 2512 1799 nt

1432 1814 1545 1839 contra
1567 1810 1727 1840 rationem
1751 1817 1816 1849 qua
1837 1809 1994 1849 probatur
2017 1809 2160 1849 primum
2183 1810 2321 1842 modum
2344 1811 2512 1854 analogiae

1432 1852 1504 1883 Deo
1521 1862 1590 1884 non
1614 1853 1802 1884 convenire:
1828 1853 1905 1894 quia
1919 1853 2070 1885 videlicet
2085 1853 2208 1896 aliquid
2223 1861 2307 1886 esset
2321 1856 2412 1898 prius
2426 1855 2511 1889 Deo.

1432 1897 1500 1928 Aut
1523 1898 1614 1928 enim>
1634 1897 1823 1938 intelligitur
1839 1897 1878 1928 de
1894 1899 2060 1938 prioritate
2083 1899 2265 1931 secundum
2288 1909 2372 1932 rem:
2396 1906 2454 1932 aut
2470 1900 2512 1933 de

1432 1943 1598 1982 prioritate
1621 1942 1803 1973 secundum
1832 1943 1975 1974 nominis
2004 1943 2174 1975 rationem.
2206 1943 2240 1976 Si
2266 1945 2374 1986 primo
2397 1944 2512 1983 modo,

1432 1996 1502 2018 non
1517 1986 1602 2018 valet
1624 1986 1873 2027 consequentia:
1899 1988 1986 2028 quia,
2002 1993 2039 2019 ut
2053 1988 2088 2019 in
2105 1990 2258 2030 exemplo
2273 1989 2350 2021 dato
2367 1996 2512 2032 apparet,

1431 2032 1560 2069 sanitas,
1584 2031 1626 2063 ad
1649 2041 1749 2072 quam
1772 2033 1885 2065 omnia
1907 2032 2070 2072 &cuntur
2083 2042 2170 2071 sana,
2187 2044 2257 2066 non
2280 2040 2328 2066 est
2350 2036 2442 2076 prior
2460 2045 2512 2068 ae-

1433 2075 1579 2107 cundum
1601 2085 1682 2113 rem,
1706 2076 1763 2107 sed
1785 2077 1886 2108 virtus
1909 2078 2063 2114 sanativa,
2085 2086 2171 2119 quae
2195 2085 2243 2111 est
2269 2078 2442 2117 medicina,
2464 2086 2514 2112 est

2536 616 2752 667 {gamin-‘5⁰3²

2537 671 2552 692 l.
2567 677 2588 699 3.
2698 671 2700 673 ’

2537 1089 2548 1099 ·
2561 1088 2620 1117 cap.
2634 1094 2713 1112 xxxii.

1431 2121 1521 2162 prior
1544 2131 1592 2158 ea,
1617 2127 1653 2152 ut
1676 2121 1729 2152 hic
1753 2121 1879 2153 dicitur.
1903 2141 1925 2146 -
1949 2122 1982 2154 Si
2006 2123 2152 2155 secundo
2175 2123 2289 2161 modo,
2308 2134 2378 2156 non
2401 2130 2449 2156 est
2462 2125 2513 2157 in-
2546 2150 2552 2154 .

1432 2167 1632 2197 conveniens
1655 2165 1777 2207 aliquid
1801 2176 1870 2198 esse
1894 2167 1984 2208 prius
2008 2167 2091 2205 Deo,
2115 2174 2152 2200 ut
2174 2169 2227 2200 hic
2258 2170 2355 2200 etiam
2385 2169 2512 2202 dicitur.

1488 2210 1678 2243 Secundum
1702 2217 1750 2242 est
1774 2218 1886 2243 contra
1909 2212 2047 2244 modum
2070 2213 2237 2255 analogiae
2260 2215 2450 2246 nominibus
2465 2214 2513 2247 di-

1432 2256 1516 2287 vinis
1530 2256 1584 2288 hic
1599 2256 1791 2288 attributum
1801 2257 1829 2288 ⁴.
1855 2256 2055 2298 Oppositum
2071 2258 2159 2290 enim
2174 2259 2246 2291 eius
2261 2259 2388 2291 videtur
2402 2265 2513 2292 tenere
2540 2259 2550 2270 '

1433 2301 1569 2332 Sanctus
1594 2301 1740 2332 Thomas
1761 2301 1843 2338 Ver„
1868 2301 1903 2343 q.'
1924 2312 1956 2338 11,
1981 2312 2008 2333 a.
2038 2310 2087 2334 ιι.
2121 2303 2167 2335 Ibi
2190 2304 2278 2336 enirn
2309 2310 2399 2336 tenet
2422 2304 2514 2347 quod

1433 2346 1581 2386 analogia
1604 2346 1804 2377 conveniens
1828 2346 1901 2378 Deo
1925 2353 1956 2378 et
1979 2348 2131 2379 creaturis
2158 2358 2228 2380 non
2255 2354 2304 2380 est
2331 2348 2513 2382 secundum

1433 2391 1695 2422 convenientiam
1713 2397 1744 2422 et
1765 2391 2013 2432 proportionem
2037 2393 2134 2424 unius
2158 2393 2198 2424 ad
2222 2394 2369 2431 alterum,
2386 2393 2443 2426 sed
2463 2403 2513 2426 se-

1433 2436 1575 2467 cundum
1598 2435 1764 2477 quandam
1781 2436 2141 2478 proportionalitatem.

1490 2480 1638 2511 Tertium
1662 2486 1710 2512 est
1733 2486 1846 2511 contra
1869 2481 2006 2512 modum
2030 2482 2204 2523 prioritatis
2220 2488 2252 2514 et
2268 2478 2514 2524 posteri-antitis

1433 2525 1615 2556 secundum
1630 2526 1774 2556 nominis
1789 2526 1949 2557 rationem
1960 2527 1988 2558 ⁶.
2006 2527 2090 2558 Nam
2106 2527 2213 2559 Prima
2224 2527 2328 2565 Parte,
2340 2538 2373 2571 q.
2382 2525 2429 2567 m,
2440 2537 2471 2571 §-
2482 2529 2513 2567 5,

1433 2571 1466 2601 in
1489 2571 1615 2602 ratione
1638 2570 1678 2601 ad
1702 2571 1904 2612 oppositum,
1928 2571 2046 2603 dicitur
2065 2571 2157 2614 quod
2171 2572 2244 2604 Deo
2261 2573 2345 2605 nihil
2358 2571 2515 2617 eatffl

1434 2624 1492 2646 nec
1506 2615 1684 2646 secundum
1700 2625 1768 2646 rem
1789 2625 1848 2647 nec
1861 2616 2039 2648 secundum
2055 2617 2264 2649 intellectum.
2287 2618 2375 2660 Ergo
2389 2624 2514 2653 nom

1432 2669 1501 2691 non
1517 2659 1635 2692 dicitur
1649 2660 1689 2692 de
1706 2660 1778 2691 Deo
1795 2662 1956 2702 posterius
1976 2662 2158 2694 secundum
2176 2663 2320 2695 nominis
2340 2662 2512 2697 atinum.

1434 2703 1539 2736 Cuius
1562 2705 1754 2747 oppositum
1777 2706 1830 2736 hic
1854 2704 1980 2738 dicitur.

1490 2749 1543 2780 iv.
1568 2749 1620 2781 Ad
1653 2751 1796 2791 primum
1826 2750 1946 2787 horum
1979 2750 2097 2783 dicitur
2129 2750 2221 2793 quod
2252 2751 2442 2793 intelligitur
2473 2752 2513 2785 de

1432 2795 1598 2834 prioritate
1621 2794 1804 2826 secundum
1827 2804 1906 2826 rem.
1931 2795 1995 2827 Pro
2018 2805 2088 2838 quo
2111 2796 2345 2828 advenendum
2368 2796 2460 2838 quod
2476 2797 2513 2829 in

1433 2840 1539 2879 primo
1564 2839 1666 2871 modo
1689 2840 1858 2881 analogiae
1880 2840 2068 2881 aliquando,
2092 2841 2309 2883 quantumad
2324 2841 2462 2874 formale
2481 2848 2514 2876 et

1432 2893 1490 2925 per
1521 2894 1555 2916 se
1586 2883 1803 2926 significatum
1832 2886 1986 2922 nominis,
2017 2884 2054 2917 fit
2083 2885 2308 2919 denominatio
2340 2887 2514 2920 intrinseca

1432 2934 1558 2960 tantum
1581 2930 1616 2960 in
1647 2938 1726 2966 uno,
1750 2930 1784 2960 in
1814 2929 1871 2960 illo
1902 2929 2052 2962 videlicet
2081 2940 2139 2972 per
2170 2931 2451 2973 comparationem
2472 2931 2514 2966 ad

1433 2973 1524 3014 quod
1547 2974 1608 3005 alia
1631 2973 1783 3005 dicuntur
1807 2974 1975 3015 analogice
1997 2974 2086 3006 talia:
2112 2976 2188 3017 quia
2218 2976 2361 3007 nominis
2391 2972 2506 3020 signifi

1433 3024 1542 3049 catum
1565 3019 1599 3050 in
1623 3018 1680 3049 illo
1703 3028 1772 3050 uno
1804 3018 1969 3051 dumtaxat
1991 3018 2170 3053 formaliter
2197 3025 2254 3057 est,
2278 3020 2313 3052 in
2343 3020 2412 3052 aliis
2432 3028 2512 3052 vero

1432 3073 1500 3094 non
1524 3070 1572 3094 est
1595 3063 1782 3100 formaliter,
1807 3063 1864 3095 sed
1887 3064 2040 3096 dicuntur
2061 3065 2136 3096 talia
2164 3065 2351 3102 extrinsece,
2374 3070 2437 3107 pet
2451 3065 2512 3096 ha-

1433 3108 1615 3140 bitudinem
1638 3109 1761 3141 scilicet
1784 3107 1826 3140 ad
1846 3109 1938 3141 illud.
1962 3109 2151 3150 Aliquando
2174 3115 2283 3142 autem
2300 3115 2333 3142 et
2347 3109 2417 3142 aliis
2430 3117 2512 3142 con·

1432 3153 1522 3184 venit
1538 3152 1674 3185 formale
1689 3152 1916 3195 significatum,
1933 3159 1965 3185 et
1981 3160 2222 3196 consequenter
2236 3155 2348 3187 omnia
2358 3153 2512 3187 dicuntur

1432 3198 1604 3229 intrinsece
1621 3199 1706 3230 talia.
1730 3198 1821 3230 Sicut
1835 3200 1953 3230 sanitas
1975 3200 2111 3230 nomine
2133 3200 2209 3231 sani
2230 3199 2404 3240 importata
2420 3199 2512 3232 inve-

1432 3243 1519 3273 nitur
1542 3248 1668 3274 tantum
1692 3243 1725 3274 in
1750 3243 1890 3281 animali,
1915 3249 1947 3275 et
1970 3242 2045 3274 ideo
2069 3243 2187 3274 animal
2213 3243 2386 3275 intrinsece
2409 3242 2511 3275 deno-

1432 3288 1574 3318 minatur
1590 3296 1719 3319 sanum:
1743 3288 1777 3319 in
1801 3287 1963 3320 medicina
1985 3293 2094 3319 autem
2111 3292 2143 3319 et
2158 3287 2233 3319 cibo
2249 3297 2318 3319 non
2336 3288 2510 3326 invenitur,

1432 3332 1488 3363 sed
1513 3332 1664 3363 dicuntur
1687 3333 1864 3364 extrinsece
1894 3342 1971 3364 sana
1993 3341 2032 3363 ex
2055 3331 2243 3363 habitudine
2271 3331 2312 3364 ad
2341 3332 2511 3366 sanitatem

1433 3378 1588 3408 animalis.
1613 3377 1683 3409 Ens
1706 3383 1815 3408 autem
1838 3378 2001 3409 invenitur
2017 3376 2194 3408 formaliter
2216 3377 2249 3408 in
2273 3377 2460 3415 substantia,
2475 3379 2510 3410 in

1433 3422 1586 3462 qualitate
1610 3428 1642 3454 et
1666 3423 1699 3454 in
1723 3423 1913 3464 quantitate.
1938 3421 1974 3453 In
2002 3426 2143 3462 utroque
2170 3430 2247 3462 ergo
2270 3421 2372 3454 modo
2395 3431 2510 3454 verum

1433 3473 1480 3497 est
1504 3467 1595 3508 quod
1619 3466 1740 3508 aliquid
1764 3473 1812 3498 est
1834 3466 1923 3507 prius
1946 3465 2127 3497 secundum
2143 3475 2211 3497 rem
2230 3472 2371 3508 utroque
2395 3477 2510 3499 eorum

1433 3521 1516 3552 quae
1540 3511 1707 3552 analogice
1731 3510 1883 3542 dicuntur
1905 3511 1939 3542 in
1958 3510 2072 3541 ordine
2091 3510 2131 3542 ad
2147 3511 2288 3543 tertium.
2314 3512 2406 3543 Prius
2421 3513 2509 3544 enim

1432 3555 1613 3588 secundum
1629 3565 1698 3587 rem
1714 3555 1831 3587 dicitur
1845 3563 1961 3587 sanum
1978 3554 2018 3586 de
2034 3555 2164 3587 animali
2177 3565 2275 3596 quam
2292 3555 2333 3588 de
2347 3556 2509 3589 medicina

1433 3606 1464 3632 et
1480 3601 1569 3632 cibo:
1595 3601 1672 3642 quia
1686 3600 1721 3632 in
1737 3599 1868 3632 animali
1884 3605 1931 3631 est
1946 3599 2016 3641 ipsa
2031 3609 2081 3630 res
2097 3600 2250 3638 sanitatis,
2266 3602 2300 3632 in
2316 3601 2384 3633 istis
2399 3606 2508 3634 autem

1432 3645 1520 3676 solus
1543 3651 1708 3686 respectus
1730 3644 1771 3675 ad
1793 3645 1911 3685 ipsam;
1936 3653 1986 3675 res
2009 3651 2118 3676 autem
2143 3651 2191 3676 est
2213 3646 2399 3677 naturaliter
2420 3646 2509 3687 prior

2540 2527 2550 2538 ·
2565 2526 2603 2550 Cf.
2618 2532 2643 2550 a.
2653 2533 2678 2550 ι.
