2768 4134
46 414 54 424 “
71 413 128 441 Cap.
143 418 192 434 xm.

40 1341 49 1350 ·
65 1338 101 1361 Cf.
119 1338 254 1369 Commeat.

41 1372 92 1393 eap.
102 1371 177 1393 praee.
189 1368 239 1387 mit.

38 2590 46 2600 ·
66 2589 87 2611 ll
107 2589 138 2611 de
157 2589 250 2616 Anima,

38 2619 173 2638 commento
187 2615 223 2643 ⁶7.

38 2947 47 2956 ¹
62 2946 198 2968 cf.lAna1.
210 2945 252 2967 1³0-

39 2974 187 3022 :ffffl't‘s
193 2979 250 3001 “⁸¹''

43 3527 52 3536 ·
67 3525 103 3547 Cl'.
120 3531 142 3547 n.
153 3531 174 3547 v.

291 277 366 314 218

286 356 326 393 in
346 357 430 392 Deo
451 364 532 390 esse
551 358 609 389 est
627 348 880 399 impossibile:
906 360 999 385 cum
1018 347 1065 384 sit
1079 355 1184 385 extra
1198 359 1362 385 omnem

286 399 439 446 mortum
447 405 478 442 *.
494 403 741 453 Relinquitur
759 402 872 451 igitur
891 402 999 451 quod
1019 401 1147 448 simul,
1164 408 1201 438 et
1219 401 1361 438 eodem

285 460 372 500 ac'tu
391 457 611 505 voluntatis,
631 457 739 494 Deus
757 457 840 493 vult
859 467 899 492 se
920 462 956 492 et
975 454 1059 492 alia.

338 516 444 552 Item.
476 511 580 549 Cum
607 511 715 548 Deus
743 521 899 558 semper
926 507 1016 546 velit
1044 520 1097 552 se,
1118 507 1150 544 si
1178 507 1253 545 alio
1273 515 1361 545 actu

284 569 367 605 vult
386 578 426 604 se
446 573 483 602 et
501 564 576 602 alio
596 564 680 611 alia,
698 570 882 613 sequetur
895 561 1004 611 quod
1023 560 1140 598 simul
1160 560 1234 598 sint
1253 562 1294 599 in
1313 574 1361 599 eo

284 622 365 659 duo
393 626 501 657 actus
528 617 747 656 voluntatis.
777 616 898 666 Quod
918 622 974 652 est
993 614 1247 664 impossibile:
1268 627 1362 652 nam

284 675 401 712 unius
429 671 613 723 simplicis
647 670 840 722 potentiae
875 681 957 706 non
992 676 1082 706 sunt
1115 668 1232 706 simul
1259 668 1361 706 duae

284 726 541 779 operationes.

337 783 551 820 Praeterea.
567 781 610 817 In
625 778 734 817 omni
749 786 837 816 actu
853 775 1060 814 voluntatis
1073 775 1239 813 volitum
1255 787 1362 813 com-

283 843 442 886 paratur
469 834 519 872 ad
546 834 743 871 volentem
773 839 815 869 ut
843 842 1009 868 movens
1037 829 1087 867 ad
1123 836 1290 867 motum.
1321 828 1362 867 Si
1379 844 1404 858 ιο

284 889 398 939 igitur
425 888 471 926 sit
498 887 627 938 aliqua
655 886 753 923 actio
773 883 982 922 voluntatis
1001 882 1157 920 divinae
1181 894 1261 932 qua
1281 884 1363 920 vult

340 1010 369 1028 u
393 1003 493 1028 divinae
513 1003 534 1027 Α
553 1002 640 1035 solus;
660 1009 699 1026 ex.

340 1046 350 1064 1
373 1040 420 1064 illo
433 1038 528 1071 potius
546 1045 625 1070 quam
645 1037 688 1061 illa
707 1037 743 1065 Α;
763 1035 806 1060 illa
825 1041 925 1060 omnes.

844 269 1034 307 SUMMA
1063 269 1288 307 CONTRA
1315 268 1594 316 GENTILES,
1625 269 1738 307 CAP.
1766 270 1938 308 LXXVI.

1418 347 1491 386 alia
1518 360 1541 385 a
1569 360 1621 395 se,
1651 348 1805 387 diversa
1832 363 1856 388 a
1883 351 2081 388 voluntate
2101 362 2181 399 qua
2198 351 2282 388 vult
2300 363 2353 399 se,
2374 351 2414 389 in
2433 351 2498 389 illo

1418 401 1487 438 erit
1515 401 1660 451 aliquid
1690 401 1795 440 aliud
1830 415 1996 442 movens
2031 402 2207 441 divinam
2241 405 2495 442 voluntatem.

1418 455 1540 502 Quod
1569 462 1626 492 est
1653 454 1905 505 impossibile.

1470 507 1662 558 AmpliuS.
1683 509 1790 547 Velle
1809 509 1883 548 Dei
1902 518 1959 548 est
1976 523 2096 548 suum
2115 522 2212 558 esse,
2227 517 2270 548 ut
2287 509 2499 560 probatum

1418 569 1473 598 est
1491 561 1523 598 ²¹⁸.
1555 561 1633 598 Sed
1661 561 1702 599 in
1730 563 1816 600 Deo
1845 575 1927 601 non
1945 571 2002 602 est
2020 563 2094 601 nisi
2113 577 2240 602 unum
2269 576 2364 602 esse.
2394 565 2498 614 Ergo

1418 627 1499 652 non
1518 623 1575 652 est
1594 614 1647 652 ibi
1666 615 1739 652 nisi
1758 627 1887 654 unum
1905 619 2015 655 velle.

1471 669 1578 706 Item.
1587 669 1695 706 Velle
1709 669 1896 720 competit
1909 671 1996 708 Deo
2011 671 2231 710 secundum
2247 670 2356 721 quod
2371 679 2428 709 est
2441 671 2498 709 in-

1417 721 1628 771 telligens*.
1649 721 1757 760 Sicut
1775 721 1889 771 igitur
1907 735 1989 761 uno
2004 731 2092 763 actu
2106 723 2278 774 intelligit
2297 738 2337 763 se
2357 733 2394 763 et
2413 724 2498 774 alia,

1417 775 1653 825 inquantum
1674 775 1840 814 essentia
1866 789 1939 814 sua
1959 785 2016 814 est
2037 779 2236 828 exemplar
2261 778 2443 817 omniurn
2458 778 2497 823 *ς

1418 828 1470 867 ita
1497 841 1579 867 uno
1605 837 1694 867 actu
1721 831 1804 867 vult
1830 842 1870 867 se
1897 837 1934 868 et
1959 830 2045 878 alia,
2065 830 2301 881 inquantum
2327 846 2399 871 sua
2429 833 2498 870 bo·

1418 882 1516 920 nitas
1543 891 1601 920 est
1629 882 1726 920 ratio
1754 883 1883 921 omnis
1911 883 2092 922 bonitatis
2104 884 2137 920 ¹⁸.

1019 1040 1033 1058 2
1054 1031 1227 1066 voluntatem]
1247 1039 1301 1066 qua
1318 1033 1375 1058 vult
1393 1039 1423 1058 se
1441 1032 1551 1058 addunt
1569 1033 1618 1059 Pd.

1057 1136 1399 1170 Commentarius
1421 1134 1736 1169 Fert-ariensis

338 1249 486 1272 osmunt
509 1238 734 1270 determinavit
758 1237 895 1269 Sanctus
919 1236 1066 1267 Thomas
1090 1235 1131 1266 de
1154 1235 1291 1266 obiectis
1314 1245 1363 1266 se-

338 1285 499 1317 cundariis
536 1283 664 1315 divinae
696 1282 883 1318 voluntatis,
909 1290 999 1312 nunc
1030 1280 1070 1312 de
1100 1280 1203 1312 modo
1231 1279 1364 1312 volendi

281 1333 351 1373 ipsa
375 1330 566 1361 determinat
581 1330 608 1359 *.
636 1328 678 1359 Et
701 1328 819 1369 primo,
845 1337 885 1358 ex
913 1331 1004 1367 parte
1027 1325 1180 1362 volentis;
1205 1324 1363 1361 secundo,

282 1386 321 1408 ex
344 1381 434 1417 parte
456 1374 560 1410 voliti,
584 1383 655 1414 cap.
671 1382 798 1405 amm.

337 1420 433 1452 Circa
465 1419 610 1461 primum
639 1417 707 1449 duo
738 1417 828 1449 facit:
861 1417 978 1457 primo,
1003 1415 1196 1447 determinat
1225 1414 1267 1446 de
1289 1415 1363 1456 ipso

280 1465 412 1497 volendi
435 1463 554 1501 modo;
577 1463 735 1499 secundo,
758 1461 856 1494 infert
879 1470 984 1493 unum
1013 1460 1234 1497 corollarium,
1257 1459 1363 1501 capite

281 1511 441 1552 sequenti.

338 1556 360 1586 1.
385 1555 556 1594 Quantum
580 1553 621 1584 ad
643 1553 796 1593 primum,
813 1552 948 1592 ponitur
962 1551 1043 1582 haec
1063 1550 1248 1582 conclusio:
1271 1550 1363 1581 Deus

282 1601 379 1632 unico
403 1605 478 1631 actu
502 1598 680 1630 voluntatis
703 1608 738 1630 se
761 1603 792 1629 et
813 1597 883 1628 alia
907 1596 986 1628 vult.

336 1645 502 1676 Probatur
521 1643 641 1684 prim0.
666 1643 756 1674 Deus
779 1642 891 1673 omnia
914 1641 975 1672 alia
997 1639 1066 1671 vult
1089 1645 1224 1682 propter
1242 1649 1277 1671 se
1293 1645 1363 1671 tan·

282 1699 382 1731 quam
405 1694 538 1730 propter
561 1687 673 1719 finem.
698 1688 784 1728 Ergo
809 1696 878 1718 uno
902 1691 977 1717 actu
1001 1690 1033 1716 et
1056 1695 1090 1715 se
1114 1690 1146 1716 et
1169 1685 1231 1716 alia
1244 1684 1325 1716 vult.
1340 1702 1364 1708 -

281 1735 440 1766 Probatur
462 1733 707 1773 consequentia.
731 1732 818 1770 Quia
840 1731 914 1762 finis
937 1735 1144 1770 comparatur
1167 1729 1208 1760 ad
1223 1729 1257 1761 id
1272 1728 1363 1770 quod

281 1785 414 1821 propter
432 1779 542 1819 ipsum
560 1783 688 1809 tantum
711 1776 919 1819 desideratur,
943 1776 1028 1806 sicut
1050 1775 1132 1806 ratio
1156 1774 1300 1806 formalis
1323 1773 1363 1806 ad

282 1825 458 1855 obiectum.
483 1823 593 1853 Virtus
616 1828 726 1853 autem
756 1831 824 1852 uno
855 1826 930 1851 actu
954 1819 1054 1850 fertur
1077 1821 1110 1850 in
1140 1819 1307 1850 obiectum
1331 1824 1363 1850 et

281 1870 315 1900 in
331 1870 491 1900 rationem
508 1867 678 1898 formalem
695 1867 829 1898 obiecti:
846 1866 930 1896 sicut
946 1864 1060 1895 eadem
1072 1865 1197 1895 visione
1213 1863 1362 1895 videmus

280 1914 389 1944 lucem
413 1919 445 1944 et
469 1912 625 1948 colorem,
651 1912 707 1952 qui
732 1911 767 1942 fit
791 1910 923 1941 visibilis
946 1915 1021 1940 actu
1044 1919 1102 1950 per
1125 1909 1247 1939 lumen.

336 1957 487 1992 Adverte,
504 1966 580 1987 cum
602 1956 680 1987 dixit
703 1956 840 1986 Sanctus
856 1955 1002 1985 Thomas
1026 1954 1194 1994 quoniam,
1211 1963 1283 1984 cum
1300 1953 1361 1984 ali-

279 2002 358 2043 quid
374 2002 524 2032 volumus
537 2006 677 2042 propter
689 2001 796 2042 finem
813 2004 949 2034 tantum,
967 1998 1050 2029 illud
1065 1998 1183 2039 accipit
1198 1998 1359 2028 rationem

280 2047 373 2078 veliti
397 2056 439 2077 ex
451 2046 535 2087 fine,
562 2045 652 2088 quod
675 2045 751 2076 ideo
772 2043 894 2076 addidit
910 2048 1047 2079 tantum,
1064 2043 1141 2083 quia
1156 2042 1190 2074 id
1205 2042 1298 2083 quod
1312 2048 1361 2074 est

279 2091 319 2122 ad
343 2091 443 2122 finem
467 2090 639 2131 dupliciter
662 2095 770 2131 potest
792 2089 912 2130 appeti,
928 2087 1051 2119 scilicet
1069 2086 1251 2119 secundum
1265 2096 1312 2123 se,
1329 2091 1362 2118 et

279 2137 312 2167 in
336 2135 450 2167 ordine
474 2135 514 2166 ad
537 2135 650 2166 finem:
683 2136 767 2166 sicut
796 2134 958 2165 medicina
988 2132 1091 2164 dulcis
1119 2138 1227 2173 potest
1250 2132 1360 2173 appeti

279 2186 311 2212 et
326 2182 522 2221 inquantum
546 2180 659 2216 dulcis,
677 2186 708 2210 et
724 2180 920 2220 inquantum
936 2176 1108 2209 conferens
1124 2177 1164 2208 ad
1179 2178 1359 2208 sanitatem.

278 2225 421 2264 Quando
452 2226 614 2266 appetitur
629 2226 753 2256 ratione
770 2225 920 2264 propriae
936 2222 1100 2258 bonitatis,
1117 2223 1162 2253 sic
1179 2231 1248 2253 non
1263 2222 1360 2252 habet

278 2271 438 2301 rationem
454 2270 547 2301 voliti
563 2279 602 2301 ex
617 2269 731 2301 ordine
744 2269 785 2300 ad
796 2269 939 2309 aliquem
952 2267 1053 2298 alium
1068 2266 1183 2298 finem:
1208 2266 1266 2298 sed
1280 2271 1359 2298 tunc

278 2320 405 2346 tantum
429 2314 562 2355 quando
586 2315 749 2355 appetitur
773 2320 809 2344 ut
832 2313 910 2344 utile
934 2318 966 2343 et
989 2311 1175 2343 ordinatum
1191 2311 1231 2342 ad
1248 2310 1358 2342 finem.

335 2359 475 2390 Adverte
499 2360 596 2390 etiam
620 2358 711 2400 quod
734 2359 871 2390 Sanctus
894 2357 1040 2388 Thomas
1063 2355 1239 2397 aliquando
1269 2355 1359 2387 inde-

278 2404 448 2436 terminate
465 2404 611 2444 loquitur
626 2403 666 2435 de
683 2402 800 2435 effectu
816 2402 963 2434 luminis:
980 2403 1063 2433 sicut
1078 2401 1196 2436 Prima.
1214 2410 1359 2441 q.1.xxnr,

278 2459 307 2480 a.
326 2449 357 2485 3,
374 2448 414 2480 ad
432 2458 462 2486 2,
486 2449 543 2480 ubi
567 2449 679 2479 recitat
701 2454 733 2479 et
757 2448 951 2488 opinionem
974 2456 1059 2487 quae
1078 2451 1167 2477 tenet
1183 2446 1291 2477 lumen
1309 2455 1359 2476 re-

279 2493 367 2535 quiri
390 2493 433 2524 ad
457 2494 560 2524 visum
585 2498 620 2524 ut
633 2493 747 2535 faciat
762 2493 890 2523 colores
905 2496 981 2522 actu
999 2490 1148 2526 visibiles,
1174 2496 1205 2521 et
1229 2490 1359 2531 opinio-

279 2548 355 2569 nem
369 2547 453 2579 quae
469 2543 557 2569 tenet
570 2538 677 2568 lumen
692 2537 817 2579 requiri
834 2541 869 2567 ut
884 2535 1099 2578 medixemfiat
1114 2539 1189 2566 actu
1203 2534 1358 2571 lucidum,

279 2592 363 2624 quae
379 2582 506 2614 videtur
521 2592 591 2614 esse
607 2581 884 2613 Commentatoris
892 2581 920 2617 “,
938 2586 969 2611 et
988 2579 1171 2612 secundum
1186 2586 1359 2621 utramque

279 2637 376 2659 suum
399 2628 606 2668 propositum
629 2627 779 2658 declarat.
810 2626 874 2657 Hic
907 2631 1016 2656 autem
1047 2629 1194 2666 acceptat
1220 2625 1359 2665 primam

281 2673 488 2713 opinionem:
509 2681 608 2713 quam
625 2673 722 2703 etiam
739 2677 850 2703 tenere
866 2670 993 2702 videtur
1011 2670 1117 2706 Ver-it„
1135 2679 1167 2711 q.
1179 2679 1246 2706 vm,
1263 2679 1291 2701 a.
1309 2677 1359 2710 14,

279 2717 318 2748 ad
336 2717 366 2754 6,
391 2723 422 2748 et
447 2717 573 2752 ISent.‚
599 2716 630 2747 d.
647 2727 718 2753 nv,
743 2727 771 2747 a.
790 2726 820 2753 2,
837 2715 878 2747 ad
899 2724 925 2746 ι.
951 2715 1140 2747 Secundum
1164 2724 1264 2756 quam
1288 2714 1360 2756 opi-

278 2762 414 2793 nionem
438 2761 613 2793 dicendum
644 2767 727 2793 esset
751 2759 842 2802 quod
866 2760 969 2797 color,
993 2760 1068 2791 licet
1091 2760 1124 2791 in
1155 2760 1296 2790 tenebris
1319 2760 1359 2790 sit

278 2811 354 2838 actu
369 2806 470 2842 color,
488 2815 556 2837 non
574 2811 621 2837 est
636 2812 746 2837 tamen
762 2806 795 2836 in
811 2810 886 2836 actu
902 2804 1074 2836 sufficienti
1093 2804 1133 2835 ad
1156 2803 1359 2835 movendum

278 2850 478 2892 diaphanum
501 2851 649 2882 motione
673 2850 839 2891 spirituali,
857 2855 889 2880 et
904 2855 1038 2890 propter
1053 2849 1117 2880 hoc
1134 2858 1201 2880 non
1219 2854 1266 2880 est
1285 2854 1359 2880 actu

278 2896 420 2927 visibilis.
445 2895 541 2927 Unde
565 2904 634 2927 esse
658 2895 783 2926 visibile
806 2895 839 2925 in
863 2894 1009 2935 potentia
1026 2899 1057 2925 et
1077 2893 1360 2925 fundamentaliter

279 2941 433 2972 convenit
455 2940 590 2982 quidem
613 2940 717 2971 colori
744 2940 778 2970 in
809 2939 956 2971 secundo
978 2938 1081 2970 modo
1099 2949 1163 2980 per
1184 2948 1220 2970 se
1235 2939 1265 2969 ἐ
1291 2948 1358 2970 non

279 2991 390 3016 autem
405 2994 475 3017 esse
491 2991 566 3016 actu
586 2985 710 3016 visibile
733 2983 915 3016 secundum
940 2989 1049 3014 actum
1073 2983 1287 3025 completum,
1302 2983 1359 3015 sed

279 3029 463 3071 completur
479 3039 537 3071 per
552 3030 616 3061 hoc
632 3028 723 3070 quod
739 3035 787 3060 est
802 3035 877 3060 actu
900 3028 1111 3065 illuminatus,
1128 3034 1165 3059 ut
1181 3038 1219 3059 ex
1235 3028 1359 3060 lumine

280 3080 311 3105 et
335 3074 446 3106 colore
476 3073 531 3105 fiat
561 3083 666 3105 unum
690 3074 857 3105 obiectum
885 3073 982 3109 visus,
1006 3073 1039 3103 in
1070 3083 1138 3115 quo
1169 3073 1281 3104 lumen
1313 3078 1360 3104 est

279 3118 425 3156 formale,
451 3119 544 3150 color
573 3125 682 3150 autern
714 3118 877 3149 materiale
908 3118 1089 3154 obiectum;
1115 3123 1146 3148 et
1177 3118 1289 3149 lumen
1311 3117 1359 3148 vi-

279 3163 373 3195 detur
395 3165 605 3195 terminatum
636 3162 677 3194 ad
709 3172 829 3204 corpus
863 3162 1055 3200 coloratum,
1081 3162 1171 3203 quod
1194 3163 1263 3194 sine
1287 3171 1359 3194 cor-

279 3218 360 3249 pore
383 3210 556 3240 terminato
580 3208 681 3240 videri
704 3217 773 3239 non
803 3213 923 3248 posset,
948 3213 984 3238 ut
1007 3207 1068 3243 sic3
1092 3208 1180 3238 iuxta
1208 3217 1246 3239 ea
1275 3216 1359 3248 quae

280 3252 431 3285 dicuntur
453 3254 560 3288 Ver-it..
578 3263 610 3294 q.
623 3263 685 3290 xxv,
702 3262 730 3284 a.
745 3252 776 3289 8,
793 3252 834 3283 ad
849 3262 881 3293 4.
898 3269 921 3275 —
936 3252 1049 3283 Posset
1065 3257 1174 3283 tamen
1189 3251 1254 3283 dici
1269 3251 1360 3293 quod

280 3297 416 3329 Sanctus
433 3298 579 3330 Thomas
602 3307 662 3332 nec
687 3298 739 3328 hic
759 3306 820 3328 nec
836 3297 911 3328 alibi
929 3295 1006 3328 dicit
1021 3296 1132 3327 lumen
1149 3297 1273 3338 requiri
1284 3306 1360 3338 pro—

280 3347 351 3382 pter
367 3342 493 3374 colores
508 3342 600 3384 quasi
616 3342 703 3374 illam
716 3342 908 3383 opinionem
926 3346 1093 3382 sequatur:
1111 3340 1166 3372 sed
1183 3351 1221 3372 ex
1237 3351 1360 3382 suppo-

281 3387 397 3418 sitione
420 3387 505 3418 illius
529 3386 695 3428 opinionis
718 3386 788 3417 vult
810 3386 928 3417 habere
953 3384 1043 3426 quod
1065 3394 1134 3416 uno
1163 3391 1237 3416 actu
1262 3385 1361 3417 fertur

281 3431 368 3462 visus
392 3432 425 3462 in
453 3432 599 3463 colorem
630 3437 662 3462 et
693 3431 819 3467 lumem
851 3431 877 3461 si
907 3431 996 3461 enim
1027 3431 1200 3471 requiritur
1229 3435 1362 3471 propter

283 3476 439 3512 colorem.
464 3482 670 3517 comparatur
699 3475 740 3508 ad
769 3477 878 3516 ipsum
905 3481 942 3507 ut
965 3474 1100 3507 formale
1124 3474 1165 3506 ad
1187 3475 1360 3506 materiale.

340 3521 376 3551 ll.
402 3521 550 3551 Secundo
563 3522 590 3551 *.
616 3521 773 3559 Quolibet
796 3526 870 3551 actu
895 3529 962 3561 quo
992 3519 1081 3550 Deus
1098 3519 1166 3551 vult
1182 3529 1226 3556 se,
1244 3519 1312 3550 vult
1328 3529 1361 3550 se

285 3570 316 3594 et
333 3564 392 3595 alia
408 3571 539 3605 propter
563 3575 606 3596 se.
632 3564 695 3596 Sed
719 3565 780 3595 alia
804 3575 821 3595 a
844 3575 878 3595 se
902 3573 970 3596 non
990 3564 1058 3595 vult
1082 3565 1143 3595 nisi
1167 3565 1362 3605 inquantum

285 3608 353 3639 vult
376 3618 420 3640 se.
445 3609 531 3649 Ergo
556 3615 616 3640 etc.
632 3628 654 3632 -
671 3610 779 3640 Minor
802 3610 938 3650 probata
961 3614 1008 3640 est
1031 3609 1065 3640 in
1089 3608 1294 3650 praecedenti
1310 3618 1362 3640 ca-

286 3653 362 3693 pite.
375 3669 397 3674 —
410 3653 514 3684 Maior
525 3663 602 3684 vero
619 3655 782 3694 probatur.
800 3654 876 3685 Non
892 3659 939 3685 est
955 3663 1078 3694 ponere
1095 3653 1237 3694 aliquem
1253 3659 1362 3685 actum

1418 1234 1480 1266 Dei
1503 1235 1644 1267 volentis
1659 1245 1728 1277 quo
1745 1236 1823 1268 velit
1837 1246 1872 1268 se
1887 1242 1921 1268 et
1936 1246 2005 1278 quo
2022 1247 2090 1269 non
2107 1237 2185 1269 velit
2199 1247 2235 1269 se
2250 1237 2408 1278 perfecte:
2424 1245 2502 1271 cum

1417 1281 1451 1312 in
1470 1279 1516 1312 'eo
1540 1280 1622 1312 nihil
1643 1281 1684 1312 sit
1707 1281 1947 1322 imperfectum.
1972 1282 2070 1323 Ergo,
2090 1281 2232 1314 volendo
2256 1292 2301 1319 se,
2318 1283 2388 1315 vult
2401 1293 2436 1315 se
2452 1291 2502 1315 se—

1418 1325 1565 1357 cundum
1587 1330 1692 1357 totam
1707 1327 1982 1361 suamvirtutem.
2005 1327 2093 1367 Ergo
2110 1327 2179 1359 vult
2194 1337 2229 1358 se
2243 1333 2276 1359 et
2292 1328 2354 1360 alia
2368 1334 2502 1370 propter

1418 1381 1451 1402 se
1468 1370 1617 1412 quolibet
1632 1376 1707 1402 actu
1724 1381 1792 1412 quo
1808 1371 1878 1402 vult
1891 1381 1936 1402 se.
1958 1371 2064 1402 Prima
2081 1373 2316 1413 consequentia
2331 1373 2500 1414 probatur:

1417 1416 1495 1457 quia
1518 1414 1610 1457 quod
1633 1415 1776 1456 perfecte
1799 1417 2010 1457 cognoscitur
2033 1422 2066 1448 et
2088 1416 2296 1454 desideratur,
2319 1417 2502 1450 secundum

1417 1466 1522 1492 totam
1545 1470 1638 1492 suam
1661 1461 1816 1493 virtutem
1831 1462 2041 1502 cognoscitur
2064 1467 2096 1493 et
2119 1461 2328 1495 desideratur.
2352 1462 2502 1495 Secunda

1418 1515 1496 1538 vero
1520 1506 1690 1547 probatur:
1716 1507 1793 1548 quia
1815 1506 1890 1538 finis
1911 1507 2012 1538 virtus
2036 1511 2084 1538 est
2106 1517 2175 1539 non
2193 1507 2304 1539 solum
2318 1507 2502 1543 secundun

1417 1550 1510 1592 quod
1523 1552 1557 1582 in
1575 1561 1608 1582 se
1625 1550 1834 1588 desideratur,
1849 1551 1907 1583 sed
1923 1552 2020 1583 etiam
2035 1551 2218 1584 secundum
2234 1551 2327 1593 quod
2341 1552 2404 1585 alia
2415 1551 2502 1585 &int

1417 1596 1605 1637 appetibilia
1628 1602 1763 1638 propter
1783 1597 1904 1637 ipsum.

1474 1640 1526 1672 111.
1552 1640 1617 1672 Sed
1632 1641 1717 1672 cirea
1731 1641 1821 1673 hunc
1835 1651 2026 1682 processum
2041 1641 2182 1673 dubium
2195 1642 2347 1673 occurrit.
2371 1641 2421 1674 Ex
2434 1642 2500 1674 hnc

1417 1685 1506 1717 enim
1522 1685 1648 1717 videtur
1663 1686 1792 1728 probari
1805 1695 1904 1727 posse
1919 1686 2012 1727 quod
2032 1687 2122 1718 Deus
2145 1686 2328 1718 necessario
2351 1687 2500 1721 absolute

1416 1730 1495 1762 velit
1516 1731 1579 1762 alia
1593 1741 1612 1762 a
1627 1740 1675 1762 se:
1701 1731 1795 1762 cuius
1818 1731 2011 1772 oppositum
2032 1731 2167 1763 inferius
2190 1731 2372 1763 ostenditur
2386 1733 2414 1763 ⁵.
2438 1732 2500 1764 Ar—

1416 1781 1535 1817 guetur
1557 1776 1646 1807 enim
1671 1776 1728 1807 sic.
1752 1776 1843 1807 Deus
1872 1776 2054 1808 necessario
2077 1776 2146 1808 vult
2174 1786 2210 1808 se
2232 1775 2387 1818 perfecte.
2410 1776 2499 1818 Ergo

1416 1821 1598 1852 necessario
1622 1821 1691 1852 vult
1714 1830 1747 1851 se
1771 1820 1954 1852 secundum
1977 1826 2079 1852 totam
2103 1831 2197 1852 suam
2219 1821 2382 1852 virtutem.
2411 1821 2498 1862 Ergo

1416 1866 1598 1897 necessario
1623 1865 1693 1896 vult
1715 1865 1776 1896 alia
1800 1871 1933 1906 propter
1956 1875 2000 1896 se.
2016 1883 2040 1889 -
2057 1865 2265 1897 Antecedens
2287 1871 2387 1907 patet.
2411 1866 2499 1906 Quia

1415 1910 1450 1940 in
1466 1910 1538 1950 ipso
1551 1910 1631 1940 nihil
1646 1915 1755 1950 potest
1771 1920 1839 1941 esse
1855 1909 2095 1951 imperfectum.
2107 1928 2131 1933 —
2142 1910 2250 1942 Prima
2264 1911 2499 1952 consequentia

1416 1960 1447 1986 et
1463 1954 1606 1986 secunda
1628 1955 1808 1995 probantur
1823 1964 1862 1985 ex
1879 1954 2002 1986 eisdem
2026 1955 2308 1996 propositionibus
2324 1964 2364 1986 ex
2379 1956 2499 1996 quibus

1415 1999 1570 2040 probatae
1586 2004 1661 2030 sunt
1677 1999 1742 2030 hoc
1757 1999 1834 2030 loco
1850 1999 1884 2030 in
1900 2000 2182 2040 propositionibus
2197 1999 2239 2031 de
2253 1999 2373 2031 inesse:
2395 2000 2500 2042 prima

1415 2044 1561 2085 quidem,
1584 2044 1663 2085 quia
1686 2043 1778 2084 quod
1801 2043 1944 2084 perfecte
1966 2043 2176 2084 desideratur,
2191 2043 2375 2076 secundum
2395 2050 2499 2077 totam

1415 2098 1508 2120 suam
1524 2088 1677 2120 virtutem
1702 2087 1915 2126 desideratum
1939 2087 2083 2120 secunda
2102 2098 2192 2126 vero,
2210 2089 2287 2130 quia
2302 2090 2403 2121 virtus
2425 2089 2499 2122 finis

1416 2140 1463 2165 est
1487 2139 1523 2165 ut
1546 2143 1605 2175 per
1626 2134 1736 2174 ipsum
1759 2133 1820 2164 alia
1843 2139 2048 2175 appetantur.

1471 2178 1701 2219 Respondetur
1729 2177 1821 2219 quod
1850 2179 1932 2210 ratio
1956 2178 2065 2210 Sancti
2088 2178 2239 2210 Thomae
2262 2178 2388 2220 optime
2418 2188 2499 2211 con-

1415 2223 1516 2255 cludit
1531 2223 1750 2264 propositum.
1774 2223 1844 2254 Nec
1861 2233 1900 2255 ex
1914 2224 1987 2264 ipso
2003 2233 2160 2265 processu
2175 2224 2267 2265 argui
2282 2229 2392 2265 potest
2406 2222 2499 2265 quod

1415 2269 1505 2300 Deus
1521 2268 1582 2300 alia
1597 2278 1616 2300 a
1631 2277 1666 2299 se
1681 2268 1872 2300 necessitate
1895 2268 2046 2300 absoluta
2065 2268 2154 2306 velit,
2177 2267 2235 2301 sed
2258 2269 2342 2300 bene
2357 2268 2498 2300 necessi-

1414 2319 1478 2344 tate
1502 2322 1541 2343 ex
1565 2313 1809 2354 suppositione:
1831 2322 1932 2354 quam
1955 2313 2108 2344 concedit
2130 2313 2268 2344 Sanctus
2285 2313 2432 2354 'I'liomas
2446 2313 2497 2345 in-

1415 2357 1542 2389 ferius*
1565 2358 1599 2388 in
1622 2357 1780 2389 volitione
1799 2357 1908 2389 divina
1926 2363 2076 2399 respectu
2095 2358 2235 2389 aliorum
2255 2368 2275 2389 a
2298 2367 2334 2389 se
2354 2357 2496 2399 reperiri.
2524 2359 2534 2368 “

1415 2402 1581 2443 Supponit
1602 2402 1691 2434 enim
1709 2403 1769 2433 ista
1791 2403 1873 2434 ratio
1890 2403 2000 2434 Deum
2014 2402 2098 2434 velle
2120 2402 2183 2435 alia
2204 2412 2223 2433 a
2243 2411 2279 2434 se
2296 2407 2496 2445 promente-

1415 2448 1524 2488 ipsum
1555 2452 1711 2488 tanquam
1742 2453 1875 2488 propter
1905 2446 2021 2479 finem:
2051 2446 2086 2478 id
2112 2446 2203 2489 quod
2230 2447 2265 2479 in
2292 2444 2498 2490 praem-deuii

1415 2492 1521 2533 capite
1548 2497 1596 2523 est
1623 2497 1802 2523 ostensum.
1834 2491 1877 2523 Et
1899 2497 2139 2534 consequenter
2166 2491 2325 2534 supponit
2354 2482 2497 2542 divini*

1414 2537 1595 2568 bonitatem
1611 2545 1759 2568 exercere
1775 2536 1997 2568 causalitatem
2012 2535 2086 2567 finis
2101 2542 2252 2579 respectu
2267 2538 2497 2580 croam

1414 2578 1456 2612 Et
1480 2590 1518 2612 ex
1542 2581 1603 2612 hac
1627 2581 1855 2622 suppositione
1877 2581 1948 2613 vult
1970 2581 2142 2612 ostendere
2166 2580 2257 2622 quod
2281 2580 2400 2613 eodem
2421 2580 2499 2613 aeth

1414 2626 1492 2657 velit
1507 2630 1539 2657 et
1552 2635 1588 2657 se
1605 2631 1637 2656 et
1652 2626 1723 2656 alia.
1748 2625 1796 2657 Ex
1819 2626 1888 2657 istis
1909 2631 2020 2657 autem
2043 2627 2221 2667 suppositis
2243 2627 2391 2668 sequitur
2405 2625 2498 2668 quod

1414 2671 1504 2702 Deus
1519 2671 1581 2702 alia
1596 2680 1615 2702 a
1629 2680 1664 2702 se
1680 2670 1721 2702 de
1736 2671 1928 2703 necessitate
1942 2671 2179 2712 suppositionis
2194 2671 2285 2704 velit:
2302 2681 2372 2703 non
2387 2675 2498 2704 aut-u

1414 2715 1455 2748 de
1471 2716 1661 2747 necessitate
1672 2715 1831 2747 absoluta.
1843 2715 1929 2747 Nam
1945 2716 1971 2748 si
1985 2725 2213 2757 supponamus
2224 2716 2334 2748 Deum
2349 2725 2498 2754 exercere

1415 2760 1637 2792 causalitatem
1667 2759 1740 2792 finis
1770 2761 1804 2792 in
1835 2761 1999 2798 creaturis,
2022 2761 2205 2793 necessario
2232 2761 2382 2803 sequitur
2406 2757 2498 2803 quod

1416 2805 1504 2837 Deus
1528 2805 1605 2836 velit
1628 2814 1662 2836 se
1686 2810 1843 2847 tanquam
1873 2810 2078 2837 exercentem
2109 2805 2330 2838 causalitatem
2352 2804 2440 2837 finis:
2465 2809 2498 2838 et

1415 2855 1654 2891 consequenter
1677 2849 1769 2891 quod
1792 2851 1974 2882 necessario
1991 2849 2068 2882 velit
2083 2850 2144 2882 alia
2159 2860 2178 2882 a
2193 2860 2238 2882 se.
2263 2849 2328 2883 Sed
2350 2850 2428 2892 quia
2441 2849 2498 2882 mn

1414 2895 1599 2936 suppositio
1623 2904 1691 2926 non
1723 2900 1770 2926 est
1800 2895 1949 2927 absolute
1972 2895 2162 2933 necessaria,
2185 2896 2264 2937 quia
2285 2904 2355 2927 non
2384 2903 2497 2928 neees-

1413 2941 1497 2971 sario
1509 2939 1600 2971 Deus
1612 2946 1740 2972 exercet
1753 2939 1827 2971 finis
1840 2937 2076 2977 causalitatem
2092 2940 2201 2982 potuit
2211 2940 2301 2972 enim
2311 2940 2352 2971 ab
2364 2946 2496 2972 aetemn

1413 2985 1502 3016 nolle
1525 2984 1649 3026 aliquid
1672 2985 1864 3026 producere,
1889 2991 1921 3017 et
1943 2985 1989 3016 sic
2011 2995 2080 3017 non
2103 2994 2253 3017 exercere
2275 2985 2497 3021 causalitatem

1415 3029 1498 3066 finis,
1515 3039 1600 3071 quae
1617 3035 1665 3061 est
1688 3035 1724 3062 ut
1747 3035 1880 3071 propter
1902 3031 2012 3071 ipsum
2035 3030 2097 3061 alia
2112 3029 2334 3062 desiderentur
2350 3035 2382 3062 et
2401 3029 2495 3065 fiant:

1414 3073 1489 3106 ideo
1502 3075 1571 3105 non
1587 3074 1656 3106 vult
1672 3074 1762 3106 Deus
1777 3074 1839 3106 alia
1854 3085 1873 3106 a
1889 3084 1923 3106 se
1939 3075 2122 3106 necessario
2138 3073 2297 3111 absolute,
2313 3073 2371 3106 sed
2384 3074 2495 3118 libere.

1471 3118 1566 3151 Unde
1589 3118 1630 3150 ad
1654 3119 1814 3151 rationem
1837 3118 2022 3156 adductam,
2045 3119 2212 3151 intellecto
2243 3120 2350 3160 primo
2380 3126 2496 3151 com

1415 3169 1537 3204 quente
1568 3162 1609 3194 de
1638 3164 1756 3195 virtute
1786 3164 1849 3196 Dei
1879 3169 2041 3205 quantum
2071 3163 2112 3195 ad
2141 3165 2212 3196 eius
2240 3161 2430 3195 exercifium
2463 3169 2496 3195 et

1412 3208 1575 3239 actualem
1598 3208 1829 3245 causalitatem,
1849 3208 2040 3240 conceditur
2063 3209 2298 3250 consequentia
2320 3207 2361 3240 de
2382 3216 2495 3240 necee—

1414 3253 1506 3284 sitate
1529 3262 1568 3283 ex
1591 3253 1830 3294 suppositione,
1853 3259 1990 3294 negatur
2013 3258 2123 3285 autem
2153 3252 2194 3284 de
2223 3253 2414 3285 necessitate
2439 3253 2495 3284 ab·

1415 3297 1531 3329 soluta.
1554 3314 1578 3320 -
1599 3297 1642 3329 Et
1664 3296 1705 3328 ad
1728 3297 1967 3338 probationem,
1990 3303 2126 3338 negatur
2149 3303 2353 3338 assumptum
2373 3296 2414 3330 de
2434 3298 2495 3331 vir-

1415 3347 1484 3373 tute
1500 3346 1661 3383 quantum
1677 3340 1717 3373 ad
1733 3342 1803 3373 eius
1818 3347 1928 3373 actum
1944 3342 2132 3374 exercitum.
2144 3360 2167 3365 -
2182 3341 2345 3380 Similiter,
2358 3347 2495 3384 accepto

1414 3387 1522 3428 primo
1539 3391 1762 3428 consequente
1777 3386 1812 3418 in
1827 3395 1925 3418 sensu
1939 3394 2008 3427 quo
2029 3385 2229 3423 conceditur,
2246 3386 2360 3419 ultima
2380 3394 2495 3420 conse-

1416 3431 1548 3472 quentia
1563 3430 1755 3463 conceditur
1777 3430 1819 3462 de
1841 3430 2023 3462 necessario
2042 3440 2083 3462 ex
2106 3431 2344 3472 suppositione,
2359 3437 2496 3473 negatur

1416 3482 1526 3508 autem
1541 3475 1582 3507 de
1598 3476 1780 3508 necessario
1796 3475 1954 3507 absolute.
1978 3475 2048 3506 Nec
2063 3481 2268 3516 assumptum
2283 3477 2401 3517 probat
2415 3484 2491 3508 con·

1416 3521 1619 3562 sequentiam
1631 3520 1672 3552 de
1684 3520 1865 3552 necessario
1881 3519 2039 3557 absolute,
2052 3519 2109 3551 sed
2121 3526 2247 3551 tantum
2260 3520 2300 3552 de
2312 3521 2493 3552 necessario

1417 3575 1455 3596 ex
1479 3566 1716 3607 suppositione.
1960 3604 1962 3606 Ι

1474 3610 1508 3642 Si
1535 3615 1644 3642 autem
1674 3609 1817 3651 primum
1847 3618 2053 3650 consequens
2079 3609 2275 3650 intelligatur
2305 3608 2345 3642 de
2376 3610 2493 3642 virtute

1418 3653 1491 3685 finis
1515 3660 1675 3695 quantum
1698 3653 1739 3685 ad
1761 3658 1871 3685 actum
1896 3654 2058 3694 signatum
2082 3659 2113 3685 et
2136 3659 2246 3686 actum
2269 3654 2423 3695 primum,
2447 3655 2493 3686 sic

2526 570 2536 579 ·
2550 568 2609 597 Cap.
2623 574 2707 592 mut.

2526 730 2535 738 ·
2551 728 2610 757 Cap.
2624 733 2698 751 Lxxn.

2527 782 2609 810 'Cap-
2624 787 2688 803 mx.

2527 1733 2536 1743 ·
2551 1731 2611 1760 Cap.
2620 1737 2702 1754 uni.
