2768 4134
0 940 10 959 ἱ

39 542 49 552 ·
73 541 137 563 Leet.
163 546 199 569 ι3;
224 540 253 561 ad

38 573 92 596 cap.
107 573 139 594 vr,
149 566 171 589 8.

5 2427 10 2434 '
34 2436 49 2448 ¹
75 2435 108 2458 xi
134 2435 201 2459 ueta
235 2451 252 2463 .‚

2 2468 192 2492 etp-vim&
245 2478 252 2484 .

24 2489 80 2513 Jib-
92 2488 145 2518 ¹11,
155 2490 170 2512 1.
181 2495 204 2518 9.
216 2495 252 2512 ιο.

722 279 911 317 SUMMA
940 279 1163 318 CONTRA
1192 281 1467 329 GENTILES,
1495 285 1590 321 LIB.
1611 286 1653 330 ΙΙ,
1683 286 1794 323 CAP.
1815 287 1912 333 XCI,
1932 287 2045 325 XCII.

282 367 390 392 tamen
414 369 472 400 per
496 359 645 391 accidens
669 363 889 390 moverentur.
921 358 963 388 Et
991 357 1067 388 ideo
1098 359 1152 389 illa
1175 361 1358 399 propositio

281 415 350 437 non
373 405 500 436 videtur
522 404 744 436 universaliter
765 413 854 434 vera:
871 404 987 434 Motor
1011 403 1225 443 incorporeus
1250 405 1359 435 unitus

282 450 416 491 corpori
440 455 588 481 movetur
605 459 670 490 per
691 447 852 479 accidens.

337 494 576 536 Respondemr‚
589 499 626 524 ut
641 503 680 524 ex
696 493 844 524 doctrina
859 491 969 523 Sancti
985 491 1136 522 Thomae
1152 492 1217 530 Qu.
1231 491 1270 522 de
1287 491 1358 532 Spi-

283 540 466 576 ritualibus,
483 549 511 570 a.
529 539 560 576 6,
577 537 618 569 ad
633 548 668 578 9;
686 543 719 568 et
734 537 807 568 VIII
827 537 925 578 Phys.
939 537 966 573 *‚
990 536 1101 567 haberi
1125 542 1242 577 potest,
1268 536 1359 576 quod

282 585 373 616 aliter
395 583 572 615 dicendum
588 588 636 613 est
659 581 700 613 de
715 587 844 612 motore
861 582 1007 621 corporis
1024 577 1169 612 caelestis
1185 581 1212 611 si
1229 582 1359 621 corpori

282 630 412 661 caelesti
434 630 565 660 uniatur
587 633 624 658 ut
646 633 757 658 motor
779 632 923 662 tantum;
949 631 981 657 et
1004 626 1095 656 aliter
1118 626 1144 655 si
1176 626 1205 655 ei
1229 626 1359 656 uniatur

282 680 319 705 ut
341 674 456 705 forma.
481 673 514 704 Si
538 673 626 703 enim
642 672 773 703 uniatur
787 677 825 702 ut
840 677 951 702 motor
965 676 1103 706 tantum,
1122 679 1192 700 non
1212 675 1260 700 est
1278 670 1357 700 unio

281 720 364 750 inter
386 718 441 749 illa
463 716 645 749 secundum
669 726 749 753 esse,
773 715 831 747 sed
853 721 980 754 tantum
996 714 1178 746 secundum
1194 715 1357 751 virtutem,

280 765 476 804 inquantum
500 762 622 793 scilicet
638 769 738 792 'suam
759 762 913 792 virtutem
929 760 1086 791 motivam
1110 759 1150 790 ad
1166 768 1286 799 corpus
1302 768 1358 799 ap-

280 808 388 849 plicat.
412 807 489 838 Non
513 807 667 838 convenit
683 812 792 837 autem
808 806 939 842 motori‚
963 806 1159 846 inquantum
1174 809 1285 834 motor
1301 809 1358 840 est,

280 853 407 884 moveri
429 861 487 893 per
510 851 660 883 accidens
683 851 724 882 ad
747 857 876 882 motum
896 851 1042 891 corporis
1058 850 1098 880 ab
1123 859 1163 880 eo
1179 849 1273 884 moti,
1296 849 1359 878 nisi

281 898 358 939 quia
381 902 512 937 oportet
534 906 673 927 movens
695 896 792 927 simul
817 905 886 926 esse
910 905 986 926 cum
1010 900 1114 931 moto,
1139 900 1171 924 et
1197 893 1284 929 ideo,
1309 903 1358 923 re-

281 942 418 974 cedente
441 951 579 983 corpore
603 947 696 972 moto
721 942 760 971 ab
784 950 853 972 uno
877 940 964 977 loco,
981 945 1112 981 oportet
1135 946 1172 970 ut
1194 944 1227 969 et
1249 943 1359 968 motor

280 988 320 1018 ab
343 987 401 1018 illo
424 986 501 1018 loco
524 986 662 1023 recedat,
680 985 826 1026 alioquin
842 995 911 1016 non
935 990 1019 1016 esset
1034 983 1131 1015 simul
1153 993 1229 1014 curn
1253 988 1357 1013 moto,

280 1032 314 1064 Si
337 1037 447 1063 autem
470 1036 599 1062 motum
622 1040 691 1062 non
714 1031 843 1061 recedat
866 1029 907 1060 de
930 1030 1006 1061 loco
1029 1030 1064 1060 in
1088 1038 1156 1070 quo
1173 1033 1230 1064 est,
1256 1037 1358 1068 quan-

279 1083 497 1117 tumcumque
511 1077 546 1107 in
567 1076 624 1106 illo
641 1076 717 1106 loco
734 1075 930 1106 circulariter
945 1079 1127 1110 moveatur,
1142 1082 1211 1104 non
1227 1077 1360 1113 oportet

279 1127 317 1152 ut
338 1127 450 1152 motor
470 1126 656 1152 moveatur:
682 1121 759 1161 quia
774 1129 902 1160 semper
918 1125 967 1150 est
982 1119 1178 1150 coniunctus
1193 1117 1309 1148 mobili
1325 1117 1359 1147 in

279 1166 337 1198 illo
360 1166 447 1197 loco.
472 1166 514 1196 Et
536 1166 602 1196 hoc
624 1165 768 1206 intellige
791 1166 817 1196 si
840 1169 950 1196 motor
965 1164 1027 1195 toti
1049 1163 1166 1194 mobili
1188 1162 1285 1193 simul
1309 1171 1359 1192 se-

280 1209 426 1242 cundum
449 1220 543 1241 suam
564 1211 718 1241 virtutem
735 1210 879 1240 uniatur:
905 1210 983 1250 quia
1005 1209 1031 1239 si
1054 1209 1113 1239 uni
1127 1213 1256 1238 tantum
1275 1207 1358 1247 parti

279 1256 366 1287 orbis
382 1254 612 1286 determinatae
628 1255 784 1291 uniretur,
798 1264 882 1295 quae
897 1263 986 1285 nunc
1003 1258 1051 1284 est
1066 1254 1100 1284 in
1117 1253 1252 1288 oriente,
1269 1261 1358 1282 nunc

278 1300 313 1331 in
320 1299 511 1343 occidente,
528 1305 705 1340 oporteret,
717 1299 758 1330 ad
769 1299 834 1330 hoc
850 1298 942 1340 quod
957 1298 1054 1329 simul
1067 1303 1150 1328 esset
1166 1306 1243 1328 cum
1253 1301 1357 1333 moto,

279 1341 317 1376 13}
339 1344 380 1376 ad
402 1350 532 1376 motum
555 1344 641 1376 illius
665 1345 763 1385 partis
787 1345 884 1375 etiam
907 1344 977 1384 ipse
1000 1348 1111 1374 motor
1126 1351 1186 1382 per
1208 1340 1358 1372 accidens

279 1395 476 1421 moveretur.
495 1407 519 1412 -
542 1389 606 1420 Sed
637 1390 663 1420 si
693 1390 902 1430 posuerimus
930 1393 1094 1419 motorem
1125 1388 1358 1427 incorporeum

279 1435 367 1467 uniri
388 1435 519 1475 corpori
543 1434 673 1465 caelesti
692 1443 751 1475 per
768 1433 907 1464 modum
923 1433 1048 1464 formae
1065 1432 1170 1463 dantis
1193 1441 1273 1468 esse,
1289 1440 1359 1461 non

280 1484 328 1511 est
342 1480 423 1511 unio
446 1480 492 1511 ibi
515 1489 574 1520 per
589 1484 778 1514 contactum
794 1479 920 1509 virtutis
935 1483 1073 1514 tantum,
1095 1476 1153 1508 sed
1176 1475 1358 1507 secundum

281 1533 360 1562 esse,
383 1525 428 1556 ita
451 1523 543 1565 quod
566 1530 614 1555 est
637 1533 742 1554 unurn
767 1529 799 1554 et
821 1523 909 1554 idem
939 1532 1008 1554 esse
1031 1522 1132 1553 totius
1161 1526 1193 1551 et
1216 1521 1358 1561 partium

279 1569 466 1611 compositi.
491 1569 533 1599 Et
559 1567 635 1599 ideo
663 1567 845 1599 secundum
872 1572 1002 1598 motum
1029 1567 1140 1603 totius,
1172 1571 1303 1606 oportet
1327 1570 1359 1595 et

278 1614 388 1654 ipsum
410 1618 575 1644 motorem
598 1613 734 1649 moveri,
759 1622 818 1653 per
841 1611 990 1643 accidens
1017 1617 1144 1642 tamen:
1170 1610 1247 1651 quia
1275 1610 1358 1650 parti

278 1658 450 1694 essentiali,
474 1663 590 1699 utpote
606 1657 737 1688 habenti
761 1656 849 1688 idem
868 1666 937 1687 esse
954 1666 1031 1687 curn
1050 1661 1133 1693 toto,
1151 1655 1306 1686 convenit
1321 1659 1359 1685 ut

2410 290 2484 338 557

1412 362 1453 392 ad
1474 368 1603 394 motum
1619 373 1677 404 per
1700 375 1734 395 se
1757 366 1867 402 totius,
1885 367 2201 408 quomodocumque
2219 374 2398 406 moveatur,
2415 370 2483 400 sive

1412 406 1452 456 de
1475 407 1550 437 loco
1575 408 1615 438 ad
1631 408 1743 440 locum
1759 410 1825 440 sive
1845 411 2039 442 circulariter
2061 413 2095 442 in
2115 412 2231 444 eodem
2254 413 2340 450 loco,
2356 423 2415 454 per
2430 424 2484 444 ac-

1412 450 1521 500 cidens
1544 458 1724 501 moveatur.
1752 454 1794 484 Et
1817 453 1902 491 ideo,
1933 456 2016 486 sicut
2046 462 2153 487 totum
2182 458 2309 488 caelum
2331 463 2484 490 movetur

1412 494 1607 544 circulariter
1625 506 1682 536 per
1698 507 1741 533 se,
1755 499 1949 538 inquantum
1966 506 2070 540 partes
2082 507 2208 532 mutant
2223 502 2334 533 locum
2346 503 2481 539 realiter,

1412 547 1520 577 ipsum
1543 549 1621 589 γει-ο
1645 546 1752 571 toturn
1775 548 1879 573 mutat
1902 544 2013 574 locum
2037 546 2217 576 secundum
2238 547 2414 583 rationem;
2438 548 2482 577 ita

1412 591 1469 621 per
1492 583 1641 613 accidens
1656 590 1766 615 motor
1781 588 1975 618 coniunctus
1992 594 2028 619 ut
2050 589 2154 620 forma
2171 591 2249 621 dans
2268 600 2347 628 esse,
2365 591 2481 622 eodem

1412 632 1506 657 motu
1530 637 1588 667 per
1611 628 1760 659 accidens
1789 637 1949 662 movetur.

1460 671 1558 721 *Patet
1581 673 1691 712 itaque
1712 679 1743 703 et
1764 674 1854 713 quod
1874 676 1926 705 hic
1948 675 2063 707 dicitur
2079 677 2118 708 de
2134 685 2262 709 motore
2284 680 2481 720 incorporeo

1411 721 1504 766 unito
1529 718 1669 757 corpori,
1693 723 1725 747 et
1749 717 1839 757 quod
1862 719 1894 748 in
1919 720 2027 750 Primo
2052 721 2174 752 dictum
2198 728 2254 759 est,
2271 733 2384 754 verum
2401 733 2480 754 esse.

1412 759 1475 790 Hic
1499 761 1586 791 enim
1610 761 1762 801 loquitur,
1775 762 1910 793 Sanctus
1927 764 2071 794 Thomas
2088 765 2127 796 de
2143 767 2330 797 huiusmodi
2353 771 2485 798 motore'

1412 805 1506 834 unito
1526 814 1583 844 per
1606 805 1743 836 modurn
1766 806 1890 837 formae
1914 807 2017 838 dantis
2042 818 2119 845 esse,
2137 815 2172 840 ut
2188 817 2275 850 patet
2298 821 2355 851 per
2373 822 2482 843 exem-

1412 849 1505 888 plum
1528 849 1568 880 de
1592 851 1713 880 anima:
1738 851 1783 881 ibi
1806 857 1915 882 autem
1938 853 2041 883 locuti
2068 863 2179 884 sumus
2204 854 2242 885 de
2266 856 2338 894 ipso
2362 862 2398 886 ut
2424 866 2482 896 per

1412 893 1550 924 modurn
1573 896 1710 926 motoris
1734 895 1899 927 dumtaxat
1923 898 2041 927 unitur.

1468 938 1550 968 XIII.
1584 939 1707 970 Ultimo
1740 940 1950 972 confirmatur
1985 942 2154 972 conclusio
2185 944 2374 973 auctoritate
2402 945 2480 974 Dio-

1412 983 1505 1024 nysii,
1522 993 1554 1013 1v
1570 993 1640 1023 cap.
1657 983 1696 1014 de
1709 985 1838 1015 Divinis
1854 986 2056 1017 Nominibus.
2074 1005 2097 1009 -
2112 986 2302 1018 Excluditur
2325 988 2420 1018 etiam
2444 998 2482 1018 ex

1410 1027 1480 1067 ipsa
1504 1037 1592 1058 error
1616 1028 1879 1060 Sadducaeorum
1903 1032 2091 1070 negantium
2115 1031 2263 1071 spiritum
2286 1041 2369 1068 esse;
2395 1041 2482 1062 error

1413 1072 1623 1112 antiquorum
1658 1073 1861 1104 Naturalium
1895 1075 2072 1106 dicentium
2105 1085 2237 1106 omnem
2272 1077 2483 1107 substantiam

1412 1126 1482 1147 esse
1506 1126 1712 1157 corpoream;
1738 1123 1770 1148 et
1793 1128 1880 1149 error
1896 1119 2044 1160 Origenis
2061 1121 2095 1150 in
2110 1121 2193 1151 libro
2209 1120 2428 1157 Periarchon;
2451 1126 2483 1151 et

1412 1162 1563 1192 omnium
1591 1162 1728 1192 aliorum
1757 1162 1934 1194 dicentium
1965 1174 2079 1194 omnes
2111 1165 2252 1204 angelos,
2280 1171 2345 1195 tam
2375 1166 2482 1196 bonos

1412 1215 1512 1246 quam
1535 1206 1650 1243 malos»,
1674 1207 1792 1237 habere
1817 1218 1953 1248 corpora
1976 1210 2036 1239 sibi
2059 1209 2244 1239 naturaliter
2266 1210 2366 1240 unita.

1468 1250 1714 1281 Attendendum
1738 1252 1822 1282 circa
1846 1262 1960 1283 ornnes
1984 1253 2172 1284 huiusmodi
2196 1254 2336 1284 rationes
2358 1255 2392 1284 in
2415 1254 2480 1284 hoc

1412 1296 1516 1336 capite
1542 1295 1706 1331 adductas,
1725 1296 1814 1336 quod
1831 1307 1898 1327 non
1921 1297 2058 1328 intendit
2081 1297 2216 1328 Sanctus
2237 1298 2381 1328 Thomas
2405 1307 2481 1338 pro-

1411 1341 1486 1370 bare
1502 1341 1727 1371 necessitatem
1744 1341 1869 1371 essendi
1886 1342 2135 1372 substantiarum
2151 1348 2367 1382 separatarum
2391 1343 2482 1382 quasi

1411 1394 1480 1415 non
1504 1386 1647 1425 potuerit
1664 1395 1716 1415 eas
1733 1385 1821 1416 Deus
1837 1396 1905 1416 non
1922 1386 2111 1426 producere,
2132 1387 2277 1417 absolute
2299 1386 2480 1427 loquendo:

1412 1430 1477 1460 hoc
1502 1430 1590 1460 enim
1613 1430 1812 1461 haereticum
1832 1436 1924 1467 esset,
1946 1432 2022 1471 quia
2046 1437 2222 1471 poneretur
2238 1431 2345 1461 Deum
2366 1431 2406 1462 de
2424 1441 2482 1461 ne-

1411 1475 1557 1506 cessitate
1581 1480 1714 1505 naturae
1739 1484 1842 1515 agere.
1864 1475 1927 1506 Sed
1943 1476 2012 1506 vult
2028 1475 2197 1506 ostendere
2222 1476 2482 1506 convenientiam

1412 1524 1444 1550 et
1467 1519 1727 1560 probabilitatem
1752 1529 1820 1550 esse
1844 1520 1996 1560 ipsarum,
2014 1520 2214 1550 considerata
2232 1530 2339 1550 rerum
2359 1525 2481 1550 natura.

1412 1564 1548 1604 Propter
1571 1563 1661 1604 quod
1686 1573 1781 1604 saepe
1804 1565 1837 1594 in
1862 1565 2040 1595 rationibus
2070 1564 2201 1601 addidit,
2225 1564 2400 1595 secundum
2424 1574 2483 1594 ηα-

1412 1614 1508 1639 turae
1531 1608 1699 1639 ordinem:
1722 1614 1758 1639 ut
1780 1608 1902 1639 scilicet
1926 1609 2110 1639 ostenderet
2126 1618 2160 1639 se
2176 1609 2312 1648 probare
2332 1608 2411 1648 quid
2425 1618 2483 1639 na-

1411 1659 1502 1684 turae
1526 1653 1609 1684 ordo
1640 1654 1754 1693 exigat,
1778 1662 1847 1683 non
1872 1653 1951 1694 quid
1974 1652 2044 1683 fieri
2067 1653 2213 1683 absolute
2236 1662 2367 1684 necesse
2391 1658 2483 1683 esset.

1357 1752 1410 1792 ψ.

575 1910 1064 1967 CAPITULUM
1101 1907 1706 1965 NONAGESIMUM
1743 1907 2193 1963 SECUNDUM

475 2040 566 2081 DE
610 2038 1091 2082 MULTITUDINE
1134 2036 1721 2079 SUBSTANTIARUM
1765 2034 2284 2077 SEPARATARUM

310 2183 342 2208 ψ
363 2173 636 2213 ἅμ’γχεῐΕΝῡυΜ
656 2168 712 2198 est
731 2168 860 2198 autern
889 2160 996 2210 quod
1018 2159 1240 2197 Aristoteles
1267 2171 1357 2209 pro-

308 2213 322 2242 ³.
362 2203 460 2269 ''REI-3*
491 2215 582 2252 bare
602 2213 736 2252 nititur
754 2226 835 2252 non
851 2215 981 2252 solum
996 2225 1079 2251 esse
1098 2213 1247 2263 aliquas
1267 2213 1357 2250 sub-

367 2299 396 2322 3
416 2263 466 2305 ’ἰή
490 2267 646 2306 stantias
682 2268 956 2306 intellectuales
993 2267 1142 2317 absque
1180 2279 1356 2316 corpore,

290 2326 311 2351 ⁴-
384 2332 389 2338 ·
427 2321 462 2351 3
491 2322 560 2360 sed
588 2322 697 2372 quod
726 2329 817 2360 sunt
850 2321 1028 2359 eiusdem
1063 2320 1218 2358 numeri
1246 2320 1358 2358 cuius

280 2384 370 2423 sunt
398 2383 529 2415 motus
563 2375 796 2426 deprehensi
830 2374 870 2412 in
907 2376 1027 2421 caelo,
1063 2386 1192 2424 neque
1227 2375 1359 2424 plures

281 2442 410 2480 neque
438 2428 644 2480 pauciores
662 2428 695 2467 ³¹².

334 2483 479 2522 Probat
506 2483 614 2521 enim
642 2483 751 2532 quod
778 2495 861 2520 non
890 2489 979 2520 sunt
1012 2481 1131 2531 aliqui
1160 2488 1291 2519 motus
1319 2481 1359 2518 in

1413 2159 1502 2196 sitas
1530 2171 1578 2196 ex
1606 2158 1697 2204 fine,
1727 2157 1824 2195 sicut
1852 2156 2016 2207 ipsemet
2044 2155 2158 2193 docet
2186 2155 2226 2192 in
2254 2156 2285 2192 ΙΙ
2309 2155 2485 2204 Physico-

1414 2225 1499 2250 rum
1518 2212 1558 2249 *z
1589 2224 1670 2249 non
1699 2219 1831 2249 autem
1860 2223 1880 2248 e
1910 2222 2113 2247 converso.
2143 2209 2268 2254 Unde,
2298 2208 2329 2245 si
2356 2215 2486 2245 motus

1413 2267 1595 2304 caelestes
1615 2265 1845 2303 ordinantur
1863 2264 1903 2301 in
1922 2263 2154 2301 substantias
2174 2269 2366 2312 separatas
2390 2261 2486 2298 sicut

1414 2319 1454 2356 in
1482 2319 1592 2365 fines,
1623 2326 1665 2356 ut
1693 2318 1856 2369 ipsemet
1890 2317 1991 2363 dicit,
2028 2329 2110 2354 non
2147 2323 2273 2366 potest
2307 2314 2486 2352 concludi

1382 2387 1390 2408 s
1414 2372 1633 2411 necessario
1654 2384 1844 2409 numerus
1870 2370 2171 2408 substantiarum
2202 2368 2487 2419 praedictarum

1415 2440 1462 2465 ex
1490 2439 1659 2464 numero
1680 2433 1874 2463 motuum.
1901 2426 2030 2462 Potest
2050 2423 2156 2461 enim
2176 2422 2250 2460 dici
2270 2421 2378 2471 quod
2397 2428 2486 2458 sunt

1415 2480 1567 2531 aliquae
1583 2479 1817 2518 substantiae
1829 2486 2026 2528 separatae
2042 2476 2183 2515 altioris
2199 2483 2357 2513 naturae
2366 2486 2487 2524 quam

281 2538 390 2576 caelo
404 2537 473 2587 qui
487 2549 511 2575 a
528 2536 643 2575 nobis
662 2535 903 2587 deprehendi
922 2548 1005 2573 non
1024 2535 1183 2586 possint,
1198 2547 1269 2585 per
1283 2535 1360 2572 hoc
1415 2534 1500 2572 illae
1516 2546 1617 2584 quae
1638 2540 1728 2571 sunt
1746 2532 1915 2583 proximi
1928 2532 2027 2569 fines
2043 2538 2225 2567 motuum
2245 2528 2484 2565 caelestium:

246 2634 249 2639 ,
283 2591 392 2642 quod
420 2590 550 2629 omnis
578 2598 710 2628 motus
738 2590 807 2641 qui
835 2597 891 2627 est
918 2589 959 2627 in
978 2590 1098 2636 caelo,
1118 2596 1174 2626 est
1201 2596 1361 2638 propter
1415 2588 1525 2634 sicut,
1555 2587 1585 2625 si
1615 2587 1870 2624 instrumenta
1889 2583 2097 2622 artificialia
2116 2590 2206 2620 sunt
2230 2589 2388 2631 propter
2416 2581 2485 2617 ho-

283 2652 438 2683 motum
466 2644 628 2683 alicuius
652 2644 792 2691 stellae,
812 2655 914 2693 quae
934 2642 1123 2680 sensibilis
1143 2646 1214 2679 est:
1245 2642 1360 2680 orbes
1376 2655 1401 2670 ιο
1415 2641 1542 2679 mines
1570 2641 1638 2691 qui
1666 2652 1737 2691 per
1765 2652 1810 2677 ea
1838 2646 2058 2688 operantur,
2082 2635 2178 2673 nihil
2196 2634 2375 2684 prohibet
2403 2645 2485 2670 esse

284 2697 391 2737 enim
409 2698 587 2736 deferunt
605 2698 747 2745 stellas;
775 2705 907 2735 motus
926 2704 1059 2734 autem
1082 2695 1286 2733 deferentis
1305 2703 1361 2732 est

283 2760 443 2804 propter
456 2760 612 2791 motum
626 2751 752 2790 delati.
761 2752 891 2789 -Item
906 2750 1046 2800 probat
1059 2750 1169 2799 quod
1179 2761 1261 2787 non
1271 2756 1362 2787 sunt

285 2805 437 2857 aliquae
466 2805 701 2843 substantiae
729 2811 927 2855 separatae
947 2817 971 2841 a
989 2803 1134 2852 quibus
1161 2815 1243 2840 non
1270 2815 1360 2852 pro-

284 2859 444 2898 veniant
462 2858 582 2910 aliqui
599 2866 732 2897 motus
760 2857 801 2895 in
828 2859 954 2895 caelo:
976 2856 1079 2906 quia,
1109 2869 1202 2894 cum
1230 2864 1361 2894 motus

286 2913 469 2951 caelestes
488 2911 717 2951 ordinentur
735 2912 784 2949 ad
804 2910 1036 2948 substantias
1056 2917 1250 2960 separatas
1265 2909 1363 2948 sicut

288 2964 339 3011 ad
374 2965 485 3012 fines,
523 2965 555 3003 si
592 2973 720 3003 essent
756 2964 852 3003 aliae
889 2963 1125 3002 substantiae
1163 2971 1361 3014 separatae

288 3032 411 3070 quam
437 3018 523 3056 illae
551 3031 649 3068 quas
669 3025 860 3065 numerat,
880 3025 1007 3055 essent
1025 3017 1145 3068 aliqui
1172 3025 1304 3055 motus
1323 3017 1363 3054 in

288 3085 354 3110 eas
374 3071 539 3110 ordinati
558 3073 655 3110 sicut
673 3071 714 3110 in
732 3072 848 3118 fines;
868 3071 975 3109 aliter
993 3079 1120 3108 essent
1142 3078 1273 3108 motus
1292 3071 1364 3108 im-

288 3126 457 3177 perfecti.
478 3148 504 3152 —
523 3126 637 3164 Unde
657 3138 704 3163 ex
732 3125 792 3163 his
820 3124 1017 3163 concludit
1044 3125 1154 3174 quod
1172 3137 1253 3162 non
1275 3131 1365 3162 sunt

289 3183 420 3233 plures
449 3174 684 3218 substantiae
704 3186 902 3229 separatae
921 3190 1043 3228 quam
1070 3185 1202 3215 motus
1229 3178 1365 3228 depre-

290 3233 413 3280 hensi,
434 3241 471 3271 et
490 3233 558 3283 qui
576 3240 742 3283 possunt
759 3231 1011 3282 deprehendi,
1031 3231 1072 3269 in
1100 3232 1226 3269 caelo:
1255 3243 1365 3281 prae-

292 3287 423 3325 sertim
442 3299 536 3325 cum
563 3299 644 3324 non
663 3286 739 3324 sint
757 3288 869 3336 plura
886 3297 1053 3335 corpora
1071 3285 1248 3323 caelestia
1266 3285 1366 3322 eius-

292 3341 384 3379 dem
421 3340 578 3391 speciei,
615 3348 658 3378 ut
690 3340 745 3377 sic
778 3339 895 3377 etiam
929 3338 1079 3389 possint
1115 3351 1199 3376 esse
1235 3339 1367 3388 plures

292 3401 425 3431 motus
453 3394 566 3432 nobis
594 3393 788 3442 incogniti.

348 3448 457 3484 Haec
474 3455 607 3485 autem
634 3447 812 3498 probatio
832 3458 914 3484 non
942 3445 1060 3482 habet
1086 3444 1365 3483 necessitatem.

292 3502 338 3538 In
365 3500 427 3538 his
445 3501 551 3538 enim
579 3513 681 3551 quae
701 3508 791 3539 sunt
818 3500 868 3538 ad
887 3499 1021 3545 finem,
1042 3498 1209 3536 sumitur
1235 3510 1368 3536 neces-

348 3647 367 3670 4
386 3637 442 3671 sed]
462 3637 510 3663 sed
530 3638 608 3663 etiam
626 3637 790 3663 aDWXch.
880 3635 896 3661 8
915 3635 1018 3669 possint
1036 3635 1079 3660 Ita
1097 3626 1233 3666 DWYM&
1251 3639 1365 3668 possunt

348 3682 367 3708 9
385 3674 407 3698 si
426 3681 469 3698 om
489 3673 635 3699 uDWXPc.
727 3680 761 3698 ιο
779 3671 851 3706 nihil]
871 3677 897 3697 et
914 3671 978 3697 nihil
996 3671 1044 3702 1³⁶3
1063 3671 1099 3705 cf.
1117 3677 1176 3696 var.
1191 3668 1319 3703 praeced.

1416 2695 1511 2733 alios
1548 2694 1729 2732 homines
1762 2692 1830 2744 qui
1866 2704 1936 2742 per
1970 2691 2222 2728 instrumenta
2259 2685 2486 2724 huiusmodi

1415 2761 1498 2786 non
1517 2756 1730 2799 operantur
1747 2746 1980 2791 immediate,
2010 2743 2078 2781 sed
2105 2743 2295 2792 imperant
2324 2751 2485 2790 operan-

1416 2802 1530 2840 tibus.
1552 2803 1600 2840 Et
1620 2801 1709 2839 ideo
1733 2800 1814 2851 ipse
1834 2799 2054 2836 Aristoteles
2073 2797 2174 2834 hanc
2197 2794 2385 2832 rationem
2404 2804 2486 2829 non

1416 2855 1564 2893 inducit
1597 2854 1708 2906 quasi
1737 2852 2003 2898 necessariam,
2033 2851 2100 2888 sed
2132 2857 2319 2898 tanquam
2346 2846 2485 2896 proba-

1378 2924 1400 2944 τε
1416 2910 1552 2948 bilem:
1573 2909 1664 2946 dicit
1683 2908 1789 2945 enim
1802 2907 1838 2944 *ε
1865 2908 1993 2949 Quare
2010 2905 2228 2942 substantias
2251 2907 2284 2938 et
2296 2901 2485 2951 principia

1417 2963 1623 3001 immobilia
1643 2961 1864 3000 rationabile
1878 2966 1928 2997 est
1942 2965 1991 2996 tot
2005 2959 2219 2996 aestimare.-
2238 2955 2485 2992 necessarium

1419 3019 1518 3055 enim
1547 3017 1750 3054 dimittatur
1774 3015 1991 3061 fortioribus
2018 3012 2151 3049 dicere.

1471 3072 1605 3108 Restat
1636 3069 1751 3118 igitur
1785 3065 2071 3105 ostendendum
2106 3061 2214 3113 quod
2241 3068 2330 3098 sunt
2362 3060 2485 3096 multo

1419 3125 1549 3174 plures
1578 3121 1810 3160 substantiae
1839 3119 2108 3157 intellectuales
2132 3129 2155 3153 a
2173 3113 2401 3164 corporibus
2429 3124 2486 3149 se-

1380 3196 1407 3210 20
1420 3185 1575 3228 paratae
1604 3188 1726 3226 quam
1754 3174 1827 3211 sint
1854 3179 1984 3210 motus
2012 3172 2202 3208 caelestes.

2511 2218 2568 2239 'Ca
2587 2223 2673 2245 ‚1¹‚73
2691 2223 2722 2240 rx:

2513 2251 2531 2266 s.
2547 2245 2567 2265 T
2586 2244 2696 2272 .l.4,15.

2513 2914 2726 2946 'JiIMetaph.,loc.

2512 2947 2563 2996 {eliz
2571 2948 2594 2990 ‘lt
2604 2948 2644 2990 :233
2654 2947 2673 2963 ⁵⁴
2681 2940 2727 2963 ῃ·

1476 3229 1720 3269 Substantiae
1736 3227 1840 3265 enim
1855 3225 2124 3263 intellectuales
2139 3220 2355 3259 secundum
2370 3229 2487 3256 suum

1421 3297 1544 3334 genus
1571 3281 1848 3321 transcendunt
1867 3289 2027 3316 omnem
2047 3283 2226 3313 naturam
2245 3283 2485 3331 corpoream.

1424 3338 1589 3388 Oportet
1606 3336 1720 3385 igitur
1738 3333 1910 3383 accipere
1929 3330 2093 3379 gradum
2112 3328 2153 3365 in
2171 3325 2374 3377 praedictis
2398 3324 2489 3362 sub-

1423 3391 1567 3428 stantiis
1596 3388 1812 3427 secundum
1832 3384 2089 3422 elevationem
2107 3392 2242 3418 earum
2270 3390 2387 3428 supra
2406 3389 2489 3415 cor·

1383 3462 1406 3483 25
1422 3456 1585 3494 poream
1623 3450 1812 3479 naturam.
1853 3439 1951 3475 Sunt
1987 3443 2116 3473 autem
2155 3432 2347 3483 quaedam
2382 3431 2490 3468 intel-

1424 3498 1603 3535 lectuales
1640 3491 1871 3532 substantiae
1910 3491 2077 3527 elevatae
2111 3498 2229 3536 supra
2261 3496 2491 3534 corpoream

1382 3633 1474 3660 ceteri.
1565 3631 1596 3656 23
1616 3629 1661 3663 sic]
1682 3629 1748 3653 sicut
1766 3635 1791 3651 α.

1410 3669 1442 3695 15
1462 3666 1595 3703 principia]
1615 3663 1788 3699 principaliter
1806 3669 1831 3686 α.
1923 3666 1955 3692 ι7
1974 3657 2052 3691 enim]
2072 3665 2136 3682 vero
2153 3657 2186 3688 D,
2204 3661 2293 3682 autem
2312 3656 2356 3681 Pe.
