2768 4134
676 287 864 324 SUMMA
894 288 1116 327 CONTRA
1144 289 1419 336 GENTILES,
1449 291 1543 328 LlB.
1565 292 1606 338 11,
1637 291 1748 329 CAP.
1770 293 1905 337 XXIV,
1926 293 2045 330 XXV.
2384 294 2459 343 329

262 364 336 396 finis
359 371 407 396 est
430 366 534 416 prima
558 375 739 402 causarum,
762 366 838 397 ideo
863 368 919 407 qui
943 368 1125 399 considerat
1140 368 1239 400 finem
1256 375 1287 400 et
1302 370 1337 400 in
1390 369 1496 400 ficiata
1520 370 1560 401 ad
1583 370 1748 401 artificem.
1779 371 1843 402 Sed
1866 371 1977 403 artifex
2000 371 2181 404 secundum
2205 372 2353 404 ordinem
2382 383 2459 405 suae

261 410 358 461 rebus
382 409 530 441 ordinem
554 411 648 451 ponit
671 411 728 451 qui
755 411 796 441 sit
826 410 883 442 fini
914 414 1122 450 conveniens,
1146 413 1262 444 dicitur
1284 423 1336 445 sa·
1389 415 1565 455 sapientiae
1588 414 1753 446 artificiata
1768 416 1801 446 in
1817 425 1885 446 esse
1901 416 2060 456 producit.
2084 417 2172 458 Ergo
2187 423 2249 448 etc.
2265 436 2288 440 -
2302 418 2461 449 Probatur

256 462 370 495 piens:
393 463 433 485 eo
459 454 549 495 quod
572 455 747 495 sapientiae
771 456 811 486 sit
834 456 1036 488 considerare
1060 458 1246 488 altissimam
1262 467 1337 489 cau·
1389 459 1503 489 maior.
1527 458 1614 496 Quia
1629 468 1679 489 res
1695 469 1713 489 a
1729 459 1800 490 Deo
1817 459 1993 500 productae
2009 471 2067 502 per
2081 461 2281 493 voluntatem
2301 472 2370 493 non
2385 469 2460 494 sunt

262 508 348 535 sam;
372 499 561 540 simpliciter
584 499 718 539 quidem
741 500 937 537 altissimam,
962 502 988 531 si
1011 503 1051 532 sit
1073 502 1262 542 simpliciter
1289 512 1337 533 sa·
1390 502 1430 533 de
1454 511 1572 542 genere
1595 503 1771 543 agibilium,
1795 505 1878 535 sicut
1907 510 1996 536 actus
2019 506 2185 542 virtutum,
2210 508 2267 547 qui
2292 514 2459 538 remanent

262 544 370 583 piens;
387 543 574 574 altissimam
597 549 707 574 autem
722 545 756 575 in
771 554 898 585 genere,
915 546 942 575 si
958 546 998 576 sit
1016 547 1143 587 sapiens
1159 547 1192 577 in
1208 556 1335 587 genere.
1389 547 1423 577 in
1447 552 1619 587 operante;
1643 547 1700 577 sed
1723 547 1763 578 de
1786 557 1902 588 genere
1927 549 2126 587 factibilium,
2144 561 2226 591 quae
2245 558 2411 583 transeunt
2425 554 2458 583 in

262 588 400 628 Propter
413 588 478 618 hoc
494 589 578 618 bene
600 587 731 619 deducit
755 588 890 620 Sanctus
906 590 1050 621 Thomas
1073 590 1164 631 quod
1183 592 1338 631 sapientis
1391 591 1582 622 exteriorem
1606 592 1782 622 materiam.
1807 593 1905 622 Ratio
1925 598 2031 624 autem
2046 595 2247 636 factibilium
2264 602 2311 627 est
2326 606 2393 633 ars,
2411 606 2460 628 se-

262 637 311 663 est
327 632 502 663 ordinare:
525 633 602 672 quia
627 632 779 664 ordinans
800 635 968 674 cognoscit
982 636 1231 675 proportionem
1251 635 1336 666 ordi·
1391 634 1536 666 cundum
1559 635 1807 676 Philosophum.

261 682 416 708 natorum
440 682 471 707 et
494 675 536 707 ad
558 677 699 708 invicem
730 683 762 708 et
792 678 832 709 ad
859 678 969 715 finem,
993 685 1025 710 et
1048 689 1106 720 per
1133 689 1338 720 consequens
1447 679 1678 710 Commwn
1701 680 1869 711 conclusio
1894 682 1927 711 in
1943 681 2081 718 Psalmo,
2102 683 2219 714 Omnia
2244 685 2276 715 in
2300 686 2458 726 sapientia

262 720 304 752 de
331 721 409 762 ipsis
437 720 596 752 iudicium
626 722 724 752 sumit
754 732 791 753 ex
823 723 1080 754 consideratione
1103 723 1186 760 finis,
1210 725 1268 764 qui
1291 730 1339 755 est
1381 724 1515 766 fecisti,·
1538 730 1569 754 et
1592 724 1744 755 proverb.
1762 735 1806 761 ιιι,
1829 725 1992 756 Dominus
2014 727 2173 766 sapientia
2197 733 2257 759 etc.

263 766 367 806 prima
391 775 575 802 causarum;
600 766 691 806 quod
713 768 865 807 sapientis
889 773 946 798 est.
1446 768 1636 799 Excluditur
1659 778 1793 810 quoque
1817 778 1905 800 error
1927 770 2104 801 dicentium
2127 773 2237 802 omnia
2262 782 2300 803 ex
2323 774 2460 814 simplici

320 810 373 840 IV.
387 809 525 846 Quarto.
539 810 779 851 Comparantur
795 821 910 842 omnes
925 821 975 843 res
991 811 1031 842 ad
1043 812 1151 843 Deum
1166 813 1250 843 sicut
1265 813 1338 842 arti—
1391 812 1498 843 divina
1521 813 1687 844 voluntate
1711 813 1904 854 dependere,
1929 814 2050 855 absque
2074 815 2182 855 aliqua
2204 817 2337 847 ratione.

661 1030 1147 1132 CAPITULUM
1184 1076 1653 1133 VIGESIMUM
1691 1078 1886 1154 QUIN
1888 1077 2067 1134 TUM

1236 1186 1265 1215 A
1302 1185 1341 1216 33
1356 1195 1375 1214 v
1411 1186 1495 1215 bn.

470 1266 786 1319 QUALIT-ER
821 1266 1216 1307 OMNIPOTENS
1251 1266 1527 1307 DICATUR
1562 1266 1872 1318 QUAEDAM
1906 1267 2034 1308 NON
2067 1268 2259 1309 POSSE

269 1408 501 1606 ΕΚ
528 1402 749 1452 praemissis
777 1410 909 1440 autem
935 1402 1056 1452 accipi
1075 1411 1200 1452 potest
1219 1403 1338 1453 quod,
1450 1403 1631 1441 Similiter
1658 1412 1788 1441 autem
1818 1417 1945 1454 neque
1964 1405 2161 1454 poenitere
2180 1414 2315 1455 potest,
2336 1419 2463 1457 neque

491 1455 672 1505 quamvis
700 1455 808 1492 Deus
844 1455 889 1492 sit
924 1455 1182 1505 omnipotens,
1212 1456 1341 1506 aliqua
1396 1456 1506 1493 irasci
1526 1465 1591 1493 aut
1610 1456 1765 1494 tristari:
1795 1469 1887 1494 cum
1916 1458 2011 1495 haec
2033 1458 2165 1496 omnia
2184 1458 2223 1496 in
2242 1460 2464 1509 passionem

491 1517 622 1546 tamen
650 1507 790 1545 dicitur
817 1520 898 1545 non
926 1520 1053 1558 posse.
1396 1517 1433 1546 et
1460 1509 1653 1546 defectum
1682 1518 1830 1547 sonent.
2327 1532 2329 1534 -

546 1561 760 1599 Ostensum
789 1561 893 1598 enim
922 1569 979 1598 est
1007 1573 1125 1611 supra
1143 1561 1163 1583 *
1191 1561 1231 1598 in
1255 1562 1340 1598 Deo
1451 1563 1612 1599 Rursus.
1637 1562 1741 1610 Quia
1759 1563 1951 1612 potentiae
1974 1564 2120 1601 activae
2140 1564 2335 1602 obiectum
2357 1574 2393 1603 et
2413 1567 2464 1603 es-

266 1626 350 1652 esse
383 1613 598 1664 potentiam
633 1613 817 1651 activam:
851 1613 1065 1663 potentiam
1093 1626 1189 1651 vero
1222 1615 1342 1664 passi·
1366 1633 1374 1652 ς
1398 1615 1517 1652 fectus
1543 1622 1599 1652 est
1618 1627 1682 1652 ens
1699 1617 1862 1663 factum,
1891 1617 1995 1653 nulla
2023 1624 2154 1653 autem
2182 1618 2353 1667 potentia
2374 1631 2465 1668 ope-

0 1684 106 1719 >·c·p.
121 1688 170 1707 m.
265 1677 359 1705 vam
388 1667 428 1704 in
457 1678 505 1704 eo
534 1678 614 1704 non
644 1679 727 1704 esse
757 1667 834 1704 iam
861 1678 978 1716 supra
1003 1666 1042 1704 in
1061 1666 1190 1716 primo
1210 1667 1343 1704 libro*
1399 1667 1588 1704 rationem
1617 1668 1733 1705 habet
1761 1668 1828 1705 ubi
1856 1668 1984 1705 deficit
2008 1669 2103 1706 ratio
2123 1669 2182 1706 sui
2201 1670 2350 1716 obiecti,
2371 1672 2467 1709 sicut

265 1718 391 1776 fuerat
406 1719 629 1770 probatum.
647 1719 875 1758 Secundum
895 1727 1027 1757 autem
1046 1728 1253 1770 utramque
1273 1732 1342 1770 po·
1398 1719 1506 1757 visus
1525 1732 1606 1758 non
1625 1720 1730 1757 videt
1749 1720 1950 1758 deficiente
1970 1721 2107 1758 visibili
2126 1721 2166 1758 in
2186 1730 2290 1760 actu:
2317 1732 2468 1773 oportet

266 1772 427 1812 tentiam
446 1772 613 1811 dicimur
631 1785 758 1823 posse.
778 1773 843 1811 llla
863 1772 976 1822 igitur
990 1773 1097 1811 Deus
1116 1785 1198 1810 non
1217 1781 1343 1823 potest
1399 1773 1508 1823 quod
1527 1774 1634 1811 Deus
1653 1773 1802 1811 dicatur
1820 1786 1901 1811 non
1919 1786 2034 1824 posse
2053 1774 2239 1824 quicquid
2261 1783 2317 1813 est
2335 1785 2467 1814 contra

266 1839 368 1882 quae
402 1839 517 1876 posse
539 1828 730 1877 potentiae
758 1828 934 1876 passivae
967 1834 1034 1864 est.
1063 1827 1183 1875 ‚Quae
1211 1834 1342 1863 autem
1399 1826 1589 1864 rationem
1617 1828 1708 1863 entis
1737 1827 1968 1876 inquantum
1999 1835 2054 1864 est
2082 1839 2161 1873 ens,
2182 1829 2242 1865 vel
2257 1830 2360 1877 sacti
2377 1832 2468 1867 entis

243 1880 496 1925 ,huiusmodi
525 1880 610 1926 sint,
639 1879 950 1928 investigandum
980 1887 1046 1916 est.
1360 1900 1384 1914 ιο
1399 1879 1631 1929 inquantum
1660 1888 1716 1917 est
1743 1880 1897 1917 facturn.
1933 1880 2045 1927 Quae
2074 1889 2205 1918 autem
2233 1881 2307 1918 sint
2334 1883 2466 1920 huius-

295 1931 297 1933 ’
322 1933 455 1971 Primo
484 1932 645 1983 quidem
675 1932 788 1982 igitur
810 1932 980 1982 potentia
1006 1932 1129 1969 activa
1153 1932 1201 1969 ad
1226 1944 1344 1982 agere
1398 1932 1519 1979 modi,
1549 1932 1826 1982 inquirendum
1854 1941 1920 1970 est.

267 1993 335 2034 est,
354 1986 527 2037 potentia
550 1994 682 2024 autem
710 1986 866 2036 passiva
883 1986 932 2023 ad
953 1997 1040 2022 esse.
1071 1985 1184 2023 Unde
1208 1985 1248 2022 in
1271 1984 1342 2022 illis
1451 1985 1584 2022 Primo
1604 1985 1764 2034 quidem
1789 1985 1902 2034 igitur
1925 1993 2057 2024 contra
2081 1986 2270 2024 rationem
2294 1990 2386 2025 entis
2411 1995 2466 2024 est

268 2040 358 2078 solis
378 2047 435 2077 est
452 2039 625 2090 potentia
653 2039 701 2076 ad
731 2051 814 2076 esse
842 2051 943 2088 quae
972 2038 1175 2075 materiam
1199 2038 1343 2075 habent
1398 2039 1505 2087 quod
1535 2038 1631 2075 entis
1661 2038 1848 2075 rationem
1877 2038 1981 2075 tollit.
2011 2039 2177 2076 Tollitur
2203 2047 2334 2077 autem
2370 2040 2464 2078 ratio

267 2091 525 2131 contrarietati
553 2091 778 2130 subiectam.
811 2092 914 2129 Cum
943 2091 1055 2140 igitur
1083 2091 1122 2128 in
1150 2091 1236 2128 Deo
1255 2103 1341 2141 pas·
1398 2091 1495 2128 entis
1522 2103 1592 2140 per
1620 2104 1737 2128 suum
1766 2091 2006 2141 oppositum:
2042 2092 2138 2129 sicut
2173 2092 2267 2130 ratio
2297 2092 2465 2131 hominis

268 2146 351 2184 siva
369 2145 542 2197 potentia
561 2157 642 2183 non
662 2145 720 2192 sit,
741 2145 930 2195 quicquid
948 2145 996 2182 ad
1017 2157 1134 2182 suum
1154 2156 1237 2182 esse
1256 2156 1342 2194 per·
1359 2163 1381 2182 ις
1397 2156 1468 2193 per
1486 2145 1664 2194 opposita
1683 2144 1765 2181 eius
1785 2146 1845 2181 vel
1865 2144 2139 2194 particularum
2167 2145 2299 2195 ipsius,
2330 2147 2464 2196 Oppo-

267 2198 372 2246 tinet‚
401 2199 508 2236 Deus
537 2211 617 2236 non
645 2206 782 2248 potest.
820 2199 912 2236 Non
940 2206 1067 2248 potest
1095 2197 1208 2247 igitur
1234 2198 1342 2235 Deus
1398 2197 1514 2235 situm
1533 2206 1663 2235 autem
1693 2198 1788 2234 entis
1817 2206 1871 2235 est
1900 2210 1980 2235 non
2008 2210 2087 2235 ens.
2118 2199 2204 2235 Hoc
2228 2199 2340 2247 igitur
2357 2200 2464 2236 Deus

268 2264 352 2290 esse
380 2263 535 2302 corpus,
565 2260 631 2289 aut
659 2251 804 2302 aliquid
834 2251 1072 2289 huiusmodi.
1398 2263 1479 2288 non
1507 2258 1642 2300 potest,
1672 2258 1714 2288 ut
1741 2250 1850 2288 faciat
1878 2251 1994 2288 simul
2021 2263 2146 2288 unum
2180 2259 2216 2288 et
2250 2251 2354 2289 idem
2383 2264 2464 2290 esse

322 2305 475 2343 Adhuc.
506 2305 634 2343 Huius
661 2304 855 2354 potentiae
883 2304 1058 2354 passivae
1087 2312 1218 2342 motus
1236 2311 1343 2341 actus
1398 2312 1435 2342 et
1454 2316 1534 2341 non
1554 2316 1654 2341 esse:
1685 2304 1792 2353 quod
1821 2312 1877 2341 est
1905 2304 2198 2341 contradictoria
2226 2317 2309 2341 esse
2338 2305 2463 2342 simul.

25 2372 173 2402 παναγῆ,
187 2378 203 2400 ι,
217 2373 240 2395 ⁶.
269 2367 325 2396 est
343 2358 374 2396 ²⁸.
404 2359 512 2396 Deus
541 2358 663 2407 igitur,
685 2358 747 2396 cui
772 2358 943 2408 potentia
962 2357 1116 2408 passiva
1135 2370 1215 2395 non
1235 2369 1342 2394 com·
1451 2357 1603 2394 Adhuc.
1630 2357 1890 2394 Contradictio
1919 2357 2117 2394 contrariis
2137 2365 2172 2394 et
2189 2358 2376 2407 privative
2397 2370 2465 2407 op-

25 2399 162 2449 xcxfissm‘
189 2405 242 2428 ‘⁸¹³'
268 2412 373 2462 petit,
393 2411 535 2449 mutari
563 2423 646 2450 non
673 2419 809 2461 potest.
831 2434 855 2438 —
875 2412 1006 2450 Potest
1028 2419 1160 2449 autem
1184 2410 1342 2448 ulterius
1357 2428 1384 2442 ιο
1397 2410 1531 2460 positis
1558 2410 1782 2448 includitur:
1813 2410 1986 2459 sequitur
2013 2411 2131 2457 enim,
2151 2410 2182 2447 si
2202 2419 2258 2448 est
2276 2411 2410 2448 album
2429 2419 2465 2447 et

268 2465 450 2503 concludi
468 2466 577 2514 quod
606 2477 687 2502 non
714 2473 840 2515 potest
867 2464 1008 2502 mutari
1028 2464 1246 2502 secundum
1266 2463 1342 2501 sin-
1397 2464 1565 2512 nigrum,
1586 2464 1693 2513 quod
1722 2463 1768 2500 sit
1796 2464 1929 2500 album
1958 2471 1994 2500 et
2022 2476 2102 2500 non
2131 2463 2282 2507 album;
2304 2471 2341 2500 et
2359 2464 2390 2500 si
2409 2472 2464 2501 est

267 2520 376 2567 gulas
413 2518 638 2555 mutationis
676 2518 840 2567 species:
879 2526 921 2555 ut
954 2518 1061 2568 quod
1100 2530 1180 2555 non
1217 2525 1342 2567 potest
1397 2517 1533 2554 videns
1552 2524 1589 2553 et
1607 2528 1779 2561 caecum,
1800 2516 1907 2565 quod
1927 2516 1973 2552 sit
1992 2516 2127 2553 videns
2154 2524 2190 2552 et
2215 2529 2294 2554 non
2315 2516 2462 2553 videns.

268 2571 399 2620 augeri
427 2573 489 2608 vel
518 2571 653 2617 minui,
683 2579 749 2608 aut
781 2571 941 2617 alterari,
971 2579 1037 2608 aut
1070 2571 1243 2620 generari
1275 2578 1342 2608 aut
1397 2570 1509 2609 Unde
1538 2569 1713 2607 eiusdem
1742 2568 1898 2606 rationis
1917 2568 2032 2605 etiam
2052 2577 2107 2605 est
2126 2569 2233 2617 quod
2254 2570 2360 2606 Deus
2383 2581 2462 2606 non

268 2624 480 2674 corrumpi.
1395 2622 1516 2672 possit
1534 2622 1657 2659 facere
1678 2622 1856 2671 opposita
1875 2622 1990 2658 simul
2020 2621 2142 2658 inesse
2171 2621 2299 2658 eidem
2327 2634 2462 2658 secun-

321 2677 512 2726 Amplius.
535 2677 638 2714 Cum
657 2677 823 2715 deficere
843 2677 1045 2726 quoddam
1064 2676 1263 2726 corrumpi
1283 2676 1338 2721 sit,
1357 2693 1379 2712 ις
1396 2676 1492 2712 dum
1521 2674 1637 2711 idem.

268 2731 444 2781 sequitur
470 2731 579 2780 quod
607 2730 646 2767 in
675 2731 782 2767 nullo
811 2730 977 2767 deficere
1005 2737 1142 2779 potest.
1449 2727 1637 2776 Amplius.
1671 2727 1731 2763 Ad
1762 2726 2018 2764 remotionem
2053 2726 2254 2764 cuiuslibet
2287 2726 2462 2776 principii

323 2785 535 2821 Praeterea.
565 2783 745 2820 Defectus
765 2783 894 2820 omnis
914 2782 1132 2820 secundum
1159 2780 1339 2831 privatio·
1395 2780 1603 2818 essentialis
1631 2779 1805 2828 sequitur
1831 2779 1995 2817 remotio
2024 2779 2142 2829 ipsius
2170 2779 2235 2816 rei.
2275 2779 2316 2817 Si
2350 2779 2463 2828 igitur

268 2849 359 2874 nem
389 2836 560 2886 aliquam
589 2844 656 2873 est.
693 2835 922 2873 Privationis
955 2843 1088 2873 autem
1122 2834 1340 2871 subiectum
1395 2834 1502 2871 Deus
1530 2845 1611 2870 non
1640 2840 1764 2882 potest
1790 2833 1913 2870 facere
1947 2844 2029 2870 rem
2065 2831 2180 2869 simul
2208 2845 2289 2869 esse
2317 2840 2354 2868 et
2381 2845 2461 2869 non

267 2889 440 2940 potentia
467 2888 651 2926 materiae
679 2896 746 2926 est.
776 2889 896 2926 Nullo
925 2888 1038 2937 igitur
1065 2888 1186 2925 modo
1215 2894 1341 2936 potest
1395 2899 1489 2932 esse,
1519 2898 1591 2923 nec
1619 2885 1734 2923 etiam
1763 2893 1888 2935 potest
1914 2886 2036 2923 facere
2065 2886 2172 2934 quod
2201 2885 2254 2922 rei
2282 2885 2378 2922 desit
2396 2885 2461 2922 ali-

268 2942 450 2980 deficere.
1355 2956 1382 2976 ³0
1394 2939 1502 2989 quod
1531 2951 1694 2976 suorum
1722 2938 2001 2988 principiorum
2025 2938 2282 2975 essentialium
2302 2938 2384 2987 ipsa
2404 2950 2460 2975 re-

322 2995 475 3033 Adhuc.
498 2995 602 3032 Cum
629 2994 794 3042 fatigatio
814 2993 860 3031 sit
877 3005 949 3043 per
966 2993 1157 3030 defectum
1178 2992 1338 3039 virtutis,
1395 3000 1594 3030 manente:
1625 2991 1722 3029 sicut
1741 2992 1847 3041 quod
1878 2992 1999 3028 homo
2019 3003 2099 3028 non
2120 2991 2257 3028 habeat
2276 2991 2458 3029 animam.

269 3048 414 3086 oblivio
442 3056 574 3085 autem
592 3059 663 3097 per
681 3047 873 3085 defectum
893 3045 1082 3092 scientiae,
1103 3054 1206 3095 patet
1231 3046 1340 3095 quod
1447 3047 1660 3083 Praeterea.
1698 3045 1800 3082 Cum
1835 3044 2022 3094 principia
2058 3044 2303 3093 quarundam
2340 3043 2460 3080 scien-

268 3103 397 3152 neque
425 3100 569 3150 fatigari
598 3112 726 3150 neque
755 3099 927 3138 oblivisci
955 3107 1091 3148 potest.
1394 3099 1546 3143 tiarum,
1584 3106 1626 3135 ut
1664 3098 1818 3146 logicae,
1855 3097 2086 3145 geometriae
2121 3105 2158 3133 et
2189 3095 2458 3141 arithmeticae,

321 3154 512 3204 Amplius.
529 3154 670 3203 Neque
684 3153 788 3191 vinci
807 3162 872 3190 aut
887 3152 1111 3189 violentiam
1125 3152 1215 3201 pati.
1232 3152 1339 3188 Haec
1395 3159 1599 3188 sumantur
1630 3163 1676 3187 ex
1711 3150 1801 3187 solis
1834 3149 2029 3199 principiis
2060 3149 2284 3186 formalibus
2317 3161 2458 3193 rerum,

269 3208 373 3246 enim
397 3220 478 3245 non
503 3215 592 3244 sunt
613 3207 684 3244 nisi
707 3207 789 3244 eius
809 3206 917 3255 quod
941 3213 1076 3242 natum
1100 3213 1156 3241 est
1176 3204 1337 3241 moveri.
1355 3222 1377 3241 ις
1395 3217 1440 3241 ex
1469 3204 1611 3253 quibus
1639 3203 1802 3240 essentia
1830 3203 1883 3239 rei
1916 3203 2118 3252 dependet,
2149 3201 2321 3250 sequitur
2352 3201 2459 3250 quod

322 3331 341 3356 4
358 3323 427 3348 enim
447 3327 487 3348 est
505 3322 544 3353 ῦς
563 3326 604 3346 est
621 3321 650 3352 Z,
670 3325 710 3346 est
729 3320 799 3345 enim
817 3319 906 3345 ceteri.
999 3318 1012 3343 5
1031 3317 1174 3352 potentiam
1193 3325 1300 3342 vero...
1318 3325 1372 3342 non
1390 3317 1458 3350 esse}
1478 3317 1592 3349 potentia
1609 3324 1672 3342 vero
1690 3316 1794 3349 passiva
1810 3315 1836 3340 in
1850 3315 1906 3340 Deo
1919 3322 1972 3339 non
1984 3319 2025 3339 est
2036 3314 2141 3343 GNYZ;
2159 3314 2194 3346 tf.
2208 3320 2266 3338 ναν.
2278 3319 2346 3344 seq.,·
2364 3313 2390 3336 in
2402 3312 2459 3337 Deo

269 3359 349 3384 etiam
368 3358 458 3384 ceteri.
550 3355 567 3381 6
586 3357 638 3381 iarn
657 3363 778 3388 supra...
797 3355 935 3387 probatum
956 3353 994 3385 (in
1006 3354 1064 3388 fine
1083 3353 1169 3378 lineae
1183 3356 1247 3385 post
1265 3360 1343 3385 supra
1363 3353 1467 3378 deletur
1484 3357 1621 3377 ostensum
1641 3357 1688 3382 est,
1707 3354 1734 3376 et
1753 3351 1778 3375 in
1796 3350 1931 3382 principio
1950 3350 2082 3382 sequentis
2100 3353 2139 3374 est
2157 3349 2182 3373 in
2201 3349 2285 3380 primo
2297 3348 2363 3372 libro
2377 3347 2460 3372 fuerat

268 3392 420 3428 probatum)
438 3393 560 3423 Aaolus;
579 3397 609 3417 ut
627 3391 681 3426 (om
701 3390 773 3424 Esn)
792 3398 872 3423 supra
896 3390 922 3414 in
944 3389 1030 3423 primo
1053 3388 1119 3413 libro
1143 3394 1279 3413 ostensum
1298 3392 1346 3412 est.
1436 3395 1453 3421 9
1472 3387 1520 3420 est}
1540 3391 1602 3412 sunt
1620 3387 1686 3412 sEP.
1784 3393 1816 3411 ιο
1835 3386 1886 3410 sint
1903 3385 1975 3415 DW;
1995 3390 2062 3409 sunt.
2160 3390 2189 3408 ιι
2211 3384 2243 3408 ad
2262 3390 2339 3414 agere
2358 3382 2406 3415 est]
2427 3383 2460 3407 ad

269 3429 368 3463 aliquid
387 3437 464 3463 agere
482 3434 523 3454 est
540 3428 570 3459 Z,
589 3433 629 3453 est
647 3427 679 3452 ad
697 3434 775 3459 agere
793 3426 878 3451 oeDPc.
970 3432 1004 3456 ¹4
1022 3425 1126 3457 passiva
1143 3424 1187 3449 hic
1204 3423 1258 3454 Gb3
1271 3426 1336 3455 post
1355 3423 1478 3456 potentin.
1574 3422 1606 3447 15
1626 3429 1685 3447 esse
1704 3421 1822 3454 pertinet]
1842 3428 1901 3445 esse
1920 3428 1972 3445 non
1991 3419 2101 3452 pertinet
2118 3419 2231 3449 DsENP,
2251 3425 2302 3443 non
2323 3425 2382 3442 esse
2401 3425 2459 3450 per-

269 3466 333 3490 tinet
350 3464 407 3489 EG.
493 3463 526 3488 18
545 3463 637 3488 Adhuc
655 3469 719 3487 casu
739 3462 777 3487 bis
796 3463 827 3486 A.
920 3467 948 3485 ιι
971 3459 1100 3492 concludi]
1120 3459 1222 3484 ostendi
1236 3464 1263 3484 et
1274 3457 1393 3484 concludi
1406 3458 1493 3489 aYPc,
1513 3459 1605 3483 mutari
1619 3463 1645 3482 et
1656 3457 1774 3482 concludi
1787 3457 1819 3480 D.
1910 3463 1942 3480 22
1962 3455 2110 3480 mutationis
2124 3454 2239 3486 EstG;
2259 3454 2414 3478 mutationes
2426 3453 2459 3482 G,
2475 3463 2477 3465 ’

270 3500 444 3525 mutationum
462 3499 553 3524 ceteri.
646 3498 679 3530 34
698 3497 750 3530 aut]
770 3504 856 3530 neque
874 3496 1013 3520 DEGNPc.
2188 3524 2194 3529 ·
2287 3523 2293 3528 .
2443 3507 2446 3509 Α

325 3542 339 3560 2
360 3535 434 3560 irasci
454 3540 498 3560 aut
516 3541 558 3559 om
579 3541 604 3558 α.
702 3533 727 3557 in
746 3531 906 3565 passionem]
926 3532 957 3556 ad
976 3530 1125 3564 passionem
1145 3529 1176 3560 N,
1195 3528 1416 3561 imperfectionem
1435 3533 1462 3554 et
1479 3528 1627 3562 passionem
1649 3527 1695 3558 Pa,
1714 3526 1934 3559 imperfectionem
1948 3525 1971 3550 b.
2062 3533 2079 3556 4
2098 3530 2227 3557 potentiae
2246 3529 2386 3548 activae...
2408 3523 2459 3549 330

271 3569 325 3596 233
344 3571 448 3596 Rursus
466 3571 528 3603 quia
545 3569 606 3594 hom
625 3576 669 3594 om
688 3569 722 3593 H.
812 3567 829 3592 8
847 3566 980 3600 quicquid}
1005 3566 1078 3598 quod
1097 3565 1170 3590 anx.
1261 3564 1293 3589 15
1314 3563 1506 3597 particularum)
1532 3563 1724 3596 particularium
1743 3561 1887 3591 GNXde,
1905 3561 2017 3593 partium
2035 3560 2122 3584 WZP.
2219 3566 2252 3592 19
2270 3559 2414 3592 contrariis]
2434 3559 2460 3583 in

270 3606 406 3631 contrariis
425 3605 618 3630 GNYZsEch.
720 3611 753 3628 20
771 3603 842 3628 enim
859 3602 891 3635 sil
917 3602 988 3635 quod
1013 3602 1035 3626 si
1061 3601 1152 3631 GZsN,
1171 3600 1241 3625 enim
1266 3599 1338 3632 quod
1361 3599 1384 3624 si
1409 3599 1499 3624 ceteri.
1600 3598 1632 3623 23
1652 3599 1728 3622 etiam
1752 3598 1775 3621 Α
1799 3597 1884 3627 κοίης
1903 3603 1954 3621 om.
2055 3602 2088 3629 29
2107 3594 2220 3628 aliquod}
2246 3594 2344 3627 aliquid
2367 3594 2462 3619 DXPc.

273 3641 305 3666 33
325 3646 352 3667 et
369 3641 478 3672 DGNX3
497 3648 549 3666 om.

414 3694 508 3719 Sum
527 3693 637 3718 Coxm
656 3692 788 3717 GENTILRS
808 3692 838 3716 D.
858 3691 973 3716 ’raons
992 3689 1061 3714 Tou.
1076 3689 1094 3714 1.
2283 3690 2316 3715 4²
