2768 4134
325 296 402 343 426

324 373 461 407 alterius,
479 372 521 400 ita
543 370 674 410 propria
699 368 844 408 operatio
869 367 966 398 unius
989 375 1058 397 non
1083 372 1130 397 est
1153 367 1297 397 alterius:
1323 375 1400 397 cum

323 417 464 447 diversae
487 414 611 444 formae
635 412 674 443 ad
704 412 844 443 diversas
875 412 1082 452 operationes
1113 411 1314 442 ordinentur.
1342 410 1399 442 Se-

322 459 466 491 cundum
485 463 593 488 autem
609 458 697 487 hunc
721 466 852 487 sensum
869 457 993 496 optime
1015 455 1164 496 procedit
1186 457 1267 486 ratio
1291 455 1399 486 Sancti

322 505 480 535 Thomae.
505 502 592 540 Quia
619 502 655 531 si·
669 501 846 531 substantia
875 500 1073 531 intellectiva
1100 500 1282 531 secundum
1305 500 1399 531 intel-

321 550 441 580 lectum
465 546 654 587 possibilem
679 545 827 585 (nomine
845 545 933 575 enim
958 545 1139 576 intellectus
1157 545 1323 586 possibilis
1346 555 1398 575 ac-

321 593 399 633 cipit
426 591 562 622 Sanctus
586 590 731 620 Thomas
759 590 970 620 substantiam
999 590 1054 620 tali
1083 590 1250 621 intellectu
1280 589 1397 620 intelli-

320 636 463 678 gentem)
481 640 564 666 esset
587 634 736 666 distincta
752 634 934 665 secundum
950 644 1019 665 esse
1043 635 1082 665 ab
1106 635 1214 665 anima
1236 634 1396 670 sensitiva,

321 682 412 712 cuius
431 685 483 711 est
506 680 729 720 phantasmata
759 678 909 715 formare,
934 680 1081 720 operatio
1110 678 1272 710 formandi
1295 679 1397 719 phan-

319 730 453 756 tasmata
476 724 672 755 substantiae
696 724 751 754 tali
775 724 989 755 intellectivae
1019 733 1088 754 non
1112 724 1301 754 conveniret
1327 729 1397 754 tan-

320 779 419 811 quam
442 768 566 800 formae
590 769 739 809 proxime
769 768 857 799 illam
886 768 1113 809 operationem
1141 768 1293 798 elicienti.
1321 768 1396 798 Hoc

319 820 428 846 autern
452 812 569 844 falsum
585 819 648 844 est:
666 814 743 854 quia
759 818 889 854 oportet
905 812 1044 843 formam
1063 812 1292 843 intellectivam
1312 822 1396 853 quae

319 869 377 900 per
392 859 642 889 abstractionem
655 868 673 888 a
685 858 960 898 phantasmatibus
973 857 1131 896 intelligit,
1144 857 1204 887 sibi
1219 857 1281 897 ipsi
1293 857 1396 898 phan-

319 909 454 935 tasmata
477 908 550 943 apta
574 902 614 933 ad
637 901 884 943 intelligendum
908 901 1062 937 formare3
1086 911 1156 931 non
1179 902 1268 932 enim
1291 901 1396 932 forma

319 948 514 980 intellectiva
537 947 689 978 abstrahit
707 957 725 977 a
748 946 1024 987 phantasmatibus
1051 945 1173 982 alienis,
1198 945 1256 976 sed
1279 956 1297 976 a
1320 955 1396 986 pro-

320 994 406 1034 priis,
430 998 585 1032 tanquam
608 992 770 1022 illustratis
788 991 826 1021 ab
842 991 911 1031 ipsa
927 990 968 1020 ad
991 990 1055 1020 hoc
1071 995 1109 1020 ut
1123 999 1162 1020 ex
1185 990 1263 1030 ipsis
1277 991 1395 1021 intelli-

319 1037 424 1078 gibilis
447 1037 570 1077 species
587 1036 725 1066 abstrahi
748 1041 868 1075 posset.
887 1034 1026 1075 Oportet
1050 1044 1138 1075 ergo,
1162 1040 1199 1064 ut
1221 1034 1327 1065 forma
1349 1040 1397 1069 ta-¹

319 1082 391 1113 liter
406 1081 600 1111 intellectiva
616 1085 648 1110 et
663 1081 769 1110 anima
786 1080 936 1110 sensitiva
956 1079 990 1110 in
1006 1088 1075 1109 uno
1099 1088 1168 1109 esse
1188 1080 1394 1116 conveniant,

320 1125 419 1167 quod,
445 1135 520 1156 cum
545 1125 704 1160 sensitiva,
730 1125 783 1154 cui
810 1124 964 1155 convenit
990 1123 1195 1164 phantasiari‚
1219 1133 1287 1154 non
1313 1124 1354 1154 sit
1377 1134 1395 1155 a

320 1179 457 1210 corpore
485 1174 638 1209 separata,
670 1169 747 1208 quia
774 1169 941 1208 phantasia
970 1177 1040 1198 non
1067 1174 1116 1199 est
1142 1168 1212 1199 sine
1245 1178 1394 1209 corpore,

319 1223 450 1246 necesse
479 1219 526 1244 est
557 1219 594 1244 ut
623 1214 721 1244 etiam
747 1212 937 1244 huiusmodi
967 1212 1072 1243 forma
1101 1213 1296 1244 intellectiva
1326 1223 1395 1244 non

319 1260 358 1290 sit
381 1269 399 1289 a
422 1267 560 1298 corpore
584 1257 764 1288 secundum
789 1267 858 1288 esse
881 1263 1036 1298 separata.

373 1303 427 1334 Xl.
456 1302 642 1333 Undecima
660 1302 815 1343 Operatio
831 1302 1015 1333 intellectus
1031 1301 1193 1342 possibilis
1211 1302 1396 1343 completur

319 1358 376 1389 per
400 1357 520 1388 organa
544 1357 711 1387 corporea,
733 1348 767 1378 in
790 1347 910 1387 quibus
925 1356 1058 1378 necesse
1081 1351 1129 1377 est
1152 1356 1222 1377 esse
1244 1347 1396 1387 phantas-

319 1398 414 1423 mata.
431 1393 518 1432 Ergo
534 1398 649 1423 natura
663 1392 864 1423 intellectum
880 1391 1068 1432 possibilem
1085 1392 1251 1431 corporeis
1268 1392 1396 1432 organis

319 1438 432 1468 univit.
453 1437 540 1477 Ergo
556 1442 617 1467 etc.
633 1455 656 1459 -
671 1436 830 1467 Probatur
845 1437 950 1478 prima
965 1436 1199 1477 consequentia
1215 1446 1255 1467 ex
1270 1436 1394 1467 Aristo-

318 1482 391 1519 tele,
415 1482 442 1512 11
462 1481 564 1518 Caeli,
587 1486 664 1512 text.
685 1481 742 1520 34:
774 1482 850 1522 quia
873 1482 1073 1521 cuicumque
1101 1481 1259 1521 competit
1289 1481 1396 1522 aliqua

319 1527 465 1567 operatio
488 1526 671 1557 secundum
698 1531 857 1563 naturam,
888 1531 964 1557 sunt
991 1526 1022 1557 ei
1052 1536 1071 1556 a
1100 1530 1214 1556 natura
1245 1526 1396 1557 attributa

319 1581 357 1602 ea
380 1572 449 1602 sine
473 1571 591 1611 quibus
614 1571 668 1602 illa
691 1571 839 1611 operatio
863 1570 1023 1611 compleri
1045 1580 1114 1601 non
1137 1575 1256 1610 potest.

373 1615 619 1646 Advertendum
632 1615 723 1655 quod
739 1625 777 1646 ex
794 1614 912 1647 eodem
928 1614 1143 1646 fundamento
1156 1614 1304 1655 procedit
1315 1615 1395 1646 haec

319 1661 399 1691 ratio
425 1670 463 1691 ex
487 1670 555 1701 quo
580 1659 793 1701 praecedens:
819 1661 895 1701 quia
924 1659 1046 1691 scilicet
1069 1665 1200 1700 oportet
1227 1665 1263 1690 ut
1290 1659 1395 1691 forma

319 1714 376 1745 per
399 1705 601 1736 intellectum
617 1705 805 1745 possibilem
821 1705 1052 1745 cognoscitiva,
1069 1709 1246 1744 antequam
1265 1705 1305 1735 sit
1320 1710 1395 1736 actu

320 1759 377 1790 per
389 1750 533 1790 speciem
545 1749 790 1790 intelligibilem,
803 1749 922 1780 formet
934 1749 996 1780 sibi
1010 1749 1234 1790 phantasmata
1245 1759 1263 1779 a
1276 1750 1394 1789 quibus

320 1795 444 1834 species
467 1794 683 1834 intelligibiles
707 1794 876 1825 abstrahat.
894 1793 996 1832 Quod
1016 1802 1092 1824 cum
1115 1802 1184 1824 non
1207 1795 1310 1834 possit
1325 1793 1395 1824 fieri

319 1839 441 1879 absque
465 1839 630 1879 corporeis
661 1839 800 1879 organis,
831 1839 866 1869 in
897 1839 1015 1879 quibus
1043 1842 1174 1878 oportet
1197 1847 1267 1869 esse
1290 1839 1393 1878 phan-

319 1889 462 1919 tasmata,
479 1893 611 1914 necesse
627 1888 675 1914 est
690 1889 726 1914 ut
740 1889 856 1914 natura
877 1883 1079 1913 intellectum
1093 1882 1283 1922 possibilem
1299 1882 1395 1923 (idest

318 1929 422 1968 ipsam
445 1928 657 1958 substantiam
673 1927 728 1958 tali
749 1927 916 1958 intellectu
936 1927 1180 1967 intelligentem,
1199 1937 1269 1958 non
1284 1933 1394 1959 autem

318 1973 421 2013 ipsam
437 1973 617 2012 potentiam
640 1971 884 2011 intellectivam)
910 1971 1075 2012 corporeis
1099 1972 1227 2011 organis
1243 1973 1392 2003 univerit.

373 2017 586 2047 Duodecimn.
611 2016 686 2047 Non
711 2022 819 2057 potest
841 2016 1019 2057 intelligere
1043 2016 1235 2047 substantias
1254 2017 1392 2047 omnino

318 2071 335 2092 a
358 2062 491 2092 materia
513 2066 690 2102 separatas:
716 2062 848 2098 scilicet,
873 2060 1055 2092 secundum
1085 2070 1197 2092 earum
1220 2062 1393 2093 essentiam

318 2112 350 2137 et
365 2106 586 2147 quidditative.
603 2106 690 2146 Ergo
707 2111 768 2137 etc.
781 2124 804 2128 —-
819 2106 977 2137 Probatur
992 2105 1198 2137 antecedens.
1215 2105 1301 2144 Quia
1312 2106 1392 2138 nihil

317 2151 465 2192 intelligit
487 2150 676 2182 huiusmodi
692 2151 875 2182 intellectus
890 2151 959 2182 sine
975 2151 1208 2191 phantasmate,
1226 2156 1262 2182 ut
1277 2151 1394 2182 dicitur

319 2196 359 2226 111
375 2196 415 2227 de
430 2196 570 2227 Anima:
585 2205 626 2227 eo
643 2195 734 2236 quod
750 2197 973 2236 phantasmata
990 2201 1220 2236 comparentur
1236 2195 1276 2227 ad
1299 2196 1393 2227 intel-

318 2241 439 2272 lectum
455 2242 539 2271 sicut
561 2241 724 2272 sensibilia
739 2241 780 2272 ad
795 2250 939 2272 sensum.
956 2240 1088 2271 Talium
1107 2246 1217 2272 autem
1233 2251 1301 2272 non
1317 2247 1393 2272 sunt

317 2286 550 2326 phantasmata.
567 2304 589 2308 -
605 2285 763 2316 Probatur
779 2294 915 2326 quoque
931 2286 1176 2326 consequentia.
1197 2285 1283 2325 Quia
1302 2287 1329 2316 si
1343 2287 1393 2317 in·

317 2330 464 2361 tellectus
487 2335 571 2361 esset
593 2335 767 2370 separatus,
791 2331 893 2370 magis
915 2330 1108 2370 intelligeret
1130 2331 1321 2362 substantias
1344 2340 1394 2362 se-

318 2380 442 2416 paratas
467 2384 565 2415 quam
589 2375 772 2406 sensibiles:
798 2384 874 2406 cum
903 2375 967 2405 sint
989 2376 1092 2416 magis
1121 2375 1338 2416 intelligibiles
1361 2381 1393 2407 et

318 2420 420 2460 magis
444 2420 474 2450 ei
497 2418 693 2450 conformes.

374 2464 442 2494 XII.
463 2463 716 2495 Tertiodecimo:
732 2469 764 2494 et
779 2469 827 2495 est
843 2462 1048 2494 confirmatio
1064 2463 1286 2495 antecedentis
1301 2473 1393 2505 prae·

320 2507 463 2539 cedentis
485 2509 634 2545 rationis;
659 2509 742 2540 sicut
766 2514 798 2539 et
820 2509 899 2540 aliae
923 2509 1064 2540 rationes
1088 2517 1172 2549 quae
1199 2514 1391 2550 sequuntur.

319 2553 503 2584 Intellectus
527 2562 624 2594 agens
647 2563 716 2584 non
739 2552 816 2584 facit
839 2552 1050 2593 intelligibilia
1072 2554 1135 2584 nisi
1162 2563 1220 2595 per
1242 2555 1393 2595 phantas-

318 2603 414 2629 mata.
439 2597 526 2638 Ergo
550 2607 611 2629 nec
634 2598 816 2629 intellectus
833 2598 995 2639 possibilis
1019 2604 1170 2630 movetur
1188 2599 1228 2629 ab
1253 2599 1322 2630 aliis
1344 2599 1393 2630 in-

318 2643 535 2683 telligibilibus
550 2643 613 2674 nisi
629 2652 667 2674 ex
690 2642 861 2683 speciebus
876 2652 896 2674 a
917 2643 1194 2683 phantasmatibus
1217 2644 1392 2675 abstractis.

318 2688 404 2728 Ergo
428 2687 620 2718 substantias
644 2693 805 2728 separatas
828 2687 1008 2728 intelligere
1034 2697 1103 2719 non
1127 2693 1244 2729 potest.
1268 2705 1292 2712 -
1313 2689 1393 2720 Pro·

317 2733 410 2764 batur
432 2732 536 2772 prima
559 2733 804 2773 consequentia.
821 2731 908 2771 Quia
923 2733 958 2763 in
973 2733 1065 2763 omni
1079 2742 1197 2774 genere
1212 2738 1340 2764 tantum
1358 2743 1393 2765 se

317 2776 465 2813 extendit*
485 2777 632 2817 potentia
658 2777 783 2818 passiva
813 2783 974 2818 quantum
1002 2778 1149 2818 potentia
1178 2778 1281 2809 activa
1307 2778 1393 2810 illius

317 2822 452 2863 generis.
477 2821 578 2860 Quod
600 2822 664 2853 hoc
688 2823 781 2863 signo
811 2822 1010 2853 ostenditur:
1036 2823 1114 2863 quia
1142 2822 1232 2854 nulla
1262 2828 1311 2854 est
1332 2833 1393 2864 po-

317 2867 416 2898 tentia
438 2866 564 2907 passiva
579 2866 613 2897 in
629 2872 742 2898 natura
758 2867 812 2898 cui
827 2877 896 2898 non
912 2867 1108 2908 respondeat
1124 2867 1232 2908 aliqua
1247 2869 1394 2909 potentia

317 2912 421 2943 activa
442 2910 606 2942 naturalis.

375 2966 404 2987 2.
429 2954 523 2986 Circa
550 2956 634 2986 hanc
656 2955 928 2996 propositionem,
953 2955 1056 2987 Nulla
1082 2961 1131 2987 est
1146 2957 1297 2997 potentia
1314 2967 1393 2998 pas-

316 3001 386 3032 siva
410 3000 442 3031 in
468 3005 589 3031 natura
605 3000 659 3031 cui
682 3009 747 3031 non
771 3000 966 3041 respondeat
983 3001 1096 3042 aliqua
1113 3001 1262 3041 potentia
1286 3002 1393 3033 activa

318 3045 489 3081 naturalis,
514 3044 687 3076 dubitatur.
711 3044 832 3081 Primo,
856 3046 934 3086 quia
956 3045 989 3076 in
1013 3046 1147 3076 materia
1177 3051 1226 3076 est
1248 3047 1394 3087 potentia

317 3089 357 3121 ad
380 3090 522 3120 animam
545 3089 786 3120 intellectivam.
803 3090 845 3120 Et
859 3095 969 3121 tamen
985 3090 1114 3121 nullum
1129 3099 1226 3131 agens
1248 3092 1397 3123 naturale

318 3140 424 3175 potest
447 3135 589 3166 animam
611 3134 840 3166 intellectivam
864 3134 1054 3175 producere.

372 3179 535 3216 Secundo,
561 3179 639 3220 quia
661 3180 795 3210 materia
818 3189 902 3220 quae
933 3178 995 3210 fuit
1025 3179 1084 3210 sub
1109 3189 1174 3210 una
1201 3179 1315 3217 forma,
1339 3180 1394 3212 illa

318 3223 422 3254 forma
445 3229 606 3264 corrupta,
624 3229 671 3254 est
694 3225 735 3256 ad
758 3224 895 3255 eandem
911 3223 1050 3255 formam
1073 3225 1107 3255 in
1131 3226 1277 3265 potentia
1299 3231 1392 3256 natu-

318 3269 389 3299 rali:
407 3277 484 3299 cum
507 3269 547 3299 sit
571 3268 685 3299 eadem
709 3270 845 3310 privatio
865 3269 961 3300 huius
985 3268 1108 3300 formae
1131 3270 1165 3300 in
1190 3270 1322 3300 materia
1337 3279 1393 3301 an-

318 3319 449 3353 tequam
471 3313 603 3344 haberet
626 3312 775 3351 formam,
800 3319 832 3345 et
861 3319 1037 3355 postquam
1067 3314 1188 3345 habuit.
1214 3314 1255 3345 Et
1284 3320 1393 3346 tamen

318 3357 445 3388 nullum
460 3367 558 3399 agens
581 3359 726 3390 naturale
742 3364 850 3400 potest
865 3359 953 3390 illam
970 3358 1109 3390 formam
1132 3359 1165 3389 in
1189 3359 1321 3390 materia
1343 3360 1393 3391 in-

318 3402 503 3433 troducere:
529 3412 605 3434 cum
628 3403 829 3444 impossibile
844 3404 884 3434 sit
906 3403 994 3434 idem
1017 3412 1156 3434 numero
1179 3404 1317 3444 reparari
1335 3413 1393 3445 per

319 3456 414 3487 agens
437 3447 592 3478 naturale.
617 3447 703 3488 Ergo
729 3454 790 3479 etc.

375 3491 404 3522 3.
421 3491 473 3522 Ad
488 3492 585 3523 huius
601 3492 805 3529 evidentiam,
823 3491 1096 3524 considerandum
1119 3491 1219 3532 quod,
1244 3492 1393 3532 quamvis

320 3536 471 3566 naturale
494 3537 603 3567 multis
627 3537 733 3568 modis
757 3538 861 3578 accipi
884 3538 996 3577 possit,
1021 3537 1086 3568 hoc
1112 3542 1222 3567 tamen
1245 3537 1321 3567 loco
1346 3536 1392 3567 di-

319 3579 400 3609 citur
423 3582 568 3620 potentia
591 3582 742 3613 naturalis
766 3582 819 3613 illa
850 3582 996 3622 potentia
1020 3590 1104 3622 quae
1135 3580 1175 3612 ad
1198 3580 1322 3621 aliquid
1344 3590 1393 3612 se-

320 3623 463 3654 cundum
486 3631 618 3656 naturae
635 3632 759 3657 creatae
775 3626 1021 3657 inclinationem
1037 3625 1213 3657 ordinatur.
1235 3625 1330 3657 Unde
1346 3625 1393 3656 di-

320 3667 402 3698 citur
420 3670 566 3708 potentia
586 3671 717 3710 passiva
742 3671 774 3701 in
800 3675 931 3706 natura,
956 3671 1022 3702 sive
1052 3669 1224 3706 naturalis,
1249 3670 1394 3710 potentia

856 290 1044 326 SUMMA
1066 289 1288 326 CONTRA
1307 287 1584 333 GENTILES,
1603 288 1698 325 LIB.
1719 289 1761 333 11,
1783 288 1895 326 CAP.
1915 290 1998 327 LX.

1454 369 1587 395 naturae
1604 365 1657 395 cui
1672 364 1782 394 innata
1798 369 1846 394 est
1861 365 2029 397 inclinatio
2044 366 2086 398 ad
2100 368 2325 408 recipiendum
2348 372 2388 402 ab
2412 373 2530 403 extrin-

1454 418 1531 439 seco
1555 414 1664 439 creato
1679 407 1820 439 formam
1835 410 2031 441 naturalem:
2056 412 2140 442 sicut
2154 414 2288 445 materia
2310 415 2415 454 prima
2437 417 2530 448 incli-

1453 459 1549 484 natur
1578 453 1619 484 ad
1649 453 1873 494 recipiendum
1902 453 2043 486 formam
2072 457 2315 489 substantialem
2347 460 2387 490 ab
2418 461 2530 501 aliquo

1453 503 1569 538 agente
1592 507 1753 538 corporeo
1771 503 1803 529 et
1825 500 1991 531 materiali.
2007 500 2157 532 Potentia
2172 507 2282 533 autem
2305 503 2412 534 activa
2435 510 2531 536 natu-

1453 543 1536 573 ralis
1558 542 1675 574 dicitur
1697 543 1798 574 virtus
1820 549 1926 575 creata
1946 545 2000 575 cui
2023 550 2071 576 est
2092 546 2203 576 innata
2221 546 2387 578 inclinatio
2411 548 2452 579 ad
2474 550 2530 581 ali-

1453 586 1533 628 quid
1556 587 1719 628 agendum
1737 587 1772 618 in
1795 587 1933 619 alterum
1948 595 2103 621 creatum.
2121 589 2212 622 Sicut
2235 596 2345 622 autem
2368 593 2531 632 quaelibet

1451 632 1599 672 potentia
1621 631 1784 669 naturalis,
1801 633 1869 664 sive
1892 634 1996 665 activa
2011 635 2078 666 sive
2097 635 2233 676 passiva,
2253 635 2446 668 determinat
2468 638 2530 669 sibi

1452 677 1618 707 obiectum
1633 677 1814 717 proprium,
1831 677 1924 708 cuius
1940 684 1988 709 est
2010 681 2173 720 receptiva
2188 685 2244 712 aut
2261 680 2470 721 productiva;
2485 683 2530 713 ita

1451 721 1644 752 determinat
1666 721 1727 751 sibi
1755 722 1904 762 potentia
1932 724 2068 763 passiva.
2085 724 2256 765 proprium
2283 735 2382 766 agens
2411 736 2430 757 a
2460 736 2529 767 quo

1451 765 1591 796 formam
1613 766 1764 806 recipiat;
1789 772 1822 797 et
1843 768 1991 807 potentia
2013 768 2117 799 activa
2146 769 2338 801 determinat
2369 771 2430 801 sibi
2452 780 2530 812 pro·

1450 811 1560 851 prium
1582 811 1708 851 patiens
1731 811 1765 841 in
1795 810 1888 851 quod
1914 817 1996 852 agat.
2027 812 2124 844 Unde
2149 823 2263 846 sensus
2293 815 2529 856 propositionis

1451 855 1619 892 adductae,
1636 864 1722 895 quae
1745 860 1792 886 est
1811 854 2100 894 Commentatoris,
2117 854 2165 888 lx·
2175 859 2422 900 Metaphysicae
2437 861 2464 897 ⁴,
2481 866 2530 891 est

1451 900 1543 941 quod
1565 899 1655 930 nulla
1677 905 1726 930 est
1747 901 1895 940 potentia
1916 902 2044 941 passiva
2061 901 2215 934 inclinata
2229 912 2269 934 ex
2290 909 2424 936 naturae
2447 914 2528 936 con-

1451 945 1575 976 ditione
1599 944 1640 976 ad
1661 944 1888 985 recipiendum
1911 944 2052 977 formam
2074 947 2254 979 naturalem
2277 948 2316 979 ab
2341 949 2454 987 altero,
2474 951 2528 981 cui

1450 996 1608 1030 tanquam
1629 990 1802 1030 proprium
1824 999 1923 1030 agens
1946 999 2016 1022 non
2038 991 2235 1032 respondeat
2250 992 2359 1033 aliqua
2380 995 2528 1034 potentia

1451 1040 1556 1066 creata
1579 1035 1693 1071 activa,
1717 1033 1759 1065 ad
1782 1034 1946 1075 agendum
1969 1036 2003 1066 in
2026 1036 2132 1076 ipsam
2154 1036 2342 1068 naturaliter
2363 1038 2526 1070 inclinata.

1451 1079 1539 1110 Cum
1562 1079 1650 1109 enim
1673 1079 1821 1119 potentia
1842 1080 1969 1120 passiva
1985 1080 2137 1111 naturalis
2156 1081 2196 1112 sit
2219 1081 2366 1113 ordinata
2382 1082 2423 1113 ad
2447 1084 2528 1114 reci-

1449 1123 1608 1164 piendum
1624 1122 1744 1155 formas
1759 1124 1934 1161 naturales;
1958 1123 2064 1156 forma
2079 1130 2188 1157 autern
2203 1126 2357 1158 naturalis
2378 1127 2422 1158 sit
2443 1137 2528 1168 quae

1450 1169 1490 1199 ab
1514 1173 1630 1209 agente
1653 1168 1790 1199 naturali
1813 1174 1845 1199 et
1872 1174 1980 1200 creato
2003 1169 2143 1210 produci
2173 1176 2298 1211 potest:
2322 1181 2455 1203 necesse
2479 1177 2528 1204 est

1449 1219 1487 1244 ut
1501 1213 1667 1254 potentiae
1682 1213 1820 1244 naturali
1834 1214 1980 1254 passivae
1996 1215 2247 1256 correspondeat
2263 1215 2371 1256 aliqua
2381 1217 2528 1257 potentia

1450 1258 1554 1289 activa
1577 1251 1739 1294 naturalis,
1763 1263 1920 1298 tanquam
1942 1260 2112 1300 proprium
2136 1269 2234 1301 agens
2257 1270 2276 1291 a
2298 1270 2366 1302 quo
2390 1266 2466 1292 nata
2486 1262 2529 1293 sit

1450 1302 1590 1334 formam
1613 1302 1793 1333 naturalem
1815 1304 1971 1344 recipere.

1506 1357 1538 1387 4.
1563 1346 1615 1378 Ad
1638 1348 1777 1387 primam
1799 1347 1911 1388 itaque
1937 1348 2160 1380 obiectionem
2191 1348 2308 1381 dicitur
2338 1349 2430 1391 quod
2456 1359 2526 1391 quo

1449 1392 1553 1424 modo
1577 1392 1686 1423 anima
1700 1391 1897 1424 intellectiva
1912 1398 1960 1423 est
1976 1392 2082 1424 forma
2102 1394 2266 1431 naturalis,
2283 1404 2324 1426 eo
2339 1393 2443 1426 modo
2456 1404 2527 1427 ma-

1450 1438 1530 1468 teria
1553 1442 1601 1467 est
1623 1437 1657 1467 in
1681 1437 1828 1477 potentia
1849 1437 1985 1468 naturali
2010 1437 2050 1468 ad
2073 1438 2188 1478 ipsam,
2205 1444 2238 1470 et
2260 1449 2359 1480 agens
2380 1439 2527 1471 namtale

1451 1487 1499 1512 est
1522 1482 1591 1513 eius
1614 1481 1858 1522 productivum.
1882 1481 1917 1514 Si
1941 1482 2030 1513 enim
2052 1482 2275 1515 consideretur
2303 1489 2464 1525 quantum
2485 1483 2527 1516 ad

1451 1536 1520 1558 esse
1544 1527 1613 1558 eius
1637 1526 1796 1563 absolute,
1812 1526 1859 1557 sic
1873 1536 1943 1558 non
1958 1532 2007 1558 est
2026 1526 2131 1559 forma
2146 1528 2311 1566 naturalis,
2334 1528 2392 1560 sed
2415 1538 2527 1571 supera,

1449 1571 1612 1603 naturalis.
1629 1571 1672 1602 Et
1686 1571 1732 1602 sic
1747 1571 1882 1602 materia
1895 1572 2001 1612 prima
2015 1581 2084 1603 non
2101 1580 2150 1604 est
2170 1573 2205 1604 in
2227 1574 2375 1614 potentia
2389 1573 2528 1606 mnndi

1450 1615 1491 1647 ad
1513 1617 1635 1656 ipsam:
1660 1616 1736 1656 quia
1751 1616 1884 1647 materia
1904 1615 2022 1648 dicitur
2035 1617 2070 1647 in
2093 1618 2240 1657 potentia
2261 1619 2400 1650 naturali
2422 1627 2527 1661 quan-

1449 1667 1521 1692 tum
1536 1660 1578 1691 ad
1593 1670 1662 1691 esse
1685 1659 1810 1692 formae
1825 1661 1984 1698 absolute,
2008 1661 2143 1701 quando
2158 1663 2229 1694 talis
2251 1662 2357 1694 forma
2375 1668 2424 1695 est
2446 1662 2526 1695 eda-

1450 1705 1552 1736 cibilis
1582 1714 1642 1746 per
1675 1714 1772 1745 agens
1801 1705 1946 1736 naturale
1977 1705 2018 1736 de
2044 1707 2192 1746 potentia
2220 1708 2388 1744 materiae;
2418 1707 2526 1740 anima

1449 1756 1559 1781 autem
1582 1749 1776 1781 intellectiva
1791 1759 1859 1780 non
1881 1755 1929 1781 est
1951 1759 2009 1791 per
2025 1760 2122 1791 agens
2141 1751 2286 1783 naturale
2302 1751 2471 1784 edueibilis
2485 1751 2526 1784 de

1448 1795 1596 1836 potentia
1617 1794 1779 1831 materiae,
1804 1803 1881 1825 cum
1903 1795 2007 1835 possit
2028 1804 2194 1827 remanere
2217 1802 2362 1837 separata
2384 1806 2404 1828 a
2424 1802 2526 1829 mate-

1448 1840 1504 1870 ria.
1529 1839 1564 1871 Si
1578 1845 1688 1870 autem
1705 1838 1926 1870 consideretur
1942 1845 2102 1880 quantum
2117 1839 2159 1871 ad
2173 1841 2332 1872 unionem
2356 1841 2426 1872 eius
2448 1851 2526 1873 cum

1447 1885 1592 1920 materia,
1615 1884 1662 1914 sic
1685 1889 1733 1914 est
1755 1882 1861 1914 forma
1876 1883 2043 1921 naturalis;
2061 1890 2093 1915 et
2107 1885 2241 1916 materia
2262 1891 2312 1916 est
2325 1886 2361 1916 in
2377 1887 2526 1926 potentia

1447 1928 1585 1959 naturali
1600 1927 1641 1959 ad
1655 1928 1770 1968 ipsam,
1789 1933 1826 1958 ut
1842 1928 1965 1959 scilicet
1978 1929 2132 1960 materiae
2150 1929 2282 1960 unibilis
2297 1935 2362 1967 est;
2379 1935 2412 1961 et
2425 1939 2525 1972 agens

1447 1972 1592 2004 naturale
1615 1977 1664 2003 est
1686 1973 1756 2003 eius
1771 1981 1878 2009 causa,
1894 1972 2091 2013 inquantum
2111 1979 2220 2005 causat
2242 1973 2473 2015 dispositiones
2488 1974 2525 2007 in

1447 2018 1581 2048 materia
1603 2015 1758 2048 facientes
1781 2015 1822 2047 ad
1838 2017 1997 2048 unionem
2021 2018 2090 2050 eius
2114 2027 2191 2050 cum
2213 2019 2357 2050 materia.

1505 2063 1535 2093 5.
1559 2061 1613 2092 Ad
1635 2060 1813 2092 secundam
1837 2061 1955 2093 dicitur
1973 2061 2065 2103 quod
2087 2063 2222 2094 materia
2243 2073 2313 2094 non
2337 2068 2385 2095 est
2405 2063 2443 2095 in
2463 2072 2525 2106 po-

1447 2107 1548 2138 tentia
1570 2106 1707 2137 naturali
1730 2105 1771 2137 ad
1794 2105 1932 2138 eandem
1954 2116 2094 2139 numero
2113 2107 2254 2140 formam
2277 2117 2377 2150 quam
2399 2108 2523 2141 amisit:

1448 2152 1526 2193 quia
1548 2151 1602 2182 illa
1625 2150 1740 2187 forma,
1764 2156 1940 2192 postquam
1963 2151 2057 2183 desiit
2080 2161 2150 2184 esse
2169 2153 2203 2184 in
2225 2153 2368 2190 materia,
2383 2162 2455 2185 non
2471 2158 2525 2185 aet

1448 2196 1587 2237 amplius
1611 2195 1716 2227 forma
1740 2195 1903 2227 naturalis.
1928 2195 2024 2228 Unde
2053 2197 2124 2238 ipsa
2151 2196 2266 2229 eadem
2296 2197 2411 2236 forma,
2428 2202 2524 2230 ante-

1448 2251 1548 2283 quam
1571 2250 1630 2282 per
1652 2241 1757 2281 ipsam
1781 2245 1928 2272 actuetur
1942 2241 2086 2278 materia,
2106 2247 2155 2273 est
2170 2242 2335 2279 naturalis,
2352 2247 2468 2283 utpote
2483 2243 2523 2274 ab

1447 2292 1563 2327 agente
1586 2285 1724 2317 naturali
1747 2285 1959 2327 producibilis
1982 2286 2016 2317 in
2039 2295 2120 2318 esse.
2142 2286 2321 2328 Postquam
2337 2292 2459 2324 autem,
2472 2296 2524 2319 ae·

1447 2337 1557 2372 parata
1576 2341 1594 2361 a
1610 2330 1752 2367 materia,
1776 2329 1870 2361 desiit
1885 2340 1954 2362 esse
1977 2336 2034 2362 aut
2056 2331 2143 2362 uniri
2163 2332 2326 2369 materiae,
2348 2337 2397 2363 est
2410 2339 2523 2373 supeb

1447 2375 1611 2412 naturalis,
1635 2380 1750 2416 utpote
1775 2375 1814 2406 ab
1838 2380 1954 2416 agente
1980 2380 2109 2407 tantum
2135 2375 2371 2418 supernaturali
2399 2374 2523 2417 produ·

1448 2418 1561 2451 cibilis.
1585 2419 1711 2451 Dicitur
1733 2425 1843 2451 tamen
1866 2419 2023 2457 absolute,
2050 2419 2233 2452 secundum
2258 2421 2419 2453 rationem
2445 2429 2523 2453 suae

1447 2466 1578 2506 speciei,
1601 2464 1754 2495 naturalis
1777 2463 1896 2495 forma:
1920 2466 2007 2505 quia,
2035 2464 2183 2496 absolute
2204 2464 2385 2507 loquendo,
2412 2470 2460 2497 eat
2481 2465 2523 2498 ab

1447 2515 1563 2551 agente
1586 2508 1723 2540 naturali
1746 2509 1958 2549 producibilis
1981 2510 2016 2541 in
2039 2519 2119 2541 esse.

1503 2554 1556 2585 Ad
1579 2553 1818 2595 probationem,
1842 2553 1958 2585 dicitur
1987 2555 2106 2595 primo,
2130 2553 2223 2595 quod
2244 2553 2285 2585 ad
2307 2554 2372 2586 hoc
2395 2558 2432 2586 ut
2453 2563 2523 2597 tna-

1448 2599 1527 2630 teria
1549 2599 1590 2629 sit
1612 2599 1646 2629 in
1669 2598 1817 2639 potentia
1846 2598 1984 2630 naturali
2006 2598 2047 2630 ad
2074 2597 2224 2636 formam,
2247 2608 2317 2630 non
2346 2597 2524 2634 sufficit-tt

1447 2644 1564 2675 habeat
1586 2643 1802 2684 privationem
1822 2641 1957 2680 formae,
1973 2643 2000 2674 si
2017 2653 2076 2684 per
2090 2644 2307 2684 privationem
2329 2642 2524 2684 intellig-tur

1447 2689 1521 2720 sola
1538 2688 1670 2730 negatio
1678 2688 1818 2729 formae
1832 2687 1865 2718 in
1882 2687 2041 2719 materia.-
2063 2687 2120 2719 sed
2134 2688 2308 2729 requiritur
2325 2688 2422 2720 etiam
2441 2687 2524 2729 apti-

1447 2733 1529 2765 tudo
1553 2739 1586 2764 et
1611 2732 1778 2763 inclinatio
1805 2733 1958 2764 materiae
1981 2732 2022 2764 ad
2051 2731 2192 2764 formam
2220 2732 2411 2764 naturalem.
2433 2731 2524 2770 lm.

1447 2778 1524 2810 licet
1553 2782 1628 2818 post
1658 2777 1868 2808 amissionem
1894 2775 2020 2808 formae
2046 2782 2214 2809 remaneat
2241 2776 2357 2809 eadem
2386 2777 2523 2818 privatio

1447 2827 1581 2864 propter
1597 2821 1798 2853 identitatem
1813 2822 1943 2853 termini
1958 2827 1991 2853 et
2005 2822 2154 2859 subiecti.
2169 2831 2239 2853 non
2254 2826 2364 2854 tamen
2377 2826 2525 2855 remanet

1448 2867 1563 2899 eadem
1587 2867 1734 2907 potentia
1755 2866 1923 2898 naturalis:
1941 2867 2018 2907 quia
2039 2876 2110 2898 non
2131 2872 2277 2898 remanet
2291 2865 2440 2908 aptitudo
2454 2875 2525 2899 ma-

1447 2913 1545 2944 teriae
1568 2911 1609 2943 ad
1632 2911 1772 2942 formam
1794 2916 1951 2952 tanquam
1974 2911 2016 2942 ad
2037 2909 2177 2943 formam
2198 2911 2388 2943 naturalem.
2506 2930 2509 2933 Δ

1504 2957 1630 2988 Dicitur
1660 2955 1807 2988 secundo
1831 2955 1933 2997 quod,
1956 2957 1984 2987 si
2006 2965 2064 2996 per
2085 2956 2301 2997 privationem
2328 2955 2525 2996 intellig-mr

1449 3002 1582 3044 negatio
1589 3001 1729 3044 somnae
1745 3001 1778 3032 in
1793 3001 1936 3032 subiecto
1952 3005 2028 3042 apto
2046 3000 2349 3042 reciperesormam
2369 3005 2524 3041 tm

1449 3046 1645 3082 naturalem,
1668 3045 1737 3076 sive
1759 3045 1800 3076 ab
1822 3050 1943 3087 agente
1966 3045 2122 3081 naturali,
2153 3054 2222 3076 non
2245 3050 2293 3077 est
2321 3043 2437 3077 eadam
2457 3044 2525 3086 pti-

1449 3092 1535 3122 vatio
1559 3099 1698 3122 numero
1714 3095 1789 3121 ante
1808 3095 1841 3121 et
1855 3095 1941 3131 post,
1956 3095 2090 3131 propter
2108 3089 2320 3122 variationem
2336 3087 2524 3130 aptitudinis

1449 3141 1482 3167 et
1502 3135 1721 3167 inclinationis
1744 3135 1891 3166 subiecti.
1919 3134 2012 3166 Prius
2039 3134 2127 3166 enim
2155 3134 2288 3166 materia
2310 3133 2524 3166 inclinabatur

1448 3180 1489 3212 ad
1511 3181 1616 3221 ipsam
1638 3185 1795 3220 tanquam
1818 3179 1859 3211 ad
1881 3178 2021 3210 formam
2044 3178 2239 3210 naturalem:
2263 3178 2424 3219 posterius
2444 3185 2522 3209 vero

1448 3234 1517 3256 non
1533 3225 1630 3256 habet
1643 3223 1732 3255 illam
1747 3223 1962 3265 aptitudinem
1978 3229 2011 3255 et
2025 3223 2287 3259 inclinationem;
2303 3221 2378 3253 licet
2393 3221 2434 3252 sit
2448 3225 2523 3262 apta

1448 3269 1537 3301 illam
1560 3267 1700 3300 formam
1724 3278 1742 3299 a
1765 3268 1838 3299 Deo
1868 3269 2022 3309 recipere,
2045 3268 2080 3299 in
2099 3276 2167 3308 quo
2191 3266 2338 3299 consistit
2359 3265 2441 3296 ratio
2459 3274 2522 3306 po-

1449 3314 1568 3346 tentiae
1585 3313 1818 3348 obedientialis,
1835 3322 1902 3344 non
1919 3318 2028 3344 autem
2038 3311 2205 3353 potentiae
2215 3309 2378 3346 naturalis,
2390 3310 2522 3351 proprie

1448 3358 1482 3390 lo
1509 3358 1629 3390 nendo.

1485 3368 1587 3434 qXIII.
1614 3401 1880 3439 Quartodecimo.
1904 3401 1939 3433 Si
1956 3399 2148 3440 intelligeret
2161 3398 2353 3430 substantias
2374 3399 2522 3431 immate-

1447 3447 1551 3484 riales,
1575 3447 1608 3478 in
1633 3447 1678 3477 eis
1702 3446 1862 3487 acciperet
1891 3444 2091 3476 sensibilium
2121 3443 2362 3483 cognitionem:
2388 3444 2464 3484 quia
2487 3443 2522 3476 in

1449 3492 1633 3523 substantiis
1657 3490 1810 3531 separatis
1832 3494 1909 3522 sunt
1929 3488 2054 3530 species
2073 3496 2181 3518 rerum
2204 3487 2405 3518 sensibilium
2428 3487 2522 3519 intel-

1448 3536 1619 3577 ligibiliter,
1643 3545 1702 3576 per
1730 3544 1810 3576 quas
1840 3533 1881 3565 de
1910 3531 2115 3564 sensibilibus
2144 3532 2368 3571 cognitionem
2390 3532 2520 3563 habent.

1448 3581 1535 3621 Ergo
1560 3590 1628 3611 non
1651 3579 1812 3620 acciperet
1834 3587 1906 3609 eam
1924 3587 1943 3608 a
1966 3576 2252 3617 phantasmatibus.

1505 3625 1538 3656 Si
1561 3624 1686 3656 dicatur
1701 3622 1792 3664 quod
1806 3621 1990 3654 substantiis
2005 3621 2158 3661 separatis
2180 3630 2249 3652 non
2271 3620 2361 3652 adest
2376 3620 2521 3660 cognitio

1449 3669 1664 3701 sensibilium:
1700 3672 1822 3698 contra.
1854 3665 1941 3704 Quia
1967 3665 2080 3696 saltem
2106 3665 2271 3696 habebunt
2298 3665 2522 3706 cognitionem

2555 859 2566 868 ·
2581 858 2722 880 Commenta
2737 863 2768 881 u.
