2768 4134
23 1320 34 1329 ⁴¹
50 1318 84 1340 Cf.
105 1318 237 1348 Comment.

25 1351 76 1372 cap.
88 1350 158 1371 xavn,
174 1347 222 1365 mit.

25 3098 34 3107 ·
48 3097 118 3119 Num.
130 3104 177 3126 seq.

273 297 347 335 382

270 375 346 424 ligit
365 386 459 419 rem,
479 374 530 410 ita
557 371 727 419 intelligit
755 382 796 407 se
824 369 1042 417 intelligere,
1067 376 1104 406 et
1123 368 1177 406 sic
1196 368 1236 406 in
1255 368 1342 406 infi-

269 428 405 465 nitum.
423 424 643 464 Substantia
657 423 770 472 igitur
788 422 1000 470 intelligens
1018 434 1100 459 non
1115 429 1172 459 est
1185 433 1340 472 corpus.

321 479 424 516 Hinc
451 485 508 515 est
535 477 644 527 quod
673 477 790 514 Sacra
811 475 1008 525 Scriptura
1036 475 1268 513 substantias
1286 475 1342 512 in-

267 532 497 570 tellectuales
524 532 673 580 spiritus
701 529 893 566 nominat:
923 540 994 578 per
1020 541 1141 578 quem
1174 529 1342 566 modum

755 293 944 330 SUMMA
972 291 1196 328 CONTRA
1224 290 1501 335 GENTILES,
1529 290 1625 327 LIB.
1646 290 1688 335 ΙΙ,
1719 289 1830 327 CAP.
1852 291 1986 327 XLIX.

1452 369 1527 405 Per
1558 369 1636 405 hoc
1672 375 1805 405 autem
1837 368 2054 405 excluditur
2086 380 2194 406 error
2221 369 2474 419 antiquorum

1398 421 1658 467 Naturalium,
1688 420 1756 471 qui
1783 422 1933 458 nullam
1961 420 2217 459 substantiam
2242 422 2316 460 nisi
2335 435 2474 475 corpo-

1398 486 1506 512 ream
1534 486 1618 512 esse
1645 474 1860 524 ponebant:
1890 474 1997 512 unde
2026 482 2062 512 et
2090 474 2264 512 animam
2296 475 2475 514 dicebant
2503 499 2529 515 c.

267 584 470 624 consuevit
497 584 628 621 Deum
656 583 934 632 incorporeum
962 581 1178 629 nominare,
1205 594 1342 620 secun·
1365 599 1374 619 ς
1398 581 1503 619 aliud
1531 580 1760 618 huiusmodi
1774 580 1805 618 *.
1836 581 1970 628 Quam
1998 581 2160 631 quidem
2180 580 2410 631 opinionem
2435 582 2476 620 in

267 640 364 676 dum
383 638 478 675 illud
495 639 605 674 Ioan.
622 639 710 682 1v²4‚
735 637 838 672 Deus
854 636 1005 685 spiritus
1023 641 1085 672 est.
1106 635 1256 673 Dicitur
1274 648 1342 673 au-

266 700 345 729 tem
374 693 461 741 Sap.
482 702 543 736 vn,
555 693 582 709 ²²
594 693 637 726 ²³:
657 691 724 727 Est
742 695 866 726 autem
886 690 922 725 in
944 689 1020 735 illa,
1042 688 1183 726 scilicet
1210 689 1343 727 divina

266 744 463 794 sapientia,
490 745 639 793 spiritus
667 743 942 793 intelligentiae,
973 743 1037 792 qui
1062 743 1187 792 capiat
1214 755 1343 780 omnes

265 799 414 849 spiritus
441 796 698 847 intelligibiles.

322 930 335 947 2
355 921 512 955 intelligens]
533 921 681 946 intellectus
701 921 744 946 Pe.

322 958 336 983 3
357 957 484 991 dicebant]
505 957 644 983 credebant
662 956 749 986 aXPc,
768 955 900 988 ponebant
917 955 949 980 D.

838 919 851 944 3
871 918 1040 952 substantias]
1061 919 1223 945 substantiae
1240 920 1264 944 A
1282 927 1356 945 casu.

1042 954 1056 979 5
1077 955 1147 980 aliud
1164 955 1189 980 A
1206 955 1292 987 solu-33
1310 962 1355 981 om
1373 955 1405 986 N,
1425 955 1523 988 aliquid
1540 955 1632 981 ceter-1⁴.

1397 634 1520 672 fidem
1541 634 1803 672 Christianam
1829 634 1992 684 quidam
2020 635 2206 673 inducere
2226 643 2317 672 sunt
2335 635 2475 682 conati,

1399 688 1569 725 dicentes
1607 686 1781 725 animam
1819 699 1902 725 esse
1939 700 2076 739 corpus
2113 690 2340 740 effigiatum,
2379 688 2477 726 sicut
2504 706 2511 728 i

1399 754 1541 791 corpus
1570 740 1736 778 exterius
1764 740 1975 789 figuratum
1993 741 2025 779 *.

1723 953 1740 979 6
1759 960 1821 980 sunt
1834 958 1899 988 post
1917 955 2002 980 conati
2020 955 2149 982 DNWPc.

1029 1069 1367 1103 Commentaria
1395 1070 1708 1103 Fen-ariensis

323 1187 469 1208 oss-onan
492 1177 717 1208 determinavit
733 1176 870 1207 Sanctus
896 1176 1042 1207 Thomas
1069 1176 1109 1207 de
1132 1177 1171 1207 iis
1195 1186 1279 1218 quae
1295 1177 1344 1208 in-

269 1190 558 1252 Ptellectualibus
587 1221 727 1262 positive
752 1226 783 1251 et
807 1220 995 1252 affirmative
1020 1221 1232 1259 conveniunt,
1265 1231 1344 1252 con-

266 1272 439 1307 sequenter
456 1266 495 1297 de
511 1267 549 1296 iis
565 1275 650 1306 quae
671 1266 710 1295 ab
735 1275 851 1296 eorum
867 1271 983 1296 natura
999 1265 1217 1297 excluduntur
1241 1265 1344 1297 deter-

266 1312 368 1342 minat
384 1312 411 1340 *.
429 1310 524 1341 Circa
539 1311 604 1341 hoc
627 1316 737 1341 autem
761 1310 828 1341 duo
850 1309 939 1341 facit:
962 1311 1069 1351 primo
1086 1311 1175 1341 enim
1198 1316 1345 1341 removet

267 1357 305 1386 ab
329 1356 406 1396 ipsis
429 1355 686 1386 materialitatem
703 1360 863 1395 quantum
879 1354 919 1386 ad
935 1355 1147 1386 substantiam
1162 1354 1344 1386 secundum

266 1410 315 1437 se;
339 1399 496 1437 secundo,
519 1399 777 1430 materialitatem
797 1409 882 1440 quae
899 1405 947 1430 est
968 1409 1027 1440 per
1051 1399 1302 1440 dependentiam
1326 1410 1344 1430 a

265 1445 408 1481 materia,
433 1454 503 1485 cap.
521 1454 561 1475 u,
578 1444 665 1482 Quia
689 1449 809 1481 autem,
826 1445 883 1475 ubi
906 1445 1071 1475 invenitur
1092 1445 1235 1481 materia,
1253 1445 1343 1475 inve—

265 1490 353 1520 nitur
369 1489 466 1519 etiam
490 1489 651 1530 quantitas
668 1489 833 1526 continua,
850 1489 937 1527 ideo,
954 1494 991 1520 ut
1006 1499 1025 1520 a
1046 1490 1231 1520 notioribus
1246 1489 1343 1520 nobis

265 1533 431 1574 procedat,
447 1534 554 1574 primo
567 1532 709 1564 ostendit
723 1534 809 1574 ipsas
825 1534 1018 1564 substantias
1035 1543 1106 1564 non
1122 1543 1191 1565 esse
1207 1543 1342 1574 corpus;

267 1578 424 1615 secundo,
447 1588 517 1609 non
540 1587 610 1610 esse
634 1579 818 1619 composita
834 1588 872 1609 ex
887 1579 1022 1610 materia
1045 1584 1077 1609 et
1099 1578 1215 1615 forma,
1237 1579 1343 1619 capite

268 1633 302 1654 se
327 1628 428 1654 uenti.

304 1633 344 1698 q1.
369 1667 538 1706 Quantum
555 1665 595 1696 ad
610 1666 764 1707 primum,
780 1667 915 1707 ponitur
937 1667 1018 1698 haec
1037 1667 1220 1699 conclusio:
1238 1667 1342 1698 Nulla

267 1711 448 1742 substantia
473 1710 702 1742 intellectualis
725 1716 773 1742 est
795 1720 924 1751 corpus.

323 1756 488 1786 Probatur
506 1755 626 1796 primo.
644 1755 829 1786 Intellectus
844 1765 914 1786 non
930 1754 1178 1796 comprehendit
1201 1764 1270 1786 rem
1286 1755 1342 1786 ali-

269 1809 368 1841 quam
397 1800 595 1831 intellectam
626 1801 947 1831 commensuratione
977 1800 1178 1840 quantitatis:
1208 1809 1284 1831 cum
1307 1809 1342 1830 se

267 1850 339 1876 toto
370 1845 536 1884 intelligat,
560 1850 592 1875 et
622 1844 878 1885 comprehendat
907 1850 1015 1876 totum
1046 1850 1078 1876 et
1107 1850 1223 1885 partes.
1254 1845 1342 1885 Ergo

267 1889 357 1920 nulla
380 1890 557 1920 substantia
579 1889 763 1930 intelligens
786 1895 834 1921 est
857 1899 986 1929 corpus.
1003 1907 1027 1911 -
1044 1889 1203 1920 Probatur
1226 1898 1341 1921 conse-

268 1934 410 1974 quentia.
427 1933 514 1971 Quia
535 1933 664 1965 nullum
681 1943 800 1976 corpus
824 1934 970 1965 continet
985 1932 1073 1964 aliud
1087 1933 1149 1964 nisi
1173 1943 1342 1965 commen-

267 1978 430 2008 suratione
455 1978 651 2018 quantitatis.

323 2021 386 2052 Sed
402 2030 470 2052 non
486 2020 613 2052 videtur
627 2023 708 2053 haec
723 2022 805 2052 ratio
823 2021 933 2052 efficax
950 2030 1029 2052 esse.
1050 2021 1111 2052 Per
1133 2022 1236 2062 ipsam
1254 2021 1342 2052 enim

266 2066 410 2096 similiter
433 2066 624 2106 probaretur
640 2066 730 2107 quod
753 2067 856 2097 homo
871 2076 940 2097 non
963 2066 1004 2096 sit
1027 2075 1161 2106 corpus:
1187 2066 1264 2107 quia
1279 2075 1341 2097 suo

265 2111 432 2142 intellectu
455 2119 524 2141 non
548 2111 796 2152 comprehendit
819 2111 942 2152 aliquid
966 2110 1148 2143 secundum
1172 2120 1343 2143 commen-

265 2156 466 2186 surationem
488 2156 686 2196 quantitatis.

321 2198 550 2240 Respondetur
570 2200 671 2241 quod,
689 2210 727 2231 ex
751 2210 791 2231 eo
815 2199 907 2242 quod
929 2201 1113 2232 intellectus
1130 2201 1342 2242 quantitative

266 2244 345 2275 nihil
370 2244 626 2285 comprehendit,
647 2245 790 2286 arguitur
811 2244 902 2286 quod
925 2246 1102 2276 substantia
1118 2254 1203 2286 quae
1226 2255 1342 2277 secun-

266 2289 345 2320 dum
357 2298 391 2319 se
403 2294 505 2320 totam
519 2295 566 2320 est
581 2289 773 2330 intelligens,
786 2299 870 2331 quae
881 2291 1013 2331 proprie
1025 2289 1250 2321 intellectualis
1265 2291 1341 2322 sub-

266 2334 382 2364 stantia
405 2333 531 2371 dicitur,
555 2343 623 2365 non
647 2340 695 2365 est
719 2344 853 2375 corpus:
878 2344 947 2365 non
970 2341 1080 2367 autem
1100 2334 1140 2366 de
1164 2336 1342 2366 substantia

267 2387 351 2419 quae
376 2383 423 2409 est
445 2379 627 2411 secundum
657 2385 783 2420 partem
811 2379 1004 2420 intelligens
1029 2380 1121 2420 quasi
1150 2389 1188 2410 ex
1216 2380 1341 2412 intelle-

267 2423 365 2454 ctuali
389 2428 421 2453 et
450 2424 612 2464 corporali
636 2424 819 2462 ,substantia
849 2426 1041 2466 composita,
1073 2424 1259 2456 cuiusmodi
1293 2431 1342 2456 est

266 2468 379 2498 horno.
405 2467 481 2499 Ideo
505 2468 648 2500 obiectio
672 2479 741 2500 non
765 2475 813 2500 est
836 2474 950 2500 contra
972 2470 1144 2501 intentum.

322 2511 359 2542 11.
395 2511 555 2543 Secundo.
592 2513 777 2546 Intellectus
812 2514 927 2556 recipit
961 2513 1081 2545 formas
1116 2514 1341 2545 substantiales

266 2556 416 2587 omnium
440 2567 627 2599 corporum,
652 2564 684 2589 et
706 2563 816 2589 tamen
838 2568 907 2590 non
935 2558 1164 2599 corrumpitur,
1188 2558 1244 2590 sed
1267 2568 1339 2600 per-

265 2601 387 2632 ficitur:
405 2610 481 2633 cum
498 2611 555 2643 per
570 2603 655 2644 ipsas
677 2603 845 2644 intelligat.
863 2603 950 2644 Ergo
967 2609 1028 2635 etc.
1044 2621 1068 2626 -
1083 2603 1242 2635 Probatur
1261 2613 1341 2635 con-

265 2646 443 2687 sequentia.
471 2647 558 2685 Quia
587 2647 717 2680 nullum
744 2657 864 2688 corpus
894 2654 1002 2689 potest
1032 2648 1162 2680 alterius
1193 2650 1340 2690 corporis

264 2691 404 2722 formam
426 2692 670 2725 substantialem
685 2693 828 2734 recipere
843 2693 905 2724 nisi
921 2703 1014 2724 suam
1030 2693 1170 2724 formam
1192 2703 1252 2734 per
1267 2703 1339 2725 cor·

264 2736 451 2777 ruptionem
476 2737 610 2768 amittat.

319 2780 383 2812 Sed
396 2787 507 2823 posset
523 2782 639 2822 aliquis
655 2780 763 2813 dicere
776 2781 816 2813 ad
831 2782 915 2812 hanc
931 2783 1090 2814 rationem
1107 2782 1198 2825 quod
1214 2782 1338 2814 formae

265 2834 441 2866 corporum
464 2835 533 2857 non
556 2826 758 2866 recipiuntur
784 2827 818 2857 in
846 2826 1013 2858 intellectu
1041 2827 1223 2859 secundum
1247 2826 1338 2868 quod

263 2876 339 2901 sunt
361 2871 567 2907 substantiae,
584 2870 641 2901 sed
664 2870 847 2902 seeundum
871 2871 962 2912 quod
986 2877 1061 2903 sunt
1084 2872 1272 2903 accidentia.
1297 2872 1339 2904 Et

264 2915 309 2946 sic
332 2917 414 2948 ratio
438 2925 508 2947 non
531 2915 688 2956 sequitur.

318 2960 548 3002 Respondetur
573 2959 674 3001 quod,
703 2969 780 2991 cum
810 2959 915 2991 forma
943 2961 1160 2993 substantialis
1192 2962 1339 3002 corporis

264 3004 297 3034 in
320 3006 454 3037 materia
477 3005 616 3036 existens
644 3005 685 3035 sit
709 3004 855 3036 eiusdem
883 3005 1016 3036 rationis
1044 3015 1120 3037 curn
1144 3006 1248 3047 seipsa
1271 3007 1337 3037 exi-

264 3054 366 3080 stente
389 3050 422 3081 in
445 3049 623 3086 intellectu,
647 3049 722 3080 licet
748 3049 864 3080 habeat
887 3049 986 3080 alium
1014 3055 1045 3081 et
1072 3051 1171 3081 alium
1199 3049 1337 3082 modum

265 3094 399 3131 essendi,
423 3100 460 3125 ut
482 3094 517 3125 in
541 3093 752 3136 sequentibus
777 3093 965 3125 ostendetur
980 3095 1007 3131 ⁸³,
1032 3100 1063 3126 et
1085 3096 1119 3126 in
1142 3095 1275 3126 materia
1298 3096 1339 3126 sit

264 3139 449 3176 substantia,
465 3139 499 3169 in
522 3139 690 3170 intellectu
706 3144 816 3169 autern
832 3138 998 3175 accidens3
1022 3139 1096 3170 ideo
1113 3145 1221 3180 potest
1243 3140 1338 3171 abso-

264 3182 330 3213 lute
347 3183 410 3214 dici
434 3183 524 3223 quod
548 3183 652 3214 forma
668 3183 885 3214 substantialis
901 3184 1048 3224 corporis
1063 3185 1216 3225 recipitur
1239 3185 1273 3215 in
1289 3185 1338 3216 in-

264 3227 405 3264 tellectu,
429 3228 504 3258 lieet
526 3228 561 3259 in
584 3228 753 3260 intellectu
781 3237 851 3259 esse
878 3228 1086 3260 substantiale
1114 3239 1182 3260 non
1210 3229 1336 3260 habeat.

266 3270 394 3312 Corpus
419 3278 528 3303 autem
551 3272 643 3304 nullo
667 3272 770 3304 modo
794 3273 909 3313 recipit
932 3272 1071 3304 formam
1095 3274 1337 3305 substantialem

266 3315 393 3346 alterius
417 3317 577 3357 corporis:
602 3316 677 3348 ideo
701 3326 770 3348 non
793 3322 901 3358 potest
920 3317 1067 3348 absolute
1092 3317 1155 3348 dici
1179 3317 1270 3359 quod
1293 3319 1337 3349 al-

265 3361 362 3390 terius
379 3361 524 3401 corporis
548 3360 687 3392 formam
703 3361 945 3392 substantialem
968 3361 1112 3403 recipiat.
1130 3362 1337 3394 Fundamen-

265 3409 335 3434 tum
359 3414 436 3445 ergo
459 3406 592 3436 rationis
620 3411 668 3436 est
695 3406 786 3446 quod
817 3415 936 3447 corpus
965 3406 1057 3437 nullo
1091 3406 1193 3437 modo
1223 3408 1338 3448 recipit

266 3446 403 3479 formam
427 3450 669 3481 substantialem
693 3451 822 3482 alterius
838 3451 998 3491 corporis:
1015 3451 1197 3482 intellectus
1218 3457 1336 3489 autem,

266 3492 411 3524 absolute
434 3493 612 3534 loquendo,
633 3495 747 3536 recipit
770 3505 946 3536 corporum
970 3495 1100 3532 formas,
1124 3496 1200 3527 licet
1222 3506 1338 3528 secun-

267 3535 344 3566 dum
360 3547 427 3567 esse
444 3539 607 3578 spirituale
620 3545 651 3570 et
666 3540 876 3571 immateriale
892 3540 1097 3581 recipiantur,
1110 3546 1243 3581 propter
1259 3550 1338 3572 con-

267 3579 423 3611 ditionem
447 3582 628 3614 intellectus
652 3585 866 3624 suscipientis.

1398 1177 1486 1217 pitur
1508 1177 1542 1207 in
1567 1185 1706 1217 corpore
1729 1177 1791 1207 nisi
1813 1176 2023 1207 individuata.
2053 1176 2151 1217 Ergo,
2175 1177 2200 1208 si
2229 1177 2413 1210 intellectus
2436 1179 2478 1210 sit

1399 1230 1528 1261 corpus,
1553 1220 1678 1251 formae
1696 1230 1805 1252 rerum
1829 1221 2046 1262 intelligibiles
2062 1222 2264 1263 recipiuntur
2278 1223 2313 1253 in
2336 1223 2409 1263 ipso
2426 1224 2477 1254 in-

1399 1264 1592 1296 dividuatae.
1617 1265 1705 1305 Ergo
1721 1265 1871 1306 intelligit
1884 1271 2012 1297 tantum
2027 1266 2241 1306 particularia.
2257 1285 2282 1290 -
2298 1267 2374 1298 Hoc
2397 1277 2476 1299 con·-

1399 1319 1539 1351 sequens
1563 1315 1611 1340 est
1641 1309 1768 1340 falsum.
1799 1310 1887 1351 Ergo
1911 1316 1972 1341 etc.
1996 1329 2020 1333 -
2042 1310 2201 1342 Probatur
2228 1312 2333 1352 prima
2360 1321 2477 1344 conse-

1399 1355 1542 1394 quentia.
1556 1354 1643 1393 Quia
1654 1355 1853 1395 principium
1869 1354 2059 1386 diversitatis
2071 1355 2317 1387 individuorum
2329 1357 2477 1389 eiusdem

1397 1399 1518 1439 speciei
1543 1405 1591 1430 est
1613 1398 1729 1430 divisio
1752 1400 1907 1430 materiae
1930 1399 2114 1431 secundum
2138 1402 2363 1441 quantitatem.
2380 1420 2404 1424 -
2419 1402 2476 1434 Ul-

1397 1444 1476 1474 tima
1499 1453 1635 1485 quoque
1658 1444 1825 1485 probatur.
1850 1443 1938 1483 Quia
1961 1444 2145 1476 intellectus
2173 1445 2323 1486 intelligit
2345 1455 2396 1477 res
2417 1455 2478 1488 per

1397 1487 1518 1519 formas
1542 1497 1654 1519 earum
1678 1497 1759 1529 quas
1782 1497 1883 1530 penes
1906 1498 1941 1519 se
1963 1489 2072 1520 habet.

1454 1542 1484 1563 2.
1510 1532 1605 1564 Circa
1629 1533 1778 1564 ultimam
1808 1535 2078 1574 consequentiam
2105 1533 2159 1565 hic
2178 1534 2356 1570 adductam
2379 1535 2475 1568 dubi-

1396 1582 1490 1608 tatur.
1515 1577 1603 1616 Quia
1631 1577 1736 1609 forma
1767 1587 1851 1618 quae
1875 1584 1924 1609 est
1945 1578 1981 1610 in
2003 1579 2069 1610 hoc
2090 1579 2269 1616 intellectu,
2293 1579 2477 1612 secundum

1395 1622 1442 1652 rei
1465 1623 1634 1654 veritatem
1657 1628 1706 1653 est
1732 1622 1900 1654 individua
1927 1628 1960 1653 et
1987 1623 2167 1665 singularis,
2197 1623 2406 1656 numeraliter
2428 1623 2476 1659 di-

1396 1666 1511 1697 stincta
1535 1676 1553 1698 a
1576 1665 1682 1697 forma
1709 1666 1856 1698 eiusdem
1883 1667 2018 1699 rationis
2044 1668 2200 1700 existente
2223 1669 2258 1700 in
2288 1668 2353 1700 alio
2379 1669 2476 1708 intel-7

1395 1710 1492 1741 lectu.
1509 1710 1552 1741 Et
1574 1716 1684 1741 tamen
1699 1719 1759 1751 per
1781 1711 1885 1751 ipsam
1908 1711 2092 1743 intellectus
2114 1712 2265 1755 intelligit
2282 1713 2474 1746 universale.

1396 1754 1483 1795 Ergo
1506 1754 1560 1785 illa
1583 1756 1819 1795 consequentia
1842 1755 1922 1786 falsa
1945 1761 2002 1787 est.

1454 1799 1483 1830 3.
1508 1799 1560 1830 Ad
1575 1800 1673 1830 huius
1689 1799 1893 1837 evidentiam,
1910 1800 2183 1833 considerandum
2202 1806 2250 1832 est
2273 1801 2374 1843 quod,
2397 1810 2476 1834 cum

1395 1849 1510 1875 natura
1531 1844 1704 1875 materialis
1728 1845 1867 1876 existens
1890 1845 1924 1876 in
1947 1845 2115 1877 intellectu
2143 1851 2175 1877 et
2205 1847 2246 1879 sit
2267 1852 2383 1878 natura
2405 1855 2475 1881 mn·

1394 1888 1522 1924 tei-iaus,
1540 1888 1687 1919 eiusdem
1710 1889 1833 1920 scilicet
1848 1890 1982 1920 rationis
1997 1890 2136 1922 existens
2155 1900 2232 1922 cum
2255 1897 2370 1923 natura
2389 1900 2477 1933 quae

1395 1937 1443 1962 est
1466 1938 1553 1963 extra
1575 1933 1794 1970 intellectum;
1818 1939 1850 1964 et
1873 1934 1989 1965 habeat
2010 1934 2046 1964 in
2069 1935 2237 1966 intellectu
2266 1945 2335 1969 esse
2358 1936 2473 1969 imma·

1394 1976 1504 2006 teriale
1529 1981 1561 2007 et
1584 1976 1796 2018 intelligibile,
1815 1982 1971 2019 tanquam
1995 1978 2146 2009 accidens
2169 1984 2202 2010 et
2228 1977 2333 2010 forma
2356 1979 2474 2021 ipsius:

1394 2021 1428 2051 in
1452 2019 1575 2061 duplici
1597 2030 1707 2052 rerum
1731 2021 1845 2053 ordine
1869 2021 2058 2059 collocatur,
2082 2022 2205 2054 scilicet
2228 2023 2262 2054 in
2286 2023 2402 2055 ordine
2424 2025 2476 2056 in-

1395 2065 1612 2105 telligibilium
1635 2076 1674 2097 ex
1689 2071 1779 2107 parte
1802 2067 1853 2098 sui
1876 2067 1968 2098 modi
1984 2067 2121 2105 essendi,
2137 2073 2170 2099 et
2192 2069 2227 2099 in
2243 2068 2358 2100 ordine
2371 2074 2478 2100 me-

1394 2110 1523 2142 rialium
1546 2120 1586 2142 ex
1608 2117 1698 2151 parte
1722 2121 1800 2143 suae
1819 2112 1962 2144 rationis.
1980 2112 2080 2144 Verbi
2093 2113 2204 2154 gratia,
2221 2119 2335 2145 natura
2357 2113 2475 2155 lapidis

1394 2155 1429 2186 in
1451 2155 1619 2186 intellectu
1643 2156 1782 2187 existens
1805 2157 1902 2188 habet
1925 2156 2017 2198 quod
2046 2158 2087 2188 sit
2114 2158 2239 2199 species
2264 2158 2478 2199 intelligibilis

1395 2199 1578 2232 intellectus
1602 2206 1634 2232 et
1658 2201 1727 2232 eius
1754 2200 1905 2233 accidens
1931 2201 2165 2239 intellectuale;
2195 2209 2226 2235 et
2253 2203 2351 2235 habet
2382 2202 2475 2244 quod

1394 2245 1435 2275 sit
1457 2250 1570 2276 natura
1593 2245 1718 2286 lapidis.
1743 2245 1776 2277 Si
1801 2245 2024 2278 consideretur
2038 2251 2075 2277 ut
2095 2253 2143 2278 est
2166 2248 2199 2278 in
2216 2247 2331 2279 ordine
2354 2243 2473 2280 intelli-

1393 2289 1552 2330 gibilium,
1576 2290 1642 2320 sive
1666 2295 1703 2321 ut
1727 2296 1775 2321 est
1796 2289 1902 2322 forma
1925 2290 2134 2332 intelligibilis
2157 2291 2341 2324 intellectus
2364 2293 2474 2330 unius,

1395 2335 1440 2365 sic
1464 2340 1511 2365 est
1533 2334 1700 2366 individua
1721 2341 1753 2366 et
1772 2335 1954 2376 singularis:
1971 2336 2069 2367 habet
2086 2336 2175 2368 enim
2198 2345 2268 2368 esse
2283 2337 2473 2369 distinctum

1394 2379 1434 2410 ab
1458 2379 1519 2411 alia
1542 2380 1650 2420 specie
1665 2380 1859 2420 intelligibili
1875 2380 2020 2412 eiusdem
2035 2381 2169 2412 rationis
2191 2382 2346 2413 existente
2369 2382 2404 2413 in
2422 2382 2475 2414 in·—

1394 2424 1526 2456 tellectu
1554 2424 1698 2462 alterius3
1722 2434 1798 2456 nam
1828 2425 2008 2457 accidentia
2031 2425 2178 2458 eiusdem
2199 2426 2333 2458 rationis
2355 2435 2472 2458 nume-

1393 2468 1500 2500 raliter
1523 2474 1555 2500 et
1580 2468 1820 2502 individualiter
1843 2469 2084 2512 distinguuntur
2108 2479 2148 2502 ex
2177 2470 2337 2502 numerali
2360 2470 2475 2504 distin·

1394 2514 1502 2544 ctione
1519 2513 1741 2545 subiectorum
1762 2513 1796 2546 in
1813 2515 1932 2556 quibus
1955 2520 2041 2546 sunt.
2066 2514 2100 2546 Si
2115 2520 2226 2547 autern
2250 2514 2472 2550 consideretur

1393 2563 1429 2589 ut
1453 2563 1500 2589 est
1523 2563 1636 2589 natura
1659 2559 1833 2590 materialis
1857 2558 2004 2591 eiusdem
2027 2560 2162 2591 rationis
2185 2569 2261 2591 cum
2285 2559 2390 2591 forma
2413 2568 2472 2601 pet

1393 2603 1498 2644 ipsam
1513 2608 1750 2644 repraesentata
1766 2613 1850 2645 quae
1874 2609 1922 2635 est
1945 2605 1978 2635 in
2002 2605 2145 2642 materia,
2165 2605 2211 2636 sic
2230 2614 2299 2636 non
2317 2609 2366 2636 est
2387 2603 2475 2636 indt-

1393 2647 1491 2679 vidua
1513 2653 1570 2679 aut
1584 2649 1764 2689 singularis,
1780 2648 1838 2680 sed
1861 2654 1909 2680 est
1931 2649 2120 2681 universalis
2139 2654 2171 2680 et
2194 2650 2351 2681 abstracta
2373 2655 2473 2690 atque

1393 2692 1565 2724 inimitata:
1590 2703 1659 2725 non
1686 2693 1775 2724 enim
1798 2699 1846 2724 est
1877 2692 1983 2725 forma
2011 2694 2108 2726 huius
2138 2700 2195 2725 aut
2227 2694 2314 2726 illius
2342 2693 2474 2735 lapidis,

1393 2737 1515 2769 habens
1539 2747 1608 2768 esse
1634 2738 1800 2771 materiale
1830 2738 2082 2771 determinatum
2109 2738 2150 2770 ad
2177 2739 2230 2770 hic
2256 2744 2288 2770 et
2314 2747 2404 2771 nunc
2433 2744 2472 2773 ut

1393 2782 1489 2814 habet
1512 2781 1652 2813 formam
1675 2783 1772 2814 huius
1799 2782 1930 2824 lapidis3
1955 2782 2012 2814 sed
2035 2788 2084 2814 est
2107 2782 2211 2814 forma
2234 2782 2348 2825 lapidis
2375 2783 2470 2815 abso-

1393 2827 1460 2858 lute
1477 2832 1508 2857 et
1531 2827 1702 2864 abstracte;
1727 2828 1805 2864 sive,
1829 2837 1898 2859 non
1926 2833 1974 2859 est
1996 2827 2050 2859 hic
2073 2833 2130 2859 aut
2147 2828 2201 2859 ille
2225 2827 2317 2870 lapis,
2341 2826 2398 2858 sed
2421 2832 2471 2859 est

1392 2871 1539 2903 absolute
1556 2872 1640 2912 lapis
1655 2872 1777 2903 habens
1797 2881 1867 2903 esse
1886 2872 2114 2910 immateriale3
2131 2878 2163 2904 et
2178 2881 2247 2903 non
2263 2872 2472 2913 distinguitur

1392 2917 1431 2947 ab
1449 2916 1518 2948 aliis
1533 2917 1779 2958 particularibus
1794 2916 1956 2958 lapidibus
1972 2917 2056 2949 sicut
2070 2926 2157 2949 unus
2172 2917 2372 2958 particularis
2387 2917 2473 2958 lapis

1392 2962 1432 2992 ab
1455 2962 1530 2998 alio,
1554 2961 1612 2993 sed
1634 2962 1718 2994 sicut
1740 2967 1853 2993 natura
1875 2962 2098 2994 universaliter
2113 2967 2146 2994 et
2167 2962 2317 2994 absolute
2339 2966 2474 3003 sumpt&

1392 3015 1410 3036 a
1433 3006 1647 3046 singularibus
1670 3006 1755 3039 illius
1779 3012 1922 3038 naturae.
1947 3006 2042 3039 Unde
2066 3016 2136 3038 esse
2157 3006 2254 3045 illius,
2270 3006 2297 3037 si
2320 3005 2470 3042 conside-

1392 3056 1478 3082 retur
1502 3056 1538 3082 ut
1562 3057 1609 3082 est
1633 3061 1701 3082 esse
1725 3050 1850 3082 formae
1864 3051 2083 3093 intelligibilis,
2100 3056 2147 3082 est
2170 3060 2240 3082 esse
2262 3048 2468 3091 individuum

1392 3101 1423 3126 et
1446 3095 1621 3136 singulare;
1638 3097 1664 3126 si
1680 3101 1790 3127 autem
1806 3095 2029 3127 consideretur
2043 3101 2082 3127 ut
2096 3104 2166 3127 esse
2185 3100 2319 3126 naturae
2342 3089 2472 3136 lapid&

1392 3145 1439 3170 est
1463 3140 1643 3171 universale
1666 3146 1699 3171 et
1721 3140 1934 3177 illimitatum3
1959 3141 2052 3178 sicut,
2077 3140 2103 3171 si
2127 3145 2212 3171 esset
2234 3138 2351 3170 albedo
2375 3145 2467 3179 sepa-

1391 3190 1458 3215 rata
1481 3186 1520 3216 ab
1537 3186 1628 3216 omni
1652 3186 1810 3223 subiecto,
1833 3195 1903 3217 non
1919 3191 2003 3216 esset
2026 3186 2106 3216 haec
2119 3190 2177 3216 aut
2195 3184 2250 3215 illa
2265 3182 2393 3219 albedo,
2408 3181 2467 3214 sed

1391 3234 1475 3260 esset
1497 3230 1646 3261 absolute
1668 3230 1794 3267 albedo,
1818 3230 1894 3262 licet
1917 3236 2001 3261 esset
2023 3239 2128 3262 unum
2147 3237 2204 3260 ena
2226 3227 2266 3259 ab
2289 3227 2381 3258 omni
2404 3226 2467 3258 alia

1392 3273 1540 3305 albedine
1563 3274 1761 3307 distinctum.

1446 3318 1567 3349 Natura
1591 3328 1668 3360 ergo
1688 3320 1826 3350 existens
1849 3319 1882 3350 in
1906 3318 2083 3356 intellectu,
2099 3314 2279 3348 secundum
2304 3324 2395 3346 suam
2416 3325 2464 3346 ra-

1390 3363 1514 3394 tionem
1539 3363 1740 3394 considerata
1756 3372 1821 3404 qua
1844 3368 1891 3394 est
1914 3363 1985 3394 talis
2009 3362 2123 3398 forma,
2138 3369 2207 3391 non
2231 3364 2279 3390 est
2298 3358 2465 3391 individua

1392 3413 1423 3438 et
1446 3408 1623 3448 singularis,
1647 3409 1724 3449 quia
1746 3417 1814 3439 non
1838 3408 1940 3448 magis
1963 3412 2011 3438 est
2040 3405 2137 3437 huius
2161 3413 2260 3445 quam
2289 3404 2375 3435 illius
2398 3405 2464 3436 sin-

1390 3452 1508 3492 gularis
1532 3452 1647 3489 forma,
1671 3453 1728 3484 sed
1751 3458 1798 3484 est
1828 3452 1976 3483 absolute
1999 3455 2031 3481 et
2060 3449 2219 3480 illimitate
2248 3449 2319 3479 talis
2342 3448 2462 3480 forma:

1390 3497 1571 3528 secundum
1595 3503 1704 3529 autem
1729 3496 1820 3538 quod
1842 3502 1890 3528 est
1912 3494 2061 3527 accidens
2091 3493 2284 3530 intellectus,
2307 3499 2464 3534 tanquam

1390 3542 1460 3572 eius
1482 3541 1587 3572 forma
1610 3541 1828 3582 intelligibilis,
1852 3545 1900 3572 est
1925 3537 2091 3570 individua
2115 3543 2147 3568 et
2173 3538 2352 3578 singularis.
2376 3537 2464 3576 Quia

1390 3595 1468 3616 vero
1491 3586 1562 3617 talis
1586 3586 1710 3626 species
1733 3588 1949 3626 repraesentat
1977 3582 2116 3614 formam
2141 3591 2224 3623 quae
2244 3588 2292 3613 est
2312 3581 2352 3613 ad
2376 3587 2463 3612 extra

323 3624 373 3655 111.
403 3626 521 3656 Tertio.
547 3626 647 3665 Quod
671 3629 824 3669 recipitur
847 3630 880 3660 in
905 3638 1054 3670 corpore,
1078 3629 1231 3671 recipitur
1246 3630 1279 3660 in
1297 3639 1337 3660 eo
1391 3630 1586 3671 inquantum
1602 3636 1650 3662 est
1666 3629 1811 3662 eiusdem
1827 3628 1959 3660 rationis
1976 3636 2051 3659 cum
2068 3627 2147 3668 ipsa,
2165 3626 2346 3658 secundum
2362 3635 2463 3667 quem

268 3668 447 3700 secundum
471 3672 656 3710 quantitatis
684 3672 888 3704 divisionem.
913 3674 1000 3713 Ergo
1031 3672 1136 3705 forma
1165 3683 1234 3706 non
1257 3675 1337 3705 reci-

1390 3674 1528 3706 modum
1551 3674 1690 3707 diximus
1713 3674 1816 3714 ipsam
1839 3681 1909 3703 esse
1936 3671 2165 3708 universalem,
2189 3681 2257 3702 non
2281 3676 2391 3702 autem
2413 3680 2463 3702 re-

2503 468 2511 477 ·
2536 466 2547 488 1
2571 466 2600 488 de
2623 466 2718 493 Anima,

2531 499 2554 520 Ρ.
2579 499 2610 519 ιις
2634 498 2654 514 ε.
2672 492 2718 515 Th.

1398 540 1481 565 esse
1501 540 1656 577 corpus,
1676 529 1740 565 vel
1764 527 1896 576 ignem
1913 529 1978 565 vel
1999 540 2131 565 aerem
2150 529 2216 566 vel.
2236 540 2393 578 aquam,
2411 531 2476 568 vel
2502 521 2518 558 ¹·'
2532 525 2718 578 {affl-renuit,

2503 659 2556 705 ⁸25¹
2571 652 2634 701 {as-
2646 651 2721 700 zi&

2529 706 2577 732 id.).
2597 717 2608 722 -
2628 705 2665 727 Cf.
2683 711 2720 726 su-

2504 739 2546 785 s:
2559 732 2607 781 ἐξε-
2622 731 2646 759 ¹²
2667 737 2721 760 0²⁹·
