2768 4134
790 299 979 336 SUMMA
1008 299 1230 339 CONTRA
1258 301 1534 350 GENTILES,
1566 302 1677 340 CAP.
1699 303 1826 351 LVIII,
1846 304 1944 341 LIX.

321 377 462 409 Adverte
487 376 578 418 quod
600 377 845 418 compositionis
868 378 1002 409 nomine
1021 378 1195 419 aliquando
1219 379 1339 420 signifi-

264 428 356 456 catur
378 423 448 464 ipsa
472 422 619 464 operatio
642 422 842 458 intellectus;
874 422 1048 463 aliquando
1079 430 1258 465 conceptus
1282 434 1340 465 per

263 467 352 500 illam
368 468 596 508 operationem
611 466 800 509 productus.
819 467 881 497 Hic
897 473 1007 498 autem
1023 469 1178 509 accipitur
1193 479 1253 510 pro
1269 470 1339 511 ipsa

264 513 468 554 operatione.
492 513 617 543 Verum
640 512 729 542 enim
753 517 800 542 est
824 512 915 552 quod
938 512 1008 543 talis
1025 514 1172 553 operatio
1196 523 1265 544 non
1285 523 1338 544 ex-

265 557 350 589 cedit
373 557 550 588 terminum
571 566 629 597 per
651 557 756 597 ipsam
779 556 990 596 productum:
1013 558 1096 589 sicut
1115 563 1146 589 et
1166 559 1255 590 nulla
1278 558 1339 589 alia

264 602 412 643 operatio
425 611 522 633 suum
537 602 713 632 terminum
730 601 864 632 excedit.
878 602 918 632 Et
934 602 1019 638 ideo,
1033 603 1058 633 si
1070 604 1226 634 terminus
1242 603 1339 634 unius

264 647 515 687 compositionis
541 651 589 677 est
616 646 786 677 hominem
816 656 885 677 esse
915 647 1044 683 animal,
1074 648 1220 688 nihilque
1251 647 1339 678 aliud

200 696 212 705 ¹
264 697 483 732 repraesentat
497 691 531 721 in
555 700 600 726 re,
617 700 685 721 non
702 692 820 731 poterit
843 691 895 722 illa
912 693 1058 731 operatio
1082 692 1123 723 ad
1146 692 1234 724 aliud
1255 693 1338 724 iudi-

265 735 406 767 candum
430 734 570 766 extendi.

321 781 373 811 111.
398 780 462 812 Sed
486 781 563 820 quia
586 786 695 820 posset
719 781 833 821 aliquis
857 780 1018 812 deducere
1042 781 1132 821 quod
1159 781 1248 812 Deus
1271 791 1338 812 non

264 831 442 866 cognoscat
465 825 683 861 enuntiabilia,
708 826 783 866 quia
807 835 875 856 non
898 826 1082 866 componit:
1107 827 1170 857 hoc
1194 832 1339 857 removet

264 870 401 902 Sanctus
418 870 574 906 Thomas,
592 869 702 900 dicens
726 869 817 911 quod
832 870 897 900 hoc
921 880 959 900 ex
982 870 1075 901 dictis
1093 880 1161 901 non
1182 872 1337 911 sequitur.

263 915 361 954 Quia,
377 915 452 946 licet
468 915 557 946 Deus
573 924 640 945 non
657 921 836 955 componat
851 920 906 945 aut
922 914 1051 951 dividat,
1069 916 1218 946 omnium
1230 921 1338 946 tamen

264 961 434 1001 cognoscit
465 960 758 1000 compositionem:
784 969 824 990 eo
856 959 947 1000 quod
978 960 1115 990 essentia
1138 969 1196 990 sua
1219 969 1283 990 una
1307 966 1338 991 et

263 1005 402 1045 simplex
425 1005 591 1046 exemplar
618 1005 658 1035 sit
681 1005 832 1035 omnium
862 1004 1094 1044 multiplicium
1118 1010 1150 1035 et
1173 1006 1338 1045 composi-

262 1056 375 1082 torum
397 1055 464 1081 tam
487 1049 670 1082 secundum
693 1059 762 1081 rem
786 1058 884 1089 quam
907 1048 1090 1080 secundum
1113 1050 1283 1081 rationem.

320 1094 385 1126 Sed
408 1096 551 1126 occurrit
576 1096 629 1126 hie
652 1094 800 1125 dubium.
831 1093 915 1125 Nam
946 1095 1033 1125 entia
1055 1094 1187 1125 rationis
1211 1094 1339 1126 nullum

263 1140 383 1172 habent
406 1149 486 1175 esse,
510 1139 568 1172 sed
590 1139 699 1171 solum
722 1144 976 1179 cognoscuntur.
1002 1139 1088 1179 Ergo
1113 1148 1170 1179 per
1196 1139 1339 1170 divinam

2394 306 2464 354 167

1393 381 1564 412 essentiam
1595 391 1663 412 non
1694 383 1902 422 cognoscitur
1931 384 2128 424 compositio
2152 385 2294 418 rationis.
2319 384 2466 417 Essentia

1393 426 1482 456 enim
1505 425 1614 456 divina
1636 435 1705 456 non
1728 431 1776 458 est
1799 427 1963 469 exemplar
1979 428 2103 461 entium
2125 429 2253 463 nullum
2277 429 2464 463 habentium

1394 479 1462 500 esse
1486 479 1547 501 nec
1570 470 1687 501 habere
1711 472 1905 511 potentium.

1447 513 1686 555 Respondetur‚
1703 521 1734 546 et
1750 515 1866 546 dicitur
1878 517 1995 556 primo,
2009 516 2100 557 quod
2115 526 2173 557 per
2188 519 2464 561 compositionem

1392 559 1525 589 rationis
1541 568 1609 590 non
1624 559 1773 600 intelligit
1785 560 1920 591 Sanctus
1933 560 2077 591 Th0mas
2094 563 2369 602 compositionem
2381 572 2464 604 quae

1392 604 1433 634 sit
1449 613 1506 634 ens
1522 604 1654 635 rationis
1671 610 1707 635 ut
1722 614 1779 635 ens
1794 605 1927 635 rationis
1943 604 2149 646 distinguitur
2164 612 2277 638 contra
2291 617 2349 638 ens
2364 607 2463 639 reale:

1392 648 1449 678 sed
1472 649 1750 689 compositionem
1776 655 1807 679 et
1831 655 2030 689 conceptum
2054 651 2263 691 complexum
2287 651 2463 683 formatum

1393 702 1451 734 per
1473 693 1674 724 intellectum
1698 699 1730 725 et
1748 694 1918 725 rationem.
1935 693 2002 732 Qui
2021 700 2068 725 est
2091 704 2148 726 ens
2163 696 2260 727 reale:
2278 695 2463 728 distinctum

1392 743 1502 768 tamen
1514 744 1625 768 contra
1638 747 1695 768 ens
1707 738 1861 773 naturale,
1874 738 1964 779 quod
1977 745 2064 770 extra
2076 740 2276 771 intellectum
2288 750 2345 780 per
2356 742 2463 781 ipsum

1392 788 1659 823 repraesentatur.

1449 827 1575 858 Dicitur
1593 826 1749 863 secundo,
1770 826 1860 868 quod
1878 828 2017 858 essentia
2037 827 2145 858 divina
2168 834 2215 859 est
2238 829 2334 859 etiam
2354 829 2463 869 aliquo

1393 871 1494 902 modo
1511 872 1675 913 exemplar
1691 873 1772 903 entis
1788 873 1930 908 rationis,
1948 882 1987 903 ex
2003 882 2040 902 ea
2052 878 2141 913 parte
2155 882 2218 913 qua
2235 873 2344 913 aliquo
2362 874 2463 904 modo

1394 917 1563 957 participat
1586 926 1664 947 esse.

1450 961 1681 992 Cosmum-run
1707 967 1873 1001 postremo
1896 966 1927 991 et
1951 961 2119 992 conclusio
2141 967 2172 992 et
2195 971 2307 992 sensus
2331 962 2464 992 conclu-

1393 1006 1493 1036 sionis
1517 1007 1705 1037 auctoritate
1730 1006 1828 1036 Isaiae
1852 1016 1901 1041 ιν,
1926 1006 1982 1036 ubi
2006 1005 2131 1042 dicitur,
2162 1006 2238 1036 Non
2267 1006 2351 1037 enim
2375 1007 2464 1048 cogi-

1393 1051 1532 1081 tationes
1560 1061 1650 1082 meae
1676 1056 1753 1081 etc.:
1783 1060 1859 1081 cum
1887 1056 1996 1081 tamen
2024 1050 2149 1082 dicatur
2177 1051 2210 1081 in
2233 1051 2372 1087 Psalmo,
2397 1051 2465 1081 Do-

1393 1095 1499 1126 minus
1515 1096 1575 1126 scit
1590 1095 1808 1137 cogitationes
1823 1095 2001 1126 hominum.
2018 1114 2040 1117 -
2057 1095 2137 1127 Item
2157 1095 2316 1136 Dionysii,
2334 1105 2404 1136 cap.
2422 1105 2465 1126 vn

1393 1139 1432 1170 de
1456 1140 1584 1170 Divinis
1608 1140 1811 1171 Nominibus.

1315 1236 1395 1280 ΜΞ.
1408 1245 1420 1269 ss
1552 1257 1636 1261 ,ᾖ

572 1393 1058 1450 CAPITULUM
1097 1376 1844 1472 QUINQUA'GESIMUM
1879 1395 2164 1451 NONUM

804 1513 834 1543 A
874 1521 911 1552 17
926 1523 941 1543 r
978 1512 1053 1553 b43
1079 1522 1178 1553 marg.
1203 1512 1334 1549 laterali,

1359 1513 1523 1543 coniunct.
1551 1514 1566 1544 5
1582 1523 1596 1543 r
1635 1513 1654 1542 b
1672 1521 1698 1549 1,
1734 1514 1802 1544 sine
1826 1513 1931 1544 titulo.

450 1604 627 1658 QUOD
662 1604 704 1645 A
738 1603 866 1644 DEO
901 1603 1031 1644 NON
1065 1602 1465 1644 EXCLUDITUR
1497 1602 1764 1642 VERITAS
1798 1602 2283 1643 ENUNTIABILIUM

398 1765 412 1783 1,
460 1768 461 1771 ¹
482 1740 506 1765 x
530 1727 607 1764 hoc
631 1734 763 1764 autem
787 1733 948 1776 apparet
973 1724 1095 1775 quod,
1115 1724 1202 1762 licet
1223 1724 1345 1762 divini

375 1784 384 1797 ‘
496 1781 710 1819 intellectus
738 1779 907 1830 cognitio
945 1791 1027 1816 non
1056 1790 1097 1816 se
1126 1778 1267 1816 habeat
1295 1778 1343 1816 ad

295 1862 301 1870 ,
350 1841 368 1875 s.
395 1833 457 1886 ’ᾗῇ
496 1834 665 1872 modum
689 1833 902 1872 intellectus
926 1831 1200 1883 componentis
1229 1839 1265 1870 et
1288 1831 1344 1869 di-

286 1883 299 1897 *
399 1891 407 1896 ⁴
495 1887 674 1936 videntis,
704 1899 786 1925 non
814 1895 946 1925 tamen
974 1885 1191 1924 excluditur
1217 1885 1266 1923 ab
1295 1898 1343 1923 eo

20 1945 237 1999 ζῦζῖςξτξηξζζ
265 1943 419 1990 veritas,
448 1954 563 1993 quae,
593 1941 813 1979 secundum
841 1939 1129 1990 Philosophum
1147 1939 1178 1982 *,
1213 1941 1342 1977 solum

22 1988 236 2050 {iffiwffi
265 1997 366 2035 circa
384 1994 714 2046 compositionem
733 2002 771 2032 et
789 1993 1023 2031 divisionem
1043 1992 1255 2030 intellectus
1273 2000 1340 2029 est.

258 2052 295 2076 s*
320 2050 425 2088 Cum
444 2049 551 2088 enim
571 2048 712 2086 veritas
731 2047 944 2086 intellectus
969 2046 1015 2084 sit
1042 2047 1264 2096 adaequatio
1286 2048 1341 2083 in-

21 2105 165 2156 am
175 2104 237 2155 ffli
251 2078 427 2154 jv{ellectus
458 2109 492 2141 et
526 2105 584 2140 rei
595 2102 626 2150 ⁵¹⁶,
662 2102 866 2140 secundum
896 2101 997 2151 quod
1023 2100 1224 2137 intellectus
1255 2100 1342 2136 dicit

21 2149 234 2216 l'gfffflfflssssg·
248 2160 344 2209 jesse
363 2157 464 2213 quod
479 2162 531 2194 est
556 2157 615 2194 vel
625 2168 714 2209 Δγηυοη
728 2168 827 2209 85:⁹3.
844 2154 1038 2207 qnod-nor}
1060 2160 1110 2191 est
1124 2152 1227 2212 *stad
1246 2151 1340 2190 illud

18 2220 95 2264 {¹¹3³
109 2213 182 2236 ⁸³¹³·
194 2203 236 2240 ¹V’·
247 2211 251 2219 “
264 2211 305 2249 in
325 2206 684 2250 intelrectfffflvefit'as'
697 2207 861 2259 pertinet
879 2205 988 2258 quod
1007 2205 1220 2245 intellectus
1238 2206 1339 2253 dicit,

263 2277 347 2303 non
375 2265 424 2302 ad
454 2263 724 2314 operationem
752 2275 832 2313 qua
860 2261 954 2299 illud
981 2260 1083 2298 dicit.
1113 2261 1207 2297 Non
1235 2259 1341 2297 enim

263 2319 313 2359 ad
342 2318 545 2356 veritatem
573 2317 785 2354 intellectus
814 2314 977 2364 exigitur
1004 2322 1046 2352 ut
1074 2313 1205 2364 ipsum
1234 2313 1340 2350 intel-

264 2371 379 2422 ligere
408 2372 463 2410 rei
492 2379 692 2421 aequetur,
721 2382 814 2408 cum
838 2381 899 2407 res
921 2368 1118 2406 interdum
1146 2367 1193 2404 sit
1221 2374 1341 2404 mate-

264 2425 376 2474 rialis,
398 2424 604 2474 intelligere
623 2436 718 2462 vero
739 2421 1009 2462 immateriale:
1031 2421 1099 2460 sed
1118 2420 1213 2458 illud
1232 2420 1340 2470 quod

263 2480 478 2518 intellectus
502 2478 750 2527 intelligendo
775 2476 865 2514 dicit
893 2483 929 2514 et
957 2473 1165 2524 cognoscit,
1189 2482 1341 2524 oportet

264 2545 348 2571 esse
377 2532 432 2570 rei
460 2540 685 2582 aequatum,
715 2539 757 2568 ut
786 2530 926 2568 scilicet
955 2529 1006 2567 ita
1031 2528 1078 2566 sit
1105 2528 1145 2565 in
1174 2540 1214 2565 re
1243 2527 1341 2565 sicut

264 2587 478 2624 intellectus
506 2585 608 2623 dicit.
638 2586 747 2623 Deus
775 2592 908 2622 autem
937 2595 1007 2621 sua
1040 2581 1205 2632 simplici
1233 2581 1340 2618 intel-

265 2639 430 2689 ligentia,
460 2639 500 2676 in
528 2651 608 2689 qua
639 2650 721 2676 non
755 2646 811 2675 est
846 2635 1079 2688 compositio
1116 2643 1152 2672 et
1186 2634 1338 2679 divisio,

264 2692 462 2743 cognoscit
479 2704 561 2730 non
581 2693 710 2729 solum
725 2703 857 2729 rerum
872 2689 1115 2740 quidditates,
1136 2688 1205 2725 sed
1224 2687 1340 2725 etiam

265 2746 560 2792 enuntiationes,
576 2753 619 2783 ut
633 2753 834 2783 ostensum
855 2752 911 2781 est
924 2743 956 2780 *.
978 2744 1026 2781 Et
1045 2742 1099 2779 sic
1118 2741 1210 2779 illud
1230 2741 1339 2790 quod

265 2801 479 2839 intellectus
507 2798 664 2836 divinus
692 2797 939 2846 intelligendo
975 2795 1066 2833 dicit
1094 2803 1150 2832 est
1177 2806 1339 2844 compo-

265 2854 351 2892 sitio
381 2861 417 2892 et
445 2853 596 2891 divisio.
626 2853 719 2889 Non
753 2862 845 2899 ergo
880 2849 1095 2888 excluditur
1122 2847 1261 2884 veritas
1289 2847 1338 2884 ab

265 2908 457 2946 intellectu
485 2906 619 2944 divino
649 2904 796 2943 ratione
825 2915 918 2941 suae
948 2900 1207 2952 simplicitatis.

319 2960 511 3011 Amplius·
542 2960 647 2998 Cum
679 2957 839 3007 aliquod
871 2956 1165 3006 incomplexum
1192 2955 1255 2991 vel
1282 2953 1338 2991 di-

265 3014 363 3052 citur
381 3015 444 3052 vel
462 3012 691 3061 intelligitur,
707 3011 838 3061 ipsum
857 3009 1018 3059 quidem
1033 3008 1337 3056 incomplexum,

265 3075 460 3118 quantum
487 3074 544 3104 est
572 3066 620 3104 de
650 3078 702 3113 se,
732 3076 813 3102 non
849 3070 904 3100 est
939 3061 994 3099 rei
1021 3068 1234 3110 aequatum
1266 3072 1339 3098 nec

266 3121 321 3159 rei
345 3121 565 3171 inaequale:
587 3131 680 3157 cum
703 3117 914 3168 aequalitas
940 3123 976 3153 et
1003 3113 1254 3164 inaequalitas
1280 3126 1338 3151 se-

266 3175 444 3214 cundum
463 3172 798 3223 comparationem
817 3170 1015 3215 dicantur;
1045 3167 1338 3218 incomplexum

266 3236 410 3276 autem,
432 3235 626 3278 quantum
645 3234 701 3263 est
720 3225 768 3263 de
789 3236 841 3271 se,
864 3235 946 3260 non
973 3221 1142 3259 continet
1167 3220 1338 3270 aliquam

266 3281 603 3332 comparationem
622 3281 685 3317 vel
710 3276 1009 3329 applicationem
1032 3275 1082 3313 ad
1108 3286 1203 3312 rem.
1223 3274 1337 3312 Unde

267 3336 316 3373 de
351 3348 392 3373 se
427 3347 500 3372 nec
531 3346 672 3371 verum
707 3344 781 3370 nec
811 3331 950 3368 falsum
985 3329 1060 3366 dici
1092 3335 1235 3378 potest:
1270 3327 1337 3364 sed

267 3397 420 3427 tantum
453 3389 716 3438 complexum,
745 3386 785 3423 in
818 3397 898 3435 quo
931 3382 1153 3432 designatur
1179 3393 1338 3430 compa-

267 3443 364 3481 ratio
400 3440 636 3492 incomplexi
672 3440 721 3478 ad
757 3451 840 3477 rem
874 3450 944 3488 per
976 3443 1111 3474 notam
1145 3433 1338 3484 composi-

24 2589 34 2599 ·
49 2588 108 2617 Cap.
123 2594 200 2616 praec.

321 3558 338 3584 8
353 3564 378 3584 et
391 3557 438 3591 ταί]
452 3557 489 3582 rei
502 3556 599 3590 cflpB.
683 3554 752 3588 dicit]
767 3554 858 3579 dicitur
867 3551 1030 3577 DEGNWY.

268 3594 427 3625 DENWsG;
446 3597 572 3627 sequetur
590 3591 641 3625 pG,
660 3591 820 3624 adaequetur
837 3588 928 3614 ceteri.

320 3638 339 3662 4
357 3637 415 3655 eam
435 3637 487 3654 om.
507 3628 571 3654 αΕε.
657 3626 671 3652 5
691 3627 734 3652 vel
752 3626 810 3653 DZ:
831 3630 864 3650 et.

267 3665 407 3690 tectionem
419 3673 473 3689 non
488 3662 608 3697 excluditl
622 3662 807 3696 perfectionem
822 3659 1055 3694 (imperfectionem
1070 3657 1101 3690 Z)
1116 3664 1167 3680 non
1182 3655 1290 3680 includit
1307 3655 1359 3679 NZ.

269 3701 299 3726 31
321 3700 532 3733 commixtorum}
552 3699 691 3724 mixtorum
711 3697 759 3723 ΡΑ.

1114 3557 1131 3583 9
1143 3549 1175 3573 ad
1188 3547 1262 3581 illud]
1275 3548 1308 3573 ad
1322 3547 1391 3573 aliud
1401 3547 1516 3572 CGWY,

1020 3584 1053 3612 16
1071 3586 1108 3610 rei
1126 3583 1275 3617 aequatum]
1295 3584 1332 3610 rei
1350 3583 1524 3616 adaequatum
1543 3582 1576 3613 Y,
1595 3581 1712 3614 spatium
1732 3581 1760 3605 Β.

951 3622 983 3648 ι6
1002 3622 1112 3647 invicem
1131 3620 1188 3649 DZ:
1207 3620 1234 3644 in
1250 3619 1362 3644 invicem
1375 3619 1476 3648 oeNch,
1492 3618 1524 3643 ad
1543 3618 1654 3643 invicem
1667 3616 1781 3641 EGWY.

1398 1724 1514 1761 tionis
1551 1732 1616 1761 aut
1653 1723 1864 1760 divisionis.
1903 1724 2116 1760 Intellectus
2152 1730 2283 1760 tamen
2321 1722 2466 1760 incom-

1399 1779 1547 1827 plexus,
1585 1776 1831 1825 intelligendo
1870 1777 1970 1826 quod
2001 1776 2089 1826 quid
2121 1782 2183 1822 est,
2213 1776 2467 1826 apprehendit

1399 1830 1654 1882 quidditatem
1675 1830 1729 1868 rei
1748 1830 1787 1868 in
1807 1830 1979 1880 quadarn
1993 1829 2283 1880 comparatione
2298 1830 2347 1867 ad
2367 1842 2465 1866 rem:

1398 1884 1492 1935 quia
1519 1884 1775 1935 apprehendit
1798 1895 1887 1922 eam
1915 1891 1957 1921 ut
1983 1883 2100 1920 huius
2119 1883 2173 1920 rei
2202 1882 2464 1933 quidditatem.

1366 1953 1375 1974 5
1399 1939 1523 1985 Unde,
1549 1938 1635 1976 licet
1663 1937 1793 1987 ipsum
1818 1937 2122 1986 incompIexum,
2143 1938 2204 1975 vel
2233 1936 2347 1974 etiarn
2371 1936 2465 1973 defi-

1397 1991 1503 2039 nitio,
1538 2003 1620 2028 non
1653 1990 1699 2028 sit
1731 1991 1949 2028 secundum
1982 2002 2022 2027 se
2051 2002 2190 2027 verum
2218 1991 2279 2026 vel
2311 1990 2462 2035 falsum,

1395 2052 1527 2082 tamen
1547 2044 1759 2082 intellectus
1778 2043 2074 2094 apprehendens
2095 2043 2194 2093 quod
2216 2043 2304 2093 quid
2330 2049 2380 2079 est
2408 2042 2463 2079 di-

1395 2098 1494 2136 citur
1517 2097 1676 2148 quidem
1700 2109 1770 2147 per
1793 2109 1833 2134 se
1859 2108 2013 2146 semper
2039 2108 2121 2133 esse
2144 2108 2271 2142 verus,
2297 2103 2340 2133 ut
2361 2103 2463 2146 patet

1395 2151 1435 2189 in
1464 2153 1509 2189 ΙΙΙ
1538 2152 1583 2189 de
1610 2150 1800 2195 Anima*;
1830 2150 1898 2188 etsi
1926 2162 1996 2200 per
2024 2149 2201 2187 accidens
2233 2148 2352 2199 possit
2379 2161 2461 2186 esse
2500 2194 2505 2199 1

1357 2222 1382 2236 ιο
1394 2206 1522 2248 falsus,
1552 2205 1786 2254 inquantum
1814 2205 1876 2241 vel
1903 2203 2076 2241 definitio
2106 2202 2265 2240 includit
2292 2202 2462 2252 aliquam

1395 2258 1720 2308 complexionem,
1745 2258 1807 2295 vel
1835 2257 2003 2307 partium
2031 2255 2266 2293 definitionis
2294 2256 2343 2293 ad
2366 2255 2462 2292 invi-

1395 2324 1494 2360 cem,
1524 2313 1585 2349 vel
1613 2311 1730 2349 totius
1757 2309 1992 2348 definitionis
2021 2310 2069 2347 ad
2101 2309 2317 2346 definitum.
2351 2308 2462 2346 Unde

1395 2365 1569 2403 definitio
1602 2365 1761 2411 dicetur,
1790 2364 2009 2401 secundum
2042 2363 2150 2412 quod
2178 2361 2394 2411 intelligitur
2421 2369 2463 2398 ut

1395 2419 1514 2457 huius
1536 2420 1599 2456 vel
1623 2418 1722 2456 illius
1746 2417 1798 2455 rei
1828 2416 2014 2462 definitio,
2038 2416 2254 2454 secundum
2280 2415 2388 2465 quod
2414 2415 2462 2452 ab

1357 2488 1379 2508 ις
1395 2473 1588 2511 intellectu
1611 2471 1807 2522 accipitur,
1834 2472 1897 2508 vel
1921 2469 2142 2519 simpliciter
2160 2469 2262 2514 falsa,
2283 2469 2314 2506 si
2337 2476 2462 2518 partes

1395 2525 1630 2564 definitionis
1650 2537 1730 2562 non
1749 2525 1982 2562 cohaereant
2002 2523 2181 2569 invicem,
2202 2530 2244 2559 ut
2266 2522 2296 2559 si
2316 2521 2463 2559 dicatur

1395 2580 1539 2617 animal
1566 2578 1792 2622 insensibile;
1810 2578 1873 2614 vel
1891 2577 1983 2614 falsa
2010 2576 2227 2613 secundum
2248 2576 2347 2612 hanc
2366 2586 2460 2619 rem,

1394 2641 1510 2682 prout
1528 2631 1702 2669 definitio
1722 2630 1853 2667 circuli
1876 2629 2061 2679 accipitur
2083 2636 2126 2666 ut
2152 2628 2339 2676 trianguli.
2361 2628 2460 2664 Dato

1394 2686 1518 2734 igitur,
1551 2697 1622 2734 per
1648 2682 1898 2734 impossibile,
1928 2682 2036 2732 quod
2064 2681 2272 2720 intellectus
2306 2680 2460 2718 divinus

1354 2754 1380 2768 20
1393 2740 1523 2776 solum
1541 2738 1787 2787 incomplexa
1801 2743 2059 2784 cognosceret,
2076 2735 2205 2772 adhuc
2219 2741 2316 2771 esset
2332 2745 2458 2777 verus,

1394 2791 1666 2841 cognoscendo
1695 2802 1808 2827 suam
1835 2788 2089 2840 quidditatem
2118 2796 2160 2825 ut
2188 2799 2311 2824 suam.

1447 2845 1599 2882 Adhuc.
1637 2843 1779 2881 Divina
1815 2842 2036 2893 simplicitas
2072 2840 2346 2891 perfectionem
2379 2851 2459 2876 non

1393 2898 1575 2937 excludit:
1597 2897 1688 2947 quia
1708 2897 1748 2934 in
1767 2908 1839 2934 suo
1859 2908 1941 2934 esse
1963 2894 2126 2946 simplici
2145 2893 2261 2931 habet
2274 2892 2458 2942 quicquid

1392 2951 1637 3002 perfectionis
1661 2950 1700 2988 in
1724 2950 1804 2988 aliis
1833 2949 1948 2987 rebus
1974 2961 2044 2999 per
2067 2947 2266 2998 quandam
2285 2957 2458 2995 aggrega-

1353 3020 1376 3041 2ς
1392 3006 1541 3045 tionem
1559 3004 1840 3055 perfectionum
1863 3015 1932 3040 seu
1951 3002 2166 3039 formarum
2185 2999 2388 3044 invenitur,
2418 3006 2460 3036 ut

1393 3071 1511 3109 supra
1529 3058 1550 3080 ²⁸³
1578 3067 1779 3095 ostensum
1813 3064 1880 3094 est.
1910 3056 2123 3093 Intellectus
2155 3061 2285 3091 autem
2317 3059 2457 3096 noster,

1393 3111 1725 3162 apprehendendo
1746 3110 2002 3159 incomplexa,
2017 3108 2195 3145 nondum
2215 3104 2390 3156 pertingit
2410 3104 2458 3141 ad

1392 3165 1571 3203 ultimam
1599 3177 1713 3202 suam
1740 3163 2027 3214 perfectionem,
2057 3160 2148 3211 quia
2175 3159 2303 3197 adhuc
2337 3165 2392 3195 est
2420 3157 2459 3194 in

1392 3218 1562 3269 potentia
1599 3225 1774 3268 respectu
1816 3214 2107 3266 compositionis
2143 3213 2206 3250 vel
2241 3210 2457 3249 divisionis:

1353 3287 1379 3306 ³0
1392 3273 1490 3310 sicut
1509 3280 1546 3310 et
1571 3271 1611 3309 in
1639 3270 1876 3308 naturalibus
1901 3267 2087 3318 simplicia
2115 3273 2204 3304 sunt
2226 3265 2265 3302 in
2290 3263 2461 3314 potentia

1393 3333 1569 3376 respectu
1593 3324 1908 3367 commixtorum,
1929 3330 1965 3359 et
1984 3328 2109 3371 partes
2132 3325 2307 3368 respectu
2330 3316 2458 3354 totius.

1392 3381 1500 3417 Deus
1519 3378 1632 3428 igitur
1651 3377 1868 3415 secundum
1887 3387 1999 3413 suam
2019 3372 2233 3422 simplicem
2253 3370 2460 3419 intelligen-

1392 3433 1486 3470 tiam
1514 3432 1619 3469 illam
1648 3430 1922 3480 perfectionem
1946 3425 2172 3476 cognitionis
2201 3424 2316 3462 habet
2339 3435 2460 3473 quam

1602 3553 1635 3570 io
1650 3544 1768 3578 pertinet]
1785 3548 1918 3577 permanet
1931 3542 1997 3572 GW,
2013 3545 2162 3574 permaneat
2172 3539 2204 3565 Y.
2291 3539 2323 3564 13
2336 3543 2464 3571 aequemr

1868 3621 1900 3647 ¹9
1919 3612 1999 3646 quod]
2020 3612 2091 3645 quod
2111 3611 2147 3636 sic
2167 3610 2268 3636 asNPc.
2352 3617 2383 3634 22
2404 3616 2463 3641 per-

1452 3653 1485 3679 28
1505 3661 1579 3678 suam
1600 3652 1743 3680 DGNWY;
1763 3659 1805 3675 om
1825 3650 1853 3679 Z,
1874 3649 1912 3673 sui
1937 3649 2026 3674 ceteri.
2120 3646 2152 3672 30
2171 3647 2250 3685 sicut*
2262 3651 2288 3671 et
2306 3645 2363 3674 NZ;
2389 3644 2463 3669 sicut.

2490 2152 2499 2199 ἶ
2517 2150 2698 2199 Ιειιρ.ιί,7;ει.Τὴ.

2486 3053 2495 3062 ·
2511 3052 2567 3080 Cap.
2588 3058 2671 3078 xxvlll,

2486 3085 2547 3101 xxxi.
