2664 4120
208 346 325 377 stantia
351 347 435 377 inter
464 351 571 377 textus
600 346 635 376 in
662 345 787 385 origine
810 355 880 376 non
911 352 978 378 tam
1002 347 1146 379 diversos
1177 349 1293 381 fortius

210 400 355 422 crescere
378 390 502 422 debuit.

264 436 338 467 Alia
360 434 618 467 insociabilitatis
631 443 731 465 causa
746 433 844 466 fuerit
860 436 1001 466 mutatio
1025 438 1218 478 exemplaris
1234 448 1294 478 pro

209 481 285 518 alio,
309 489 411 522 quam
433 480 535 520 aliqui
557 479 732 520 scriptores
755 480 849 510 omni
875 479 1079 511 desiderabili
1103 482 1296 514 certitudine

209 526 360 566 probant,
383 525 465 556 dum
487 533 548 566 per
562 524 730 564 longiores
743 529 865 555 tractus
881 524 984 555 modo
1002 534 1026 555 αι
1043 526 1145 556 modo
1162 527 1259 558 alicui
1276 526 1295 566 β

209 570 455 611 adstipulantes,
478 569 628 610 pluribus
650 569 892 609 exemplaribus
915 569 1014 600 simul
1036 570 1088 600 vel
1114 572 1297 602 successive

209 625 244 646 se
268 624 347 646 usos
368 624 440 646 ease
462 613 699 646 demonstrant.
726 613 846 645 Noster
872 614 902 644 X
925 614 959 644 in
990 614 1175 646 exhibendo
1204 617 1297 647 alter-

210 661 313 691 natim
336 659 502 691 versiones
519 668 543 689 οι
567 664 599 690 et
614 655 635 697 β
652 664 729 699 post
743 658 893 690 medium
916 659 1026 699 operis
1049 668 1198 700 eousque
1222 670 1298 700 pro·
1323 677 1326 699 2
1352 662 1460 692 minus
1492 663 1667 694 commode
1696 664 1926 702 institueretur,
1955 669 2031 707 quia
2063 669 2103 699 de
2130 680 2203 701 vera
2234 671 2428 705 fraternitate

210 713 339 745 gressus
361 710 422 742 est,
446 710 483 735 ut
505 713 564 745 per
586 703 698 735 tenuia
721 703 906 745 aliquarum
929 703 1088 734 linearum
1117 710 1214 735 strata
1241 715 1298 735 co-

209 749 315 781 lorem
337 753 455 780 mutet.
478 748 724 789 Exemplarium
747 747 947 789 permutatio
971 748 1006 779 in
1022 748 1064 785 D,
1080 748 1118 784 E,
1139 749 1195 786 W,
1212 750 1252 786 Y,
1268 760 1297 786 c,

210 800 298 826 certe
320 794 463 826 multum
486 794 671 834 signaturae
695 793 899 825 variabilitati
922 793 1110 824 contribuit.

265 837 358 870 Dein*
374 838 572 870 discordiam
598 839 689 870 auxit
714 840 897 880 resumptio
921 847 1069 870 errorum
1094 847 1128 874 α,
1153 840 1206 869 cui
1230 848 1298 869 non
1325 852 1327 861 ›

211 883 342 915 difficile
365 890 415 915 est
440 883 583 921 credere,
606 884 633 914 si
661 883 823 914 secundas
850 893 969 915 manus
997 884 1031 914 in
1055 883 1219 923 aliquibus
1243 894 1301 914 co-

209 928 558 960 dicibusrconsideras.
583 927 761 960 Corrector
776 928 901 960 codicis
923 927 996 959 Can
1012 937 1135 969 magno
1159 937 1299 959 numero

210 974 394 1005 lectionum
416 971 473 1013 Αβ
498 973 608 1005 deleto
637 978 764 1004 textum
787 982 812 1004 οι
835 972 1044 1014 redintegrat.
1068 973 1166 1004 Peius
1193 973 1300 1004 adhuc

211 1024 377 1050 corrector
398 1019 581 1060 marginem
603 1018 708 1050 nostri
730 1017 763 1048 G
785 1018 928 1059 antiquis
957 1019 1121 1059 erroribus
1145 1017 1299 1049 foedavit.

211 1063 338 1095 Omnes
361 1064 583 1095 correctiones
605 1062 631 1094 Z
654 1062 837 1094 secundum
862 1063 1008 1104 aliquem
1032 1062 1183 1094 codicem
1207 1061 1301 1094 fami-

211 1108 274 1140 liae
293 1118 318 1140 α.
333 1108 438 1140 factae
452 1114 539 1140 sunt.
555 1107 701 1147 Quando
717 1108 837 1139 mentis
853 1108 1047 1149 operatione
1066 1108 1124 1138 has
1140 1107 1300 1139 secundas
1326 1107 1327 1112 ’

210 1162 330 1185 manus
361 1154 396 1185 in
427 1158 555 1185 textum
586 1152 783 1190 introducis,
813 1152 1016 1184 documenta
1049 1152 1302 1184 necessitudinis

210 1199 295 1230 inter
317 1198 380 1230 hos
402 1197 535 1230 codices
557 1203 591 1228 et
613 1203 742 1229 ceteros
765 1195 785 1236 β
809 1207 879 1229 non
902 1207 1019 1239 parum
1044 1198 1234 1229 turbaveris.

267 1242 431 1280 Tandem,
452 1243 530 1284 quia
546 1241 588 1274 de
610 1243 794 1283 irruptione
817 1242 1000 1274 lectionum
1023 1242 1102 1283 ZpA
1118 1243 1152 1273 in
1168 1242 1191 1273 d
1214 1248 1300 1273 certe

211 1293 350 1325 constat,
373 1297 444 1319 non
459 1288 520 1319 erit
542 1296 633 1319 mera
654 1286 746 1318 fictio
769 1293 881 1319 nostra
900 1287 993 1329 quod
1015 1288 1121 1328 prima
1145 1287 1301 1318 Summae

210 1331 748 1374 publicatiosqme'fragmentarie
760 1333 942 1364 etiamnum
957 1338 1105 1374 superest
1121 1333 1155 1362 in
1172 1332 1300 1368 DNYZ,

190 1373 374 1410 ἨΜ
397 1378 547 1411 habuerit
569 1378 603 1409 in
631 1377 762 1418 aliquos
791 1377 924 1409 codices
948 1376 968 1416 β
992 1384 1024 1408 et
1051 1378 1098 1408 sic
1125 1378 1158 1408 in
1183 1376 1302 1408 confu-

211 1431 323 1499 εωῗὲ.
337 1428 586 1500 ιουειῦιῃῐῗιωέιιι
609 1473 642 1498 et
668 1466 732 1504 Ch,
759 1466 892 1499 codices
914 1466 1027 1498 fratres
1057 1477 1096 1498 ex
1123 1466 1302 1507 exemplari

210 1512 346 1553 petiam,
370 1518 404 1544 et
424 1518 535 1544 tamen
559 1521 657 1554 saepe
672 1511 849 1552 discordes,
873 1512 1017 1544 eundem
1036 1511 1176 1543 modum
1200 1511 1302 1552 expli-

211 1556 309 1589 candi
325 1556 554 1590 adhibendum
569 1566 640 1589 esse
663 1562 829 1598 putamus.
853 1557 980 1589 Eorum
1003 1558 1178 1598 scriptores
1201 1566 1301 1597 quae-

211 1611 279 1644 que
301 1603 420 1644 pagina
441 1603 588 1634 incuriae
610 1607 643 1634 et
665 1601 883 1644 negligentiae
909 1608 1052 1639 accusat,
1075 1601 1164 1634 unde
1180 1602 1246 1633 iam
1262 1611 1300 1632 ex

209 1647 276 1678 hoc
298 1647 372 1679 solo
396 1648 504 1689 capite
530 1646 636 1679 fidelis
658 1647 884 1688 iata-pretatio
907 1657 978 1679 non
1001 1654 1050 1679 est
1073 1645 1300 1688 exspectanda,

211 1692 402 1734 praesertim
428 1693 517 1734 quia,
543 1693 630 1724 sicut
655 1692 787 1733 probari
813 1702 912 1734 posse
940 1691 1080 1728 videtur,
1104 1691 1228 1723 multae
1251 1701 1301 1722 se-

213 1735 342 1769 cundae
360 1746 479 1770 manus
493 1737 687 1778 scripturam
709 1737 903 1779 exemplaris
923 1738 1127 1769 intricabunt.
1153 1736 1301 1768 Omnino

211 1781 366 1814 credibile
389 1791 460 1814 esse
481 1791 566 1819 reor,
586 1781 681 1824 quod
702 1783 789 1814 eirca
811 1783 1012 1824 principium
1027 1782 1147 1814 saeculi
1171 1791 1225 1813 xiv
1245 1781 1302 1813 ali-

211 1826 286 1868 quis
308 1827 517 1859 stationarius
539 1827 689 1868 scriptori
713 1837 776 1859 suo
799 1827 950 1859 codicem
973 1826 1152 1869 quemdam
1182 1826 1302 1858 obtulit

211 1871 456 1904 rescribendum
478 1872 514 1903 in
544 1871 758 1903 commodam
785 1871 927 1904 formam
962 1873 1134 1914 petiam,
1163 1881 1244 1912 quas
1267 1871 1301 1902 in

211 1917 353 1949 statione
367 1915 523 1949 locandas
539 1923 729 1958 exponeret.
741 1915 795 1948 Ad
805 1917 878 1949 illas
896 1923 1116 1949 correctorem
1128 1917 1302 1955 arcessivit,

213 1961 272 2003 qui
292 1967 422 1994 textum
444 1971 546 2003 quam
575 1961 812 2003 perfectissime
835 1972 875 1994 ex
901 1962 972 1994 aliis
996 1962 1167 1994 codicibus
1190 1971 1303 1993 recen-

211 2011 314 2043 seret3
337 2007 403 2038 hoc
426 2012 538 2039 autem
565 2016 679 2038 secum
711 2005 835 2038 ferebat
869 2014 1059 2048 promptam
1091 2007 1302 2038 occasionem

211 2050 377 2083 dissensus
398 2052 484 2084 inter
505 2051 607 2083 libros
623 2061 662 2083 ex
685 2051 740 2083 tali
763 2052 942 2093 exemplari
965 2052 1157 2093 descriptos,
1181 2061 1302 2092 nempe

213 2094 421 2138 frequentem
447 2097 640 2138 scripturam
674 2096 898 2137 marginalem.
923 2097 982 2129 Ex.
1006 2107 1053 2138 gr.
1076 2098 1148 2136 14b
1166 2105 1202 2128 21
1229 2110 1242 2123 α
1263 2106 1302 2128 ex

210 2141 308 2173 dictis
330 2141 524 2183 Philomphi
539 2155 568 2179 ι,
585 2141 692 2173 verbis
710 2141 746 2178 Z,
771 2141 812 2173 cf.
829 2151 862 2183 p.
878 2152 966 2173 xxxix
988 2148 1120 2178 notam:
1143 2142 1171 2173 si
1186 2151 1301 2182 margo

212 2185 406 2228 exemplaris
428 2186 543 2218 habuit
565 2185 671 2218 verbis
686 2196 705 2217 a
720 2193 916 2224 correctore,
935 2187 1115 2229 explieatur
1138 2196 1238 2228 quare
1262 2196 1301 2218 ex

212 2230 334 2263 eodem
355 2231 535 2272 exemplari
565 2230 617 2262 Ch
647 2230 733 2272 legat
761 2230 859 2263 dictis
888 2237 921 2263 et
944 2231 1016 2263 Can
1046 2231 1171 2267 verbis:
1195 2232 1212 2262 3
1227 2241 1246 2263 a
1262 2239 1301 2262 ιο

215 2289 231 2304 ‹
250 2275 292 2308 ad
315 2285 414 2308 suum
436 2275 539 2308 finem
557 2289 587 2313 ι,
610 2275 635 2307 Ζ
651 2275 734 2313 Can,
749 2286 819 2308 non
843 2276 907 2313 Ch,
931 2276 1056 2308 addunt
1079 2287 1100 2308 a
1123 2285 1189 2318 quo
1213 2277 1301 2308 ratio

210 2321 290 2354 boni
311 2320 501 2358 derivatum
524 2320 544 2351 6
558 2321 579 2351 b
593 2330 630 2352 2ι
662 2334 677 2348 ι
696 2320 792 2360 Quae
815 2319 985 2364 (naturalis
1010 2321 1108 2363 ratio)
1133 2327 1243 2353 tamen
1268 2322 1299 2352 in

211 2366 310 2398 rebus
330 2365 450 2398 divinis
473 2365 630 2397 deficiens
653 2371 702 2397 est
719 2378 750 2403 s,
765 2365 790 2397 Z
810 2365 900 2398 addit
923 2366 1011 2398 unde
1026 2376 1094 2398 non
1109 2366 1221 2408 sacile
1239 2375 1303 2407 per

212 2420 286 2443 ean
309 2410 377 2453 imp
471 2416 553 2442 ntur
573 2420 717 2447 error-es,
736 2411 920 2453 praecipue
940 2417 1060 2443 contra
1072 2411 1198 2454 fidam·
1221 2412 1302 2443 haec

212 2465 283 2488 non
304 2455 404 2487 habet
425 2455 508 2493 Can,
533 2455 631 2487 habet
655 2462 809 2497 corrupte
825 2455 878 2488 Ch
902 2456 986 2498 (sine
1013 2456 1110 2493 unde,
1130 2467 1194 2498 per
1216 2466 1301 2492 eam,

309 2499 335 2542 ).
358 2500 408 2532 Ex
431 2501 548 2532 ceteris
574 2500 773 2532 lectionibus
796 2500 878 2542 ZpA
899 2510 1002 2533 unam
1025 2502 1135 2533 inveni
1152 2502 1186 2533 in
1211 2508 1302 2533 utro-

213 2546 290 2587 que,
314 2544 357 2577 cf.
381 2545 444 2577 sub
465 2545 521 2587 pA
545 2544 564 2576 3
581 2545 603 2576 b
626 2554 670 2586 73
705 2551 781 2587 post
796 2545 818 2577 6
834 2546 855 2577 b
880 2555 923 2578 22
957 2553 1075 2578 neuter
1109 2552 1301 2578 contactum

212 2599 291 2622 enm
313 2590 368 2632 pA
391 2589 535 2622 ostendit
557 2590 620 2622 nisi
644 2589 703 2622 ubi
731 2599 772 2627 α.;
801 2589 827 2622 Ζ
849 2590 922 2622 Can
946 2590 1000 2623 Ch
1023 2591 1098 2623 vide
1127 2600 1165 2631 ¹7
1183 2591 1204 2622 b
1221 2601 1242 2632 9
1266 2593 1299 2622 in

212 2640 294 2667 nota
317 2639 467 2677 p.¹mn.
491 2634 595 2674 Quod
616 2640 728 2667 autem
750 2634 887 2676 quidam
910 2642 1113 2668 correctores
1135 2642 1253 2677 typum
1277 2636 1302 2667 Z

213 2679 444 2717 adhibuerunt,
459 2685 550 2722 patet
565 2679 586 2711 6
598 2680 620 2711 b
637 2688 677 2721 ¹9
701 2689 740 2712 ex
763 2679 810 2712 W
833 2686 867 2712 et
888 2680 919 2718 b,
943 2686 976 2713 et
998 2690 1020 2720 4
1033 2681 1054 2712 b
1071 2689 1111 2712 ιο
1135 2691 1174 2712 ex
1190 2681 1302 2712 Bono-

213 2725 320 2757 niensi
335 2735 368 2766 9,
391 2725 450 2766 qui
473 2733 551 2756 cum
567 2725 760 2766 ceteroquin
776 2724 818 2756 ad
842 2734 866 2756 οι
889 2726 1060 2766 pertineat,
1084 2726 1261 2758 lectionem
1277 2725 1302 2756 Z

214 2779 284 2802 non
307 2771 418 2811 potuit
439 2770 583 2811 arripere
608 2769 672 2801 nisi
700 2779 761 2811 per
782 2770 964 2811 marginem
988 2771 1181 2812 exemplaris
1205 2771 1302 2802 vicini

215 2815 268 2846 vel
282 2814 468 2856 longinqui.
491 2814 546 2846 Nil
569 2823 648 2855 ergo
670 2815 751 2846 novi
774 2815 909 2846 assumit
924 2815 1110 2856 suppositio
1127 2815 1302 2847 correctio-

214 2861 299 2892 mim
321 2859 551 2900 marginalium
566 2859 600 2891 in
624 2859 803 2900 exemplari
818 2861 991 2891 communi
1007 2859 1079 2891 Can
1097 2859 1160 2891 Ch.
1184 2860 1303 2900 Neque

215 2904 372 2936 audacior
393 2910 443 2936 est
457 2905 639 2945 assumptio
656 2913 864 2944 regressuum
879 2904 921 2936 ad
936 2905 1096 2936 lectiones
1113 2914 1137 2936 α
1153 2910 1186 2936 et
1201 2906 1303 2946 scrip-

215 2954 308 2981 turae
331 2948 548 2990 complicatae
578 2957 638 2989 per
667 2948 828 2980 secundas
856 2958 975 2980 manus
1001 2950 1035 2981 in
1059 2955 1160 2981 textu.
1184 2949 1303 2991 Neque

216 2993 459 3027 excludendum
489 2999 538 3024 est
565 2992 658 3034 quod
686 2993 862 3034 scriptores
894 3003 955 3025 suo
985 2995 1127 3035 quisque
1154 2995 1303 3035 periculo

216 3038 383 3070 interdum
414 3038 595 3070 lectionem
621 3036 848 3069 fabricaverint
877 3038 931 3070 vel
961 3048 1000 3069 ex
1030 3038 1096 3070 alio
1125 3040 1303 3080 exemplari

214 3083 398 3124 selegerint.
421 3082 476 3115 Sic
499 3082 693 3123 exemplaris
716 3088 749 3114 et
777 3083 974 3124 scriptorum
998 3083 1245 3115 conditionibus
1268 3085 1302 3116 in

215 3128 337 3160 malam
359 3133 487 3169 parta-
501 3127 761 3164 coniurantibus,
777 3137 816 3158 ex
832 3137 902 3159 uno
921 3127 1108 3170 eodemque
1125 3129 1302 3170 exemplari

216 3182 337 3214 magna
359 3172 542 3204 lectionum
565 3171 745 3203 differentia
767 3172 916 3204 contrahi
940 3178 1060 3213 potest,
1075 3173 1180 3205 immo
1199 3175 1305 3206 maior

218 3227 320 3259 quam
342 3218 427 3249 inter
449 3215 522 3249 Can
546 3222 580 3248 et
602 3215 655 3248 Ch
678 3217 796 3248 existit.

275 3263 329 3294 3¹.
344 3278 367 3286 -
381 3262 571 3303 Ptomptius
593 3267 704 3292 autem
727 3261 855 3293 adesset
868 3262 1042 3302 explicatio
1066 3262 1247 3294 discordiae
1270 3264 1303 3294 in

218 3307 314 3339 classi
337 3305 370 3347 β,
393 3308 421 3339 si
443 3316 513 3338 non
540 3315 647 3338 unum
673 3306 732 3338 sed
759 3306 828 3338 duo
857 3307 1028 3338 revisionis
1056 3308 1226 3348 originalia
1249 3317 1304 3338 ex-

217 3353 320 3384 titisse
342 3357 552 3393 compertum
583 3357 678 3388 esset,
708 3352 754 3382 ita
775 3357 812 3383 ut
840 3349 860 3390 β
887 3351 1085 3383 divideretur
1108 3353 1142 3383 in
1167 3351 1186 3391 β
1215 3358 1247 3384 et
1270 3364 1303 3398 γ,

218 3398 286 3429 sive
308 3396 371 3428 Par
393 3397 480 3429 Caes
501 3396 548 3429 Pe
571 3395 613 3433 G,
637 3402 670 3427 et
685 3395 756 3427 Can
774 3396 837 3428 Ch.
858 3396 957 3427 Primi
981 3402 1124 3437 quatuor
1139 3396 1231 3436 (cum
1254 3398 1304 3428 iu-

217 3442 367 3474 nioribus
389 3441 533 3482 asseclis)
561 3440 720 3482 quasdam
750 3441 918 3478 lectiones
946 3450 1068 3482 paucas
1097 3442 1212 3482 utique
1247 3442 1305 3473 sed

217 3487 295 3518 satis
309 3486 491 3528 peculiares
506 3486 567 3518 sibi
582 3486 731 3527 proprias
755 3486 918 3523 exhibent,
935 3496 984 3517 ex.
1000 3495 1048 3526 gr.
1064 3486 1101 3516 L.
1120 3486 1143 3523 1,
1160 3496 1232 3527 cap.
1248 3497 1303 3527 42,

223 3539 286 3562 120
302 3541 321 3562 a
336 3539 376 3572 17
395 3545 411 3559 ι
429 3530 526 3562 Hanc
548 3536 660 3563 autem
677 3531 919 3573 confessionem
942 3530 1070 3562 divinae
1090 3531 1226 3562 >unitatis
1249 3532 1305 3562 Αα

220 3575 292 3607 Can
315 3575 369 3608 Ch
391 3575 480 3613 clm,
496 3575 713 3607 ostensionem
737 3576 798 3607 Par
813 3575 898 3607 Caes
921 3575 966 3606 Pe
982 3575 1120 3606 GWYb.
1138 3575 1190 3607 Cf.
1207 3577 1305 3608 etiam

224 3620 320 3660 184b
336 3630 368 3658 2,
394 3628 459 3651 2ιο
475 3630 495 3651 a
511 3620 560 3659 16,
586 3620 651 3661 267
667 3630 688 3651 a
706 3628 758 3657 12,
783 3620 850 3652 308
867 3621 888 3651 b
904 3620 954 3651 18.
979 3620 1169 3651 Fueruntne
1191 3621 1305 3652 lectio-

219 3674 278 3696 nes
301 3665 479 3706 singulares
502 3665 590 3696 illius
617 3664 740 3696 codicis
767 3664 908 3696 familiae
934 3675 967 3702 α,
992 3665 1045 3696 cui
1072 3665 1209 3705 contigit
1233 3675 1305 3697 cor—

2333 294 2426 319 xxvi}

1348 352 1449 382 rectio
1481 352 1520 383 de
1552 363 1616 393 qua
1646 353 1766 394 agitur?
1798 355 1993 389 Debuissent
2022 368 2080 398 per
2110 360 2285 390 reviserem
2314 361 2353 391 ad
2381 362 2427 392 le-

1349 396 1494 426 ctionem
1518 398 1547 427 A
1570 397 1746 435 reformari,
1771 400 1827 430 sed
1851 401 2083 433 advertendum
2108 410 2155 434 est
2175 405 2275 444 quod,
2300 406 2355 436 ubi
2379 412 2428 436 tot

1349 449 1473 471 errores
1489 443 1683 472 correctioni
1707 453 1741 474 se
1765 445 2000 481 subtraxerunt,
2018 448 2112 478 etiam
2138 449 2295 480 lectiones
2319 451 2428 491 singu-

1350 484 1431 515 lares
1454 484 1589 515 evadere
1606 492 1793 526 potuerunt.
1817 490 1868 519 Ab
1892 490 1988 520 altera
2009 498 2107 531 parte,
2124 493 2253 524 codices
2277 494 2346 526 Can
2366 495 2428 531 Ch,

1351 534 1488 568 uterque
1506 530 1555 559 vel
1580 530 1740 567 alteruter,
1764 532 1920 564 lectiones
1937 536 1965 564 A
1989 537 2163 568 ostendunt
2184 539 2237 569 ubi
2263 541 2359 570 ceteri
2383 533 2428 571 le-

1351 573 1495 603 ctionem
1521 583 1553 603 α.
1586 574 1671 604 Alibi
1695 576 1791 606 etiam
1822 578 2018 616 peculiarem
2047 582 2240 620 positionem
2265 591 2429 625 occupant

1352 624 1502 656 respectu
1533 624 1658 648 ceterae
1693 620 1881 652 traditionis.
1914 623 2002 653 Haec
2031 631 2140 655 autem
2171 627 2351 668 disquisitio
2375 630 2428 660 hic

1354 706 1425 736 Can
1449 707 1501 736 Ch
1525 707 1621 747 plene
1646 710 1806 739 constabit
1833 711 1865 740 in
1891 711 1927 741 L.
1954 712 1994 742 111
2019 719 2050 742 et
2074 713 2126 750 IV,
2152 716 2283 755 quando
2307 718 2429 750 scilicet

1354 750 1432 781 alter
1455 751 1592 791 scriptor
1615 752 1737 783 codicis
1761 753 1832 784 Can
1856 756 1957 795 petias
1980 763 2092 788 notare
2116 759 2258 799 incipiet.

1409 795 1529 826 Nescio
1553 806 1593 826 an
1619 806 1675 836 per
1691 807 1804 829 causas
1818 800 1983 839 generales
1999 801 2100 832 modo
2126 804 2286 843 expositas
2307 807 2428 847 ubique

1354 845 1386 869 et
1409 840 1442 870 in
1468 842 1558 871 omni
1584 842 1767 881 particulari
1792 853 1868 874 casu
1893 843 2105 885 discrepantia
2129 847 2161 877 in
2186 849 2258 879 sinu
2283 848 2301 888 β
2321 858 2430 890 posset

1354 885 1517 924 explicari.
1532 886 1595 916 Sed
1609 886 1717 917 nullus
1730 887 1888 918 dubitabit
1901 890 1991 929 quin,
2005 890 2030 920 si
2043 891 2311 923 intermediorum
2324 904 2430 926 exem-

1353 929 1493 968 plarium
1517 931 1664 962 interitus
1688 932 1867 963 traditionis
1884 939 2030 965 catenam
2047 945 2115 966 non
2131 943 2270 976 ruperat,
2293 939 2431 978 plurima

1355 974 1490 1004 varietas
1506 985 1539 1005 se
1555 976 1623 1015 ipsa
1643 977 1843 1016 explicasset,
1861 985 1892 1008 et
1916 979 2108 1019 explicando
2132 980 2351 1019 destruxisset;
2376 993 2431 1014 co-

1353 1020 1442 1058 gnita
1466 1020 1553 1050 enim
1583 1030 1678 1051 causa
1708 1022 1833 1053 varians
1860 1023 1995 1059 tollitur,
2019 1030 2051 1054 et
2075 1034 2114 1055 eo
2138 1026 2210 1065 ipso
2234 1028 2368 1067 propius
2391 1028 2431 1059 ad

1355 1065 1511 1095 maiorem
1529 1066 1738 1096 concordiam
1759 1068 1963 1108 superiorum
1981 1070 2214 1110 exemplarium
2238 1073 2430 1111 pervenitur.

1411 1108 1577 1145 Ceterum,
1607 1120 1670 1150 qua
1695 1112 1746 1141 via
1773 1118 1821 1142 tot
1850 1112 2006 1144 lectiones
2036 1115 2065 1144 A
2089 1116 2219 1146 amissas
2246 1117 2278 1146 in
2308 1123 2431 1157 partem

1355 1153 1535 1184 traditionis
1559 1155 1759 1195 remigrarint
1788 1157 1896 1188 minus
1927 1164 2034 1188 nostra
2059 1160 2139 1190 scire
2163 1160 2304 1197 interest,
2332 1171 2430 1202 quam

1355 1207 1408 1228 eas
1438 1207 1548 1229 revera
1572 1199 1733 1239 profectas
1757 1210 1825 1232 esse
1850 1203 1888 1232 ab
1913 1204 2127 1244 autographo.
2158 1204 2228 1235 Hac
2253 1205 2291 1236 de
2315 1215 2348 1237 re
2372 1216 2432 1237 nos

1355 1248 1460 1279 antea,
1485 1243 1668 1275 Secundam
1697 1245 1865 1277 Secundae
1893 1254 1924 1278 et
1955 1247 2100 1279 Tertiam
2132 1249 2257 1280 Partem
2291 1243 2432 1287 edentes,

1356 1287 1445 1318 dubii
1470 1288 1632 1320 haesimus
1656 1296 1815 1330 quantum
1839 1291 1879 1322 ad
1903 1293 2120 1324 correctiones
2136 1294 2276 1325 textibus
2291 1296 2432 1336 antiquis

1356 1333 1541 1373 applicatas.
1560 1333 1670 1365 Tomo
1687 1335 1769 1371 VIII,
1794 1345 1866 1375 pag.
1883 1346 1960 1367 xxx:
1978 1351 1991 1363 ι
2008 1337 2108 1375 Quod
2123 1339 2218 1378 primi
2235 1345 2433 1371 correctores

1356 1379 1595 1418 autographum
1620 1378 1713 1417 forte,
1746 1380 1795 1410 vel
1826 1382 2015 1420 Auctorem,
2047 1383 2216 1414 consulere
2244 1390 2432 1424 potuerunt,

1356 1431 1432 1453 cum
1456 1423 1618 1454 nesciatur
1640 1434 1680 1454 an
1712 1425 1946 1462 consuluerint,
1970 1425 2057 1457 idem
2081 1432 2129 1457 est
2152 1437 2188 1458 ac
2213 1428 2238 1458 si
2262 1438 2328 1459 non
2353 1439 2432 1460 con-

1356 1467 1541 1499 suluissent.
1556 1469 1733 1499 Authentia
1749 1469 1844 1509 igitur
1861 1470 1900 1500 ab
1918 1470 2051 1501 internis
2067 1472 2153 1502 notis
2167 1495 2173 1502 .
2187 1495 2194 1501 .
2205 1495 2212 1502 .
2230 1471 2434 1505 diiudicanda

1356 1517 1405 1543 est
1424 1526 1451 1543 ›.
1476 1513 1588 1543 ‘l'omo
1605 1513 1644 1551 X,
1669 1523 1741 1554 pag.
1766 1524 1821 1544 xm
1845 1516 2084 1555 expositionem
2107 1521 2206 1546 status
2235 1516 2434 1549 diversorum

1355 1562 1505 1589 textuum
1529 1558 1706 1588 clausimus
1722 1558 1904 1590 dubitantes
1921 1565 2031 1591 utrum
2055 1570 2092 1591 ex
2110 1561 2215 1601 primo
2236 1563 2434 1603 apographo,

1355 1607 1447 1643 patre
1471 1602 1652 1633 traditionis
1676 1603 1845 1634 Secundae
1869 1603 2049 1642 Secundae,
2074 1605 2251 1645 antiquitus
2275 1607 2434 1638 extiterint

1356 1646 1440 1678 duae
1465 1646 1710 1688 descriptiones
1736 1648 1951 1688 negligentior
1974 1655 2005 1680 et
2029 1649 2166 1686 fidelior,
2191 1659 2230 1680 an
2247 1651 2356 1690 potius
2379 1652 2435 1682 ali-

1357 1693 1431 1733 quis
1461 1691 1566 1723 codex
1597 1692 1682 1723 filius
1716 1693 1812 1733 primi
1842 1694 2021 1734 apographi
2054 1695 2237 1725 authentice
2273 1702 2435 1727 correctus

1357 1737 1463 1768 fuerit.
1480 1737 1592 1768 Tomo
1605 1737 1658 1774 XI,
1676 1747 1748 1778 pag.
1766 1748 1828 1774 xiv,
1845 1744 1923 1768 nota
1944 1747 1953 1768 ι
1980 1752 1993 1764 α
2015 1739 2081 1770 Eae
2097 1739 2263 1779 inquimus
2281 1741 2435 1771 variantes

1357 1783 1397 1813 ab
1413 1782 1551 1824 antiquo
1568 1788 1657 1814 textu
1682 1782 1824 1822 (Tertiae
1842 1782 1953 1824 Partis)
1973 1793 2058 1824 quae
2074 1785 2105 1814 in
2123 1793 2163 1814 co
2180 1784 2353 1816 lectionem
2370 1790 2435 1816 tur-

1357 1827 1464 1858 batam
1495 1828 1670 1858 restituunt
1701 1834 1733 1858 et
1763 1828 1859 1858 simul
1890 1829 2098 1859 occasionem
2132 1827 2228 1859 falsae
2262 1830 2436 1870 scripturae

1356 1872 1564 1903 materialiter
1594 1871 1812 1908 manifestant,
1837 1873 1869 1903 in
1895 1874 2099 1914 autographo
2129 1872 2226 1903 fuisse
2251 1874 2336 1905 credi
2361 1884 2436 1915 pos-

1357 1923 1432 1948 sunt
1452 1931 1479 1947 ».
1505 1917 1559 1948 Sic
1580 1926 1638 1958 per
1660 1917 1783 1948 multos
1807 1926 1910 1948 annos
1935 1919 2091 1959 ancipites
2115 1918 2277 1949 haesimus
2312 1919 2351 1950 de
2381 1929 2437 1950 au—

1356 1962 1558 1994 thenticitate
1583 1962 1788 1998 variantium,
1819 1971 1900 2002 quas
1927 1968 2046 2000 tamen,
2071 1963 2199 2003 quoties
2224 1973 2280 2004 per
2307 1973 2436 1995 causam

1356 2007 1518 2038 internam
1542 2007 1675 2038 lectioni
1692 2007 1845 2048 antiquae
1868 2016 1936 2038 non
1961 2014 2027 2039 erat
2050 2006 2228 2044 fidendum,
2253 2018 2320 2039 non
2344 2009 2436 2039 dubi-

1356 2053 1496 2083 tavimus
1520 2051 1686 2093 adoptare.
1711 2051 1887 2083 Criterium
1919 2052 2109 2093 autographi
2133 2051 2286 2083 Summae
2309 2059 2437 2084 nostrae

1357 2096 1494 2128 dubium
1517 2097 1630 2128 solvit:
1649 2097 1794 2133 ultimus,
1811 2098 1860 2128 sin
1885 2097 1992 2128 minus
2016 2097 2192 2138 proximus,
2218 2097 2291 2128 fons
2314 2098 2437 2129 varian-

1357 2139 1476 2181 tiumss
1502 2147 1550 2172 est
1571 2142 1609 2172 A.
1635 2141 1699 2172 Hic
1723 2142 1919 2183 inquantum
1943 2148 2103 2183 superstes
2127 2142 2303 2182 signaturas
2327 2143 2438 2183 plenas

1357 2187 1408 2218 vel
1446 2187 1643 2227 semiplenas
1670 2186 1920 2227 quasi-familiae
1945 2185 1964 2226 β
1989 2193 2074 2218 tanta
2099 2187 2171 2216 luce
2203 2187 2378 2224 illustravit,
2403 2194 2438 2218 ut

1357 2238 1390 2263 et
1413 2231 1602 2272 deperditus
1618 2241 1672 2263 eas
1695 2241 1763 2262 non
1788 2231 1923 2262 deserat.

1402 2332 1420 2369 §
1446 2330 1499 2360 Vl.
1521 2348 1563 2353 —-
1589 2330 1649 2361 DE
1673 2329 1813 2362 PETIIS
1836 2330 2112 2362 EXEMPLARIS
2137 2330 2394 2361 PARISIENSIS

1767 2375 1826 2406 ET
1850 2375 1941 2406 CAN
1966 2375 2038 2406 CH.

1415 2456 1467 2486 32.
1485 2474 1507 2478 —
1525 2455 1559 2487 ln
1580 2456 1774 2487 memoriam
1798 2465 1990 2487 revocamus
2014 2457 2115 2496 petias
2132 2455 2322 2495 exemplaris
2342 2454 2438 2486 fuisse

1357 2502 1596 2542 quinquaginta
1612 2506 1737 2541 septem
1754 2506 1786 2531 et
1802 2501 1948 2531 annotari
1972 2501 2004 2530 in
2021 2508 2161 2541 quatuor
2185 2499 2361 2536 codicibus
2378 2500 2438 2530 sci-

1357 2546 1433 2577 licet
1449 2545 1487 2582 B,
1502 2545 1540 2582 F,
1557 2545 1704 2576 Parisino
1720 2545 1794 2576 Nat.
1817 2547 1852 2576 15
1869 2545 1933 2576 816
1951 2551 1982 2576 et
2005 2545 2187 2576 Mazarineo
2205 2545 2281 2584 807,
2298 2550 2330 2575 et
2345 2545 2378 2575 in
2395 2545 2437 2580 H,

1357 2591 1391 2622 in
1415 2599 1495 2631 quc,
1520 2591 1605 2622 sicut
1627 2590 1822 2627 videbimus,
1840 2589 2046 2622 adducuntur
2068 2590 2222 2621 indirecte
2246 2589 2302 2620 sed
2325 2589 2438 2620 intime

1357 2641 1390 2666 et
1413 2634 1596 2666 efficaciter.
1614 2635 1686 2666 Can
1702 2641 1734 2666 et
1758 2635 1810 2666 Ch
1826 2640 1941 2666 notant
1965 2636 2066 2675 petias
2089 2635 2218 2666 alterius
2239 2634 2437 2674 exemplaris,

1357 2686 1390 2711 et
1412 2680 1543 2721 triginta
1567 2686 1645 2711 octo
1669 2686 1798 2711 tantum
1826 2689 1976 2711 numero.
2006 2680 2191 2720 Antequam
2223 2678 2262 2709 de
2286 2679 2380 2719 petiis
2403 2678 2435 2708 in

1358 2725 1544 2766 particulari
1572 2731 1766 2766 exponetur,
1801 2724 1960 2766 quaedam
1990 2724 2150 2765 generalia
2175 2734 2190 2753 e
2216 2729 2324 2754 nostra
2354 2724 2437 2753 circa

1358 2770 1461 2811 petias
1484 2770 1683 2810 experientia
1707 2769 1852 2810 proferre
1876 2770 1980 2800 liceat.

1414 2814 1517 2846 Notio
1542 2815 1655 2856 petiae
1689 2815 1859 2846 notionem
1886 2814 2082 2854 exemplaris
2110 2814 2273 2853 importat,
2305 2810 2435 2852 quando

1358 2859 1525 2900 exemplar
1548 2869 1590 2890 eo
1614 2859 1805 2900 intelligitur
1831 2868 1927 2890 sensu
1952 2868 2019 2899 quo
2048 2857 2087 2888 ad
2114 2857 2365 2888 Universitatum
2389 2855 2436 2885 di-

1357 2904 1529 2945 sciplinam
1553 2910 1586 2936 et
1610 2905 1754 2945 regimen
1779 2904 1969 2945 pertinebat.
1994 2903 2045 2934 Sic
2070 2908 2176 2932 autem
2202 2911 2268 2932 non
2292 2900 2436 2931 innuitur

1358 2949 1496 2990 quilibet
1519 2949 1623 2980 codex
1647 2959 1687 2980 ex
1711 2958 1778 2990 quo
1803 2949 1876 2989 quis
1900 2954 2098 2979 transumere
2122 2952 2238 2987 potest,
2255 2945 2310 2976 sed
2334 2944 2434 2975 codex

1357 2995 1409 3026 sui
1430 2995 1568 3035 generis
1585 2999 1787 3035 prototypon
1809 3003 1847 3024 ex
1863 2992 1984 3029 officio,
2007 2991 2094 3032 apud
2117 2990 2318 3022 stationarios
2337 2998 2435 3019 asser-

1358 3045 1480 3076 vatum,
1501 3045 1537 3070 ut
1559 3039 1770 3079 scriptoribus
1787 3039 1922 3079 pignore
1944 3036 2019 3068 dato
2039 3037 2210 3077 pretioque
2226 3035 2333 3065 soluto
2349 3034 2434 3064 loca—

1357 3090 1455 3120 retur,
1475 3085 1509 3114 in
1522 3084 1696 3114 stationem
1712 3082 1954 3123 reportandum.
1969 3081 2130 3112 Officiales
2147 3079 2274 3120 publice
2291 3078 2434 3118 deputati

1359 3129 1594 3170 exemplarium
1610 3134 1734 3159 textum
1751 3127 1984 3162 examinabant,
2002 3125 2119 3156 menda
2142 3122 2328 3164 corrigenda
2345 3132 2434 3153 cura-

1358 3175 1446 3211 bant,
1465 3174 1574 3214 petias
1598 3174 1748 3203 taxabant
1771 3171 1881 3212 quoad
1904 3180 2077 3202 numerum
2099 3175 2129 3199 et
2152 3169 2257 3199 mutui
2283 3168 2432 3207 pretium.

1358 3219 1448 3250 Petia
1471 3224 1594 3249 tantam
1609 3218 1801 3258 exemplaris
1824 3222 1946 3257 partem
1963 3214 2148 3245 continebat
2172 3218 2325 3253 quantam
2349 3211 2434 3251 capit

1359 3263 1497 3294 duernio
1522 3262 1587 3293 fixo
1615 3263 1772 3294 linearum
1800 3270 1954 3296 numero;
1987 3259 2116 3299 quoties
2145 3263 2231 3287 tanta
2255 3262 2358 3296 parte,
2385 3261 2434 3286 tot

1359 3309 1454 3349 petiis
1478 3308 1646 3338 constabat
1678 3306 1850 3346 exemplar.
1881 3305 1929 3335 De
1959 3314 1992 3334 re
2017 3303 2146 3344 petiaria
2175 3301 2267 3342 plura
2294 3301 2434 3331 existunt

1359 3353 1494 3389 statuta,
1520 3362 1662 3393 quorum
1686 3361 1770 3393 quae
1795 3350 1834 3381 ad
1858 3359 1925 3380 rem
1949 3354 2092 3379 nostram
2115 3346 2220 3377 facere
2244 3344 2433 3376 videbantur

1359 3399 1394 3429 in
1410 3397 1612 3428 praefatione
1635 3396 1675 3427 ad
1698 3396 1981 3436 Supplementum‚
2007 3393 2116 3422 Tomo
2132 3390 2200 3426 XII,
2225 3399 2318 3430 pagg.
2336 3399 2432 3425 rx-xi,

1359 3443 1598 3482 descripsimus.
1628 3441 1691 3471 Hic
1720 3450 1823 3471 unum
1854 3438 2000 3469 addimus
2031 3446 2068 3467 ex
2102 3435 2305 3466 chartulario
2337 3443 2433 3474 supra

1361 3488 1470 3523 citato,
1496 3487 1522 3517 Il
1547 3496 1619 3527 pag.
1646 3494 1722 3526 190:
1748 3499 1761 3511 ‹
1786 3484 1868 3514 1316
1900 3481 2087 3512 Decembris
2110 3490 2152 3519 4.
2167 3503 2196 3510 ..
2222 3479 2301 3510 Item
2325 3478 2434 3509 nullus

1360 3532 1566 3563 stationarius
1600 3530 1696 3561 alicui
1732 3529 1834 3559 carius
1862 3528 1947 3558 locet
1977 3524 2170 3565 exemplaria
2201 3533 2298 3564 quarn
2330 3528 2434 3553 taxata

1360 3577 1480 3608 fuerint
1503 3585 1561 3616 per
1584 3574 1841 3607 Universitatem‚
1870 3581 1930 3602 nec
1959 3569 2199 3600 conditionibus
2234 3567 2433 3608 gravioribus

1360 3631 1459 3662 quam
1475 3630 1534 3661 per
1549 3619 1795 3650 Universitatem
1810 3617 1903 3646 fuerit
1920 3615 2115 3650 ordinatum,
2131 3614 2192 3644 nisi
2209 3613 2329 3653 petiam
2352 3612 2433 3643 ultra

1360 3664 1598 3697 hebdomadam
1622 3663 1761 3694 tenuerit
1780 3675 1806 3691 ›.
