2768 4134
72 1859 81 1868 ·
93 1857 150 1884 Cap.
160 1861 222 1878 xcvi.

70 1990 79 1999 ¹
103 1988 173 2009 Num.
198 1991 283 2014 praec..

70 2013 178 2036 Secundo
193 2019 223 2036 ex
237 2012 284 2035 Du·

70 2041 156 2063 rando.

69 2832 138 2864 [Εἰ.
170 2838 234 2854 num.
257 2839 280 2860 x,

69 2863 119 2881 init.

70 3018 80 3028 ⁹
93 3017 131 3039 ΑΙ.
146 3017 186 3040 lib.
202 3017 242 3040 XI.

318 301 393 348 590

314 379 375 410 nisi
400 384 431 408 et
453 382 546 407 motu
571 383 728 415 corporeo
752 378 932 408 moveatur,
957 377 1012 402 aut
1034 380 1093 411 per
1117 379 1151 400 se
1174 375 1229 400 aut
1251 378 1310 410 per
1333 378 1385 419 ac-

316 423 434 454 cidens.
459 420 615 451 Videmus
632 419 718 449 enim
742 419 776 448 in
791 417 956 448 intellectu
975 421 1098 452 nostro,
1119 415 1176 455 qui
1199 423 1217 444 a
1240 418 1386 454 potentia

315 467 354 498 ad
378 471 486 496 actum
510 464 629 505 speciei
652 462 860 502 intelligibilis
875 466 1036 497 movetur,
1053 459 1144 500 quod
1163 463 1314 489 movetur
1329 467 1387 498 per

315 510 463 542 accidens
487 509 527 539 ad
550 514 678 539 motum
702 507 858 547 corporis,
883 515 924 536 eo
948 505 1040 545 quod
1062 509 1111 535 est
1133 504 1234 534 virtus
1257 503 1291 533 in
1315 511 1386 533 cor-

313 564 394 596 pore
418 554 528 594 aliquo
551 552 664 589 modo,
688 551 810 582 scilicet
833 551 958 581 ratione
988 550 1124 585 animae,
1148 549 1182 578 in
1212 557 1277 588 qua
1304 546 1385 578 radi-

315 606 413 630 catur.
439 598 524 629 Cum
550 607 626 638 ergo
651 601 777 627 constet
800 595 1011 626 substantiam
1035 599 1214 634 separatam
1229 601 1298 623 non
1314 601 1386 622 mo-

314 644 380 674 veri
395 652 503 683 neque
518 651 576 682 per
599 651 632 672 se
648 650 757 681 neque
772 649 830 681 per
845 639 995 670 accidens
1010 644 1106 669 motu
1121 646 1293 678 corporeo,
1310 645 1386 667 cum

313 697 422 728 neque
445 687 485 717 sit
508 695 627 726 corpus
642 694 752 725 neque
767 685 868 715 virtus
889 685 924 714 in
940 692 1092 724 corpore3
1116 688 1206 723 patet
1228 680 1319 722 quod
1340 686 1387 711 est

315 739 400 763 extra
416 740 518 771 genus
534 731 620 761 illius
635 736 745 761 motus
758 730 815 770 qui
832 734 879 759 est
894 734 985 759 actus
1001 728 1164 759 existentis
1179 727 1211 756 in
1229 726 1386 767 potentia,

314 777 389 807 licet
411 781 582 807 moveatur
604 780 699 806 motu
723 775 780 815 qui
804 779 851 805 est
875 778 965 806 actus
989 772 1152 803 existentis
1179 772 1212 801 in
1236 776 1321 801 actu.
1346 770 1388 800 Et

313 821 387 852 ideo
411 821 493 851 ratio
517 820 624 851 Sancti
648 820 798 850 Thomae
826 818 951 858 optima
978 822 1035 854 est,
1066 822 1098 847 et
1127 816 1223 846 habet
1253 824 1290 845 ex
1314 824 1387 845 sen-

313 866 412 896 tentia
434 865 615 896 Aristotelis
638 863 897 895 fundamentum.

371 919 400 940 2.
417 910 469 941 Ad
489 909 670 940 secundum
691 907 781 948 quod
797 913 845 938 est
860 906 959 943 Scoti,
977 905 1094 936 dicitur
1111 904 1203 945 quod
1223 904 1277 935 illa
1296 913 1387 934 com-

313 955 437 995 paratio
460 955 659 985 conveniens
682 958 739 983 est.
755 952 839 982 Nam
863 951 946 981 sicut
969 958 1107 990 corpora
1131 949 1234 990 prima
1258 958 1276 979 a
1299 949 1387 989 prin-

315 1000 401 1040 cipio
424 1000 606 1030 habuerunt
621 1006 753 1028 omnem
776 1005 869 1027 suam
891 993 1127 1035 perfectionem
1149 994 1329 1024 naturalem
1352 994 1386 1023 in

315 1053 384 1075 esse
407 1044 553 1079 naturali,
577 1048 643 1073 tam
667 1042 788 1072 scilicet
814 1039 1058 1071 substantialem
1082 1047 1181 1079 quam
1205 1038 1386 1069 accidenta-

313 1088 388 1125 lem,
412 1089 456 1118 ita
475 1087 672 1118 conveniens
689 1091 736 1116 est
751 1091 787 1116 ut
802 1085 926 1125 primae
941 1084 1136 1114 substantiae
1152 1083 1386 1114 intellectuales

313 1133 483 1163 habuerint
505 1142 523 1162 a
546 1131 706 1171 principio
730 1139 864 1160 omnem
883 1138 974 1160 suam
998 1127 1233 1169 perfectionem
1256 1133 1386 1158 natura-

313 1177 378 1207 lem
402 1177 435 1207 in
459 1186 528 1207 esse
551 1175 753 1215 intelligibili.
777 1174 847 1205 Nec
871 1173 1098 1204 dissimilitudo
1122 1173 1205 1203 inter
1227 1172 1282 1203 illa
1305 1181 1385 1203 con-

312 1221 478 1252 venienter
500 1221 686 1260 assignatur.
711 1219 746 1250 In
769 1219 891 1249 naturis
919 1218 1006 1249 enim
1029 1227 1137 1249 rerum
1165 1217 1387 1248 consideratur

314 1265 392 1306 quid
414 1265 491 1306 ipsis
514 1264 700 1295 naturaliter
723 1269 755 1294 et
777 1273 815 1294 ex
839 1268 972 1294 naturae
989 1262 1178 1293 conditione
1195 1263 1384 1293 conveniat:

312 1319 380 1341 non
404 1309 483 1350 quid
509 1310 634 1340 ratione
665 1309 833 1339 extrinseci
860 1313 986 1338 tantum
1014 1307 1075 1338 sibi
1102 1307 1204 1348 possit
1232 1312 1288 1337 aut
1316 1316 1385 1337 non

312 1355 415 1396 possit
437 1354 621 1385 convenire.
646 1353 687 1384 Et
709 1352 784 1384 ideo
809 1352 900 1393 quod
923 1352 1013 1383 Deus
1036 1362 1055 1382 a
1078 1352 1239 1392 principio
1267 1361 1385 1392 corpo-

311 1400 399 1431 ribus
424 1399 613 1430 caelestibus
636 1407 752 1429 omnes
783 1407 856 1428 suas
878 1396 1039 1428 naturales
1066 1395 1283 1437 perfectiones
1306 1406 1386 1427 con-

311 1444 430 1481 tulerit,
453 1453 521 1475 non
545 1448 593 1474 est
615 1442 821 1474 referendum
844 1443 878 1473 in
902 1441 1066 1472 defectum
1098 1450 1268 1472 causarum
1291 1447 1386 1472 natu-

311 1490 448 1525 rialium,
473 1497 557 1529 quae
580 1487 649 1518 illas
672 1487 853 1528 producere
876 1496 945 1517 non
968 1491 1117 1527 possent:
1145 1485 1202 1516 sed
1225 1487 1258 1516 in
1281 1486 1386 1527 ipsam

311 1539 458 1564 naturam
470 1530 675 1563 referendum
688 1537 746 1569 est,
759 1541 854 1572 quae,
865 1541 942 1563 curn
957 1531 998 1562 sit
1012 1531 1276 1572 incorruptibilis,
1289 1531 1387 1572 exigit

311 1584 347 1610 ut
375 1579 491 1609 habeat
520 1578 700 1618 potentiam
726 1577 868 1607 totaliter
898 1586 956 1617 per
978 1581 1088 1607 actum
1115 1575 1324 1616 completam,
1351 1576 1386 1606 in

313 1633 380 1664 quo
397 1633 414 1653 a
431 1623 622 1662 corporibus
645 1621 908 1662 corruptibilibus
931 1620 1050 1657 differt3
1073 1621 1135 1651 nisi
1158 1621 1246 1651 enirn
1270 1629 1386 1651 eorum

311 1674 444 1699 naturae
467 1667 506 1697 ab
530 1667 704 1697 intrinseco
734 1666 949 1702 convenisset,
977 1674 1046 1696 non
1077 1665 1216 1696 dedisset
1245 1674 1298 1695 eas
1326 1665 1386 1695 sibi

313 1713 403 1743 Deus
425 1722 443 1742 a
465 1711 626 1752 principio
650 1711 684 1741 in
709 1719 777 1751 quo
800 1719 909 1741 rerum
932 1715 1062 1741 naturas
1091 1709 1248 1740 condidit.
1281 1710 1323 1740 Et
1346 1710 1387 1740 si-

313 1757 431 1788 militer
454 1755 629 1787 dicendum
652 1760 700 1786 est
715 1755 755 1786 de
779 1755 891 1796 primis
914 1755 1100 1785 substantiis
1115 1754 1388 1785 intellectualibus

314 1807 472 1842 quantum
488 1799 528 1831 ad
544 1809 655 1831 earum
671 1809 741 1830 esse
759 1799 969 1840 intelligibile.
985 1817 1006 1822 -
1023 1799 1080 1830 Est
1095 1804 1259 1839 praeterea
1279 1804 1388 1830 osten-

313 1855 385 1877 sum
401 1845 573 1886 superius*
588 1854 655 1875 non
671 1853 768 1884 posse
786 1845 996 1875 substantiam
1013 1849 1190 1884 separatam
1207 1844 1354 1884 accipere
1369 1853 1387 1874 a

311 1890 514 1921 sensibilibus
530 1889 762 1929 cognitionem.
772 1906 795 1910 —
808 1888 931 1919 Idcirco
947 1889 1000 1918 illa
1015 1887 1243 1918 dissimilitudo
1256 1898 1272 1918 a
1286 1887 1386 1918 Scoto

311 1935 416 1975 posita
443 1933 570 1964 videtur
593 1933 679 1973 fuga,
710 1932 811 1972 magis
835 1941 934 1972 quam
957 1932 1080 1972 aliquid
1102 1932 1234 1963 rationis
1257 1932 1385 1963 habere.

370 1979 398 2009 3.
423 1977 475 2008 Ad
498 1976 707 2008 secundum·
731 1976 795 2007 dici
819 1976 990 2018 dupliciter
1013 1981 1131 2017 potest.
1156 1976 1276 2013 Primo,
1294 1976 1386 2017 quod

310 2023 454 2064 loquitur
477 2021 615 2052 Sanctus
638 2021 784 2052 Thomas
807 2020 848 2052 de
871 2021 933 2052 illis
956 2020 1212 2061 perfectionibus
1239 2021 1386 2062 corporis

311 2067 455 2098 caelestis
478 2075 562 2106 quae
586 2066 645 2096 sibi
668 2074 727 2106 per
749 2065 887 2096 modum
918 2071 1008 2096 actus
1038 2066 1134 2106 primi
1165 2066 1385 2106 permanentis

310 2112 518 2143 conveniunt.
539 2110 642 2141 Modo
663 2110 780 2141 dicitur
801 2109 891 2151 quod
906 2110 1019 2141 lumen
1036 2110 1127 2151 quod
1151 2120 1168 2141 a
1192 2110 1261 2141 sole
1285 2119 1385 2151 quae-

309 2157 383 2188 dam
400 2165 514 2187 eorum
530 2155 701 2196 recipiunt,
717 2155 871 2196 recipitur
885 2163 944 2195 per
958 2154 1096 2186 modum
1113 2156 1272 2196 passionis
1283 2161 1385 2186 trans-

309 2201 414 2232 euntis
436 2201 469 2231 in
494 2200 553 2230 eis:
571 2199 658 2230 unde
677 2199 755 2230 luna
769 2200 909 2230 variatur
929 2199 1054 2230 lumine
1076 2199 1258 2231 secundum
1282 2199 1385 2231 diver-

309 2255 382 2277 sum
406 2250 573 2286 aspectum
599 2244 640 2275 ad
663 2244 777 2275 solem.

365 2289 517 2322 Secundo
541 2288 604 2320 dici
627 2294 735 2330 potest
750 2288 841 2329 quod
856 2289 1003 2329 loquitur
1026 2288 1163 2320 Sanctus
1182 2288 1329 2320 Thomas
1344 2289 1384 2320 de

309 2334 562 2376 perfectionibus
586 2342 670 2374 quae
688 2339 782 2364 natae
805 2338 881 2364 sunt
911 2334 971 2364 sibi
999 2333 1186 2364 naturaliter
1209 2335 1384 2366 convenire

311 2386 341 2410 et
365 2380 404 2410 ab
428 2379 621 2410 intrinseco:
646 2387 714 2409 non
739 2383 848 2409 autem
872 2377 913 2408 de
935 2378 998 2409 illis
1025 2387 1106 2419 quas
1133 2378 1241 2410 solum
1269 2388 1307 2409 ex
1331 2389 1385 2410 su-

310 2424 445 2465 perioris
472 2423 633 2454 activitate
663 2428 802 2463 possunt
828 2423 1034 2464 participare,
1070 2428 1107 2453 ut
1140 2429 1228 2464 patet
1262 2423 1383 2461 Prima,

311 2478 342 2509 q.
360 2478 444 2505 Lvm,
461 2477 489 2498 a.
512 2476 537 2498 1.
562 2467 690 2498 Lumen
715 2473 824 2498 autem
849 2466 939 2507 quod
963 2468 1124 2508 recipiunt
1147 2477 1286 2509 corpora
1313 2478 1384 2500 cae-

310 2514 400 2544 lestia
424 2522 441 2543 a
464 2511 543 2549 sole,
567 2521 636 2543 non
661 2517 708 2542 est
731 2512 802 2543 talis
826 2511 992 2552 perfectio.
1015 2512 1110 2543 Unde
1134 2513 1254 2544 ibidem
1278 2514 1384 2554 inquit

310 2557 446 2588 Sanctus
461 2557 607 2587 Thomas
630 2556 720 2597 quod
737 2557 780 2587 ad
803 2566 841 2586 ea
857 2566 941 2597 quae
955 2557 1144 2588 substantiis
1159 2558 1320 2598 separatis
1335 2559 1384 2589 di-

310 2602 430 2633 vinitus
454 2602 650 2637 revelantur,
671 2601 754 2632 nihil
770 2601 922 2642 prohibet
937 2602 1118 2633 intellectus
1136 2611 1249 2633 eorum
1266 2612 1335 2634 esse
1350 2604 1383 2634 in

304 2646 472 2688 potentia:
494 2646 571 2687 quia
586 2646 634 2677 sic
649 2645 745 2676 etiam
761 2655 902 2687 corpora
922 2647 1075 2678 caelestia
1089 2652 1167 2679 sunt
1181 2647 1214 2678 in
1232 2649 1383 2689 potentia

309 2691 503 2732 quandoque
525 2695 562 2721 ut
584 2690 811 2722 illuminentur
825 2700 845 2722 a
860 2692 940 2722 sole.
956 2709 979 2714 -
995 2691 1056 2722 Ista
1071 2693 1241 2732 responsio
1257 2692 1385 2724 videtur

308 2736 434 2772 melior,
459 2740 573 2776 utpote
597 2745 635 2766 ex
658 2736 762 2767 verbis
786 2735 895 2767 Sancti
918 2736 1067 2767 Thomae
1089 2743 1230 2778 sumpta.

364 2780 463 2811 XXV.
489 2780 613 2812 Ultimo
636 2780 722 2817 loco,
747 2787 893 2812 removet
915 2780 1052 2812 Sanctus
1075 2782 1222 2812 Thomas
1245 2781 1382 2813 dubium

310 2824 475 2865 quoddam
499 2826 582 2856 circa
606 2824 893 2865 praedeterminata
905 2827 932 2856 *.
956 2826 1069 2857 Posset
1090 2827 1177 2857 enim
1201 2827 1316 2868 aliquis
1335 2827 1382 2858 di-

310 2879 382 2900 cere
406 2868 506 2910 quod,
531 2869 606 2900 licet
628 2878 678 2900 res
693 2870 770 2900 alias
793 2870 949 2910 intelligat
968 2871 1144 2902 substantia
1159 2878 1304 2912 separata
1325 2881 1383 2913 per

310 2914 442 2954 species,
467 2923 532 2944 una
555 2919 663 2944 tamen
688 2915 728 2945 ab
751 2914 811 2945 alia
835 2924 893 2956 per
916 2916 1086 2946 essentiam
1110 2916 1212 2956 ipsius
1236 2917 1382 2948 substan-

309 2959 371 2989 tiae
395 2958 577 2989 intellectae
600 2959 796 3000 intelligitur.
821 2959 908 2998 Quia
923 2969 982 3000 per
1004 2961 1123 3001 seipsas
1140 2967 1215 2991 sunt
1234 2967 1308 2992 actu
1332 2963 1381 2992 in-

310 3003 499 3043 telligibiles.
516 3020 538 3025 -
554 3003 595 3034 Et
610 3003 687 3044 quia
710 3003 828 3035 dicitur
842 3004 900 3035 XII
918 3005 1060 3045 Metaph.
1074 3006 1100 3042 *,
1117 3011 1193 3036 text.
1213 3006 1265 3042 51,
1290 3006 1381 3047 quod

311 3048 343 3078 in
364 3047 551 3078 substantiis
573 3049 735 3088 separatis
758 3058 824 3079 non
848 3049 959 3090 differt
977 3050 1166 3086 intellectus,
1186 3050 1380 3093 intelligere,

310 3097 341 3123 et
363 3092 450 3132 quod
473 3092 678 3134 intelligitur.
1242 3112 1245 3116 -

366 3136 555 3177 Respondet
578 3136 714 3168 Sanctus
740 3136 886 3168 Thomas
909 3138 999 3178 quod
1023 3139 1087 3169 hoc
1118 3147 1241 3179 ponere
1264 3141 1382 3172 multas

310 3181 406 3211 habet
429 3180 640 3212 difficultates.
666 3181 752 3220 Quia
771 3181 900 3213 difficile
919 3188 967 3213 est
988 3182 1098 3214 videre
1114 3184 1285 3224 quomodo
1301 3195 1380 3216 con-

311 3224 449 3256 ditiones
466 3224 590 3257 formae
605 3226 812 3267 intelligibilis
827 3227 888 3257 sibi
901 3228 1077 3258 convenire
1092 3229 1231 3268 possint:
1249 3230 1380 3267 scilicet,

311 3269 481 3309 quomodo
505 3279 570 3301 una
594 3270 770 3301 substantia
794 3271 833 3302 sit
856 3280 960 3302 unum
985 3272 1075 3303 alteri
1099 3272 1178 3304 dum
1200 3274 1304 3314 ipsam
1331 3275 1380 3306 in-

310 3313 433 3354 telligit.
449 3331 472 3337 -
487 3313 530 3345 Et
552 3315 723 3355 quomodo
740 3325 805 3346 una
821 3316 861 3347 sit
876 3315 981 3347 forma
997 3316 1142 3348 alterius:
1167 3327 1242 3349 cum
1266 3319 1381 3350 habeat

311 3367 527 3399 unaquaeque
543 3367 611 3390 esse
627 3365 810 3400 separatum
826 3360 866 3391 ab
883 3361 954 3392 alia.
971 3379 994 3384 -
1009 3361 1100 3398 Item,
1118 3362 1289 3403 quomodo
1305 3364 1381 3395 sub-

311 3402 423 3433 stantia
435 3402 567 3434 inferior
584 3404 687 3444 possit
703 3413 772 3436 esse
787 3404 944 3445 perfectio
959 3406 1145 3447 superioris,
1161 3412 1194 3438 et
1209 3408 1380 3448 quomodo

311 3447 458 3486 superior
480 3453 590 3488 posset
621 3447 807 3480 inferiorem
834 3449 1023 3491 intelligere.
1049 3468 1071 3473 —
1094 3451 1185 3488 Item,
1210 3452 1380 3492 quomodo

312 3499 376 3520 una
391 3491 566 3523 substantia
582 3493 621 3523 sit
643 3493 725 3524 intra
749 3493 950 3526 intellectum
973 3495 1118 3527 alterius:
1139 3505 1216 3527 cum
1230 3506 1298 3527 non
1314 3497 1381 3528 illa-

313 3534 405 3565 batur
428 3536 539 3573 menti,
563 3536 618 3567 sed
634 3538 698 3568 hoc
723 3538 782 3569 soli
801 3538 873 3569 Deo
896 3540 1079 3571 conveniat.

370 3578 416 3609 Ex
432 3580 498 3610 istis
518 3581 628 3621 itaque
643 3582 770 3613 videtur
793 3583 993 3624 impossibile
1009 3593 1079 3615 esse
1099 3584 1190 3625 quod
1206 3585 1382 3616 substantia

315 3628 456 3661 separata
479 3633 538 3664 per
561 3626 730 3657 essentiam
758 3636 849 3657 suam
878 3628 1075 3668 intelligatur
1101 3629 1140 3659 ab
1164 3628 1234 3666 alia,
1260 3635 1291 3660 et
1313 3639 1381 3661 non

314 3673 373 3705 per
396 3667 638 3700 similitudinem
662 3671 730 3701 eius
753 3671 786 3701 in
810 3672 889 3712 ipsa.

787 293 975 331 SUMMA
1004 292 1226 330 CONTRA
1255 289 1531 335 GENTILES,
1559 289 1654 326 LIB.
1675 289 1717 334 11,
1747 288 1860 325 CAP.
1879 287 2046 326 XCVIII.

1497 366 1670 407 Subiungit
1689 371 1800 397 autem
1819 365 1956 397 Sanctus
1980 366 2127 398 Thomas
2142 368 2234 408 quod
2253 370 2315 400 hoc
2333 375 2386 401 est
2408 380 2521 402 verum

1439 411 1618 442 secundum
1647 411 1842 442 sententiam
1871 411 2069 448 Aristotelis,
2096 412 2220 443 scilicet
2246 414 2338 453 quod
2365 414 2421 445 ille
2447 425 2521 446 mo-

1439 456 1500 487 dus
1519 461 1567 486 est
1583 455 1805 496 impossibilis.
1822 455 1910 493 Quia
1924 455 2108 486 secundum
2121 456 2231 496 ipsum
2245 457 2425 498 intelligere
2441 469 2521 490 con·

1439 501 1533 540 tingit
1561 509 1619 540 per
1645 500 1711 530 hoc
1737 499 1828 539 quod
1854 500 2058 531 intellectum
2085 501 2119 530 in
2147 506 2221 532 actu
2245 501 2282 532 fit
2312 511 2416 533 unum
2443 513 2521 535 cum

1439 545 1608 576 intellectu
1630 545 1665 574 in
1689 549 1776 575 actu.

1498 588 1548 620 Ad
1570 589 1715 630 primum
1731 594 1843 620 autem
1865 589 1900 619 in
1916 590 2118 630 oppositum,
2135 590 2312 631 respondet
2327 591 2418 632 quod
2438 593 2520 623 ratio

1439 643 1509 664 non
1536 634 1693 674 sequitur.
1723 633 1812 672 Quia
1842 634 1919 664 licet
1945 634 2122 665 substantia
2153 641 2299 676 separata
2325 645 2454 676 semper
2480 637 2521 667 sit

1439 678 1649 718 intelligibilis
1673 683 1758 715 actu,
1774 687 1844 709 non
1859 683 1971 709 tamen
1994 679 2183 720 intelligitur
2204 681 2267 711 nisi
2290 681 2330 711 ab
2353 681 2521 712 intellectu

1441 723 1494 754 cui
1519 729 1566 754 est
1582 732 1697 754 unum.
1713 740 1737 746 -
1751 722 1805 753 Ad
1827 723 2010 754 secundum
2027 723 2105 755 dicit
2119 724 2211 765 quod
2233 735 2303 756 non
2319 726 2426 756 obstat
2443 735 2521 766 pro-

1439 768 1562 808 positio
1585 767 1768 798 Aristotelis
1791 767 1946 798 adducta:
1972 768 2049 808 quia
2075 768 2173 800 habet
2194 770 2362 801 veritatem
2386 770 2520 811 quando

1439 813 1618 843 substantia
1637 818 1782 853 separata
1805 813 1944 852 seipsam
1962 821 2022 853 per
2044 814 2216 845 essentiam
2239 824 2338 855 suam·
2354 815 2520 856 intelligit;

1439 862 1518 888 tunc
1531 858 1620 888 enim
1637 857 1721 888 idem
1737 862 1786 888 est
1799 857 1991 894 intellectus,
2008 863 2040 888 et
2052 858 2260 896 intellectum,
2276 864 2310 890 et
2324 860 2519 902 intelligere.

1495 901 1637 932 Adverte
1653 902 1745 942 quod
1767 902 1827 932 ista
1842 903 2037 943 propositio,
2056 903 2139 934 Cum
2161 904 2343 935 substantia
2366 909 2520 946 separata

1439 947 1578 987 seipsam
1606 947 1772 988 intelligit,
1796 947 1880 978 idem
1904 952 1953 978 est
1975 947 2168 984 intellectus,
2198 953 2232 979 et
2258 949 2466 985 intellectum,
2489 954 2522 981 et

1441 992 1637 1033 intelligere,
1661 991 1750 1032 apud
1772 992 1953 1023 Averroem
1977 997 2025 1023 est
2046 1001 2123 1024 vera
2152 992 2193 1023 de
2223 994 2316 1025 omni
2343 994 2521 1026 substantia

1440 1037 1597 1067 abstracta
1620 1045 1638 1067 a
1660 1036 1811 1067 materia:
1829 1042 1866 1067 ut
1880 1042 1969 1077 patet
1984 1036 2043 1068 XII
2059 1038 2217 1078 Metapa„
2233 1044 2412 1070 comment.
2430 1039 2467 1070 5ι
2489 1044 2521 1070 et

1440 1082 1537 1112 etiam
1562 1087 1740 1112 comment.
1766 1081 1819 1122 39.
1843 1081 1908 1113 Sed
1931 1081 2069 1113 Sanctus
2096 1082 2243 1114 Thomas
2270 1092 2343 1114 eam
2365 1083 2487 1115 ibidem
2503 1085 2521 1101 ⁵

1439 1126 1666 1166 interpretatur
1689 1125 1730 1157 de
1753 1127 1930 1157 substantia
1945 1127 2050 1167 prima
2072 1132 2210 1159 tantum.
2226 1127 2291 1159 Hic
2314 1133 2425 1159 autem
2447 1138 2521 1160 eam

1438 1177 1596 1211 tanquam
1626 1171 1850 1202 universaliter
1882 1180 2073 1202 concessam
2105 1173 2146 1203 ab
2176 1173 2351 1204 Aristotele
2385 1174 2520 1215 accipit,

1438 1221 1574 1257 propter
1589 1216 1783 1256 opinionem
1799 1215 2092 1248 Commentatoris:
2109 1222 2141 1248 et
2165 1217 2242 1259 quia
2263 1218 2344 1249 nihil
2367 1218 2408 1249 ad
2422 1228 2521 1250 suum

1439 1261 1647 1302 propositum
1669 1259 1828 1292 referebat
1843 1266 1954 1292 utrum
1976 1261 2058 1293 illud
2081 1262 2310 1293 existimaverit
2332 1262 2522 1295 Aristoteles

1439 1305 1480 1337 de
1504 1306 1596 1336 omni
1619 1305 1797 1337 substantia
1820 1311 1975 1347 separata,
2000 1315 2041 1337 an
2065 1311 2191 1338 tantum
2215 1306 2256 1338 de
2279 1308 2394 1348 prima.

1495 1350 1685 1382 Secundum
1708 1356 1818 1382 autem
1850 1351 2043 1392 opinionem
2071 1351 2225 1388 Platonis,
2257 1353 2310 1383 cui
2340 1351 2449 1384 favere
2474 1353 2522 1384 vi·

1439 1395 1533 1426 detur
1555 1395 1678 1426 dictum
1702 1395 1862 1437 Dionysii,
1883 1405 1915 1426 ιν
1931 1405 2003 1437 cap.
2018 1396 2060 1427 de
2074 1396 2151 1427 Div.
2169 1396 2282 1434 Nom„
2297 1406 2366 1428 non
2390 1398 2450 1429 erit
2471 1398 2522 1430 in-

1440 1441 1639 1471 conveniens
1663 1449 1763 1471 unam
1794 1441 2006 1472 substantiam
2036 1447 2218 1482 separatam
2247 1442 2344 1473 aliam
2370 1451 2430 1483 per
2452 1443 2523 1474 eius

1440 1485 1612 1516 essentiam
1627 1485 1817 1525 intelligere,
1829 1485 2012 1516 secundum
2025 1486 2116 1527 quod
2132 1495 2205 1517 eam
2221 1487 2428 1528 spiritualiter
2442 1497 2522 1519 con-

1439 1530 1543 1571 tingit.
1567 1530 1682 1560 Posuit
1709 1530 1797 1561 enim
1823 1530 1916 1561 Plato
1943 1531 2123 1572 intelligere
2149 1527 2220 1562 fieri
2245 1541 2304 1573 per
2332 1537 2522 1564 contactum

1439 1575 1624 1606 intellectus
1647 1574 1687 1605 ad
1711 1583 1780 1605 rem
1804 1575 2051 1616 intelligibilem.

1499 1629 1528 1650 2.
1554 1619 1649 1650 Circa
1673 1620 1749 1650 istas
1772 1620 1914 1651 rationes
1939 1621 2058 1661 quibus
2082 1621 2199 1661 probat
2221 1620 2360 1653 Sanctus
2375 1621 2523 1654 Thomas

1440 1673 1541 1695 unam
1565 1665 1778 1695 substantiam
1800 1671 1980 1705 separatam
2010 1675 2078 1696 non
2109 1675 2310 1706 cognoscere
2340 1667 2437 1698 aliam

1441 1709 1614 1740 essentiam
1638 1709 1707 1740 eius
1731 1718 1815 1750 quae
1839 1710 2058 1750 cognoscitur,
2083 1710 2317 1742 advertendum
2338 1711 2432 1752 quod
2451 1720 2523 1744 non

1441 1759 1611 1794 ponuntur
1634 1754 1687 1785 hic
1710 1759 1867 1795 tanquam
1891 1754 2091 1792 insolubiles,
2115 1755 2172 1786 sed
2195 1761 2352 1796 tanquam
2368 1755 2522 1788 facientes

1441 1798 1665 1830 difficultatem
1688 1799 1721 1829 in
1746 1799 1797 1829 via
1820 1799 2013 1830 Aristotelis.
2030 1799 2126 1831 Unde
2141 1809 2210 1831 non
2232 1800 2312 1831 dixit
2334 1801 2523 1842 simpliciter

1441 1843 1533 1883 quod
1548 1843 1629 1874 illud
1644 1844 1685 1874 sit
1698 1843 1910 1884 impossibile,
1927 1843 1984 1874 sed
2001 1844 2092 1885 quod
2107 1845 2204 1875 habet
2225 1845 2438 1886 difficultates
2453 1854 2521 1877 now

1435 1895 1583 1928 paucas:
1606 1893 1637 1918 et
1660 1887 1830 1918 concludit
1844 1887 1936 1928 quod
1961 1889 2090 1920 videtur
2104 1889 2312 1930 impossibile,
2327 1899 2395 1921 non
2410 1895 2523 1922 autem

1442 1931 1533 1972 quod
1548 1932 1591 1963 sit
1606 1932 1811 1972 impossibile.
1828 1931 1982 1963 Similiter
1997 1933 2029 1964 in
2047 1933 2113 1972 Qu.
2125 1933 2167 1964 de
2188 1933 2296 1970 Ver-it„
2313 1943 2345 1975 q.
2362 1944 2428 1972 vm,
2444 1944 2473 1966 a.
2489 1944 2522 1976 7,

1441 1986 1518 2007 cum
1549 1977 1711 2017 posuisset
1741 1976 1871 2008 easdem
1902 1977 2052 2014 rationes,
2080 1983 2255 2019 postquam
2287 1979 2457 2020 respondit
2481 1979 2523 2011 ad

1441 2021 1501 2052 alia
1516 2026 1716 2061 argumenta,
1736 2020 1776 2052 ad
1799 2021 1858 2052 ista
1882 2031 1950 2052 non
1974 2021 2162 2063 respondet,
2177 2022 2234 2054 sed
2253 2023 2340 2054 ait':
2364 2024 2524 2057 Rationes

1440 2070 1549 2097 autem
1567 2066 1643 2097 illas
1657 2075 1744 2107 quae
1752 2066 1900 2107 probant
1913 2067 2004 2108 quod
2025 2068 2167 2109 angelus
2182 2077 2249 2099 non
2265 2074 2449 2111 cognoscat
2460 2078 2522 2101 an-

1439 2112 1551 2153 gelum
1575 2111 1677 2142 alium
1696 2120 1761 2151 per
1783 2111 1957 2142 essentiam
1981 2113 2096 2154 angeli
2110 2113 2173 2144 visi
2196 2113 2248 2144 rel
2270 2113 2419 2151 videntis,
2443 2123 2522 2146 con-

1440 2156 1593 2192 cedimus,
1617 2156 1767 2197 quamm's
1783 2156 1893 2197 possit
1914 2156 1959 2187 ad
1980 2166 2037 2189 eas
2060 2158 2253 2199 responderi
2275 2159 2388 2200 aliquo
2411 2160 2520 2192 nodo.

1441 2201 1476 2232 ln
1501 2201 1620 2242 quibus
1643 2201 1749 2232 verbis
1771 2200 1826 2232 dat
1848 2201 2028 2243 intelligere
2050 2203 2192 2234 rationes
2211 2203 2279 2240 has,
2296 2205 2447 2244 quamvis
2463 2205 2522 2237 ali·

1441 2246 1520 2287 quid
1543 2245 1777 2286 probabilitatis
1799 2245 1948 2283 habeant,
1968 2247 2123 2278 solubiles
2145 2253 2255 2279 tamen
2274 2257 2354 2280 esse.

1496 2290 1580 2322 Nam
1604 2290 1644 2322 ad
1668 2299 1722 2321 eas
1743 2290 1933 2332 responderi
1955 2297 2068 2332 posset
2086 2293 2134 2323 uti
2156 2292 2409 2334 responderetur
2429 2293 2457 2324 d
2479 2293 2521 2326 de

1439 2335 1548 2366 divina
1571 2335 1708 2366 essentia
1732 2334 1856 2372 fierent,
1873 2335 1914 2367 ad
1937 2336 2143 2376 probandum
2162 2337 2314 2369 videlicet
2336 2337 2428 2379 quod
2448 2347 2520 2370 non

1439 2385 1550 2421 posset
1573 2390 1591 2411 a
1615 2381 1716 2411 beatis
1738 2389 1798 2421 per
1820 2381 1959 2422 seipsam
1981 2381 2093 2413 videri.
2122 2381 2291 2414 Diceretur
2311 2383 2405 2414 enim
2428 2382 2520 2424 quod

1439 2434 1505 2456 una
1521 2425 1697 2456 substantia
1713 2431 1822 2466 potest
1837 2434 1907 2457 esse
1922 2435 2027 2457 unum
2046 2427 2137 2458 alteri
2151 2435 2211 2468 per
2231 2426 2372 2459 modum
2394 2426 2520 2459 formae

1440 2469 1650 2510 intelligibilis
1665 2470 1699 2501 in
1715 2479 1785 2501 esse
1801 2470 2004 2512 intelligibili,
2020 2471 2096 2502 licet
2117 2480 2186 2503 non
2201 2472 2236 2503 in
2251 2480 2323 2503 esse
2335 2477 2481 2504 naturae.
2497 2490 2520 2496 -

1439 2514 1481 2545 Et
1504 2514 1596 2555 quod
1611 2523 1680 2545 non
1703 2515 1895 2546 inconvenit
1909 2514 2098 2547 inferiorem
2121 2525 2190 2548 esse
2213 2516 2450 2558 perfectionem
2464 2525 2520 2549 su·

1439 2559 1575 2600 perioris
1598 2559 1631 2590 in
1656 2559 1710 2590 tali
1727 2568 1797 2590 esse
1820 2559 2012 2601 intelligibili
2037 2560 2263 2594 determinato.
2279 2579 2303 2585 -
2317 2561 2387 2593 Nec
2402 2561 2520 2594 incon·

1439 2604 1528 2634 venit
1543 2603 1634 2645 quod
1649 2604 1752 2635 menti
1768 2603 1916 2636 illabatur
1931 2613 1989 2646 per
1999 2605 2138 2637 modum
2154 2605 2279 2637 formae
2294 2606 2519 2648 intelligibilis:

1440 2649 1589 2690 quamvis
1604 2649 1839 2680 inconveniens
1854 2649 1896 2680 sit
1910 2649 2002 2690 quod
2015 2650 2165 2682 illabatur
2175 2659 2234 2692 per
2248 2650 2387 2682 modum
2402 2660 2520 2684 ausae

1439 2694 1573 2734 agentis,
1596 2702 1665 2734 quo
1689 2693 1791 2725 modo
1815 2693 1925 2725 divina
1947 2695 2084 2726 essentia
2107 2696 2209 2727 menti
2233 2695 2382 2727 illabitur.

1496 2738 1560 2770 Sed
1583 2738 1659 2769 licet
1682 2738 1722 2770 ad
1745 2739 1820 2769 istas
1843 2739 1984 2771 rationes
2006 2740 2050 2770 ita
2074 2739 2263 2781 responderi
2294 2741 2406 2782 possit,
2430 2740 2518 2783 apud

1438 2788 1547 2814 tamen
1571 2783 1779 2814 Aristotelem
1802 2783 1954 2815 videntur
1969 2784 2091 2825 aliquid
2107 2785 2315 2826 apparentiae
2333 2785 2462 2824 habere,
2477 2794 2519 2818 ea·

1439 2837 1480 2859 eo
1498 2827 1589 2869 quod
1613 2828 1693 2869 ipse,
1716 2827 1775 2859 XII
1799 2828 1956 2870 Metapls„
1978 2834 2055 2860 text.
2074 2830 2111 2860 51
2127 2830 2156 2866 “,
2179 2830 2297 2871 probat
2312 2830 2404 2871 quod
2427 2829 2517 2862 Deua

1438 2882 1505 2904 non
1522 2872 1671 2913 intelligit
1686 2872 1810 2914 aliquid
1822 2879 1910 2905 extra
1919 2882 1965 2910 se,
1978 2874 2071 2915 quasi
2085 2873 2211 2905 scilicet
2220 2874 2342 2906 habena
2357 2875 2391 2906 in
2407 2875 2517 2918 seipso

1438 2917 1561 2958 aliquid
1577 2916 1664 2948 aliud
1678 2925 1746 2958 quo
1762 2918 1928 2958 intelligat,
1940 2919 2019 2960 quia
2035 2919 2119 2950 illud
2127 2919 2303 2962 perficeret
2317 2919 2516 2952 intellectum

1437 2962 1508 2994 eius
1531 2967 1563 2993 et
1585 2967 1668 2993 esset
1689 2962 1748 2993 illo
1773 2962 1925 2994 nobilius.
1950 2963 1991 2994 Et
2015 2963 2060 2994 sic
2083 2972 2152 2995 non
2183 2970 2268 2996 esset
2295 2964 2384 3006 apud
2406 2965 2516 3007 ipm

1436 3007 1659 3038 universaliter
1682 3015 1795 3038 verum
1819 3007 1911 3048 quod
1941 3009 2118 3040 substantia
2149 3014 2293 3050 separata
2322 3008 2518 3051 intelligeret

1437 3052 1533 3083 aliam
1556 3061 1615 3093 per
1636 3052 1741 3092 ipsam
1764 3052 1976 3084 substantiam
1998 3053 2195 3084 intellectam
2219 3054 2279 3085 sibi
2307 3054 2341 3085 in
2364 3062 2436 3086 ease
2466 3055 2516 3086 in-

1436 3096 1593 3137 telligibili
1616 3097 1752 3127 unitam.
1769 3115 1791 3119 -
1810 3097 1860 3128 De
1882 3097 1921 3128 iis
1944 3097 2018 3128 vide
2041 3097 2197 3130 Sanctum
2225 3098 2391 3130 Thomam
2414 3099 2449 3131 in
2473 3098 2517 3132 de

1443 3141 1592 3177 Veritate,
1617 3141 1672 3172 ubi
1695 3150 1802 3182 supra.

1494 3186 1524 3217 3.
1549 3185 1644 3217 Circa
1664 3186 1823 3217 rationem
1840 3186 1993 3223 Platonis,
2018 3186 2158 3224 adverte,
2178 3195 2217 3218 ex
2239 3186 2360 3219 Sancto
2383 3187 2514 3219 nona

1437 3231 1493 3261 ubi
1517 3239 1615 3271 supra
1625 3231 1653 3267 θ,
1677 3230 1768 3272 quod
1784 3230 1873 3262 nulla
1889 3236 1946 3262 eat.
1963 3230 2050 3270 Quia
2065 3239 2269 3274 cognoscens
2290 3236 2323 3262 et
2343 3231 2513 3274 cognitum

1438 3284 1504 3306 non
1520 3284 1555 3306 se
1570 3275 1689 3306 habent
1704 3280 1740 3306 ut
1759 3284 1863 3317 agens
1877 3280 1910 3307 et
1919 3276 2060 3317 patiens,
2076 3276 2135 3307 sed
2152 3276 2239 3307 sicut
2257 3276 2325 3307 duo
2340 3283 2384 3306 ex
2397 3276 2514 3318 quibus

1434 3320 1474 3359 fit
1497 3329 1597 3350 unum
1621 3320 1823 3362 cognitionis
1840 3320 2051 3361 principium.
2067 3320 2200 3352 Etideo
2222 3319 2268 3351 ad
2289 3319 2513 3362 cognitionem

1437 3373 1504 3395 non
1520 3364 1645 3406 sufficit
1658 3369 1830 3396 contactus
1845 3365 1932 3396 inter
1942 3373 2145 3407 cognoscens
2155 3369 2188 3396 et
2201 3363 2431 3406 cognoscibile,
2448 3365 2513 3397 nisi

1436 3409 1659 3451 cognoscibile
1681 3410 1894 3451 cognoscenti
1916 3409 2029 3451 aliquo
2051 3408 2150 3440 modo
2169 3408 2308 3439 uniatur
2331 3414 2367 3440 ut
2378 3410 2511 3452 soma.

1494 3453 1608 3484 xxvi.
1629 3453 1693 3485 Sed
1708 3454 1792 3486 circa
1804 3454 1887 3485 hanc
1903 3453 2161 3489 conclusionem,
2179 3458 2211 3483 et
2222 3452 2379 3494 quasdam
2395 3454 2472 3486 alias
2483 3454 2511 3493 θ,

1436 3497 1573 3529 dubium
1598 3498 1748 3529 occurrit.
1765 3498 1857 3530 Sicut
1871 3498 1959 3529 enim
1982 3506 2018 3528 se
2032 3497 2130 3528 habet
2147 3497 2331 3529 intellectus
2349 3498 2512 3531 humanu·

1436 3541 1476 3573 ad
1499 3551 1549 3573 res
1572 3542 1763 3579 materiales,
1785 3543 1831 3574 ita
1859 3541 2043 3574 intellectus
2073 3542 2171 3572 unius
2201 3542 2397 3575 substantiae
2420 3551 2512 3585 sepa—

1435 3591 1522 3617 ratae
1546 3586 1586 3618 ad
1609 3587 1687 3618 alias
1718 3586 1922 3618 substantias·
1943 3591 2112 3627 separatas.
2144 3585 2208 3617 Sed
2237 3587 2421 3620 intellectus
2450 3588 2511 3620 hu·

1435 3638 1562 3668 manus,
1579 3631 1605 3662 si
1628 3631 1760 3663 haberet
1774 3630 1919 3672 aliquam
1932 3635 2081 3662 nami-am
2100 3629 2142 3662 de
2155 3640 2295 3663 numero
2311 3631 2511 3664 sensibilium

1435 3680 1634 3712 naturarum,
1658 3684 1727 3706 non
1742 3680 1854 3716 posset
1868 3674 1945 3705 alias
1960 3680 2089 3706 naturas
2105 3675 2272 3707 sensibiles
2294 3675 2472 3718 intelligere
2482 3677 2510 3708 *-

2546 1088 2556 1097 ·
2572 1087 2636 1111 Len.
2651 1088 2675 1116 8,
2685 1095 2722 1112 u·

2549 2028 2768 2084 imww

2543 2829 2553 2840 ⁸
2577 2828 2632 2852 md·
2654 2829 2695 2852 lib.

2542 2861 2577 2885 ΙΙ,
2589 2861 2612 2886 ³-

2541 3235 2550 3244 ·
2560 3233 2598 3256 De
2610 3232 2663 3256 Ver.
2670 3239 2695 3263 q.

2539 3260 2632 3312 &23:⁴¹
2642 3266 2663 3289 ”

2540 3320 2605 3338 aun.

2539 3457 2549 3467 ·
2563 3455 2601 3479 Cf.
2611 3461 2677 3480 nain.

2539 3664 2641 3687 'Inda

2540 3697 2606 3721 iv,3;
2621 3689 2723 3714 ιΊὶΙ.
