2814 4290
287 170 333 216 4ss
1254 158 1520 195 APPEND1X

287 251 410 291 primae
433 250 498 279 iam
513 257 580 278 non
598 251 691 276 erunt
707 244 871 274 continua.
890 242 937 272 Ex
954 242 1103 271 alterutra
1118 240 1170 269 via
1190 237 1356 278 sequenda
1383 237 1386 286 Ι
1412 246 1582 277 suppressa
1599 242 1656 272 est,
1675 244 1837 276 quaenam
1855 240 1891 266 ut
1905 245 1956 266 res
1972 235 2078 275 aptius
2095 234 2256 267 diceretur
2272 236 2393 278 (recole
2410 247 2494 279 quae

285 300 440 340 elegimus
453 298 594 332 alteram,
604 297 667 326 hoc
679 293 795 324 modo:
809 293 898 332 signa
911 291 1030 331 quibus
1039 291 1165 320 Auctor
1174 295 1357 328 transump-
1382 290 1385 354 ἱ
1412 287 1626 326 argumentati
1643 295 1756 316 sumus
1771 286 1805 316 in
1822 284 2036 322 Praefafione,
2054 295 2086 326 p.
2103 296 2189 323 xxm,
2215 287 2299 318 circa
2324 288 2494 319 virtualem

283 352 344 382 tori
365 351 423 380 iter
438 350 470 378 in
494 346 676 388 labyrintho
701 343 900 379 monstravit,
925 351 992 372 non
1017 339 1276 381 reproducimus,
1301 339 1357 369 sed
1382 356 1385 412 Ι
1411 337 1610 368 deletionem
1638 351 1651 363 ‹
1673 337 1785 377 capitis
1809 336 1961 367 anecdoti
1981 335 2032 377 »)·,
2057 337 2242 368 enucleatio
2266 338 2494 371 redactionum

284 401 436 433 mandato
461 398 550 439 quod
575 398 743 428 continent
766 394 948 429 obedimus,
974 399 1014 429 et,
1039 392 1183 432 partibus
1201 391 1357 421 orationis
1382 413 1385 429 ‚
1412 399 1429 419 a
1445 390 1548 429 prima
1566 398 1670 428 usque
1686 389 1835 428 quintam
1852 394 1883 418 et
1907 394 2030 418 sextam
2053 389 2109 418 ubi
2134 389 2289 426 occurrit;
2305 392 2494 430 praesertim

284 451 449 483 collocatis
482 449 536 479 ubi
567 448 692 477 Auctor
725 446 840 476 ultimo
870 454 922 474 eas
953 449 1034 473 stare
1066 442 1180 477 voluit,
1214 446 1300 471 extra
1325 446 1356 470 et
1383 439 1384 467 l
1412 446 1442 470 et
1466 439 1686 480 principaliter
1710 448 1809 478 quam
1838 439 1998 468 rationem
2022 439 2148 469 Auctor
2172 440 2321 471 habuerit
2345 447 2381 471 ut
2403 441 2495 472 aliter

283 505 363 534 intra
386 501 554 542 portiones
577 502 805 538 transportatas
830 496 997 535 sequimur
1014 499 1045 525 et
1068 492 1249 524 indicamus
1274 492 1356 521 revi-
1382 488 1384 530 ι’
1411 491 1516 521 dicere
1541 490 1646 526 vellet,
1665 496 1696 520 et
1720 499 1819 530 quam
1845 489 2081 530 perfectionem
2098 496 2204 522 textus
2221 501 2279 532 per
2297 493 2494 524 revisionem

283 554 381 584 sionis
406 552 598 582 continuum
616 558 757 583 cursum,
776 547 832 577 sed
848 546 1039 586 autographi
1055 546 1128 575 loca
1152 544 1282 574 relativa
1299 552 1356 583 per
1382 562 1384 578 .
1410 543 1550 573 lucratus
1575 542 1624 576 sit,
1650 541 1729 571 haec
1755 541 1870 571 oculus
1896 541 2073 581 corporalis
2098 551 2166 572 non
2190 542 2288 573 videt.
2312 543 2359 573 Ea
2383 544 2493 575 discri-

282 604 408 640 folium,
424 604 517 638 latus,
535 601 733 635 columnam,
750 599 869 628 lineam
883 607 980 638 super
995 597 1139 636 margine
1156 594 1356 636 Appendicis
1381 599 1384 651 ξ
1410 595 1533 624 minare
1558 593 1695 623 lectores
1719 593 1912 632 autographi
1939 598 1970 623 et
1997 598 2127 624 nostrae
2154 594 2417 634 reproductionis
2441 605 2494 626 ae-

282 657 384 692 citata,
409 653 706 685 discontinuitatem
731 655 911 681 monstrant
935 649 988 679 cui
1013 649 1168 688 scriptura
1194 646 1355 687 primitiva
1382 657 1384 673 :
1411 644 1548 684 qualiter
1564 649 1697 684 spectat,
1713 653 1864 684 opusque
1882 649 1929 673 est
1945 643 2187 683 intelligentiae.
2205 645 2280 684 Qua
2298 657 2374 678 cum
2390 648 2493 679 lecto-

281 707 423 737 subiecta
448 705 516 735 fuit.
543 703 715 734 Credimus
740 707 846 731 tamen
865 700 955 740 quod
971 699 1135 740 generales
1161 702 1356 737 conspectus
1382 691 1384 707 '
1409 705 1458 725 res
1477 695 1569 725 facile
1593 695 1708 725 acriori
1734 695 1890 731 fruantur,
1909 700 1999 725 tanto
2017 697 2062 726 rei
2085 697 2306 729 aestimatores
2323 705 2354 729 et
2370 700 2495 731 iudices

280 757 497 788 mutationum
522 755 623 785 textui
646 753 728 784 infra
752 752 917 792 praemissi
935 751 1091 781 lecturam
1116 750 1166 779 vel
1191 749 1265 779 satis
1282 748 1355 778 illu-

279 809 450 839 minabunt
474 807 523 838 vel
549 812 633 837 certe
657 805 825 836 iuvabunt.

337 860 490 890 Ceterum
516 867 602 894 cum,
628 857 710 887 sicut
734 865 830 896 supra
854 854 1003 889 diximus,
1029 851 1280 892 repraesentatio
1298 861 1354 881 au·
1380 877 1382 899 ‚³

279 911 427 952 tographi
452 914 604 941 attentata
627 909 679 938 vix
704 906 790 937 aliud
808 907 847 935 sit
871 915 968 945 quam
994 914 1082 934 mera
1103 903 1354 938 translitteratio‚
1380 931 1381 936 ,

278 963 415 993 lectores
432 960 642 1002 Appendicis,
660 964 835 999 postquam
858 956 997 996 gratiose
1014 953 1210 984 crediderint
1225 958 1354 982 nostros
1379 939 1382 966 Ι

279 1013 394 1044 oculos
419 1013 501 1042 circa
532 1011 719 1041 columnam
745 1014 776 1038 et
800 1008 988 1047 marginem,
1014 1005 1298 1046 praesentiamque
1323 1010 1352 1034 et

278 1064 455 1095 absentiam
480 1062 649 1093 deletionis
678 1070 745 1091 non
775 1068 904 1094 errasse,
935 1059 966 1088 in
999 1062 1131 1098 aspectu
1161 1055 1352 1096 refiguratae

277 1116 397 1145 litterae
422 1118 548 1144 nostrae
574 1111 685 1142 eadem
711 1110 898 1140 conditione
923 1114 1064 1144 utentur,
1091 1117 1155 1148 qua
1179 1116 1240 1137 nos
1269 1107 1352 1147 aspi-

277 1167 397 1196 cientes
428 1163 616 1204 originalem
647 1162 782 1202 figuram
815 1161 996 1191 utebamur.
1029 1159 1155 1190 Oculus
1190 1157 1349 1198 quaedam

276 1217 440 1252 discernit;
458 1215 601 1255 plurium
615 1214 749 1244 unicum
764 1213 927 1243 criterium
940 1217 987 1241 est
1006 1210 1227 1250 intelligentia.
1241 1208 1351 1247 Quae·
1377 1219 1379 1242 Α

275 1278 350 1300 narn
373 1267 530 1307 scriptura
554 1265 658 1296 deleta
689 1263 785 1295 fuerit
813 1264 919 1304 primo
954 1263 1139 1303 scriptionis
1168 1267 1350 1298 momento,
1377 1249 1379 1291 l,

275 1328 434 1360 quaenam
459 1318 568 1359 potius
593 1317 752 1347 revisione
781 1321 943 1350 currente;
976 1323 1136 1354 quaenam
1162 1314 1352 1354 simpliciter
1377 1316 1379 1327 ³

1381 755 1383 764 <
1409 747 1502 776 nobis
1528 747 1797 786 congruentiores
1822 752 1926 777 erunt.

1463 798 1548 827 Ante
1573 803 1697 827 textum
1722 797 1947 828 authenticum
1973 798 2099 838 aliquot
2124 801 2361 839 praemittimus
2385 807 2491 832 textus

1409 859 1445 879 ex
1471 848 1642 878 traditione
1668 854 1893 889 congregatos,
1919 850 1974 889 qui
2004 849 2120 880 faciem
2151 851 2267 891 prioris
2295 852 2490 884 redactionis

1408 910 1483 940 prae
1500 910 1532 930 se
1558 899 1682 935 ferunt3
1709 899 1895 931 conferatur
1918 902 2138 942 paragraphus
2162 909 2283 940 nostra,
2307 903 2358 934 De
2382 905 2435 945 pA
2458 905 2493 935 in

1407 953 1579 982 traditione
1608 952 1722 993 (Praef.
1749 962 1779 992 p.
1806 951 1882 994 xw).
1913 952 2055 984 Codices
2087 963 2145 994 per
2172 954 2250 995 sigla
2277 965 2335 986 sua
2362 955 2494 987 adducti

1408 1003 1620 1034 ostenderunt
1637 1004 1731 1033 nobis
1755 1004 1824 1034 illas
1849 1005 1972 1044 priores
1989 1005 2145 1036 lectiones
2162 1007 2205 1043 A;
2230 1016 2311 1047 quas
2334 1008 2412 1048 legit
2436 1009 2492 1050 qui

1379 1059 1380 1077 1
1407 1061 1530 1085 textum
1557 1055 1683 1084 uncinis
1713 1062 1895 1095 separatum
1929 1057 2059 1093 omittit,
2091 1063 2236 1088 ceterum
2268 1058 2309 1088 ad
2337 1064 2492 1100 typorum

1407 1105 1620 1136 differentiam
1646 1116 1712 1137 non
1738 1106 1917 1138 attendens.
1942 1126 1964 1130 —
1990 1108 2055 1138 Pro
2080 1109 2162 1139 libro
2188 1109 2229 1139 111
2254 1110 2379 1150 priores
2402 1111 2494 1142 reda—

1407 1158 1532 1188 ctiones
1549 1159 1581 1188 in
1606 1158 1805 1189 immensum
1823 1158 2061 1199 frequentiores
2077 1160 2207 1191 traditio
2223 1162 2452 1202 suppeditabit.
2470 1179 2493 1187 —

1406 1210 1496 1240 Patet
1521 1210 1611 1250 quod
1636 1211 1805 1241 citationes
1830 1211 1862 1241 in
1887 1211 2044 1252 margine,
2069 1218 2195 1252 praeter
2218 1213 2288 1243 illas
2313 1223 2397 1254 quae
2422 1215 2490 1246 Au-

1405 1261 1602 1302 tographum
1628 1261 1781 1298 indicant,
1807 1261 1994 1293 referendae
2019 1269 2094 1293 sunt
2118 1263 2158 1294 ad
2187 1264 2306 1295 librum
2330 1271 2491 1296 nostrum.

751 1488 1123 1531 CONSPECTUS
1155 1487 1555 1530 MUTATIONUM
1589 1487 1667 1529 CA
1677 1487 2009 1530 PITULORUM

743 1610 841 1659 Lissa
866 1628 887 1658 1.

317 1734 375 1763 Per
400 1733 565 1763 interitum
589 1732 684 1773 primi
710 1731 851 1762 fasciculi
869 1732 899 1761 A
915 1731 980 1762 hiat
1004 1731 1043 1761 ab
1068 1731 1160 1761 initio
1186 1740 1289 1771 usque
1315 1730 1353 1760 ad
1380 1726 1383 1750 l

273 1794 342 1825 cap.
370 1794 408 1823 27
438 1784 580 1824 exceptis
604 1783 700 1813 huius
730 1783 851 1813 ultimis
882 1782 975 1813 lineis
998 1792 1096 1823 super
1125 1781 1280 1812 fasciculo
1305 1791 1354 1812 se·
1380 1767 1382 1808 ἶ

1379 1809 1382 1877 l
1409 1833 1490 1874 Cap.
1515 1833 1569 1872 48.
1594 1833 1695 1872 Quod
1722 1833 1810 1864 Deus
1835 1834 1941 1873 primo
1971 1840 2001 1864 et
2034 1843 2090 1874 per
2119 1843 2154 1864 se
2182 1833 2290 1864 solum
2319 1843 2353 1864 se
2381 1834 2490 1875 ipsum

272 1835 380 1866 cundo
397 1835 601 1866 conservatis.
619 1834 799 1875 Supersunt
815 1840 924 1864 tamen
941 1834 1097 1864 lectiones
1122 1834 1184 1874 pA,
1202 1833 1250 1863 vel
1269 1843 1353 1873 quae

273 1887 421 1918 videntur
445 1896 512 1916 esse
537 1887 599 1927 pA,
624 1886 656 1916 in
682 1885 850 1916 codicibus
874 1885 939 1915 NZ.
966 1886 1131 1916 Praeterea
1156 1885 1260 1915 salvae
1277 1890 1353 1914 sunt
1379 1886 1381 1912 f

272 1939 394 1979 aliquot
426 1938 625 1968 reductiones
657 1937 697 1968 ad
728 1943 857 1977 tempus
892 1937 1059 1967 revisionis
1090 1937 1289 1977 pertinentes
1321 1942 1351 1967 et
1378 1943 1379 1947 ’

273 1995 414 2020 exaratae
432 1998 528 2029 super
547 1995 705 2029 quaterno
723 1989 889 2019 auxiliario
907 1989 955 2018 vel
983 2003 994 2014 «
1013 1998 1112 2028 parvo
1130 2003 1156 2024 ›>,
1175 1995 1209 2018 ut
1226 1989 1350 2018 Auctor

270 2048 375 2078 vocat,
399 2042 462 2071 hoc
486 2040 615 2071 ordine:

362 2090 439 2132 Cap'¹
466 2101 513 2132 19.
528 2092 627 2130 Quod
646 2093 679 2122 in
697 2092 768 2122 Deo
786 2092 865 2122 nihil
878 2098 923 2122 est
939 2092 1118 2122 violentum
1137 2101 1244 2131 neque
1258 2101 1349 2132 prae-

405 2149 452 2174 ter
475 2149 621 2174 naturam
640 2143 740 2184 prior
765 2143 931 2177 redactio:
954 2143 1089 2175 deletur.

363 2191 446 2234 Capi
464 2194 511 2224 18.
533 2193 634 2231 Quod
650 2194 682 2223 in
701 2194 772 2224 Deo
790 2194 877 2227 nulla
891 2200 936 2224 est
957 2194 1154 2234 compositio
1169 2194 1349 2235 fiugmen·

406 2250 491 2279 tum,·
515 2245 649 2275 deletur.

363 2295 440 2336 Cap¹
467 2304 515 2335 19.
540 2295 681 2326 secunda
707 2295 862 2331 redactio,
883 2296 1074 2336 partialiter
1099 2297 1214 2326 iterum
1242 2296 1349 2337 resor-

407 2352 505 2377 mata.
532 2347 666 2382 Deinde,
680 2353 756 2387 post
772 2347 899 2387 aliquot
914 2348 1097 2387 scripturas
1113 2347 1157 2378 ad
1171 2346 1347 2378 secundum
1376 2388 1377 2396 ἵ

407 2404 437 2428 et
461 2399 590 2428 tertium
599 2399 801 2440 fasciculum
820 2400 951 2434 relatas,
968 2405 1150 2440 sequuntur
1165 2409 1265 2440 supra
1283 2400 1348 2430 duo

409 2450 523 2480 ultima
538 2450 631 2491 solia
653 2451 771 2490 parvi:

363 2498 441 2541 Capi
468 2501 515 2531 13.
542 2501 693 2531 Rationes
717 2501 756 2531 ad
785 2502 988 2542 probandum
1022 2503 1126 2532 Deum
1154 2512 1221 2533 esse
1242 2504 1347 2544 frag-

406 2558 547 2583 mentum
572 2553 707 2594 Iongum
731 2558 762 2583 et
781 2559 1037 2593 percorrectum.
1143 2589 1148 2594 ¹

362 2602 440 2644 Capi
463 2613 514 2634 20.
540 2604 639 2642 Quod
664 2604 751 2635 Deus
776 2614 841 2634 non
860 2611 907 2635 est
923 2615 1042 2645 corpus
1057 2606 1256 2647 fragmenta
1270 2606 1345 2636 tria.

272 2656 407 2686 Praeter
442 2660 554 2686 notata
591 2655 672 2685 nihil
706 2656 745 2686 de
780 2656 1004 2687 redactionum
1040 2663 1128 2687 motu
1165 2658 1196 2687 in
1229 2658 1347 2699 viginti

316 2712 433 2747 septem
459 2707 610 2747 capitulis·
634 2708 855 2748 cognoscitur.

272 2759 337 2788 Pro
360 2758 502 2789 secundo
527 2763 558 2788 et
585 2759 680 2788 tertio
696 2759 866 2800 fiisciculo
892 2764 998 2790 textam
1024 2762 1046 2790 A
1075 2765 1161 2790 totus
1189 2766 1346 2800 superest,

328 2814 459 2849 excepto
485 2810 516 2839 in
531 2810 606 2850 fine
624 2810 712 2839 Libri
733 2819 794 2850 per
809 2811 1014 2840 amissionem
1036 2811 1137 2851 primi
1161 2811 1348 2852 diplomatis

319 2860 480 2902 fasciculi
504 2861 600 2891 tertii.

275 2911 355 2951 Cap.
382 2911 432 2942 28.
460 2912 507 2942 De
533 2911 735 2942 Perfectione
760 2912 885 2942 Divina.

274 2963 354 3004 Cap.
382 2973 431 3004 29.
458 2964 505 2994 De
531 2963 745 2994 Similitudine
774 2970 988 2995 creaturarum
1021 2964 1083 3004 (vel
1117 2972 1279 2997 creaturae
1308 2967 1346 2997 ad
1375 2981 1376 2984 ¹

330 3015 451 3050 Deum;
476 3015 639 3055 scriptura
665 3015 750 3045 tituli
775 3021 925 3045 neutrum
950 3017 1039 3047 clare
1064 3017 1210 3056 indicat).

275 3066 377 3107 Capp.
397 3066 515 3097 30-35.
533 3071 697 3097 tractatur
712 3067 751 3097 de
762 3067 1012 3107 praedicatione
1029 3069 1194 3099 nominum
1209 3069 1248 3099 de
1264 3070 1346 3101 Deo.

276 3117 355 3159 Cap.
382 3118 433 3149 36.
459 3118 604 3156 Qualiter
635 3118 817 3148 intellectus
847 3125 956 3149 noster
989 3119 1026 3150 dc
1052 3121 1122 3151 Deo
1148 3122 1347 3162 propositio-

330 3179 405 3200 nem
430 3169 558 3200 formet.

386 3221 492 3251 Deum
517 3230 585 3251 esse
610 3221 734 3251 bonum
760 3229 896 3263 margo:
921 3222 1055 3253 deletur.

386 3271 492 3302 Deum
510 3281 577 3301 esse
595 3272 625 3301 in
644 3270 707 3302 fine
725 3272 876 3302 bonitatis
893 3280 1032 3314 tnargo,·
1056 3274 1190 3309 deletur,
1209 3282 1238 3305 et
1263 3281 1348 3306 trac-

331 3327 417 3352 tatus
441 3322 622 3352 uberiorem
649 3322 868 3353 redactionem
895 3324 1007 3364 recipit
1033 3325 1063 3354 in

454 3370 535 3413 capia
554 3373 655 3412 37-41
685 3382 782 3413 super
806 3374 966 3404 columnis
986 3375 1093 3415 parvi.

277 3423 357 3463 Cap.
375 3433 427 3462 42·
453 3423 552 3461 Quod
571 3423 657 3454 Deus
675 3430 720 3454 est
738 3434 835 3459 unus;
854 3430 984 3455 extense
1007 3427 1230 3467 reformatum·
1244 3429 1348 3469 frag-

334 3479 472 3504 mentum
497 3474 591 3505 breve
616 3474 749 3504 ultimae
774 3474 971 3505 reductionis
996 3481 1042 3506 est
1066 3477 1098 3506 in
1120 3486 1236 3517 pat-1¹0.

279 3525 358 3565 Cap.
383 3526 435 3564 43.
461 3526 561 3563 Quod
586 3526 673 3556 Deus
699 3532 744 3556 est
770 3526 923 3558 infinitus.

279 3575 359 3615 Cap.
383 3586 435 3615 44.
461 3576 559 3614 Quod
578 3577 664 3606 Deus
679 3583 725 3607 est
744 3577 941 3616 intelligens3
960 3579 1094 3608 multum
1114 3580 1350 3620 reformatum:

334 3636 350 3656 e
370 3627 478 3666 prima
501 3627 665 3667 scriptura
690 3628 853 3658 linearum
871 3634 998 3659 centum
1023 3630 1247 3671 quadraginta
1272 3642 1350 3672 qua-

335 3682 411 3707 tuor
434 3677 557 3708 deletae
580 3683 655 3708 sunt
680 3679 785 3709 lineae
809 3685 935 3709 centum
961 3681 1132 3711 sexdecim.

458 3738 477 3758 a
503 3729 590 3759 Deus
607 3736 652 3759 est
671 3731 780 3760 vivens
796 3741 894 3771 super
911 3733 1079 3773 margine‚'
1095 3733 1230 3765 deletur.
1253 3735 1350 3766 Τναθ-

515 3785 599 3810 tatus
624 3780 672 3809 De
696 3781 762 3811 Vita
780 3787 810 3811 et
834 3782 1041 3813 Beatitudine
1061 3784 1120 3814 nei
1145 3787 1274 3819 (notavi
1297 3797 1316 3817 a
1334 3788 1351 3817 b

514 3840 530 3860 c
547 3830 568 3860 d
583 3830 617 3870 lc)
637 3831 835 3871 reformatus
853 3833 884 3862 in
891 3834 996 3874 finem
1018 3835 1105 3865 Libri
1125 3836 1283 3877 defertur.

281 3882 361 3922 Cap.
386 3882 439 3920 45.
457 3881 556 3919 Quod
571 3882 746 3921 intelligere
761 3883 818 3914 Dei
837 3890 883 3914 est
893 3894 948 3915 sua
964 3887 1115 3919 essentia:
1135 3889 1350 3928 reformatum

326 3933 406 3974 sere
419 3938 538 3963 totum:
555 3942 572 3962 e
585 3933 678 3963 lineis
694 3939 820 3963 centum
839 3935 976 3976 triginta
994 3944 1221 3969 remanserunt
1233 3940 1350 3971 decem.

390 3984 408 4014 b
434 3984 466 4015 ln
494 3984 564 4015 Deo
589 3984 673 4015 idem
699 3991 745 4015 est
770 3995 837 4015 esse
863 3993 893 4016 ct
925 3987 1028 4018 vivere
1056 3995 1085 4018 et
1111 3990 1200 4020 beate
1231 3992 1350 4024 virere:
1379 3981 1382 4021 Ι

349 4034 494 4071 deletum·
518 4036 561 4077 cf.
587 4036 645 4066 suo
669 4046 698 4066 a.

1411 1626 1492 1667 Cap.
1517 1626 1571 1665 46.
1597 1626 1698 1664 Quod
1722 1626 1812 1657 Deus
1837 1636 1894 1667 per
1917 1627 1995 1657 nihil
2021 1627 2108 1657 aliud
2136 1627 2286 1667 intelligit
2311 1637 2409 1668 quam
2434 1637 2488 1668 per

1467 1688 1558 1710 suam
1583 1679 1766 1710 essentiam.
2326 1691 2331 1698 ·

1523 1740 1541 1762 c
1564 1731 1656 1762 Inter
1671 1731 1778 1762 deleta
1794 1731 1891 1762 huius
1907 1732 2044 1772 capituli
2060 1736 2107 1762 est
2116 1731 2356 1773 paragraphus
2374 1731 2493 1763 Adhuc

1477 1782 1711 1814 beatitudinem
1726 1782 1951 1823 ...intelligin
1977 1783 2020 1824 cf.
2045 1783 2104 1813 sub
2128 1792 2158 1813 a.

1465 1885 1644 1925 cognoscit.

1518 1935 1540 1966 d
1563 1935 1656 1966 Inter
1679 1936 1748 1966 alia
1780 1935 1932 1966 delentur
1959 1936 2025 1966 duo
2055 1936 2153 1966 verba
2179 1943 2210 1967 et
2238 1936 2423 1973 beatitudo;
2449 1935 2492 1968 cf.

1462 1987 1521 2018 sub
1545 1996 1575 2018 a.

1407 2037 1487 2078 Cap.
1513 2047 1567 2078 49.
1592 2037 1693 2076 Quod
1718 2038 1807 2068 Deus
1831 2038 2002 2078 cognoscit
2026 2038 2086 2069 alia
2110 2049 2128 2069 a
2151 2048 2196 2069 se.

1588 2099 1605 2120 e
1629 2089 1663 2120 ln
1689 2090 1823 2120 scientia
1849 2089 1909 2120 Dei
1941 2099 2010 2121 non
2035 2099 2104 2121 esse
2129 2089 2326 2126 discursum3
2352 2099 2491 2132 margo,

1642 2141 1770 2172 deletur
1793 2146 1824 2172 et
1849 2141 2055 2183 reformatur
2078 2141 2224 2182 capitulo
2248 2142 2301 2182 57.

1577 2194 1608 2235 f
1628 2194 1687 2224 Dei
1712 2193 1863 2224 notitiam
1894 2202 1962 2224 non
1992 2202 2062 2224 esse
2095 2193 2324 2230 discursivam3
2350 2202 2492 2237 margo,·

1642 2245 1771 2276 deletur
1794 2250 1825 2276 et
1848 2245 2056 2287 reformatur
2073 2245 2186 2286 primo
2210 2244 2355 2286 capitulo
2373 2250 2492 2278 trunco

1637 2301 1714 2337 post
1737 2297 1916 2337 capitulum
1941 2297 1998 2336 54,
2023 2301 2055 2328 et
2077 2296 2243 2338 definitive
2265 2297 2410 2338 capitulo
2433 2298 2491 2330 55.

1405 2348 1486 2388 Cap.
1514 2349 1566 2378 50.
1594 2347 1695 2386 Quod
1732 2348 1822 2379 Deus
1857 2348 1953 2379 habet
1988 2349 2155 2389 propriam
2190 2348 2414 2389 cognitionem
2447 2348 2490 2380 de

1460 2399 1614 2430 omnibus
1639 2400 1746 2430 rebus.

1404 2451 1508 2491 Capp.
1529 2451 1613 2482 51-5
1621 2460 1649 2482 2.
1675 2451 1830 2482 Rationes
1847 2450 1887 2482 ad
1903 2451 2137 2492 inquirendum
2154 2451 2293 2492 qualiter
2309 2450 2488 2482 multitudo

1458 2502 1700 2533 intellectorum
1726 2502 1766 2533 sit
1789 2503 1823 2533 in
1847 2502 2015 2534 intellectu
2039 2502 2162 2534 divino.

1403 2554 1483 2595 Cap.
1505 2555 1556 2587 53.
1582 2554 1711 2586 Solutio
1729 2555 1923 2595 praemissae
1935 2554 2158 2586 dubitationis.
2178 2555 2258 2586 Tres
2271 2554 2492 2592 redactiones,

1461 2607 1557 2637 tertia
1581 2616 1680 2647 super
1704 2607 1858 2648 margine
1865 2613 1876 2642 ,·
1906 2606 2062 2648 singulae
2079 2606 2179 2647 plene
2201 2606 2344 2648 scriptae
2366 2612 2445 2638 sunt
2458 2611 2493 2639 et

1450 2658 1532 2700 sere
1554 2659 1625 2689 sine
1641 2657 1903 2689 correctionibus
1917 2667 2002 2699 quae
2019 2666 2085 2688 non
2110 2662 2215 2688 essent
2239 2666 2260 2688 a
2278 2658 2392 2699 prima
2406 2658 2489 2690 scri·

1453 2709 1579 2750 ptionis
1594 2709 1689 2745 hora,
1709 2709 1845 2750 ideoque
1861 2708 2033 2740 commoda
2049 2709 2227 2750 specimina
2251 2709 2411 2746 studioso,
2433 2709 2492 2752 qui

1460 2761 1681 2802 differentiam
1697 2760 1851 2792 dictionis
1868 2761 2032 2801 primitivi
2048 2765 2079 2791 et
2096 2761 2194 2791 revisi
2210 2766 2319 2792 textus
2334 2761 2491 2793 Auctoris

1463 2812 1552 2852 cupit
1575 2811 1797 2843 considerare.

1406 2863 1488 2904 Cap.
1515 2864 1567 2903 54.
1594 2863 1742 2902 Qualiter
1765 2863 1874 2894 divina
1890 2864 2026 2895 essentia
2044 2873 2108 2894 una
2133 2864 2272 2895 existens
2297 2869 2328 2894 et
2352 2864 2490 2905 simplex

1463 2916 1502 2945 sit
1526 2916 1658 2956 propria
1682 2914 1861 2946 similitudo
1885 2915 2037 2946 omnium
2061 2914 2323 2955 intelligibilium.

1517 2976 1542 3008 g
1567 2966 1675 2997 Deum
1692 2966 1794 2998 multa
1811 2965 2015 2998 considerare
2031 2966 2145 3002 simul;
2170 2966 2350 3008 capitulum
2367 2966 2491 2999 incom-

1455 3019 1601 3059 pletum,·
1625 3029 1643 3050 e
1658 3018 1820 3050 deletione
1836 3018 2016 3049 redivivum
2034 3018 2151 3050 iterum
2169 3018 2317 3054 deletur:
2339 3018 2383 3060 cs.
2399 3018 2498 3062 subs

1460 3075 1491 3101 et
1515 3079 1584 3110 cap.
1610 3071 1666 3101 55.

1516 3122 1535 3151 h
1562 3121 1717 3152 Divinum
1742 3121 1944 3153 intellectum
1961 3121 2054 3153 nullo
2068 3120 2172 3152 modo
2189 3129 2258 3152 esse
2275 3122 2307 3152 in
2325 3122 2488 3162 potentin

1461 3172 1599 3204 deletum
1625 3179 1657 3204 et
1681 3173 1888 3215 reformatur
1910 3173 2056 3215 capitulo
2081 3173 2137 3205 56.

1586 3224 1597 3254 i
1621 3223 1857 3264 Cognitionem
1874 3224 1935 3255 Dei
1959 3224 2051 3255 nullo
2068 3223 2171 3255 modo
2196 3224 2325 3260 vai-iarn
2350 3229 2490 3266 margin·

1644 3275 1784 3306 deletum
1810 3275 1843 3306 in
1875 3275 2148 3316 suppressionem,
2183 3284 2260 3306 nam
2291 3274 2488 3316 reformatio

1647 3326 1764 3357 nullibi
1788 3326 1934 3358 obtinere
1957 3326 2096 3359 videtur.

1405 3375 1487 3416 Cap.
1516 3376 1567 3407 56.
1593 3377 1694 3416 Quod
1711 3378 1857 3418 cognitio
1875 3378 1935 3409 Dei
1951 3387 2019 3410 non
2041 3383 2088 3409 est
2103 3377 2293 3412 habitualis
2318 3377 2363 3418 cs.
2379 3377 2440 3408 sub
2455 3377 2487 3408 Ιι.

1463 3427 1596 3459 Initium
1612 3428 1707 3459 habet
1725 3434 1791 3460 tres
1815 3429 2030 3465 reductiones,
2056 3434 2087 3460 et
2109 3433 2213 3460 totum
2237 3428 2417 3468 capitulum
2435 3438 2487 3461 re-

1462 3484 1612 3510 movetur
1631 3485 1708 3520 post
1729 3490 1876 3521 sequens.

1377 3509 1379 3512 >
1406 3530 1487 3570 Cap.
1514 3531 1565 3562 55.
1592 3531 1692 3569 Quod
1711 3531 1800 3563 Deus
1816 3532 1927 3563 omnia
1942 3531 2041 3563 simul
2054 3531 2219 3572 intelligit;
2238 3532 2280 3573 cf.
2298 3532 2396 3574 subs
2405 3537 2436 3563 et
2450 3542 2486 3574 g.

1406 3579 1487 3621 Cap.
1515 3583 1566 3621 57.
1592 3582 1692 3620 Quod
1710 3583 1855 3623 cognitio
1881 3583 1940 3614 Dei
1964 3591 2032 3613 non
2049 3587 2097 3613 est
2113 3581 2305 3619 discursis-m
2323 3583 2368 3625 cf.
2383 3583 2443 3615 sub
2458 3593 2487 3615 e.

1517 3634 1538 3664 Ιι·
1562 3635 1654 3665 Inter
1669 3635 1775 3666 deleta
1791 3635 1914 3667 obtinet
1923 3635 2169 3676 paragraphum.
2190 3634 2268 3666 Item
2294 3635 2446 3667 felicitas.
2456 3658 2464 3666 .
2477 3661 2484 3668 .

1455 3686 1699 3722 ratiocinativa:
1725 3687 1769 3728 cf.
1793 3686 1853 3718 sub
1876 3695 1908 3717 a.

1406 3736 1487 3776 Cap.
1514 3738 1566 3768 58.
1591 3737 1692 3776 Quod
1717 3738 1806 3769 Deus
1829 3746 1896 3768 non
1921 3736 2070 3777 intelligit
2093 3737 2328 3778 componendo
2349 3743 2381 3769 et
2405 3737 2486 3768 divi-

1459 3786 1582 3823 dend0;
1607 3787 1783 3819 exordium
1810 3787 1869 3819 sub
1892 3792 1968 3819 actu
1988 3788 2119 3828 primae
2142 3788 2331 3830 scriptionis
2354 3789 2486 3821 abrum-

1456 3838 1550 3878 pitur
1573 3844 1604 3870 et
1628 3849 1748 3870 novum
1774 3838 1973 3875 institutiun-
1997 3839 2184 3881 ceteroquin
2202 3840 2381 3881 capitqum
2403 3840 2487 3872 mul-

1463 3894 1530 3920 tum
1555 3895 1712 3921 mutatur.
2337 3889 2341 3895 “

1518 3941 1598 3982 Cap.
1626 3942 1678 3982 59.
1693 3940 1806 3979 Quod
1821 3951 1839 3972 a
1864 3941 1936 3972 Deo
1960 3952 2027 3973 non
2045 3942 2226 3975 excluditur
2243 3944 2358 3975 veritos
2382 3951 2486 3974 enun-

1463 3992 1636 4028 tiabilium3
1662 3992 1695 4023 in
1719 3996 1880 4033 quaterno
1900 4002 2018 4033 parvo.

1517 4043 1597 4084 Cap.
1625 4043 1678 4074 60.
1705 4042 1806 4081 Quod
1831 4043 1919 4074 Deus
1944 4050 1990 4074 est
2015 4045 2145 4079 veritam
2164 4045 2196 4075 in
2216 4054 2336 4086 parvo.
