2768 4134
43 755 53 765 ”
67 753 119 775 Lib.
134 754 152 780 1,
170 758 222 779 cap.
235 758 257 773 ιι

42 786 95 808 *qq-

42 971 63 997 -ι-
78 970 181 998 Explicit
207 970 257 991 Αυ-

0 1006 1 1010 *
40 1003 98 1019 τοῦ.
122 996 181 1019 Vn.
208 1002 256 1028 39v

39 1023 128 1073 aa..
135 1023 256 1072 assei

41 1084 52 1100 ἱ
62 1083 74 1099 Γ
91 1083 106 1099 Ι
114 1084 122 1099 ¹
127 1093 134 1099 .

47 2892 58 2903 '¹
73 2891 109 2914 cf.
127 2891 262 2913 Comment.

48 2923 101 2946 cap.
110 2924 192 2945 xxxix,
202 2917 252 2940 init.

49 2970 183 3019 hrenum„
197 2974 262 2993 tract.

725 296 912 334 SUMMA
943 297 1163 335 CONTRA
1192 298 1467 344 GENTILES⁷
1496 299 1652 344 LlB.11·‚
1684 299 1794 336 CAP.
1816 300 1927 336 XLII.¹
1968 306 1979 317 ¹

283 373 523 424 producitur,
539 373 718 423 provenit
737 386 759 411 a
778 374 903 412 forma
923 375 1035 412 simili
1050 388 1150 426 quae
1171 384 1226 414 est
1245 377 1284 413 in
1299 377 1355 414 in-

283 428 452 473 tellectu3
469 427 566 465 sicut
586 427 728 465 domus
748 440 848 477 quae
869 436 924 464 est
948 428 987 465 in
1003 430 1172 476 materia,
1193 442 1215 467 a
1234 430 1356 467 domo

284 493 386 530 quae
406 489 462 518 est
481 481 521 518 in
540 480 744 518 intellectu.
774 481 918 518 Forma
947 490 1077 520 autem
1106 482 1355 521 distinctionis

285 542 322 572 et
341 534 486 572 ordinis
506 546 588 572 non
606 541 731 584 potest
750 546 833 571 esse
853 535 892 572 in
911 534 1103 573 intellectu
1123 544 1256 585 agente
1285 536 1354 573 nisi

285 588 359 625 sint
379 587 431 625 ibi
449 588 596 625 formae
616 587 885 625 distinctorum
905 597 942 625 et
961 589 1239 627 ordinatorum.
1257 590 1356 627 Sunt

286 641 399 690 igitur
417 641 457 678 in
476 641 669 678 intellectu
697 641 831 679 divino
860 642 1006 680 formae
1036 643 1278 681 diversarum
1298 655 1355 680 re-

286 707 374 733 rum
401 694 668 732 distinctarum
697 703 733 731 et
761 695 1045 733 ordinatarum:
1075 709 1147 734 nec
1171 697 1247 734 hoc
1266 696 1356 733 sim-

284 748 439 798 plicitati
468 748 589 798 ipsius
618 757 815 798 repugnat,
836 758 878 786 ut
897 762 1014 799 supra
1028 749 1048 771 '¹‘
1067 758 1268 787 ostensum
1287 758 1354 786 est.

287 801 328 840 Si
355 801 469 850 igitur
496 814 542 839 ex
571 802 704 839 formis
732 815 833 852 quae
862 811 952 840 sunt
979 803 1019 840 in
1047 803 1239 840 intellectu
1267 815 1356 852 pro-

285 855 443 893 veniant
462 868 523 892 res
542 863 647 893 extra
666 855 850 902 animam,
868 856 908 893 in
928 856 986 893 his
1006 869 1106 905 quae
1125 869 1196 906 per
1214 856 1356 893 intelle-

285 917 392 947 ctum
411 917 588 958 aguntur,
609 917 791 959 poterunt
810 923 832 947 a
851 910 977 959 prima
995 922 1112 947 causa
1134 909 1355 947 immediate

284 963 434 1000 causari
462 964 574 1013 plura
602 970 639 1000 et
667 963 829 1009 diversa,
859 975 940 1000 non
969 963 1150 1000 obstante
1166 961 1197 1015 †
1225 963 1356 1000 divina

285 1015 536 1066 simplicitate,
556 1024 715 1066 propter
733 1029 854 1066 quam
874 1016 1035 1066 quidam
1056 1016 1094 1053 in
1119 1017 1356 1066 praedictam

283 1069 519 1120 positionem
549 1069 778 1107 inciderunt.

337 1125 443 1161 Item.
472 1123 583 1161 Actio
603 1123 747 1172 agentis
771 1135 841 1172 per
868 1124 1103 1161 intellectum
1131 1123 1357 1160 terminatur
1372 1143 1380 1156 ι

283 1178 333 1215 ad
352 1178 520 1215 formam
540 1189 660 1227 quam
681 1176 860 1226 intelligit,
881 1189 961 1214 non
981 1177 1030 1214 ad
1050 1176 1176 1222 aliam,
1196 1176 1268 1213 nisi
1287 1189 1357 1226 per

283 1231 462 1284 accidens
490 1239 527 1268 et
555 1243 578 1267 a
605 1242 710 1268 casu.
746 1231 854 1268 Deus
888 1238 1019 1268 autem
1049 1238 1104 1267 est
1137 1242 1252 1278 agens
1287 1238 1357 1279 per

284 1284 535 1330 intellectum,
565 1291 607 1321 ut
635 1291 835 1321 ostensum
873 1291 928 1321 est
946 1283 984 1320 *:
1014 1296 1086 1321 nec
1119 1291 1244 1333 potest
1273 1283 1356 1320 eius

282 1337 494 1376 actioffesse
513 1336 687 1383 casualis,
706 1349 799 1374 cum
818 1349 899 1374 non
919 1337 1038 1387 possit
1058 1337 1097 1374 in
1117 1349 1187 1374 sua
1207 1336 1355 1374 actione

283 1391 449 1430 deficere
463 1391 494 1428 ²¹⁸.
517 1391 681 1440 Oportet
701 1390 814 1439 igitur
831 1392 939 1440 quod
959 1391 1149 1440 producat
1173 1390 1356 1427 effectum

283 1457 402 1482 suum
430 1457 477 1482 ex
506 1445 581 1481 hoc
609 1444 717 1493 quod
746 1443 877 1493 ipsum
905 1444 1088 1481 effectum
1123 1443 1292 1491 intelligit
1320 1451 1357 1480 et

282 1497 455 1535 intendit.
487 1498 564 1535 Sed
591 1510 663 1547 per
690 1509 811 1547 quam
832 1497 1020 1534 rationem
1041 1496 1210 1544 intelligit
1229 1508 1355 1533 unum

282 1551 477 1596 effectum,
506 1558 632 1600 potest
661 1558 696 1587 et
725 1551 868 1587 multos
897 1551 1056 1587 effectus
1084 1550 1178 1586 alios
1198 1561 1221 1586 a
1240 1562 1280 1586 se
1300 1549 1356 1586 in-

281 1604 459 1652 telligere.
490 1604 619 1640 Potest
647 1602 761 1652 igitur
788 1603 913 1640 statim
943 1603 1065 1640 multa
1093 1614 1251 1639 causare
1271 1602 1356 1639 abs-

283 1669 362 1708 que
390 1656 534 1694 medio.
869 1655 871 1657 ’

335 1710 527 1760 Amplius.
555 1709 662 1747 Sicut
680 1721 798 1759 supra
817 1716 1018 1746 ostensum
1038 1716 1093 1745 est
1107 1708 1137 1754 ³²,
1162 1708 1283 1745 virtus
1302 1707 1357 1745 di-

281 1764 375 1802 vina
392 1776 474 1801 non
494 1763 678 1801 limitatur
691 1763 740 1800 ad
756 1774 883 1800 unum
903 1762 1104 1799 effectum:
1126 1769 1162 1798 et
1182 1762 1258 1799 hoc
1275 1761 1357 1798 eius

282 1817 513 1868 simplicitati
541 1816 741 1862 convenit3
771 1815 863 1866 quia
895 1823 1043 1865 quanto
1077 1815 1205 1865 aliqua
1238 1814 1357 1852 virtus

283 1879 339 1910 est
357 1870 480 1920 magis
499 1870 617 1917 unita,
638 1878 744 1907 tanto
765 1878 820 1907 est
840 1869 961 1918 magis
990 1868 1150 1914 infinita,
1173 1869 1222 1906 ad
1246 1870 1358 1918 plura

283 1937 324 1962 se
351 1933 490 1975 potens
518 1924 737 1961 extendere.
768 1923 889 1970 Quod
917 1930 1050 1960 autem
1084 1935 1131 1959 ex
1166 1935 1247 1959 uno
1276 1934 1357 1959 non

282 1978 351 2016 fiat
369 1978 443 2015 nisi
461 1989 601 2023 unum,
621 1989 702 2014 non
722 1984 874 2026 oportet
900 1975 972 2013 nisi
992 1976 1152 2025 quando
1172 1987 1289 2024 agens
1307 1975 1357 2012 ad

284 2044 410 2069 unum
439 2031 623 2068 effectum
643 2030 931 2067 determinatur.
962 2030 1055 2066 Non
1075 2036 1227 2078 oportet
1245 2028 1358 2077 igitur

284 2085 412 2123 dicere
431 2085 551 2134 quod⁷
572 2084 664 2134 quia
683 2084 790 2121 Deus
819 2091 874 2120 est
902 2095 1006 2120 unus
1026 2090 1062 2119 et
1082 2082 1245 2119 omnino
1266 2081 1356 2118 sim-

338 2198 356 2224 6
373 2198 536 2224 diversarum
554 2204 644 2223 rerum
663 2197 842 2222 distinctarum
861 2197 883 2221 A
901 2197 987 2226 solum
1007 2196 1186 2231 distinctarum
1206 2203 1292 2220 rerum
1311 2196 1482 2220 diversarum.

1168 2238 1200 2265 ¹9
1214 2230 1334 2265 casualis]
1350 2230 1461 2256 causalis
1472 2230 1570 2260 aDEG,
1583 2231 1641 2255 talis
1655 2230 1687 2256 Χ.

869 2275 901 2300 27
921 2273 947 2293 et
964 2266 1024 2301 hoc]
1044 2273 1071 2292 et
1088 2267 1138 2292 hoc
1157 2271 1284 2300 quantum
1303 2267 1333 2297 B,
1353 2272 1379 2291 et
1397 2266 1446 2291 hoc
1465 2266 1537 2299 quod
1555 2266 1587 2296 X,
1602 2274 1633 2291 ex
1651 2265 1701 2290 hoc
1715 2265 1786 2298 quod
1799 2265 1830 2290 D.

1013 2310 1046 2337 ²9
1065 2302 1106 2336 ad}
1127 2308 1153 2328 et
1171 2303 1203 2327 ad
1222 2302 1391 2333 NWYZch;
1410 2302 1446 2336 cs.
1464 2309 1522 2327 var.
1541 2308 1594 2334 seq.

337 2341 356 2368 6
374 2350 426 2367 non
446 2346 602 2374 possunt...
621 2340 670 2366 nisi
689 2340 803 2373 legimus
821 2347 882 2365 cum
902 2339 1115 2369 DNWYZsEPc;
1136 2339 1158 2363 A
1177 2345 1241 2364 casu
1260 2338 1361 2363 omittit
1379 2345 1446 2368 non;
1466 2338 1480 2362 b
1500 2344 1542 2362 om
1563 2345 1616 2362 non
1635 2340 1662 2362 et
1680 2336 1742 2367 nisi;
1762 2336 1851 2361 aEGX
1869 2336 1963 2369 legunt
1981 2341 2138 2369 possunt...

1362 2380 1393 2406 ¹7
1413 2372 1561 2406 fabricatus]
1582 2380 1642 2398 curn
1663 2380 1694 2397 eo
1713 2372 1854 2397 fabricatus
1874 2372 1902 2397 Ρ.

1311 2409 1342 2434 25
1362 2407 1443 2442 orbis]
1464 2408 1540 2442 primi
1559 2408 1630 2435 orbis
1650 2408 1696 2439 sN,
1715 2408 1787 2440 quod
1805 2411 1832 2433 et
1850 2407 1876 2432 in
1897 2409 1918 2432 A
1938 2410 2108 2439 expectares.

284 2240 372 2270 potest
383 2235 412 2266 Z,
426 2235 504 2268 igitur
517 2242 570 2258 non
584 2238 673 2267 potest
685 2233 718 2264 G,
738 2240 790 2257 non
803 2237 891 2266 potest
905 2232 982 2265 igitur
994 2232 1086 2257 ceteri.

281 2274 345 2304 post
363 2277 471 2296 causare
490 2269 552 2301 αΡε,
570 2273 634 2294 ante
653 2268 730 2302 igitur
748 2268 777 2293 Z.

285 2307 342 2333 eius
361 2305 526 2339 simplicitate
543 2305 664 2338 provenit
682 2311 774 2330 omnes
791 2311 851 2329 cum
871 2304 920 2336 pA.

286 2377 402 2411 materia]
422 2377 530 2402 materia
549 2382 575 2402 et
592 2376 677 2401 forma
696 2376 784 2401 aDPc.
877 2373 910 2400 16
929 2374 983 2409 lob]
1004 2380 1030 2400 et
1048 2374 1093 2399 Iob
1113 2374 1268 2399 GNYZch.

285 2419 344 2440 actu
362 2421 406 2439 om
426 2413 490 2444 ‹zW3
510 2413 536 2437 in
554 2417 655 2438 actu...
677 2411 710 2436 26
729 2411 876 2436 secundum
894 2410 967 2443 quod
986 2416 1027 2436 est
1044 2410 1112 2436 hom
1124 2417 1168 2435 om
1186 2409 1219 2435 D.

2402 300 2474 337 365

1410 378 1508 427 plex,
1529 390 1576 414 ex
1594 377 1679 426 ipso
1700 377 1906 415 multitudo
1935 378 2140 427 provenire
2160 391 2240 416 non
2260 378 2380 428 possit
2406 379 2477 416 nisi

1410 430 1669 467 mediantibus
1697 430 1889 479 aliquibus
1917 432 1966 468 ab
1995 431 2077 469 eius
2112 431 2348 482 simplicitate
2382 432 2477 469 defi-

1411 483 1609 520 cientibus.
2409 480 2414 483 ’

1465 537 1676 574 Praeterea.
1712 538 1923 574 Ostensum
1959 546 2014 574 est
2048 551 2164 587 supra
2183 539 2202 560 ²²³
2231 539 2337 588 quod
2373 540 2477 576 solus

1379 606 1387 625 ς
1411 590 1518 626 Deus
1537 598 1661 639 potest
1675 602 1816 626 creare.
1838 591 1960 627 Multa
1979 599 2108 628 autem
2129 600 2216 628 sunt
2232 604 2361 629 rerum
2377 605 2477 641 quae

1411 654 1492 679 non
1521 651 1683 702 possunt
1711 643 1921 692 procedere
1950 643 1989 680 in
2018 656 2099 681 esse
2129 644 2199 682 nisi
2228 657 2297 694 per
2320 646 2476 682 creatio-

1411 707 1521 733 nem:
1552 704 1648 733 Sicut
1677 696 1809 733 omnia
1839 709 1939 746 quae
1968 709 2048 733 non
2077 706 2166 734 sunt
2193 698 2407 747 composita
2431 712 2476 736 ex

1412 749 1535 786 forma
1572 757 1608 786 et
1642 749 1800 787 materia
1833 749 2086 787 contrarietati
2122 751 2311 797 subiecta;
2346 752 2477 794 huius-

1411 802 1520 840 modi
1540 802 1644 840 enim
1665 802 1935 851 ingenerabilia
1955 811 2106 852 oportet
2125 816 2218 848 esse,
2238 816 2329 841 cum
2349 805 2476 842 omnis

1373 875 1398 890 ιο
1410 856 1605 903 generatio
1634 857 1679 894 sit
1707 869 1753 893 ex
1782 856 1973 894 contrario
2002 864 2038 893 et
2067 868 2112 893 ex
2142 857 2338 894 materia*.
2369 858 2478 895 Talia

1411 918 1542 946 autem
1577 918 1666 947 sunt
1698 921 1836 946 omnes
1871 909 2141 947 intellectuales
2169 910 2412 955 substantiae,
2442 919 2478 947 et

1411 963 1544 999 omnia
1572 975 1737 1013 corpora
1771 963 1957 1008 caelestia,
1987 971 2023 1000 et
2051 963 2166 1000 etiam
2202 963 2283 1012 ipsa
2320 964 2478 1000 materia

1410 1016 1547 1065 prima.
1578 1017 1742 1065 Oportet
1773 1016 1886 1065 igitur
1917 1028 2063 1066 ponere
2092 1016 2223 1054 omnia
2253 1015 2478 1054 huiusmodi

1411 1069 1633 1107 immediate
1652 1083 1674 1107 a
1694 1070 1779 1107 Deo
1798 1069 2008 1119 sumpsisse
2033 1070 2092 1107 sui
2121 1082 2203 1107 esse
2232 1069 2476 1119 principium.

1465 1123 1566 1160 Hinc
1604 1131 1659 1160 est
1696 1123 1803 1172 quod
1840 1122 1979 1160 dicitur
2010 1124 2102 1160 Gen.
2126 1128 2174 1160 1¹:
2210 1125 2257 1159 In
2290 1126 2478 1173 principio

1410 1178 1550 1214 creavit
1576 1178 1678 1213 Deus
1705 1177 1850 1214 caelum
1880 1183 1912 1213 et
1939 1183 2097 1222 terram‚·
2125 1178 2194 1214 Iob
2218 1175 2387 1213 xxxvn²⁸z
2422 1179 2478 1214 Tu

1407 1231 1566 1277 forsitan
1586 1231 1799 1278 fabricatus
1827 1243 1864 1266 es
1892 1231 2025 1276 caelos,
2051 1233 2115 1281 qui
2139 1230 2349 1266 solidissimi
2375 1232 2482 1279 quasi

1410 1296 1500 1320 aere
1516 1284 1675 1331 fimdati
1698 1283 1813 1320 sunt?

1465 1336 1691 1374 Excluditur
1727 1344 1858 1374 autem
1893 1348 1939 1373 ex
1977 1335 2179 1386 praedictis
2216 1336 2349 1385 opinio
2388 1336 2478 1372 Avi-

1371 1408 1397 1422 ιο
1411 1402 1557 1427 eennae
1571 1390 1602 1435 ²¹⁶,
1622 1390 1690 1439 qui
1709 1389 1799 1427 dicit
1819 1390 1926 1438 quod
1946 1390 2063 1433 Deus,
2083 1388 2293 1437 intelligens
2318 1401 2369 1435 se,
2390 1401 2477 1438 pro-

1411 1443 1519 1480 duxit
1547 1455 1668 1480 unam
1701 1442 1985 1491 intelligentiam
2013 1441 2191 1492 primam,
2221 1443 2260 1479 in
2289 1455 2367 1492 qua
2401 1442 2478 1479 iam

1411 1504 1466 1533 est
1494 1496 1665 1545 potentia
1693 1505 1729 1533 et
1756 1504 1881 1540 actus3
1911 1507 2022 1544 quae,
2052 1495 2283 1544 inquantum
2312 1495 2479 1543 intelligit

1411 1550 1553 1594 Deum,
1569 1549 1748 1598 producit
1762 1548 2046 1596 intelligentiam
2066 1548 2296 1594 secundam3
2316 1548 2478 1598 inquan-

1411 1610 1496 1639 tum
1516 1614 1610 1639 vero
1630 1601 1798 1649 intelligit
1818 1614 1857 1639 se
1878 1602 2095 1638 secundum
2119 1602 2227 1650 quod
2247 1609 2303 1638 est
2321 1601 2360 1638 in
2379 1609 2477 1647 actu,

1372 1678 1395 1698 ,ς
1411 1654 1591 1704 producit
1623 1655 1795 1692 animam
1829 1654 1951 1700 orbis3
1986 1654 2218 1703 inquantum
2251 1666 2345 1691 vero
2374 1654 2479 1690 intel-

1412 1708 1489 1756 ligit
1514 1720 1554 1744 se
1579 1708 1796 1745 secundum
1816 1707 1924 1756 quod
1951 1715 2006 1743 est
2034 1707 2073 1743 in
2101 1707 2282 1756 potentia,
2303 1707 2480 1755 producit

1412 1761 1665 1799 substantiam
1695 1760 1798 1797 orbis
1831 1760 1957 1809 primi.
1988 1761 2036 1797 Et
2064 1759 2116 1796 sic
2150 1759 2238 1796 inde
2267 1760 2481 1809 procedens

1412 1814 1672 1852 diversitatem
1692 1826 1823 1851 rerum
1838 1813 1986 1851 causari
2006 1812 2164 1850 instituit
2183 1825 2253 1862 per
2270 1825 2405 1850 causas
2425 1825 2481 1850 se-

1412 1868 1570 1906 cundas.

1467 1920 1693 1958 Excluditur
1721 1920 1836 1958 etiam
1865 1919 1999 1969 opinio
2027 1919 2276 1969 quorundam
2305 1919 2480 1967 antiquo·

1413 1987 1501 2012 rum
1517 1974 1812 2019 haereticorum,
1822 1973 1888 2022 qui
1904 1973 2082 2010 dicebant
2091 1973 2222 2009 Deum
2237 1984 2316 2009 non
2332 1984 2479 2008 creasse

1412 2028 1619 2072 mundum,
1636 2027 1703 2064 sed
1718 2028 1885 2075 angelos.
1903 2026 2025 2063 Cuius
2043 2025 2180 2063 erroris
2195 2025 2334 2062 dicitur
2351 2024 2478 2074 primo

1412 2081 1527 2118 fuisse
1548 2080 1685 2117 Simon
1705 2081 1843 2128 Magus
1862 2079 2042 2116 inventor
2059 2079 2090 2115 ²2.

1573 2194 1590 2220 8
1609 2194 1692 2227 ipsius
1711 2194 1817 2224 EGYZ;
1838 2193 1904 2219 eius.
1996 2192 2027 2218 18
2047 2200 2094 2218 nec
2108 2197 2194 2226 potest
2207 2194 2230 2217 A
2242 2193 2328 2221 solus;
2346 2200 2399 2216 non
2413 2192 2482 2217 enim

1770 2230 1801 2254 23
1818 2237 1832 2254 a
1845 2237 1873 2254 se
1887 2237 1928 2254 orn
1943 2229 1972 2258 E,
1984 2232 2048 2261 post
2062 2228 2204 2261 intelligere
2215 2228 2266 2252 NZ.
2350 2235 2383 2258 ²4
2395 2228 2482 2252 statim

1921 2265 1978 2289 eius
1997 2264 2153 2297 simplicitati
2173 2263 2293 2288 convenit
2311 2263 2334 2287 A
2348 2263 2432 2293 solus;
2452 2270 2483 2287 ex

1686 2301 1719 2326 30
1738 2306 1831 2334 potens
1849 2301 1885 2330 D;
1904 2305 1999 2332 potest.

2164 2343 2226 2359 non.
2322 2333 2338 2359 8
2356 2334 2439 2359 forma
2458 2339 2484 2358 et

1994 2370 2027 2396 18
2046 2370 2152 2404 fundati]
2174 2370 2224 2395 fusi
2245 2370 2314 2396 NbP.
2404 2376 2438 2401 24
2457 2370 2483 2394 in

2198 2404 2231 2430 26
2249 2405 2393 2431 secundum
2413 2406 2484 2438 quod

286 2455 327 2475 est
345 2450 371 2474 in
390 2448 506 2482 potentia
523 2447 651 2473 add1'mus
668 2454 708 2472 ex
725 2446 933 2481 a(D)NWXYz;
952 2447 979 2471 in
998 2447 1021 2471 A
1040 2453 1093 2471 non
1112 2446 1221 2475 obtinet,
1241 2452 1305 2471 casu
1324 2444 1424 2477 utique,
1444 2448 1474 2469 ut
1488 2447 1568 2477 patet
1585 2451 1623 2469 ex
1641 2447 1771 2469 contextu
1790 2447 1816 2468 et
1833 2450 1871 2468 ex
1888 2443 2025 2468 Avicenna
2037 2443 2084 2475 qui
2101 2442 2193 2467 habet.-
2207 2446 2232 2466 et
2245 2446 2351 2474 propter
2367 2446 2484 2466 naturam

286 2485 392 2510 essendi
411 2484 565 2518 possibilem
584 2491 653 2516 quae
672 2488 712 2508 est
729 2482 794 2508 eius.
814 2482 836 2507 Ε
855 2481 879 2507 G
899 2487 924 2507 et
942 2482 957 2507 b
973 2485 1037 2514 post
1055 2481 1081 2506 in
1101 2486 1158 2506 actu
1178 2481 1268 2507 omnia
1287 2481 1471 2515 confundunt.-
1488 2480 1609 2512 producit
1627 2478 1799 2504 substantiam
1819 2478 1926 2503 secundi
1945 2478 2029 2509 orbis;
2048 2478 2201 2511 inquantum
2214 2484 2279 2501 vero
2297 2484 2349 2501 non
2368 2477 2486 2508 intelfigit

286 2528 317 2546 se
334 2520 480 2545 secundum
499 2519 572 2552 quod
590 2523 632 2544 est
649 2518 676 2543 in
694 2518 809 2551 potentia
831 2518 953 2551 producit
971 2517 1144 2543 substantiam
1162 2517 1234 2542 orbis
1252 2517 1329 2550 primi
1349 2522 1375 2541 et
1393 2516 1453 2541 inde
1472 2516 1509 2546 1-:;
1528 2515 1647 2548 producit
1672 2515 1785 2540 animam
1809 2514 1880 2539 orbis
1904 2514 2069 2546 (inquantum
2092 2521 2155 2538 vero
2179 2513 2297 2544 intelligit
2319 2520 2348 2537 se
2367 2512 2486 2545 producit

287 2556 459 2582 substantiam
477 2555 585 2580 secundi
605 2554 677 2580 orbis
691 2554 807 2587 scriptor·
825 2554 905 2579 addit
922 2561 1007 2586 supra
1025 2553 1188 2587 marginem)
1207 2558 1233 2577 et
1251 2553 1311 2577 inde
1330 2552 1367 2583 G;
1387 2552 1507 2584 producit
1525 2551 1638 2576 animam
1658 2551 1803 2575 secundum
1822 2550 1893 2582 quod
1913 2555 1952 2574 est
1970 2551 1995 2574 in
2014 2549 2128 2581 potentia
2146 2548 2231 2578 orbis;
2250 2549 2402 2580 inquantum
2421 2555 2484 2572 vero

287 2591 406 2624 intelligit
424 2599 454 2616 se
472 2590 591 2623 producit
609 2590 781 2616 substantiam
801 2589 908 2615 secundi
927 2589 998 2614 orbis
1016 2595 1042 2614 et
1060 2590 1120 2614 inde
1139 2589 1162 2614 b.
1184 2589 1230 2613 Ex·
1248 2587 1289 2613 his
1307 2588 1358 2613 etsi
1380 2587 1498 2621 confusis
1522 2587 1583 2612 licet
1599 2586 1758 2612 concludere
1772 2585 1892 2617 primum
1916 2585 2058 2618 exemplar
2082 2584 2211 2609 librorum
2230 2583 2292 2608 EGb
2312 2583 2407 2616 legisse
2424 2590 2483 2608 cum

287 2629 310 2652 A
327 2628 383 2653 sive
402 2634 455 2652 non
475 2626 598 2652 habuisse
616 2626 762 2651 secundum
780 2626 852 2658 quod
871 2630 912 2650 est
930 2625 956 2650 in
975 2626 1096 2658 potentia.

288 2669 314 2688 et
332 2663 392 2688 inde
410 2663 502 2688 ceteri.
594 2661 627 2686 28
646 2662 747 2687 causari
766 2668 809 2686 om
829 2661 942 2686 aDXPc.

1195 2631 1226 2656 27
1246 2623 1317 2648 orbis
1337 2622 1422 2656 primi]
1442 2623 1514 2647 orbis
1533 2622 1640 2647 secundi
1659 2621 1715 2651 ΝΥ,
1733 2621 1830 2645 ordinis
1850 2621 1890 2645 sui
1909 2620 1956 2652 pZ.

2051 2620 2084 2644 Et
2102 2619 2138 2644 sic
2157 2619 2216 2643 inde
2234 2619 2257 2642 A
2275 2618 2360 2647 solus;
2379 2618 2439 2642 inde
2454 2618 2484 2648 N,

1057 2765 1393 2798 Commentaria
1416 2763 1727 2795 Fert-ariensis

291 2883 470 2968 Quanam
485 2873 653 2908 conclusio
673 2871 763 2906 esst:
787 2876 907 2905 Rerum
933 2874 1095 2905 distinctio
1120 2863 1367 2903 non'causatur
1390 2870 1394 2910 Ι
1420 2874 1516 2901 causa
1539 2869 1758 2904 determinata,
1783 2878 1801 2898 a
1824 2866 2060 2899 casudicimus
2084 2867 2221 2896 evenire.
2238 2884 2259 2887 —
2279 2865 2303 2895 F
2307 2864 2483 2895 undamen-

368 2933 409 2954 ex
442 2922 557 2953 ordine
591 2920 807 2952 secundorum
843 2919 1021 2960 agentium.
1053 2918 1094 2948 Et
1123 2917 1256 2957 ponitur
1287 2917 1366 2946 haec

292 2968 460 2998 conclusio
478 2972 590 2998 contra
604 2966 815 3000 Avicennam‚
833 2964 876 2993 IX
897 2963 1074 3003 Metaplzf,
1092 2962 1256 2992 volentem
1276 2960 1367 3001 quod

292 3013 382 3043 Deus
406 3012 482 3043 fecit
504 3020 604 3042 unam
627 3015 755 3040 tantum
778 3008 1004 3043 substantiam;
1030 3016 1113 3047 quae
1138 3007 1214 3046 quia
1244 3005 1366 3045 simpli-

294 3057 423 3088 citatem
446 3057 569 3097 primae
593 3064 707 3086 causae
732 3053 911 3093 adaequare
935 3062 1003 3082 non
1019 3052 1136 3091 potuit,
1153 3050 1210 3080 sed
1225 3050 1366 3090 aliquam

294 3103 328 3132 in
351 3112 385 3132 se
408 3101 681 3141 multiplicitatem
704 3099 809 3134 habet,
834 3097 908 3127 ideo
933 3097 972 3126 ab
1001 3106 1038 3126 ea
1068 3096 1176 3135 aliqua
1203 3094 1366 3134 pluralitas

294 3146 424 3187 prodire
447 3151 572 3186 potest;
601 3150 633 3175 et
655 3141 701 3174 sic
725 3151 853 3182 semper
876 3140 1042 3172 effectibus
1066 3150 1084 3170 a
1107 3148 1221 3170 causae
1245 3138 1367 3179 simpli-

295 3192 390 3222 citate
414 3190 648 3225 deficientibus,
673 3188 752 3219 dum
775 3186 1030 3226 multiplicantur
1045 3184 1187 3220 effectus,
1204 3183 1367 3214 diversitas

295 3237 392 3266 etiam
409 3244 578 3266 causarum
595 3233 809 3264 constituitur.
834 3230 928 3261 Unde
945 3229 1139 3269 sequebatur
1154 3227 1245 3268 quod
1261 3237 1366 3258 rerum

297 3280 460 3311 distinctio
484 3279 668 3320 proveniret
697 3287 734 3308 ex
759 3275 871 3307 ordine
900 3275 1074 3315 agentium,
1099 3282 1240 3313 quorum
1264 3281 1368 3302 unum

297 3326 397 3365 magis
422 3335 440 3354 a
462 3324 665 3364 simplicitate
689 3323 810 3362 primae
834 3329 948 3350 causae
979 3318 1114 3349 distabat
1141 3326 1241 3357 quam
1271 3316 1368 3352 aliud,

298 3375 330 3400 et
352 3369 534 3400 secundum
558 3377 672 3399 eorum
696 3365 966 3405 multiplicitatem
997 3362 1098 3393 multa
1126 3361 1368 3401 proveniebant.

355 3414 378 3444 Ι.
402 3414 496 3444 Hanc
520 3414 629 3453 itaque
652 3411 851 3452 positionem
874 3408 1049 3448 reprobans
1073 3406 1208 3436 Sanctus
1225 3405 1369 3435 Thomas

298 3459 413 3501 arguit
429 3458 540 3499 primo
571 3457 627 3488 sic.
659 3456 864 3496 Sequeretur,
888 3453 941 3483 illa
970 3452 1132 3492 positione
1164 3449 1255 3486 facta,
1280 3449 1370 3489 quod

299 3503 381 3534 ordo
406 3503 547 3533 universi
570 3507 602 3532 et
625 3500 788 3531 distinctio
805 3507 911 3529 rerum
929 3502 1011 3527 esset
1027 3506 1044 3526 a
1061 3505 1146 3525 casu.
1171 3494 1246 3524 Hoc
1263 3500 1371 3524 autem

300 3554 348 3579 est
370 3547 498 3578 falsum.
522 3547 609 3586 Ergo
635 3551 694 3576 etc.
718 3563 742 3567 -
763 3544 921 3574 Probatur
949 3539 1189 3580 consequentia.
1215 3538 1300 3576 Quia
1324 3537 1371 3568 di-

300 3593 430 3623 stinctio
453 3589 642 3622 huiusmodi
664 3599 733 3620 non
757 3588 940 3629 proveniret
963 3587 1001 3616 ab
1033 3594 1096 3615 una
1125 3593 1229 3618 causa,
1254 3581 1310 3613 sed
1334 3591 1371 3612 ex

302 3646 463 3668 concursu
487 3636 637 3666 omnium
661 3643 840 3664 causarum.
866 3632 912 3662 Ea
933 3636 1040 3661 autem
1057 3638 1139 3669 quae
1157 3637 1194 3658 ex
1211 3636 1372 3657 concursu

302 3681 499 3712 diversarum
523 3689 692 3711 causarum
724 3678 919 3719 proveniunt
950 3681 981 3705 et
1011 3684 1078 3704 non
1110 3683 1147 3703 ex
1178 3672 1284 3711 aliqua
1308 3681 1372 3701 una

1421 2921 1490 2946 tum
1525 2915 1620 2945 huius
1653 2913 1785 2944 rationis
1820 2912 1892 2943 vide
1926 2913 1961 2942 in
1995 2912 2098 2951 prima
2120 2911 2242 2940 ratione
2266 2909 2484 2949 praecedentis

1421 2959 1552 3000 capituli
1568 2961 1594 2989 t.
2246 2966 2250 2971 ·

1476 3003 1636 3034 Secundo.
1654 3002 1824 3044 Optimum
1841 3002 1874 3031 in
1891 3001 2042 3031 omnibus
2066 2999 2191 3030 entibus
2216 2999 2326 3028 creatis
2342 3003 2389 3028 est
2405 2996 2484 3027 ordo

1421 3049 1576 3079 universi:
1602 3048 1684 3078 sicut
1708 3054 1739 3078 et
1762 3048 1795 3077 in
1818 3046 1913 3076 rebus
1936 3045 2084 3075 humanis
2107 3044 2224 3074 bonum
2247 3043 2353 3083 gentis
2376 3047 2423 3072 est
2437 3041 2485 3071 di-

1421 3094 1527 3124 vinius
1550 3102 1646 3133 quam
1670 3092 1788 3123 bonum
1813 3090 1918 3120 unius.
1943 3089 2028 3129 Ergo
2053 3087 2214 3118 reducitur
2237 3087 2270 3116 in
2286 3087 2318 3117 id
2335 3086 2423 3126 quod
2440 3091 2487 3116 est

1422 3138 1584 3178 optimum
1600 3137 1633 3167 in
1650 3138 1763 3167 causis.
1788 3136 1874 3174 Ergo
1890 3144 1958 3164 non
1979 3137 2125 3164 causatur
2141 3142 2179 3162 ex
2196 3131 2298 3162 causis
2321 3130 2485 3161 secundis:

1421 3182 1542 3213 scilicet
1565 3182 1683 3222 primo.
1699 3200 1721 3203 —
1738 3181 1894 3211 Probatur
1917 3179 2019 3219 prima
2042 3176 2281 3216 consequentia.
2305 3175 2391 3213 Quia
2412 3174 2486 3205 effe-

1423 3233 1492 3258 ctus
1517 3231 1646 3266 oportet
1669 3235 1737 3256 esse
1762 3223 2020 3265 proportionales
2045 3222 2156 3252 causis.

1482 3271 1600 3301 Tertio.
1627 3269 1716 3300 Ordo
1741 3269 1880 3300 universi
1897 3273 1943 3298 est
1960 3267 2121 3306 optimum
2137 3266 2171 3296 in
2189 3265 2293 3294 rebus.
2318 3264 2403 3303 Ergo
2420 3272 2487 3293 non

1423 3321 1571 3346 causatur
1588 3324 1626 3345 ex
1642 3315 1705 3345 hoc
1722 3313 1812 3354 quod
1828 3311 1988 3343 secundae
2013 3320 2125 3341 causae
2150 3308 2303 3339 deficiunt
2326 3318 2350 3350 a*
2366 3307 2488 3347 simpli—

1424 3361 1517 3391 citate
1533 3360 1655 3400 primae
1673 3368 1797 3389 causae.
1813 3375 1836 3379 -
1851 3357 1940 3386 Patet
1962 3354 2202 3394 consequentia.
2227 3353 2312 3390 Quia
2327 3353 2489 3393 optimum

1424 3414 1491 3435 non
1508 3403 1613 3439 debet,
1631 3404 1712 3434 sicut
1736 3404 1768 3433 in
1793 3410 1932 3436 causam,
1951 3401 1985 3430 in
2008 3408 2115 3429 rerum
2139 3397 2300 3428 defectum
2324 3395 2444 3427 reduci.

1480 3449 1518 3478 ΙΙ.
1534 3448 1670 3485 Quarto.
1697 3446 1786 3477 Ordo
1812 3453 1843 3476 et
1866 3445 2027 3475 distinctio
2051 3443 2191 3474 universi
2208 3448 2254 3472 est
2270 3441 2402 3471 ultimus
2417 3440 2490 3471 finis

1424 3494 1458 3523 in
1475 3493 1569 3523 rebus
1587 3493 1739 3522 causatis:
1758 3500 1832 3520 cum
1849 3490 1887 3519 sit
1900 3489 1991 3528 quasi
2006 3488 2119 3518 ultima
2134 3485 2434 3525 forma,-intellige
2450 3484 2490 3515 de

1425 3537 1490 3567 fine
1509 3538 1698 3567 intrinseco:
1715 3545 1782 3565 non
1807 3540 1914 3564 autem
1938 3533 2127 3567 extrinseco,
2145 3531 2220 3571 quia
2235 3530 2289 3560 ille
2305 3535 2352 3560 est
2365 3530 2491 3560 bonitas

1426 3581 1543 3612 divina.
1568 3581 1653 3620 Ergo
1678 3590 1745 3610 non
1769 3584 1816 3609 est
1846 3583 1976 3617 propter
2007 3577 2149 3606 actiones
2179 3574 2393 3605 secundarum
2417 3583 2492 3604 cau-

1427 3635 1544 3661 sarum,
1569 3625 1625 3655 sed
1648 3625 1748 3664 magis
1773 3623 1914 3653 actiones
1938 3620 2125 3651 huiusmodi
2148 3625 2222 3650 sunt
2252 3625 2383 3659 propter
2406 3617 2489 3648 ordi-

1427 3680 1503 3700 nem
1537 3675 1568 3699 et
1599 3669 1837 3699 distinctionem
1871 3664 2129 3696 constituendam
2161 3665 2194 3694 in
2227 3664 2332 3694 rebus.
2355 3681 2378 3685 —
2403 3663 2492 3693 Patet

2505 544 2513 554 ·
2531 544 2588 571 Cap.
2603 551 2654 566 xxi.

2506 855 2515 863 '
2526 853 2534 874 1
2547 854 2626 881 Phys..
2636 860 2678 877 vn.
2694 860 2717 876 η

2506 887 2566 908 sqq.:
2578 887 2595 902 s.
2605 881 2649 902 Th.
2658 881 2672 902 1.
2686 887 2717 909 ¹3.

2506 1393 2514 1401 ·
2528 1391 2641 1418 Metaph.,
2651 1394 2717 1413 tract.

2505 1418 2546 1444 lx,
2561 1424 2611 1445 cap.
2633 1423 2664 1439 tv.

2508 2074 2516 2084 ·
2543 2074 2578 2095 Cf.
2604 2074 2665 2101 Aug.
2691 2073 2720 2094 de

2507 2100 2618 2127 Haeres„
2625 2099 2719 2128 passim.

2513 2969 2522 2978 '¹
2532 2967 2664 2988 Comment.
2675 2971 2698 2986 n.
2707 2971 2723 2987 1.
