2768 4134
73 1795 285 1817 ‘Cf-Averr.Com·
382 1777 415 1814 ’,ΠΙ
427 1792 436 1805 )
455 1786 469 1801 st

72 1826 142 1844 ment.
163 1821 186 1843 in
202 1822 233 1843 111
255 1821 285 1842 de
326 1835 330 1840 l
383 1823 385 1825 ’

72 1849 166 1875 Anima,
187 1852 243 1870 text,
260 1854 285 1875 ¹7

114 1891 225 1927 eAnima,
233 1907 284 1928 cap.

74 1927 103 1948 de
122 1928 165 1949 Int.
193 1928 286 1955 Agente

74 1953 141 1981 (Ven.
154 1953 222 1982 ¹5⁰²)-

73 1982 82 1990 '
96 1980 133 2001 De
146 1980 239 2006 Anima,
255 1979 283 2001 al.

71 2006 158 2028 Sextus
181 2005 286 2027 Natura-

82 2033 136 2059 ium,
164 2033 223 2054 Part.
254 2032 284 2059 V,

71 2059 283 2107 agitatrix?

71 2112 110 2133 fin.
123 2102 190 2139 (Ven.r
203 2092 283 2139 1528ss

73 2965 81 2974 ·
100 2963 109 2984 l
129 2963 158 2985 de
180 2963 238 2986 Gen.
260 2966 283 2985 et

71 2990 150 3017 Corn,
166 2996 205 3018 vn,
217 2990 238 3012 6.

311 304 389 350 480

311 378 540 411 advertendum
556 376 646 417 quod
659 386 696 406 ex
712 376 776 405 hoc
788 374 889 404 modo
905 372 1073 412 loquendi,
1090 381 1158 412 quo
1174 371 1380 410 distinguitur

310 423 505 464 principium
529 421 666 451 existens
689 420 722 449 in
746 428 786 449 eo
815 418 871 458 qui
902 417 1037 447 docetur
1059 417 1094 446 in
1123 415 1326 446 intellectum
1350 419 1381 444 et

309 468 412 509 prima
442 465 599 506 principia
630 463 815 494 naturaliter
844 467 931 497 nota,
956 460 1009 491 dat
1038 460 1216 499 intelligere
1245 459 1381 490 Sanctus

309 512 453 541 Thomas
476 509 676 540 intellectum
700 516 768 537 esse
792 506 979 537 distinctum
1003 505 1042 535 ab
1066 504 1177 534 habitu
1205 504 1381 544 principio-

308 564 381 585 rum
403 555 594 594 primorum,
614 558 646 582 et
668 561 736 582 non
761 561 829 581 esse
852 550 939 580 idem
960 558 1036 580 cum
1058 548 1183 579 lumine
1199 548 1381 578 intellectus

310 600 441 639 agentis,
460 603 495 628 ut
511 597 643 638 quidam
666 596 790 626 volunt.
808 594 843 625 ld
863 593 954 635 quod
975 592 1177 624 manifestius
1193 592 1298 622 dicitl
1317 591 1381 627 11²²,

310 653 340 683 q.
358 653 421 678 Lm,
438 652 465 672 a.
488 650 513 678 ι,
532 641 587 671 ubi
603 641 647 671 ait
665 639 765 680 quod,
781 640 810 670 si
826 639 944 679 aliquis
966 638 1094 668 habitus
1108 637 1151 667 sit
1166 637 1199 666 in
1217 637 1381 667 intellectu

303 687 453 728 possibili
469 685 650 716 immediate
673 684 713 715 ab
733 684 896 714 intellectu
916 687 1034 724 agente
1052 686 1216 717 causatus,
1233 681 1310 711 talis
1324 681 1381 710 ha-

308 732 391 762 bitus
403 736 450 761 est
461 729 717 770 incorruptibilis
728 733 760 759 et
768 738 832 769 per
843 738 877 758 se
890 732 920 757 et
930 737 993 767 per
1004 726 1163 757 accidens.
1180 725 1382 755 Huiusmodi

309 781 416 806 autem
439 779 516 805 sunt
534 774 661 805 habitus
678 774 864 814 primorum
882 771 1136 812 principiorum,
1154 775 1219 800 tam
1235 769 1382 810 specula-

308 820 419 851 bilium
432 828 528 860 quam
538 819 774 859 practicorum.
791 817 833 847 Et
847 816 979 852 idcirco,
992 825 1068 846 cum
1084 815 1191 854 inquit
1206 813 1381 854 aliquando

309 865 444 895 Sanctus
468 864 614 893 Thomas
637 863 794 902 quoniam
817 862 920 901 prima
950 859 1108 900 principia
1139 863 1383 898 cognoscuntur

310 908 456 940 naturali
480 908 601 938 lumine
625 907 804 937 intellectus
828 905 966 946 agentis,
984 913 1051 934 non
1071 909 1118 934 est
1137 904 1183 933 sic
1200 903 1381 943 intelligen-

310 953 389 985 dum
412 953 504 993 quasi
526 953 595 992 ipsa
623 952 722 981 virtus
745 950 927 980 intellectus
954 949 1076 988 agentis
1101 948 1140 978 sit
1167 947 1296 978 habitus
1319 947 1383 987 pri-

309 1007 440 1028 morum
455 997 705 1037 principiorum:
724 994 781 1025 sed
797 994 873 1034 quia
889 993 942 1023 ille
959 993 1086 1023 babitus
1101 1001 1169 1023 non
1186 991 1223 1022 fit
1238 992 1272 1022 in
1287 992 1383 1022 nobis

309 1052 367 1083 per
390 1042 569 1072 discursum
586 1046 617 1070 et
635 1039 959 1080 argumentationem,
984 1037 1068 1068 sicut
1087 1037 1216 1067 habitus
1235 1036 1383 1067 scientia-

309 1096 391 1122 rum,
408 1085 464 1116 sed
487 1084 673 1115 immediate
696 1084 735 1113 ab
758 1084 830 1123 ipso
847 1081 1013 1112 intellectu
1037 1087 1151 1122 agente
1166 1081 1201 1111 in
1217 1080 1383 1111 intellectu

309 1130 453 1170 possibili
477 1134 635 1159 causatur.

366 1184 395 1204 2.
421 1173 570 1217 Occurrit
592 1178 702 1203 autem
717 1171 854 1202 dubium
878 1171 962 1201 circa
977 1171 1122 1211 primum
1144 1169 1267 1200 dictum
1284 1170 1318 1200 in
1334 1178 1382 1199 re-

685 296 872 334 SUMMA
901 294 1123 332 CONTRA
1152 291 1427 337 GENTILES,

1455 291 1550 328 LIB.
1576 291 1618 335 ΙΙ,
1648 289 1760 326 CAP.
1781 288 1936 333 LXXV,
1955 288 2128 324 LXXVI.

1435 370 1623 409 sponsione,
1647 368 1704 398 ubi
1734 367 1850 398 dicitur
1877 366 1969 407 quod
1999 366 2111 398 eadem
2136 376 2272 398 numero
2300 367 2436 398 scientia
2467 373 2515 399 est

1436 414 1469 444 in
1490 413 1649 453 discipulo
1667 417 1698 442 et
1713 411 1874 453 magistro
1891 416 2049 452 quantum
2065 411 2109 442 ad
2124 410 2158 441 id
2173 411 2261 451 quod
2279 412 2383 442 scitur
2394 413 2421 442 “.
2438 412 2514 443 Hoc

1436 458 1524 488 enim
1547 466 1616 488 non
1639 456 1766 488 videtur
1789 465 1903 486 verum
1927 465 2006 486 esse.
2031 455 2118 493 Quia
2141 455 2233 495 quod
2255 456 2354 487 scitur
2376 466 2446 487 non
2466 463 2515 488 est

1437 511 1541 533 unum
1564 510 1715 537 numero,
1731 500 1789 531 sed
1813 510 1917 531 unum
1932 501 2041 540 specie
2064 505 2120 530 aut
2142 509 2261 540 genere
2277 505 2333 531 aut
2356 501 2512 541 analogia.

1493 545 1722 586 Respondetur
1746 544 1837 585 quod
1861 554 1965 575 unum
1988 554 2127 575 numero
2144 544 2317 585 dupliciter
2338 550 2447 585 potest
2462 555 2514 576 ac-

1437 591 1517 630 cipi:
1542 590 1665 620 scilicet
1695 590 1843 630 positive,
1868 590 1945 629 quia
1968 589 2119 620 videlicet
2141 595 2190 620 est
2218 588 2385 629 quoddam
2415 590 2450 621 in
2481 599 2514 621 se

1437 634 1598 674 singulare
1614 640 1647 665 et
1661 633 1884 670 individuum;
1909 639 1941 664 et
1963 634 2123 674 negative,
2147 634 2223 674 quia
2239 634 2363 664 scilieet
2377 643 2446 665 non
2468 640 2515 666 est

1437 679 1576 710 divisum
1600 679 1634 709 in
1649 678 1752 709 multa
1775 677 1958 709 secundum
1973 687 2159 709 numerum.
2183 678 2292 709 Primo
2316 677 2430 715 modo,
2445 687 2514 710 non

1437 723 1554 754 dicitur
1576 723 1610 754 id
1633 722 1726 763 quod
1755 723 1854 753 scitur
1882 732 1951 753 esse
1979 732 2086 754 unum
2114 732 2265 759 numero,
2289 723 2347 754 sed
2369 723 2514 755 secundo

1436 768 1549 799 modo.
1574 767 1696 798 Natura
1719 768 1807 798 enim
1830 767 2018 798 universalis
2034 777 2052 798 a
2068 766 2312 799 conditionibus
2334 766 2515 799 individua-

1437 813 1522 843 libus
1545 813 1712 848 abstracta,
1736 821 1804 852 quo
1833 811 1936 843 modo
1964 811 2064 842 habet.
2083 812 2244 843 rationem
2265 812 2347 848 sciti,
2375 822 2444 843 non
2468 817 2516 844 est

1438 857 1538 888 divisa
1564 857 1599 887 in
1626 856 1720 897 plura
1751 855 1933 887 secundum
1960 865 2146 892 numerum,
2177 865 2254 887 cum
2284 857 2445 887 abstrahat
2475 858 2514 887 ab

1436 902 1589 932 omnibus
1613 901 1779 941 principiis
1795 901 1900 940 ipsam
1923 899 2156 931 dividentibus:
2181 899 2238 931 sed
2253 906 2302 931 est
2320 910 2395 932 una.
2413 901 2454 932 Et
2470 902 2515 932 sic

1437 946 1553 977 dicitur
1576 946 1709 976 scientia
1732 945 1875 985 magistri
1897 950 1930 976 et
1953 944 2104 985 discipuli
2127 954 2209 976 esse.
2223 954 2288 976 una
2313 954 2452 977 numero
2477 955 2516 977 ex

1436 996 1526 1031 parte
1550 991 1637 1021 sciti:
1662 990 1739 1030 quia
1761 989 1912 1020 videlicet
1926 989 1960 1020 id
1979 989 2071 1030 quod
2093 995 2231 1029 utraque
2253 989 2387 1021 scientia
2405 990 2514 1027 scitur,

1436 1045 1506 1066 non
1530 1040 1587 1071 est,
1603 1040 1640 1065 ut
1655 1035 1712 1070 sic,
1735 1033 1876 1065 divisum
1899 1039 1932 1064 et
1953 1034 2208 1074 multiplicatum
2230 1034 2448 1066 numeraliter.

1493 1079 1596 1110 Multa
1612 1078 1730 1110 adduci
1746 1079 1929 1119 potuissent
1944 1078 1985 1109 ad
1999 1079 2096 1109 huius
2113 1079 2226 1120 capitis
2241 1078 2514 1119 explanationem,

1437 1123 1502 1156 Sed
1524 1124 1664 1164 quonim
1679 1133 1718 1155 ea
1732 1133 1752 1154 a
1767 1123 1887 1155 Sancto
1905 1123 2036 1154 Thoma
2057 1124 2092 1154 in
2116 1123 2185 1154 aliis
2201 1123 2282 1154 locis
2297 1128 2374 1154 sunt
2395 1123 2522 1164 plenis-2

1436 1169 1517 1199 sime
1534 1168 1702 1209 explicata,
1719 1178 1767 1205 ea,
1783 1168 1931 1199 brevitati
1946 1167 2090 1204 studens,
2106 1167 2148 1199 de
2163 1167 2319 1200 industria
2334 1168 2514 1209 praeterivi.

1364 1281 1375 1307 Ξ
1385 1272 1439 1308 ,ὥς
1447 1281 1467 1307 2,

599 1426 1084 1483 CAPITULUM
1121 1425 1843 1482 SEPTUAGESIMUM
1880 1424 2231 1482 SEXTUM

426 1556 600 1609 QUOD
635 1554 1062 1597 INTELLECTUS
1096 1555 1303 1596 AGENS
1336 1554 1467 1596 NON
1501 1554 1596 1601 SIT
1630 1553 2020 1596 SUBSTANTIA
2054 1554 2396 1604 SEPARATA,

1071 1617 1190 1659 SED
1227 1616 1483 1669 ALIQUID
1519 1616 1760 1657 ANIMAE

448 1767 453 1774 ,
498 1742 543 1767 x
571 1729 631 1767 his
660 1729 775 1777 etiam
808 1729 987 1767 concludi
1015 1736 1142 1779 potest
1169 1729 1278 1780 quod
1314 1740 1386 1766 nec

500 1782 506 1791 '
535 1783 746 1820 intellectus
767 1794 884 1831 agens
899 1790 954 1819 est
969 1794 1073 1819 unus
1086 1781 1127 1820 in
1146 1780 1332 1820 omnibus
1346 1781 1383 1819 *ε

465 1862 505 1887 ,2
535 1844 577 1874 ut
614 1836 832 1873 Alexander
867 1836 983 1873 etiam
1023 1835 1134 1885 ponit
1152 1835 1183 1881 ²⁸,
1221 1843 1258 1872 et
1294 1834 1385 1872 Avi-

344 1888 351 1901 ¹
387 1882 500 1910 ³⁶¹²
535 1889 696 1935 cenna*,
712 1889 870 1938 quinon
885 1897 1037 1938 ponunt
1052 1889 1286 1926 intellectum
1296 1899 1385 1937 pos-

313 1941 462 1979 sibilem
491 1954 574 1979 esse
602 1954 727 1979 unum
758 1941 950 1978 omnium.
1407 1957 1416 1976 5

367 1995 470 2032 Cum
498 1995 604 2032 enirn
632 2006 748 2043 agens
776 2002 813 2031 et
841 1994 1030 2044 recipiens
1063 1994 1137 2031 sint
1164 1993 1383 2044 proportio-

311 2055 410 2094 nata,
434 2055 585 2097 oportet
605 2047 714 2096 quod
734 2046 945 2096 unicuique
967 2046 1124 2096 passivo
1151 2046 1384 2097 respondeat

310 2100 513 2151 proprium
551 2101 732 2138 activum.
763 2102 978 2137 Intellectus
1019 2108 1151 2137 autem
1192 2099 1384 2150 possibilis

310 2161 559 2203 comparatur
590 2154 639 2191 ad
672 2162 849 2202 agentem
878 2162 920 2191 ut
947 2153 1153 2203 proprium
1181 2153 1382 2204 passivum

334 1853 354 1883 ἦ,
383 1846 453 1896 AN}

311 2207 391 2244 sive
421 2207 686 2257 susceptivum
704 2206 840 2257 ipsius:
871 2207 987 2244 habet
1006 2206 1112 2244 enirn
1141 2219 1181 2244 se
1210 2207 1260 2244 ad
1289 2219 1382 2245 eum
1399 2227 1424 2242 «ο

311 2272 427 2309 agens
454 2263 546 2299 sicut
573 2273 637 2298 ars
655 2261 707 2298 ad
732 2261 942 2307 materiam,
963 2268 1005 2298 ut
1031 2260 1172 2298 dicitur
1198 2260 1237 2298 in
1269 2261 1316 2298 111
1337 2262 1383 2299 de

173 2321 229 2364 *¹0¹¹
261 2322 283 2341 ¹³
310 2315 451 2352 Anima
465 2314 496 2351 ³¹⁸.
519 2313 559 2352 Si
587 2313 699 2362 igitur
717 2313 929 2354 intellectus
948 2313 1140 2364 possibilis
1159 2322 1215 2352 est
1236 2313 1381 2364 aliquid

312 2366 464 2404 animae
493 2368 701 2414 humanae,
722 2367 1018 2417 multiplicatum
1039 2368 1257 2405 secundum
1280 2370 1381 2406 mul-

311 2420 515 2457 titudinem
549 2420 854 2467 individuorum,
888 2429 930 2458 ut
962 2429 1164 2458 ostensum
1197 2430 1254 2460 est
1271 2421 1308 2468 *3
1345 2430 1382 2460 et

312 2474 522 2511 intellectus
541 2486 657 2523 agens
681 2474 750 2511 erit
778 2473 893 2512 etiam
923 2474 1127 2521 eiusmodi,
1147 2483 1184 2512 et
1211 2487 1293 2513 non
1313 2474 1383 2514 erit
1399 2493 1420 2512 ις

312 2540 414 2564 unus
443 2527 635 2565 omnium.

363 2580 516 2618 Adhuc.
546 2581 761 2618 Intellectus
789 2593 905 2630 agens
924 2593 1004 2619 non
1033 2580 1120 2619 facit
1148 2581 1296 2631 species
1324 2581 1380 2620 in-

310 2632 519 2682 telligibiles
539 2642 626 2671 actu
646 2641 688 2671 ut
715 2633 797 2684 ipse
826 2647 897 2684 per
915 2647 980 2672 eas
999 2634 1190 2683 intelligat,
1211 2635 1381 2673 maxime

311 2686 407 2724 sicut
427 2687 637 2725 substantia
657 2695 842 2737 separata,
862 2699 954 2725 cum
970 2700 1051 2726 non
1070 2687 1117 2725 sit
1136 2688 1175 2725 in
1191 2688 1378 2738 potentia:

310 2740 377 2778 sed
397 2748 439 2777 ut
457 2753 528 2790 per
546 2753 611 2778 eas
631 2740 810 2790 intelligat
829 2741 1042 2780 intellectus
1060 2741 1265 2792 possibilis.
1287 2743 1381 2780 Non
1397 2759 1423 2774 ιο

310 2793 422 2842 igitur
450 2793 536 2832 facit
564 2806 628 2832 eas
647 2793 720 2832 nisi
747 2795 840 2832 tales
864 2796 998 2845 quales
1017 2802 1246 2846 competunt
1274 2794 1380 2833 intel·

310 2846 423 2884 leetui
437 2846 609 2896 possibili
624 2847 674 2885 ad
688 2847 992 2897 intelligendum.
1013 2849 1129 2887 Tales
1144 2856 1276 2886 autem
1294 2848 1381 2887 sacit

295 2904 374 2937 'eas
402 2900 526 2950 qualis
554 2908 610 2938 est
637 2900 734 2950 ipse:
756 2913 848 2938 nam
868 2914 981 2939 omne
998 2914 1118 2952 agens
1140 2904 1220 2953 agit
1237 2904 1308 2940 sibi
1332 2905 1380 2940 si-

310 2954 398 2990 mile
410 2953 441 2990 *.
463 2954 531 2991 Est
558 2953 671 3002 igitur
698 2954 910 2992 intellectus
929 2966 1046 3003 agens
1065 2955 1381 3005 proportionatus

311 3006 515 3044 intellectui
543 3006 726 3057 possibili.
756 3008 805 3045 Et
833 3007 897 3054 sic,
926 3020 1019 3046 cum
1051 3008 1263 3046 intellectus
1291 3021 1380 3059 pos·
1396 3026 1419 3047 ας

312 3058 427 3097 sibilis
455 3059 502 3097 sit
520 3072 609 3110 pars
627 3060 793 3106 animae,
815 3060 1028 3100 intellectus
1056 3073 1172 3110 agens
1201 3074 1281 3100 non
1311 3062 1379 3100 erit

311 3113 520 3151 substantia
547 3121 732 3163 separata.

364 3166 554 3216 Amplius,
584 3166 692 3204 Sicut
725 3167 886 3205 materia
919 3167 1046 3217 prima
1078 3167 1276 3217 perficitur
1309 3181 1379 3219 per

312 3219 455 3256 formas
474 3221 676 3266 naturales,
696 3232 797 3269 quae
817 3228 907 3258 sunt
925 3228 1031 3258 extra
1049 3220 1234 3267 animam,
1250 3221 1300 3260 ita
1321 3222 1377 3260 in-

312 3272 480 3309 tellectus
498 3272 689 3322 possibilis
708 3273 906 3323 perficitur
919 3286 990 3324 per
1007 3273 1152 3312 formas
1171 3274 1377 3314 intellectas
1394 3292 1419 3312 ³0

312 3323 351 3362 in
379 3332 477 3362 actu.
498 3325 575 3364 Sed
593 3326 740 3364 formae
760 3327 952 3365 naturales
972 3326 1210 3377 recipiuntur
1236 3327 1276 3365 in
1296 3341 1376 3367 ma-

311 3377 404 3415 teria
431 3377 567 3427 prima,
596 3391 677 3416 non
704 3392 774 3429 per
801 3379 994 3418 actionem
1022 3379 1183 3418 alicuius
1202 3381 1376 3420 substan-

311 3430 384 3467 tiae
412 3439 607 3480 separatae
635 3440 796 3479 tantum,
816 3433 883 3471 sed
911 3445 982 3483 per
1009 3433 1202 3471 actionem
1230 3434 1377 3473 formae

314 3483 487 3520 eiusdem
501 3485 661 3532 generis,
675 3485 816 3524 scilicet
834 3498 935 3536 quae
954 3494 1010 3524 est
1029 3486 1069 3524 in
1089 3486 1263 3524 materia:
1281 3487 1378 3526 sicut

316 3595 488 3654 “Dvbzetiamj
516 3602 603 3623 autem
631 3598 733 3631 GWPc,
752 3607 795 3624 om
815 3600 843 3626 Z.

371 3664 401 3690 ι5
421 3666 498 3699 esset]
518 3673 558 3693 est
575 3668 624 3693 ΡΑ.
714 3669 746 3694 32
766 3669 842 3703 sicut]
861 3670 908 3695 sed
927 3671 993 3696 sicut
1012 3672 1061 3697 ax.

955 3599 983 3625 15
1004 3599 1143 3634 eiusmodi]
1171 3599 1320 3626 huiusmodi
1348 3602 1491 3628 DGWch.

1153 3670 1186 3697 33
1205 3671 1317 3706 colores}
1337 3673 1437 3698 calores
1456 3673 1610 3699 8130?ch-

1443 1729 1540 1766 haec
1567 1740 1658 1766 caro
1676 1735 1883 1777 generatur
1899 1741 1970 1779 per
1987 1729 2156 1767 formam
2175 1741 2277 1780 quae
2306 1737 2362 1768 est
2389 1729 2428 1768 in
2454 1729 2516 1777 his

1442 1780 1624 1820 carnibus
1652 1790 1689 1819 et
1716 1781 1756 1819 in
1784 1781 1844 1819 his
1873 1781 2037 1829 ossibus,
2067 1790 2109 1821 ut
2132 1783 2272 1832 probat
2294 1783 2517 1824 Aristoteles

1441 1835 1481 1872 in
1501 1836 1567 1872 VII
1585 1837 1874 1885 Metaphysicae
1886 1835 1918 1872 *.
1949 1835 1990 1874 Si
2012 1836 2126 1884 igitur
2153 1836 2366 1874 intellectus
2393 1836 2516 1887 possi-

1441 1887 1526 1925 bilis
1545 1887 1592 1924 sit
1619 1900 1709 1938 pars
1736 1888 1890 1926 animae
1917 1896 1954 1925 et
1982 1900 2063 1926 non
2091 1889 2139 1926 sit
2166 1889 2379 1928 substantia
2405 1901 2516 1942 sepa·

1441 1948 1532 1986 rata,
1565 1949 1609 1978 ut
1639 1941 1850 1991 probatum
1884 1949 1941 1978 est
1960 1941 1992 1989 ²¹²,
2030 1941 2244 1980 intellectus
2280 1954 2408 1992 agens,
2445 1954 2518 1995 per
2543 1954 2552 1964 ·
2567 1952 2625 1981 Cno-

1440 1993 1551 2032 cuius
1579 1993 1773 2031 actionem
1793 1993 1893 2032 fiunt
1912 1994 2060 2045 species
2088 1994 2339 2045 intelligibiles
2357 1995 2399 2036 i'n
2416 1995 2522 2048 ipso,¹

1439 2059 1520 2084 non
1554 2046 1622 2084 erit
1654 2046 1784 2097 aliqua
1816 2047 2028 2086 substantia
2065 2058 2251 2099 separata,
2285 2050 2354 2088 sed
2385 2048 2517 2101 aliqua

1439 2108 1561 2138 virtus
1588 2108 1714 2138 activa
1741 2113 1906 2138 annuae.

1493 2155 1598 2191 Item.
1628 2155 1738 2191 Plato
1765 2154 1897 2204 posuit
1925 2154 2124 2193 scientiam
2153 2155 2193 2194 in
2221 2156 2335 2194 nobis
2363 2157 2514 2195 causari

1438 2207 1488 2244 ab
1517 2208 1618 2253 ideis,
1648 2219 1746 2258 quas
1765 2207 1937 2258 ponebat
1955 2220 2038 2246 esse
2062 2209 2254 2259 quasdam
2283 2209 2514 2250 substantias

1438 2267 1648 2311 separatas:
1678 2273 1799 2312 quam
1829 2261 1991 2312 quidem
2027 2261 2264 2312 positionem
2292 2263 2514 2305 Aristoteles

1438 2313 1633 2364 improbat
1667 2314 1707 2352 in
1745 2315 1756 2353 1
1793 2316 2082 2366 Metaphysicae
2110 2315 2146 2354 *.
2187 2317 2348 2355 Constat
2380 2325 2514 2361 autem

1437 2368 1546 2418 quod
1561 2368 1718 2406 scientia
1733 2376 1864 2406 nostra
1882 2369 2078 2419 dependet
2095 2369 2146 2408 ab
2163 2369 2358 2408 intellectu
2377 2378 2513 2420 agente

1437 2421 1536 2459 sicut
1549 2433 1597 2459 ex
1612 2421 1741 2472 primo
1756 2421 1959 2472 principio.
1977 2422 2017 2461 Si
2037 2422 2150 2472 igitur
2163 2423 2376 2462 intellectus
2394 2435 2513 2474 agens

1437 2481 1537 2512 esset
1555 2475 1752 2525 quaedam
1769 2475 1982 2513 substantia
2001 2483 2188 2527 separata,
2209 2477 2314 2515 nulla
2333 2483 2433 2515 esset
2448 2478 2514 2518 vel

1437 2527 1594 2567 modica
1612 2527 1828 2566 differentia
1846 2528 1954 2568 inter'
1973 2529 2201 2580 opinionem
2225 2529 2338 2569 istam
2366 2538 2404 2569 et
2428 2526 2512 2579 Pin-

1437 2581 1607 2620 tonicam
1637 2594 1660 2620 a
1688 2581 1930 2632 philosopho
1959 2582 2234 2632 improbatam.
2495 2619 2503 2632 ³

1491 2635 1644 2673 Adhuc.
1675 2634 1716 2673 Si
1744 2635 1958 2674 intellectus
1986 2648 2104 2685 agens
2123 2644 2179 2674 est
2207 2637 2404 2686 quaedam
2423 2637 2514 2677 sub-

1437 2688 1574 2726 stantia
1602 2697 1788 2738 separata,
1818 2697 1971 2739 oportet
1989 2690 2098 2739 quod
2127 2689 2212 2728 eius
2231 2690 2331 2728 actio
2351 2690 2398 2728 sit
2421 2702 2520 2729 con·-

1437 2741 1545 2779 tinua
1573 2750 1610 2779 et
1638 2754 1719 2781 non
1749 2741 1940 2780 intercisa:
1962 2744 2025 2780 vel
2043 2744 2179 2781 saltem
2206 2751 2359 2794 oportet
2385 2743 2515 2783 dicere

1437 2795 1546 2846 quod
1574 2807 1655 2833 non
1675 2795 1924 2834 continuetur
1942 2803 1979 2834 et
1997 2795 2247 2835 intercidatur
2265 2797 2314 2835 ad
2333 2805 2514 2844 nostrum

1438 2847 1652 2887 arbitrium.
1683 2848 1794 2888 Actio
1822 2857 1954 2888 autem
1983 2849 2066 2888 eius
2095 2858 2152 2888 est
2167 2849 2303 2894 ,facere
2330 2851 2513 2900 phantas-

1436 2909 1542 2940 mata
1574 2901 1820 2951 intelligibilia
1854 2911 1956 2941 actu.
1989 2905 2069 2942 Aut
2100 2903 2214 2952 igitur
2246 2905 2324 2942 hoc
2357 2916 2515 2955 semper

1436 2955 1558 3001 faciet,
1587 2964 1654 2994 aut
1681 2968 1762 2994 non
1790 2967 1962 3006 semper:
1993 2956 2024 2994 si
2052 2968 2134 2994 non
2158 2969 2324 3007 semper,
2349 2969 2431 2996 non
2458 2964 2513 2996 ta·

1436 3020 1529 3046 men
1557 3009 1634 3047 hoc
1662 3009 1774 3047 faciet
1800 3009 1849 3047 ad
1877 3009 2079 3048 arbitrium
2103 3018 2292 3053 nostrum.
2314 3011 2392 3049 Sed
2419 3018 2514 3049 tunc

1436 3061 1680 3112 intelligimus
1713 3071 1801 3101 actu
1829 3063 1990 3113 quando
2022 3063 2294 3114 phantasmata
2325 3063 2426 3106 fiunt
2455 3063 2514 3111 inj-

1435 3115 1639 3165 telligibilia
1672 3124 1771 3159 actu.
1805 3117 1910 3166 Ergo
1939 3125 2090 3167 oportet
2126 3117 2236 3167 quod
2267 3118 2331 3155 vel
2357 3116 2518 3167 semper

1435 3169 1707 3218 intelligamus;
1731 3170 1794 3207 vel
1821 3170 1930 3220 quod
1950 3182 2032 3208 non
2051 3169 2098 3208 sit
2116 3170 2156 3209 in
2175 3178 2362 3220 potestate
2380 3177 2514 3209 nostra

1433 3230 1521 3260 actu
1549 3222 1767 3271 intelligere.

1487 3277 1700 3314 Praeterea.
1721 3276 1974 3327 Comparatio
1993 3276 2226 3314 substantiae
2244 3283 2442 3326 separatae
2462 3277 2511 3314 ad

1433 3329 1567 3367 omnia
1590 3330 1860 3380 phantasmata
1889 3341 1990 3380 quae
2018 3337 2108 3368 sunt
2134 3328 2175 3367 in
2194 3327 2511 3380 quibuscumque

1433 3381 1670 3429 hominibus,
1691 3390 1747 3420 est
1765 3395 1861 3421 una:
1883 3382 1980 3421 sicut
1997 3381 2236 3432 comparatio
2255 3381 2346 3420 solis
2361 3391 2418 3421 est
2432 3395 2511 3422 una

1433 3435 1482 3474 ad
1511 3448 1650 3475 omnes
1677 3437 1838 3474 colores
1865 3437 1942 3475 Res
1969 3443 2100 3475 autem
2122 3434 2321 3473 sensibiles
2339 3436 2513 3477 similiter

1433 3489 1601 3527 sentiunt
1615 3489 1777 3527 scientes
1791 3497 1828 3527 et
1842 3488 1965 3527 inscii:
1981 3495 2019 3525 et
2033 3499 2104 3538 per
2111 3499 2356 3538 consequens
2370 3490 2509 3528 eadem

1603 3610 1635 3637 29
1654 3601 1794 3636 naturales)
1823 3600 1970 3626 materiales
1999 3600 2027 3626 Z.
2138 3601 2165 3626 31
2193 3602 2333 3636 naturales]
2362 3603 2509 3629 materiales

1703 3672 1737 3704 34
1755 3670 1875 3705 ndentes]
1895 3671 2038 3697 aurientes
2056 3672 2131 3697 GPd.

2541 418 2550 426 ·
2562 416 2754 440 Cf.num.x.init.

2561 1841 2697 1870 S.·n=.1.;
2724 1843 2757 1865 ἰ,

2560 1868 2635 1896 avi,
2687 1885 2694 1896 ‚
2721 1886 2727 1897 ,
2750 1886 2757 1892 ,

2540 2323 2550 2333 ·
2560 2322 2618 2352 Cap.
2632 2329 2669 2350 ¹¹3
2679 2329 2699 2345 s.
2709 2323 2757 2346 Th.

2541 2350 2555 2372 Ι.
2569 2356 2596 2377 ι4
2605 2355 2656 2378 nqq.
