2768 4134
0 3787 11 3917 -vvw-vrav-
0 3290 12 3778 *ww-u-:e-WWUV'·
0 3270 1 3275 Α
0 3254 5 3259 ·
0 3226 3 3231 ’

0 4080 11 4134 ...—
0 4013 9 4077 vm—s-

260 1575 263 1578 <
287 1566 372 1600 quae
395 1560 495 1600 prius,
519 1558 599 1590 dum
623 1565 689 1590 erat
712 1560 897 1596 coniuncta,
920 1569 979 1600 per
1005 1560 1167 1600 potentias
1195 1560 1367 1592 sensitivas.

43 1922 54 1934 ·
60 1920 98 1944 ef.
106 1926 130 1944 11.
139 1927 172 1949 xv,
181 1920 259 1949 Quar-

39 2661 256 2714 2942913'13‘22

39 2715 133 2743 Διὶ-ιι,
143 2719 199 2738 ten.
213 2721 233 2744 5,

665 283 854 320 SUMMA
883 282 1105 320 CONTRA
1133 281 1409 327 GENTILES,
1436 284 1532 320 LIB.
1553 285 1594 330 Π,
1624 284 1735 322 CAP.
1756 286 1926 331 LXXIV,
1955 286 2109 323 LXXV.

344 361 392 392 Ex
415 362 535 402 quibus
551 362 697 402 sequitur
712 362 803 402 quod
818 363 852 393 in
876 362 984 393 anima
999 361 1183 398 coniuncta,
1201 366 1360 401 quantum

288 405 329 442 ad
350 411 475 446 partem
498 406 739 443 intellectivam,
758 416 827 437 non
850 411 898 437 est
919 405 1079 437 memoria
1101 414 1159 446 per
1182 414 1282 445 quam
1305 414 1361 435 co·

287 455 461 490 gnoscatur
476 451 686 491 praeteritum
698 456 734 481 ut
745 451 954 491 praeteritum
969 456 1031 481 est:
1045 449 1122 491 quia
1138 450 1262 490 species
1277 459 1362 489 quae

289 499 336 525 est
358 495 392 525 in
408 495 586 531 intellectu,
601 504 670 525 non
691 500 908 535 repraesentat
924 494 1128 526 conditiones
1143 493 1361 534 particulares

289 538 346 569 sed
368 545 494 570 tantum
517 544 666 570 naturam
689 539 914 570 universalem.
939 538 1003 570 Sed
1029 539 1113 569 bene
1139 543 1298 579 quantum
1322 537 1362 568 ad

288 589 413 623 partem
435 584 621 614 sensitivam
636 589 684 613 est
705 584 865 614 memoria
880 583 967 614 talis:
985 584 1062 624 quia
1084 583 1118 613 in
1134 583 1188 614 illa
1210 583 1363 622 recipitur

289 628 413 668 species
436 637 521 668 quae
536 632 585 658 est
606 628 875 667 repraesentativa
891 629 937 659 rei
952 627 1120 668 singularis
1135 628 1196 658 sub
1212 626 1363 658 determi-

289 677 366 702 nato
382 672 458 703 loco
474 677 507 702 et
522 671 736 702 determinato
754 678 913 712 tempore.
924 690 948 695 -
959 672 995 702 ln
1011 672 1118 703 anima
1141 677 1250 703 autem
1272 680 1363 711 sepa—

288 721 355 746 rata
371 721 419 746 est
434 715 568 756 quidem
584 716 684 749 virtus
699 718 863 757 receptiva
878 717 999 758 speciei
1015 726 1099 757 quae
1115 721 1163 747 est
1178 725 1363 756 repraesen-

288 760 385 790 tativa
407 760 577 800 singularis
600 761 660 791 sub
684 760 897 792 determinato
921 766 1071 801 tempore
1087 760 1269 801 praeterito,
1286 760 1363 800 quia

289 805 414 845 species
443 803 584 835 influxae
614 804 804 836 huiusmodi
830 805 1003 846 singularia
1032 805 1093 835 sub
1120 803 1363 835 conditionibus

288 848 534 889 particularibus
555 855 811 889 repraesentant:
828 849 886 880 sed
900 855 1011 880 tamen
1033 849 1216 880 intellectus
1238 849 1309 888 ipse
1329 849 1363 878 in

289 901 357 934 quo
381 898 457 924 sunt
479 894 669 925 huiusmodi
692 895 817 934 species
840 894 1128 934 repraesentativae
1151 893 1363 933 singularium

287 938 378 978 prius
401 938 620 978 cognitorum,
635 948 704 969 non
726 939 824 969 habet
841 939 972 980 proprie
994 938 1154 968 rationem
1173 937 1362 973 memoriae,

289 981 471 1013 secundum
495 982 586 1023 quod
608 982 797 1023 philosophi
813 982 853 1013 de
876 982 1035 1014 memoria
1050 981 1152 1013 locuti
1169 986 1261 1018 sunt3
1286 981 1363 1021 quia

288 1035 357 1058 non
384 1026 481 1057 habet
503 1027 628 1067 species
651 1027 770 1068 quibus
793 1027 828 1058 in
858 1027 918 1057 hac
947 1026 1012 1056 vita
1034 1026 1089 1056 illa
1117 1030 1206 1056 erant
1234 1025 1362 1066 cognita

288 1071 348 1102 sub
365 1070 472 1111 aliqua
487 1071 644 1112 temporis
664 1071 852 1108 differentia,
869 1080 946 1102 cum
960 1078 1131 1111 nunquam
1154 1069 1227 1100 illae
1243 1069 1363 1100 fuerint

288 1116 322 1146 in
344 1115 522 1152 intellectu,
546 1115 603 1146 sed
625 1121 752 1147 tantum
775 1116 809 1146 in
831 1116 980 1156 potentia
1001 1115 1100 1156 partis
1121 1115 1302 1151 sensitivae,
1325 1119 1363 1145 ut

289 1165 337 1190 est
351 1165 534 1197 ostensum3
553 1161 712 1191 memoria
727 1165 837 1191 autem
852 1161 983 1200 proprie
1002 1164 1135 1200 accepta
1151 1164 1199 1190 est
1217 1159 1363 1199 potentia

289 1205 510 1235 conservativa
531 1205 714 1245 specierum
738 1204 856 1245 quibus
880 1204 988 1245 aliqua
1010 1205 1100 1245 prius
1123 1204 1254 1244 cognita
1276 1208 1362 1239 sunt,

289 1254 321 1280 et
343 1253 391 1280 est
413 1247 635 1289 cognoscitiva
659 1249 823 1289 praeteriti
846 1254 882 1279 ut
904 1249 1114 1290 praeteritum
1138 1253 1185 1279 est
1207 1257 1266 1289 per
1288 1257 1362 1288 spe-

288 1293 353 1324 cies
369 1302 387 1324 a
403 1293 606 1331 sensibilibus
623 1298 782 1334 acceptas,
798 1302 856 1334 per
872 1302 952 1334 quas
967 1293 1048 1324 illud
1064 1293 1233 1333 cognitum
1253 1291 1323 1323 fuit.
1339 1310 1363 1314 -

288 1336 331 1369 Si·
343 1336 653 1379 tamena&ipiatur
668 1337 827 1368 memoria
842 1342 879 1368 ut
899 1343 948 1368 est
965 1337 1186 1378 cognoscitiva
1201 1337 1362 1378 praeteriti

287 1381 348 1413 sub
370 1382 495 1413 ratione
518 1382 681 1422 praeteriti
695 1391 754 1422 per
776 1382 901 1422 species
923 1380 1071 1419 influxas,
1087 1391 1156 1413 non
1177 1387 1289 1412 'autem
1304 1390 1363 1422 per

287 1427 411 1467 species
434 1436 453 1457 a
475 1426 678 1458 sensibilibus
701 1431 866 1467 acceptas;
890 1427 935 1457 sic
958 1426 1140 1458 intellectus
1163 1426 1290 1457 animae
1313 1435 1362 1457 se-

286 1476 427 1512 paratae,
443 1480 519 1502 vnon
547 1477 657 1502 autem
684 1472 811 1502 animae
835 1471 1041 1508 coniunctae,
1065 1480 1150 1512 quae
1173 1470 1362 1502 huiusmodi

286 1512 412 1556 Species
434 1524 504 1546 non
527 1515 634 1552 habet,
651 1520 699 1546 est
713 1516 888 1546 memoria:
906 1524 963 1556 per
986 1515 1056 1546 illas
1080 1516 1167 1546 enim
1191 1515 1362 1556 cognoscit

287 1608 494 1644 cognoverat.
519 1603 561 1634 Et
582 1603 728 1640 fortasse,
751 1609 927 1644 postquam
950 1609 1025 1634 actu
1048 1604 1101 1634 illa
1125 1605 1289 1644 cognovit,
1307 1609 1363 1634 aut

286 1648 384 1679 etiarn
406 1647 468 1678 alia
490 1647 672 1688 singularia,
696 1653 806 1688 potest
827 1657 951 1678 cessare
978 1648 1032 1679 illa
1054 1654 1129 1679 actu
1152 1657 1361 1689 cognoscere,

286 1698 507 1724 ‹et-remanere
529 1693 563 1723 in
585 1693 732 1732 potentia
755 1692 909 1723 habituali
932 1691 973 1723 ad
996 1692 1050 1723 illa
1073 1692 1312 1733 cognoscenda.

342 1746 374 1769 2.
401 1736 494 1768 Patet
520 1737 630 1777 itaque
660 1737 768 1777 primo
797 1736 899 1778 quod,
923 1743 1083 1778 quantum
1111 1736 1151 1768 ad
1179 1738 1363 1778 potentiam

285 1790 371 1822 quae
394 1780 511 1812 dicitur
533 1781 693 1812 memoria
715 1781 865 1812 distincta
894 1791 912 1812 a
937 1782 1085 1822 potentia
1107 1782 1268 1823 receptiva
1291 1787 1361 1812 tan-

285 1830 356 1857 turn
380 1826 563 1866 specierum
586 1831 618 1857 et
640 1835 710 1856 non
733 1826 965 1863 conservativa,
988 1835 1058 1857 non
1082 1831 1130 1856 est
1147 1826 1305 1857 memoria
1327 1826 1360 1857 in

284 1875 376 1911 parte
398 1870 604 1907 intellectiva,
628 1870 684 1901 sed
707 1876 835 1901 tantum
857 1870 891 1901 in
910 1875 1000 1911 parte
1023 1870 1183 1901 sensitiva.
1208 1870 1304 1909 Quia,
1325 1875 1362 1901 ut

284 1915 459 1956 superius*
474 1920 525 1945 est
535 1920 712 1951 ostensum,
725 1915 760 1945 in
774 1920 864 1955 parte
879 1914 1075 1945 intellectiva
1086 1914 1200 1945 eadem
1216 1915 1362 1955 potentia

285 1964 334 1993 est
355 1959 517 2000 receptiva
533 1964 566 1990 et
588 1960 809 1990 conservativa
829 1959 1021 2000 specierum,
1036 1959 1112 1990 licet
1134 1959 1168 1990 in
1184 1964 1273 1999 parte
1289 1968 1361 1990 sen-

285 2004 378 2035 sitiva
400 2003 647 2044 distinguantur.

2408 288 2485 336 473

1470 362 1562 393 Patet
1584 363 1729 394 secundo
1755 364 1855 404 quod,
1887 371 2046 405 quantum
2076 366 2116 397 ad
2145 367 2227 397 hanc
2257 368 2487 408 proprietatem

1416 414 1499 445 quae
1516 412 1563 436 est
1586 408 1724 438 retinere
1741 415 1988 450 etyconservare
2004 411 2137 450 species,
2154 412 2316 442 invenitur
2329 413 2488 443 memoria

1415 450 1449 479 in
1472 456 1562 489 parte
1586 451 1790 488 intellectiva,
1807 458 1872 483 tam
1897 454 1929 483 in
1954 455 2060 484 anima
2077 456 2251 486 coniuncta
2267 466 2366 496 quam
2389 457 2422 488 in
2438 467 2488 488 se-

1416 498 1538 533 parata:
1564 503 1639 524 cum
1664 502 1831 526 ostensum
1856 498 1895 527 sit
1918 499 2094 538 superius*
2118 500 2207 539 quod
2224 502 2347 540 species
2370 501 2486 532 intelli-

1415 537 1529 577 gibiles
1553 538 1586 567 in
1610 538 1776 570 intellectu
1803 548 2042 573 conservantur.

1472 581 1563 612 Patet
1586 583 1680 612 tertio
1705 583 1805 622 quod,
1823 587 1981 624 quantum
1997 586 2036 616 ad
2059 589 2287 627 proprietatem
2310 591 2486 621 memoriae

1417 635 1501 666 quae
1517 631 1564 656 est
1580 627 1728 656 absolute
1744 637 1942 667 cognoscere
1958 632 2165 669 praeteritum
2181 633 2240 663 sub
2257 634 2381 664 ratione
2395 644 2487 674 prae-

1416 670 1500 701 teriti
1516 679 1574 710 per
1589 671 1733 710 speciem
1750 672 1939 703 existentem
1962 675 1996 704 in
2016 675 2086 714 ipsa
2109 678 2253 715 potentia
2275 680 2487 709 memorativa

1417 714 1537 745 directe
1561 720 1857 755 repraesentantem
1877 726 1944 746 rem
1961 719 2020 748 sub
2038 724 2184 759 tempore
2200 723 2380 760 praeterito,
2397 723 2486 753 inve-

1417 759 1505 789 nitur
1515 760 1675 789 memoria
1687 759 1892 796 intellectiva,
1906 770 1973 791 non
1991 761 2124 801 quidem
2140 764 2173 793 in
2190 766 2295 795 anima
2312 767 2486 798 coniuncta

1418 803 1559 843 corpori,
1583 802 1640 833 sed
1663 804 1696 833 in
1721 804 1828 834 anima
1844 810 2004 844 separata:
2030 807 2106 846 quia
2122 809 2244 847 species
2261 819 2343 849 quae
2359 816 2433 841 sunt
2452 813 2486 842 in

1417 847 1584 878 intellectu
1607 848 1786 878 coniuncto
1806 850 1946 888 corpori,
1966 856 2040 880 sunt
2063 851 2114 880 via
2130 861 2284 883 sensuum
2303 856 2485 894 acquisitae,

1418 898 1450 922 et
1472 901 1542 922 non
1565 897 1640 922 sunt
1667 893 1956 932 repraesentativae
1980 893 2207 926 conditionum
2234 898 2486 936 particularium3

1417 935 1474 967 sed
1497 937 1582 967 bene
1605 937 1730 976 species
1754 936 1893 967 influxae
1917 939 1950 968 in
1975 939 2116 969 animam
2140 946 2328 980 separatam.

1473 980 1564 1012 Patet
1585 986 1700 1021 quarto
1721 981 1821 1021 quod,
1839 988 1998 1022 quantum
2015 983 2055 1013 ad
2071 983 2159 1014 illam
2174 985 2406 1025 proprietatem
2421 996 2488 1017 me-

1418 1025 1540 1056 moriae
1563 1025 1597 1056 in
1622 1034 1687 1066 qua
1709 1026 1840 1066 proprie
1864 1028 2041 1057 memoriae
2065 1028 2145 1058 ratio
2165 1028 2253 1069 apud
2276 1030 2489 1070 philosophos

1418 1070 1574 1106 consistit,
1599 1078 1683 1110 quae
1711 1076 1758 1100 est
1789 1079 1978 1102 conservare
2008 1073 2132 1112 species
2163 1083 2180 1103 a
2205 1074 2408 1104 sensibilibus
2438 1084 2489 1105 ac-

1417 1119 1526 1154 ceptas
1550 1114 1669 1154 quibus
1692 1116 1901 1155 praeteritum
1918 1116 1977 1146 sub
2002 1122 2149 1157 tempore
2165 1119 2336 1157 praeterito
2357 1118 2419 1149 fuit
2434 1128 2490 1150 co·

1415 1159 1553 1198 gnitum,
1566 1167 1634 1189 non
1653 1159 1816 1190 invenitur
1829 1160 1862 1190 in
1878 1166 1968 1200 parte
1984 1161 2179 1192 intellectiva
2191 1172 2300 1203 neque
2316 1164 2490 1194 coniuncta

1416 1212 1525 1243 neque
1549 1209 1703 1243 separata.

1473 1247 1503 1278 3.
1528 1246 1624 1278 Unde
1647 1247 1687 1278 ad
1712 1248 1932 1279 obiectionem
1959 1250 1991 1279 in
2020 1250 2179 1290 principio
2203 1251 2330 1288 factam,
2355 1257 2489 1292 negatur

1417 1292 1651 1332 consequentia
1679 1291 1719 1322 de
1749 1293 1907 1323 memoria
1936 1294 2066 1334 proprie
2094 1294 2186 1331 dicta,
2215 1304 2299 1335 quae
2322 1296 2355 1326 in
2383 1297 2489 1327 anima

1415 1337 1578 1367 invenitur
1595 1342 1630 1367 ut
1646 1342 1693 1367 est
1710 1338 1929 1377 cognoscitiva
1945 1347 2003 1378 per
2017 1340 2140 1378 species
2157 1349 2174 1370 a
2190 1340 2335 1370 sensibus
2351 1341 2489 1380 acquisi—

1415 1386 1472 1411 tas.
1490 1381 1567 1412 Non
1583 1381 1670 1412 enim
1683 1381 1800 1412 sufficit
1816 1381 1856 1412 ad
1872 1383 2030 1413 rationem
2046 1384 2223 1414 memoriae
2238 1385 2369 1424 proprie
2385 1384 2490 1416 dictae

1415 1425 1507 1466 quod
1529 1426 1741 1466 praeteritum
1763 1427 1823 1456 sub
1851 1427 1975 1457 ratione
1999 1428 2159 1468 praeteriti
2184 1434 2408 1468 cognoscatur,
2427 1439 2488 1460 nec

1416 1471 1479 1501 hoc
1502 1470 1642 1501 intendit
1667 1470 1804 1501 Sanctus
1834 1471 1996 1502 Thomas:
2027 1472 2084 1502 sed
2113 1473 2286 1513 requiritur
2315 1473 2406 1514 quod
2432 1483 2490 1514 per

1416 1514 1546 1545 easdem
1569 1515 1694 1556 species
1717 1525 1735 1545 a
1759 1516 1905 1546 sensibus
1928 1522 2075 1557 acceptas
2099 1524 2314 1558 cognoscatur
2328 1527 2386 1558 per
2409 1527 2489 1558 quas

2516 506 2523 513 ’
2539 503 2576 525 Cf.
2598 509 2645 526 n.n
2657 510 2708 532 sqq.

1415 1560 1503 1599 prius
1528 1560 1796 1599 cognoscebatur.
1821 1578 1843 1582 —
1867 1561 1900 1591 Si
1925 1566 2033 1592 autern
2049 1561 2244 1602 intelligatur
2268 1562 2308 1593 de
2331 1559 2495 1594 memoria

1415 1604 1598 1635 secundum
1614 1603 1705 1645 quod
1729 1613 1787 1644 per
1811 1606 1934 1645 species
1958 1605 2093 1636 influxas
2118 1608 2286 1646 cognoscit
2302 1606 2381 1637 illud
2398 1606 2488 1647 quod

1414 1649 1449 1678 in
1472 1649 1536 1679 vita
1559 1658 1617 1689 per
1640 1658 1753 1679 sensus
1777 1650 1942 1689 cognovit,
1966 1651 2012 1680 sic
2036 1650 2225 1681 conceditur
2248 1651 2282 1681 in
2310 1652 2417 1682 anima
2439 1661 2489 1682 se-

1415 1698 1524 1733 parata
1548 1702 1617 1724 esse
1640 1694 1834 1724 memoriam
1862 1700 2009 1734 respectu
2034 1696 2206 1735 praeteriti.
2231 1695 2300 1726 Nee
2330 1696 2393 1726 hoc
2421 1696 2490 1726 vult

1415 1747 1533 1778 negare
1557 1737 1693 1769 Sanctus
1717 1738 1875 1769 Thomas:
1901 1739 1957 1770 sed
1980 1739 2060 1770 illud
2083 1745 2179 1780 negat
2202 1745 2328 1770 tantum
2358 1739 2398 1771 de
2428 1749 2488 1781 po-

1415 1782 1515 1812 tentia
1537 1782 1733 1814 intellectiva
1756 1783 1951 1823 inquantum
1974 1784 2122 1824 intelligit
2145 1793 2202 1824 per
2225 1785 2349 1825 species
2371 1784 2488 1815 intelli-

1414 1826 1528 1866 gibiles
1552 1836 1571 1857 a
1593 1827 1798 1858 sensibilibus
1826 1834 1991 1868 acceptas;
2023 1829 2099 1869 quia
2131 1829 2192 1859 illis
2220 1838 2288 1859 non
2319 1830 2489 1869 cognoscit

1415 1871 1523 1901 anima
1545 1880 1606 1902 nec
1631 1872 1806 1903 coniuncta
1821 1882 1882 1903 nec
1898 1879 2041 1913 separata
2058 1873 2264 1913 praeteritum
2288 1874 2347 1904 sub
2363 1874 2487 1904 ratione

1414 1916 1586 1955 praeteriti,
1611 1924 1688 1946 cum
1711 1916 1894 1947 abstrahant
1909 1917 1948 1946 ab
1965 1918 2057 1947 omni
2076 1918 2230 1957 temporis
2252 1917 2438 1954 differentia,
2455 1923 2487 1948 et

1416 1969 1485 1990 esse
1507 1960 1716 1999 praeteritum
1740 1960 1863 1991 accidat
1892 1966 2024 1992 naturae
2053 1967 2308 2002 repraesentatae
2333 1971 2392 2002 per
2414 1971 2486 2002 spe-

1415 2004 1500 2034 ciem
1522 2003 1757 2044 intelligibilem
1781 2014 1799 2035 a
1822 2005 2026 2036 sensibilibus
2050 2006 2251 2043 abstractam,
2276 2011 2312 2037 ut
2335 2007 2390 2036 sic.

1118 2086 1655 2127 ——whlw—

560 2244 1047 2302 CAPITULUM
1084 2244 1797 2303 SEPTUAGESIMUM
1834 2248 2029 2324 QUIN
2031 2248 2211 2305 TUM

618 2373 886 2416 SOLUTIO
921 2374 1251 2415 RATIONUM
1284 2374 1510 2427 QUIBUS
1544 2375 1820 2416 VIDETUR
1854 2376 2120 2417 PROBARI

864 2435 1092 2478 UNITAS
1125 2436 1552 2478 INTELLECTUS
1586 2437 1912 2479 POSSIBILIS

323 2568 378 2599 22<ss
402 2568 469 2605 m«
498 2560 522 2585 n
549 2548 800 2598 probandum
833 2555 966 2586 autem
997 2548 1186 2586 unitatem
1218 2549 1359 2586 intelle·

319 2586 472 2663 μμ
511 2609 594 2639 ctus
613 2601 805 2651 possibilis
823 2602 1019 2652 quaedam
1047 2601 1216 2639 rationes
1234 2602 1358 2640 addu—

303 2658 423 2701 ’,Γρνς
442 2662 467 2696 (
482 2654 487 2658 ’
510 2662 654 2692 cuntur
665 2654 696 2701 ²⁸,
720 2667 819 2704 quas
837 2662 990 2705 oportet
1009 2655 1212 2692 ostendere
1231 2655 1358 2693 effica—

295 2679 439 2745 lffiffl»
456 2701 489 2745 K
511 2720 575 2745 ces
603 2720 686 2746 non
713 2720 810 2746 esse.
1200 2711 1202 2713 ’

335 2759 500 2798 Videtur
517 2761 624 2798 enim
647 2761 755 2810 quod
783 2761 913 2799 omnis
934 2762 1062 2798 forma
1082 2773 1184 2811 quae
1204 2769 1260 2799 est
1277 2774 1359 2799 una
1379 2781 1388 2801 ς

283 2813 502 2851 secundum
517 2813 689 2863 speciem
707 2821 744 2851 et
758 2814 1033 2864 multiplicatur
1050 2815 1270 2852 secundum
1284 2827 1357 2853 nu-

283 2877 452 2912 merum,
478 2866 744 2904 individuetur
771 2878 843 2916 per
868 2867 1087 2905 materiam:
1116 2879 1218 2917 quae
1250 2868 1358 2906 enim

283 2927 374 2957 sunt
397 2931 526 2957 unum
551 2919 678 2969 specie
698 2927 735 2957 et
753 2920 876 2957 multa
893 2921 1113 2958 secundum
1131 2933 1356 2968 numerum,

282 2972 522 3011 conveniunt
546 2972 586 3010 in
613 2973 740 3010 forma
762 2981 800 3010 et
822 2973 1111 3022 distinguuntur
1137 2975 1357 3012 secundum

282 3025 497 3064 materiam.
514 3025 555 3063 Si
573 3025 688 3074 igitur
700 3026 912 3063 intellectus
930 3026 1122 3076 possibilis
1140 3027 1181 3064 in
1195 3027 1357 3065 diversis
1372 3047 1398 3061 m

282 3079 509 3116 hominibus
529 3079 574 3116 sit
594 3079 868 3128 multiplicatus
887 3080 1106 3117 secundum
1131 3092 1357 3128 numerum,

283 3144 374 3170 cum
403 3132 450 3170 sit
477 3145 581 3169 unus
609 3132 828 3170 secundum
857 3133 1039 3182 speciem,
1068 3141 1220 3183 oportet
1247 3135 1356 3183 quod

283 3186 330 3223 sit
355 3185 620 3224 individuatus
647 3185 688 3222 in
717 3186 794 3223 hoc
821 3193 858 3222 et
885 3185 926 3223 in
953 3185 1018 3223 illo
1043 3197 1113 3236 per
1139 3187 1354 3224 materiam.

282 3240 376 3277 Non
395 3247 527 3276 autem
547 3251 617 3289 per
635 3238 837 3276 materiam
856 3250 957 3288 quae
976 3238 1022 3276 sit
1046 3251 1136 3288 pars
1162 3239 1237 3276 sui:
1263 3240 1356 3289 quia

1414 2557 1546 2587 autem
1570 2549 1697 2587 forma
1725 2549 1964 2590 individuata
1989 2563 2060 2600 per
2078 2550 2280 2600 materiam
2300 2552 2411 2590 cuius
2429 2562 2486 2591 est

1413 2610 1532 2650 actus,
1561 2611 1617 2640 est
1644 2603 1771 2640 forma
1804 2603 2022 2641 materialis.
2052 2604 2215 2653 Oportet
2242 2605 2348 2642 enim
2375 2607 2484 2655 quod

1413 2668 1497 2694 esse
1512 2656 1715 2694 cuiuslibet
1730 2656 1784 2694 rei
1798 2657 2017 2706 dependeat
2030 2657 2080 2694 ab
2095 2669 2142 2694 eo
2158 2669 2180 2694 a
2194 2669 2275 2707 quo
2289 2658 2485 2708 dependet

1412 2709 1669 2747 individuatio
1689 2709 1788 2747 eius:
1809 2709 1907 2747 sicut
1925 2710 2030 2747 enim
2050 2710 2237 2761 principia
2256 2713 2483 2750 communia

1412 2770 1502 2800 sunt
1520 2763 1569 2800 de
1589 2763 1753 2801 essentia
1767 2763 1919 2812 speciei,
1934 2763 1985 2801 ita
2002 2763 2190 2813 principia
2204 2764 2484 2803 individuantia

1412 2823 1502 2853 sunt
1529 2816 1578 2853 de
1606 2816 1771 2854 essentia
1797 2816 1914 2854 huius
1949 2816 2150 2854 individui.
2182 2817 2364 2867 Sequitur
2391 2830 2481 2867 ergo

1411 2869 1520 2918 quod
1553 2869 1765 2907 intellectus
1799 2869 1991 2919 possibilis
2026 2870 2072 2907 sit
2103 2870 2228 2908 forma
2265 2871 2480 2908 materialis.

1411 2923 1460 2959 Et
1484 2935 1554 2972 per
1580 2935 1824 2973 consequens
1843 2923 1951 2973 quod
1971 2935 2052 2960 non
2070 2923 2226 2973 recipiat
2244 2923 2388 2973 aliquid
2409 2936 2482 2962 nec

1411 2983 1595 3026 operetur
1622 2976 1704 3013 sine
1733 2988 1879 3025 organo
1907 2977 2108 3026 corporali.
2134 2977 2252 3024 Quod
2281 2977 2396 3014 etiam
2424 2985 2481 3015 est

1411 3036 1545 3066 contra
1567 3037 1747 3067 naturam
1777 3029 1987 3067 intellectus
2014 3029 2216 3079 possibilis.
2244 3029 2359 3078 Igitur
2376 3029 2480 3067 intel*-

1411 3083 1531 3119 lectus
1549 3082 1742 3132 possibilis
1771 3095 1852 3120 non
1880 3082 2155 3132 multiplicatur
2173 3083 2212 3119 in
2231 3082 2390 3119 diversis
2409 3083 2479 3120 ho-

1411 3135 1593 3182 minibus,
1622 3136 1691 3173 sed
1719 3143 1776 3172 est
1803 3148 1906 3173 unus
1934 3135 2125 3173 omnium.

1465 3189 1572 3225 Item.
1594 3188 1634 3226 Si
1659 3189 1870 3226 intellectus
1898 3188 2088 3237 possibilis
2113 3196 2210 3225 esset
2229 3188 2324 3225 alius
2344 3188 2383 3224 in
2403 3189 2480 3225 hoc

1410 3248 1447 3277 et
1474 3241 1514 3278 in
1542 3241 1607 3278 illo
1635 3242 1807 3287 homine,
1837 3249 2030 3290 oporteret
2059 3242 2165 3290 quod
2195 3241 2340 3290 species
2373 3241 2478 3278 intel-

283 3292 336 3329 sic
355 3300 455 3329 esset
473 3292 641 3342 receptio
669 3291 752 3329 eius
771 3292 820 3329 de
848 3303 988 3340 genere
1017 3291 1245 3342 receptionis
1273 3306 1355 3330 ma·
1370 3311 1394 3330 ¹5
1409 3295 1506 3331 lecta
1524 3302 1623 3331 esset
1641 3294 1715 3332 alia
1734 3307 1900 3332 numero
1919 3294 1958 3330 in
1978 3295 2055 3331 hoc
2074 3302 2110 3331 et
2129 3294 2168 3331 in
2187 3294 2262 3339 illo,
2282 3306 2361 3330 una
2383 3306 2478 3331 vero

282 3344 398 3383 teriae
425 3345 587 3395 primae,
617 3353 654 3383 et
686 3345 870 3395 reciperet
904 3345 1048 3383 formas
1081 3345 1353 3392 individuales3

283 3398 392 3448 quod
409 3406 467 3435 est
489 3407 623 3436 contra
651 3406 830 3436 naturam
859 3398 1081 3436 intellectus.
1111 3398 1357 3448 Relinquitur

283 3463 375 3500 ergo
403 3452 512 3501 quod
539 3452 804 3490 individuetur
830 3463 901 3501 per
932 3451 1134 3489 materiam
1167 3464 1268 3501 quae
1301 3460 1356 3489 est

1410 3346 1450 3383 in
1478 3347 1621 3397 specie:
1651 3360 1743 3384 cum
1772 3347 1874 3384 enirn
1905 3346 2122 3396 specierum
2142 3346 2420 3384 intellectarum
2438 3346 2479 3384 in

1410 3407 1497 3437 actu
1516 3400 1720 3450 proprium
1740 3400 1958 3437 subiectum
1977 3400 2023 3436 sit
2045 3400 2256 3436 intellectus
2274 3399 2477 3449 possibilis,

1409 3461 1561 3503 oportet
1575 3454 1694 3502 quod,
1710 3453 1960 3502 multiplicato
1976 3452 2166 3490 intellectu
2180 3452 2363 3502 possibili,
2378 3454 2478 3490 mul-

283 3516 426 3555 corpus
454 3505 626 3542 hominis
662 3505 774 3543 cuius
809 3504 967 3555 ponitur
993 3505 1129 3542 forma.
1158 3526 1185 3532 -
1213 3505 1354 3543 Omnis
1408 3505 1626 3555 tiplicentur
1651 3506 1798 3555 species
1825 3505 2074 3554 intelligibiles
2097 3506 2315 3543 secundum
2339 3518 2477 3543 nume-

337 3617 372 3644 28
389 3618 534 3652 maten-inm]
553 3624 672 3645 nami-am
691 3620 738 3645 Pa.

339 3653 353 3679 5
373 3653 494 3688 asenna]
513 3662 574 3679 esse
591 3654 700 3680 anwx.
790 3663 808 3689 9
825 3656 902 3680 etiam
916 3658 981 3687 post
999 3660 1039 3680 est
1057 3654 1218 3679 unwch.

425 3708 520 3733 Sum
539 3708 649 3734 Com-m
669 3708 803 3733 Gamxmzs
822 3709 853 3734 D.
872 3708 987 3734 Tirone
1005 3708 1075 3734 Tou.
1096 3708 1114 3733 l.

1312 3662 1342 3679 η
1361 3655 1490 3690 omnium}
1509 3656 1645 3682 hominum
1663 3655 1769 3680 addunt
1787 3655 1835 3679 Pd.

2297 3708 2332 3733 60
