2768 4134
57 3333 68 3346 ¹
81 3333 137 3363 Cup.
154 3340 229 3363 praec.

754 285 942 321 SUMMA
973 285 1196 323 CONTRA
1224 287 1498 334 GENTILES,
1528 290 1622 326 LIB.
1644 291 1684 335 ΙΙ,
1715 290 1825 327 CAP.
1847 292 1930 337 XV,
1949 292 2047 329 XVI.
2424 309 2498 346 299

296 372 361 403 per
375 363 551 402 simplicem
568 363 818 400 emanationem,
832 370 863 395 et
879 365 1023 395 similiter
1038 375 1134 406 posse
1150 376 1218 397 non
1235 376 1303 398 esse
1314 377 1377 408 per
1430 369 1563 398 tentiam
1587 364 1796 400 extrinsecam
1819 376 1851 400 et
1874 371 2053 411 simplicem
2076 373 2236 405 actionem
2253 374 2359 415 ipsum
2375 377 2500 407 annihi-

302 407 478 447 simplicem
509 407 670 438 actionem
693 413 751 438 aut
768 418 832 449 per
854 409 1105 440 subtractionem
1133 411 1271 442 actionis
1299 421 1375 442 con·
1430 413 1560 449 lantem‚
1584 419 1640 444 aut
1663 423 1720 453 per
1743 414 1994 446 subtractionem
2017 418 2152 450 actionis
2176 421 2401 451 conservantis.

302 451 493 487 ser-nativae,
511 461 610 482 omne
627 451 748 483 factum
763 459 872 493 potest
886 463 954 484 non
978 463 1056 485 esse.
1081 454 1144 485 Sed
1160 456 1186 486 si
1202 456 1377 496 accipiatur
1486 456 1573 487 Cum
1585 463 1694 487 autem
1707 459 1858 498 arguitur,
1872 460 1947 499 quia
1959 460 2046 491 idem
2061 471 2129 492 non
2142 468 2189 493 est
2204 464 2357 503 possibile
2373 475 2499 506 semper

302 495 425 526 factum
441 505 505 536 per
526 496 702 537 simplicem
726 498 974 534 emanationem,
992 505 1023 529 et
1038 508 1134 539 posse
1149 509 1218 530 non
1235 509 1303 531 esse
1313 510 1377 541 per
1431 509 1500 531 esse
1516 506 1548 531 et
1563 502 1717 541 possibile
1741 503 1914 542 aliquando
1937 514 2005 534 non
2030 515 2111 536 esse:
2137 507 2253 538 dicitur
2276 509 2365 548 quod
2385 519 2498 541 verum

303 541 607 571 transmutationem
629 542 696 572 sive
714 551 777 582 per
793 543 974 583 potentiam
997 544 1214 580 intrinsecam,
1232 543 1309 575 falsa
1329 550 1376 575 est
1431 550 1478 575 est
1494 545 1604 575 eodem
1621 546 1728 576 modo.
1746 546 1809 577 Sed
1826 549 1915 588 quod
1932 549 2052 589 aliquid
2068 551 2107 581 sit
2122 552 2272 591 possibile
2289 562 2414 594 semper
2430 564 2498 585 esse

303 585 495 635 propositio.
633 630 638 636 .
1430 598 1487 629 per
1510 590 1690 629 potentiam
1713 591 1927 629 intrinsecam,
1945 599 1976 623 et
1999 595 2039 624 sit
2061 596 2212 634 possibile
2233 597 2405 637 aliquando
2429 609 2496 629 non

358 629 509 660 Sumhter
533 629 573 660 ad
596 639 757 661 minorem
781 630 896 661 dicitur
920 632 1009 672 quod
1033 633 1160 663 nullum
1181 640 1375 674 perpetuum
1431 643 1500 664 esse
1520 643 1578 674 per
1600 636 1779 675 potentiam
1796 637 2015 675 extrinsecam,
2031 639 2094 669 hoc
2110 649 2178 670 non
2194 647 2240 671 est
2255 642 2495 674 inconveniens

302 679 410 713 potest
432 683 501 704 non
525 683 594 705 esse
616 684 674 715 per
698 676 877 715 potentiam
901 677 1106 708 intrinsecam
1129 682 1184 708 aut
1203 687 1261 718 per
1276 684 1375 708 trans·
1487 677 1603 709 Cetera
1627 679 1699 710 vide
1721 680 1755 710 in
1777 680 1950 720 Capreolo,
1968 682 1994 712 11
2011 682 2107 718 Sent„
2126 684 2155 715 d.
2172 695 2193 721 1,
2211 694 2240 724 q.
2258 696 2298 723 113
2323 693 2353 717 et
2374 688 2412 717 ab
2429 688 2496 718 aliis

301 719 527 749 mutationem.
560 719 622 750 Sed
653 720 735 750 bene
767 720 899 760 aliquod
923 727 1030 761 potest
1052 731 1120 752 non
1144 731 1213 753 esse
1235 732 1294 763 per
1316 732 1376 762 po·
1430 722 1488 753 XII
1513 724 1766 764 Metaphysicae.

759 985 1244 1042 CAPITULUM
1279 986 1658 1043 DECIMUM
1697 989 2042 1046 SEXTUM

554 1111 742 1164 QUOD
788 1113 965 1155 Deus
1010 1115 1095 1155 Ex
1138 1114 1371 1156 N1H1Lo
1415 1116 1762 1158 PRODUXIT
1806 1118 1930 1159 RES
1975 1119 2039 1159 IN
2084 1120 2247 1173 ESSE

429 1277 443 1297 '¹
510 1254 534 1278 x
563 1242 640 1278 hoc
668 1250 799 1278 autem
823 1251 982 1292 apparet
1001 1245 1109 1293 quod
1129 1245 1236 1282 Deus
1255 1257 1315 1282 res
1335 1245 1374 1282 in
1430 1258 1511 1283 non
1530 1254 1655 1296 potest
1673 1248 1888 1296 producere
1918 1261 1976 1285 res
2005 1248 2044 1285 in
2073 1262 2155 1287 esse
2181 1251 2252 1287 nisi
2273 1263 2317 1288 ex
2338 1253 2495 1290 materia

371 1318 376 1336 ,ν
405 1296 424 1318 ⁴³*
446 1293 497 1354 ⁷:5⁸
525 1306 608 1347 esse
645 1295 828 1344 produxit
865 1308 911 1333 ex
948 1299 1055 1334 nullo
1098 1298 1374 1347 praeexistente
1429 1299 1680 1349 praeiacente,
1690 1301 1764 1348 agit
1779 1303 1907 1338 solum
1922 1303 2120 1340 movendo
2135 1311 2171 1340 et
2185 1307 2493 1344 transmutando:

337 1382 342 1391 „
428 1357 457 1397 ς
526 1347 623 1385 sicut
652 1360 698 1385 ex
727 1349 898 1386 materia.
1429 1353 1552 1390 facere
1572 1354 1676 1391 enim
1697 1354 1840 1403 aliquid
1861 1367 1906 1392 ex
1928 1355 2085 1393 materia
2105 1365 2160 1393 est
2178 1370 2248 1406 per
2267 1367 2418 1395 motum
2434 1361 2495 1396 vel

445 1453 452 1459 ·
580 1401 620 1438 Si
650 1401 755 1439 enim
776 1410 832 1439 est
852 1402 997 1452 aliquid
1027 1404 1185 1441 effectus
1205 1405 1288 1451 Dei,
1309 1413 1375 1442 aut
1430 1405 1686 1444 mutationem
1706 1408 1915 1456 quandam.
1946 1409 2039 1445 Non
2067 1421 2156 1458 ergo
2186 1410 2419 1460 impossibile
2440 1421 2495 1449 est

298 1453 518 1503 praeexistit
545 1454 689 1504 aliquid
719 1455 781 1502 illi,
810 1464 876 1493 aut
904 1469 997 1494 non.
1029 1457 1069 1495 Si
1098 1469 1189 1504 non,
1210 1459 1375 1496 habetur
1397 1474 1406 1495 s
1429 1460 1645 1508 producere
1674 1472 1733 1497 res
1762 1460 1801 1497 in
1830 1473 1911 1498 esse
1941 1462 2020 1498 sine
2050 1463 2207 1500 materia
2242 1464 2492 1513 praeiacente.

298 1506 562 1557 propositum:
585 1508 725 1546 scilicet
745 1510 853 1558 quod
874 1510 981 1547 Deus
1000 1510 1171 1560 aliquem
1191 1511 1374 1549 effectum
1431 1513 1613 1550 Producit
1629 1513 1740 1562 igitur
1755 1514 1861 1551 Deus
1878 1526 1936 1551 res
1952 1514 1991 1551 in
2006 1527 2088 1552 esse
2109 1516 2189 1553 sine
2209 1518 2367 1555 materia
2386 1531 2493 1567 prae-

298 1560 489 1611 producat
508 1573 555 1598 ex
575 1563 682 1599 nullo
702 1561 991 1612 praeexistente.
1019 1563 1058 1602 Si
1079 1572 1209 1601 autem
1230 1564 1375 1615 aliquid
1431 1566 1589 1603 iacente.

298 1613 349 1651 ilii
386 1615 615 1665 praeexistit,
649 1623 715 1653 aut
751 1623 807 1653 est
838 1617 1050 1666 procedere
1088 1617 1128 1654 in
1166 1617 1373 1664 infinitum,
1484 1620 1695 1656 Praeterea.
1731 1621 1851 1667 Quod
1885 1621 1958 1668 agit
1989 1629 2138 1659 tanturn
2171 1635 2240 1672 per
2272 1632 2424 1660 motum
2460 1633 2495 1661 et

299 1668 407 1718 quod
436 1680 518 1706 non
547 1677 603 1706 est
629 1669 812 1719 possibile
842 1670 880 1707 in
909 1670 1034 1709 causis
1063 1671 1312 1718 naturalibus,
1333 1679 1375 1709 ut
1431 1672 1686 1710 mutationem
1706 1685 1786 1710 non
1806 1673 1988 1723 competit
2017 1670 2222 1712 universali
2250 1688 2387 1713 causae
2414 1677 2496 1714 eius

200 1731 207 1752 ἱ
263 1740 270 1746 ·
298 1720 563 1772 Philosophus
590 1723 730 1773 probat
749 1723 789 1761 in
809 1724 838 1760 ΙΙ
858 1725 1194 1775 Metaphysicae*:
1221 1733 1287 1762 aut
1306 1724 1375 1762 erit
1391 1743 1416 1757 10
1430 1726 1537 1775 quod
1566 1733 1621 1763 est
1650 1738 1750 1764 esse:
1781 1739 1861 1764 non
1891 1727 1994 1764 enim
2023 1740 2092 1777 per
2119 1737 2272 1766 motum
2305 1737 2341 1766 et
2373 1738 2495 1767 muta-

298 1775 483 1813 devenire
518 1777 568 1814 ad
605 1776 764 1826 aliquod
798 1777 973 1827 primum
1008 1779 1116 1828 quod
1153 1778 1256 1815 aliud
1293 1790 1374 1816 non
1430 1779 1577 1816 tionem
1606 1778 1648 1815 fit
1677 1792 1746 1817 ens
1774 1792 1820 1817 ex
1849 1792 1929 1817 non
1959 1789 2045 1818 ente
2074 1781 2304 1831 simpliciter,
2333 1783 2399 1819 sed
2428 1795 2496 1820 ens

297 1830 590 1880 praesupponit.
621 1830 740 1878 Quod
770 1830 931 1881 quidem
951 1843 1031 1869 non
1054 1839 1180 1882 potest
1199 1844 1282 1869 esse
1302 1832 1374 1869 nisi
1429 1833 1506 1870 hoc
1525 1844 1571 1869 ex
1591 1845 1671 1870 non
1692 1842 1777 1870 ente
1798 1834 1885 1870 hoc.
1915 1835 2022 1871 Deus
2050 1842 2181 1872 autem
2207 1843 2262 1872 est
2282 1835 2495 1873 universale

299 1882 381 1933 ipse
410 1884 529 1921 Deus.
561 1884 775 1922 Ostensum
804 1893 859 1921 est
887 1885 991 1923 enim
1022 1885 1059 1922 in
1089 1885 1218 1936 primo
1237 1885 1335 1923 libro
1354 1885 1374 1907 '¹‘
1430 1885 1581 1923 essendi
1600 1886 1846 1936 principium,
1869 1896 1910 1924 ut
1930 1895 2129 1925 ostensum
2150 1896 2205 1925 est
2219 1888 2248 1925 ³¹⁶.
2273 1890 2364 1926 Non
2384 1889 2496 1937 igitur
2523 1894 2531 1902 '
2566 1901 2578 1915 ³
2635 1901 2684 1915 saec

299 1937 408 1986 quod
428 1937 510 1987 ipse
530 1949 611 1974 non
631 1946 687 1975 est
707 1938 866 1976 materia
886 1938 1046 1977 alicuius
1067 1939 1136 1976 rei:
1158 1951 1229 1976 nec
1248 1947 1373 1989 potest
1429 1939 1499 1976 sibi
1529 1939 1713 1989 competit
1741 1953 1851 1988 agere
1881 1949 2030 1978 tantum
2057 1954 2128 1990 per
2155 1950 2307 1979 motum
2336 1950 2401 1979 aut
2425 1955 2495 1991 per

299 2002 382 2028 esse
401 1991 506 2028 aliud
526 2004 548 2029 a
567 1991 653 2029 Deo
673 1991 735 2029 cui
755 1992 862 2029 Deus
891 2004 971 2029 non
1001 1992 1046 2029 sit
1073 2004 1190 2030 causa
1209 1992 1372 2039 essendi,
1390 2007 1412 2027 ις
1429 1993 1696 2030 mutationem.
1727 1994 1866 2042 Neque
1896 1994 2008 2042 igitur
2026 1994 2095 2031 sibi
2117 1995 2299 2044 competit
2326 1994 2492 2044 indigere

299 2052 341 2082 ut
360 2052 561 2082 ostensum
581 2053 637 2082 est
655 2045 686 2082 ²³⁵.
718 2045 963 2096 Relinquitur
990 2046 1103 2095 igitur
1131 2046 1239 2096 quod
1266 2046 1373 2083 Deus
1428 2045 1658 2095 praeiacenti
1688 2046 1846 2084 materia
1874 2048 1922 2084 ad
1951 2047 2095 2097 aliquid
2123 2047 2352 2085 faciendum.

299 2098 338 2135 in
357 2098 614 2148 productione
635 2098 694 2136 sui
714 2099 873 2136 effectus
893 2111 974 2137 non
994 2099 1152 2150 requirit
1171 2099 1372 2137 materiam
1482 2099 1671 2149 Amplius.
1702 2101 2023 2150 Unumquodque
2052 2113 2167 2149 agens
2189 2101 2259 2138 sibi
2279 2101 2399 2139 simile
2420 2102 2493 2150 agit

299 2151 584 2202 praeiacentem
613 2165 660 2190 ex
689 2165 767 2202 qua
796 2162 988 2203 operetur.
1429 2165 1592 2202 quoquo
1612 2153 1744 2190 modo.
1775 2153 1859 2202 Agit
1887 2162 2017 2191 autem
2046 2156 2357 2204 unumquodque
2377 2168 2492 2204 agens

354 2206 505 2243 Adhuc.
536 2207 807 2256 Unaquaeque
836 2207 995 2244 materia
1023 2219 1093 2257 per
1120 2206 1287 2244 formam
1310 2219 1372 2243 su·
1429 2207 1646 2243 secundum
1666 2207 1773 2256 quod
1794 2215 1880 2244 actu
1900 2216 1966 2244 est.
1997 2207 2097 2244 Illius
2125 2208 2236 2256 igitur
2264 2208 2406 2256 agentis
2426 2209 2493 2245 erit

298 2259 569 2309 perinductam
611 2259 850 2297 contrahitur
885 2260 934 2297 ad
977 2260 1148 2310 aliquam
1190 2259 1371 2310 speciem.
1389 2281 1415 2295 20
1428 2260 1644 2310 producere
1673 2261 1854 2297 effectum
1883 2261 2079 2298 causando
2108 2261 2237 2310 aliquo
2272 2263 2391 2298 modo
2420 2262 2492 2299 for-

300 2313 464 2363 Operari
493 2325 584 2363 ergo
613 2326 659 2351 ex
689 2313 847 2351 materia
875 2314 1116 2364 praeiacente
1144 2313 1373 2364 superindu-
1429 2326 1537 2351 mam
1552 2313 1734 2351 materiae
1754 2313 2018 2351 inhaerentem
2034 2315 2140 2363 quod
2156 2323 2210 2351 est
2230 2323 2317 2351 actu
2336 2327 2406 2364 per
2419 2315 2492 2351 for-

298 2367 424 2405 cendo
452 2368 621 2405 formam
649 2379 903 2417 quocumque
932 2368 1065 2415 modo,
1086 2375 1142 2405 est
1161 2367 1305 2416 agentis
1325 2367 1373 2404 ad
1430 2379 1536 2404 mam
1557 2367 1627 2404 sibi
1649 2367 1924 2413 inhaerentem,
1941 2376 1977 2404 et
1996 2380 2075 2404 non
2094 2380 2163 2417 per
2182 2376 2300 2405 totam
2321 2368 2492 2405 substan-

284 2420 472 2471 ⁴aliquam
487 2421 782 2459 determinatam
797 2421 978 2471 speciem.
995 2422 1092 2459 Tale
1112 2429 1243 2459 autem
1258 2433 1374 2470 agens
1430 2420 1522 2458 tiam
1551 2433 1680 2459 suam:
1712 2421 1815 2458 unde
1844 2420 2116 2470 Philosophus,
2137 2421 2173 2458 in
2196 2423 2261 2459 VII
2280 2423 2447 2471 Metaph.
2462 2422 2491 2468 *‚

300 2483 355 2512 est
374 2487 490 2524 agens
519 2474 764 2524 particulare:
795 2487 935 2512 causae
964 2475 1070 2512 enim
1098 2474 1262 2512 causatis
1285 2487 1374 2524 pro·
1429 2474 1568 2524 probat
1596 2475 1703 2524 quod
1732 2487 1791 2511 res
1821 2474 2045 2520 materiales,
2070 2475 2254 2512 habentes
2284 2476 2425 2512 formas
2454 2475 2492 2512 in

225 2549 231 2560 ‚
264 2549 269 2554 ·
298 2528 533 2578 portionales
562 2536 651 2566 sunt
664 2528 695 2565 ²¹².
726 2531 854 2578 Agens
874 2528 987 2578 igitur
1005 2529 1113 2579 quod
1142 2528 1300 2578 requirit
1328 2541 1374 2565 ex
1390 2549 1412 2568 ες
1430 2527 1608 2573 materiis,
1628 2535 1860 2575 generantur
1878 2540 1900 2564 a
1920 2527 2179 2565 materialibus
2207 2528 2406 2576 agentibus
2426 2529 2491 2565 ha-

299 2581 522 2620 necessitate
551 2582 754 2620 materiam
787 2582 1071 2632 praeiacentem
1100 2595 1146 2619 ex
1175 2595 1253 2632 qua
1282 2594 1373 2631 ope·
1429 2581 1609 2618 bentibus
1637 2581 1780 2618 formas
1800 2580 1836 2617 in
1858 2580 2027 2626 materia,
2047 2593 2128 2617 non
2157 2593 2178 2617 a
2206 2581 2338 2618 formis
2363 2593 2433 2630 per
2451 2594 2490 2618 se

299 2644 414 2682 retur,
430 2643 486 2673 est
505 2647 623 2685 agens
641 2635 881 2686 particulare.
904 2636 1011 2673 Deus
1031 2643 1162 2673 autem
1182 2644 1238 2672 est
1257 2647 1373 2683 agens
1429 2634 1687 2671 existentibus.
1717 2634 1824 2670 Deus
1852 2641 1982 2670 autem
2012 2645 2091 2670 non
2121 2641 2175 2670 est
2203 2646 2271 2671 ens
2304 2642 2389 2671 actu
2421 2646 2491 2683 per

299 2689 396 2727 sicut
424 2701 542 2727 causa
569 2688 798 2727 universalis
827 2689 989 2736 essendi,
1007 2697 1052 2727 -ut
1076 2689 1227 2738 supra*
1246 2696 1372 2726 osten-
1427 2687 1572 2736 aliquid
1593 2686 1663 2724 sibi
1683 2687 1898 2732 inhaerens,
1928 2686 1995 2723 sed
2024 2698 2094 2735 per
2121 2694 2240 2724 totam
2269 2699 2380 2724 suam
2400 2687 2489 2723 sub-

300 2755 388 2781 sum
408 2751 474 2780 est.
496 2742 612 2792 Igitur
631 2742 712 2792 ipse
732 2742 770 2779 in
786 2755 856 2780 sua
875 2742 1026 2780 actione
1041 2742 1243 2780 materiam
1262 2754 1372 2791 prae·
1428 2740 1616 2786 stantiam,
1636 2748 1678 2777 ut
1697 2752 1814 2789 supra
1827 2739 1847 2761 ’¹‘
1866 2740 2073 2789 probatum
2093 2748 2158 2776 est.
2179 2739 2293 2788 Igitur
2310 2739 2489 2789 proprius
2517 2776 2528 2789 λ

299 2797 488 2835 iacentem
517 2808 598 2833 non
628 2795 797 2845 requirit.
1388 2814 1413 2833 3⁰
1427 2794 1570 2831 modus
1597 2806 1690 2830 suae
1719 2792 1877 2830 actionis
1906 2801 1961 2829 est
1990 2800 2031 2829 ut
2058 2794 2245 2842 producat
2266 2805 2348 2829 rem
2368 2793 2489 2829 subsi-

352 2852 458 2887 ltem.
481 2850 640 2897 Quanto
669 2848 806 2899 aliquis
834 2849 994 2886 effectus
1023 2856 1078 2886 est
1106 2847 1370 2893 universalior,
1427 2854 1590 2884 stentem
1609 2854 1740 2892 totam,
1761 2858 1840 2883 non
1861 2847 1988 2883 solum
2015 2858 2097 2882 rem
2126 2846 2399 2892 inhaerentem,
2420 2846 2488 2882 sci-

298 2911 404 2941 tanto
446 2904 563 2941 habet
604 2902 804 2953 propriam
845 2914 1005 2939 causam
1046 2901 1235 2939 altiorem:
1280 2900 1372 2950 quia
1426 2899 1511 2937 licet
1530 2900 1698 2937 formam
1717 2899 1756 2936 in
1776 2899 1946 2936 materia.
1963 2900 2037 2935 Per
2056 2900 2161 2936 hunc
2176 2907 2303 2936 autem
2324 2899 2487 2935 modum

299 2965 446 3006 quanto
466 2969 583 2995 causa
602 2965 658 2994 est
677 2956 797 3002 altior,
818 2963 924 2992 tanto
944 2956 993 2992 ad
1012 2957 1124 3004 plura
1143 2954 1263 2991 virtus
1288 2953 1371 2991 eius
1425 2953 1500 3002 agit
1528 2965 1646 2990 omne
1675 2965 1790 3001 agens
1810 2953 1918 3002 quod
1946 2952 2145 2989 materiam
2174 2952 2212 2989 in
2241 2952 2388 3000 agendo
2408 2964 2487 2989 non

299 3010 527 3048 extenditur.
544 3011 639 3048 Esse
659 3017 790 3047 autem
806 3016 861 3046 est
875 3007 1130 3046 universalius
1145 3020 1266 3057 quarn
1285 3019 1370 3045 mo·
1425 3006 1594 3056 requirit.
1624 3007 1731 3043 Deus
1760 3006 1871 3054 igitur
1898 3004 2098 3042 materiam
2114 3005 2392 3054 praeiacentem
2407 3017 2487 3042 non

298 3064 395 3102 veri:
427 3072 517 3102 sunt
544 3063 650 3101 enim
679 3063 875 3112 quaedam
903 3062 1052 3099 entium
1080 3060 1307 3106 immobilia,
1328 3069 1370 3098 ut
1386 3080 1407 3099 ις
1425 3059 1583 3109 requirit
1610 3059 1649 3096 in
1679 3072 1749 3096 sua
1777 3058 1936 3097 actione.

299 3118 415 3156 etiam
429 3117 654 3168 philosophi
673 3117 839 3162 tradunt,
856 3124 898 3152 ut
917 3114 1063 3165 lapides
1078 3122 1114 3151 et
1128 3114 1367 3151 huiusmodi.
1478 3115 1583 3150 Item.
1614 3112 1776 3150 Materia
1803 3119 2050 3161 comparatur
2077 3112 2125 3148 ad
2158 3123 2272 3158 agens
2307 3111 2402 3147 sicut
2430 3123 2486 3147 re-

300 3173 464 3222 Oportet
491 3183 582 3220 ergo
611 3171 718 3220 quod
747 3182 865 3220 supra
893 3181 1052 3206 causam
1071 3179 1171 3217 quae
1195 3179 1276 3204 non
1296 3167 1370 3215 agit
1424 3166 1569 3215 cipiens
1597 3166 1790 3203 actionem
1818 3177 1918 3214 quae
1947 3165 1994 3201 ab
2030 3166 2113 3215 ipso
2149 3172 2218 3201 est:
2249 3172 2354 3200 actus
2382 3163 2486 3200 enim

299 3225 371 3263 nisi
391 3225 590 3262 movendo
611 3233 647 3261 et
665 3223 971 3268 transmutando,
988 3221 1034 3258 sit
1052 3221 1114 3259 illa
1133 3233 1250 3258 causa
1268 3233 1368 3270 quae
1424 3219 1492 3268 qui
1511 3227 1566 3257 est
1585 3219 1729 3268 agentis
1757 3227 1799 3256 ut
1827 3231 1849 3255 a
1877 3230 1968 3267 quo,
1989 3227 2044 3255 est
2062 3217 2236 3267 patientis
2256 3224 2296 3253 ut
2326 3217 2363 3253 in
2392 3229 2483 3265 quo.

299 3288 355 3316 est
373 3279 547 3329 primum
562 3277 712 3315 essendi
732 3274 977 3326 principium.
995 3275 1082 3311 Hoc
1097 3282 1228 3311 autem
1243 3282 1368 3311 osten·
1423 3273 1539 3321 Igitur
1567 3273 1772 3322 requiritur
1799 3270 1957 3308 materia
1985 3272 2033 3308 ab
2062 3270 2190 3319 aliquo
2217 3277 2348 3317 agente
2369 3278 2410 3306 ut
2430 3282 2485 3307 re-

299 3333 429 3370 dimus
443 3333 463 3355 '³‘
483 3344 566 3370 esse
595 3332 736 3369 Deum.
767 3331 874 3367 Deus
894 3328 1006 3377 igitur
1024 3340 1105 3365 non
1125 3327 1199 3375 agit
1218 3335 1369 3364 tantum
1383 3345 1410 3365 4⁰
1424 3326 1538 3375 cipiat
1565 3326 1757 3363 actionem
1784 3324 1921 3374 ipsius:
1958 3323 2040 3372 ipsa
2074 3323 2177 3361 enim
2213 3322 2309 3359 actio
2343 3323 2485 3371 agentis

298 3387 498 3424 movendo
528 3394 565 3422 et
592 3384 897 3422 transmutando
930 3383 1059 3420 Omne
1094 3389 1224 3418 autem
1261 3381 1368 3429 quod
1424 3379 1463 3415 in
1492 3379 1657 3429 patiente
1686 3386 1835 3427 recepta
1864 3385 1919 3414 est
1946 3386 2051 3414 actus
2079 3375 2254 3426 patientis
2282 3384 2318 3412 et
2349 3376 2483 3420 forma,

353 3508 364 3526 1
387 3509 430 3526 res
444 3505 509 3533 post
527 3501 553 3525 in
573 3507 633 3524 esse
652 3499 739 3523 2XPc.
821 3505 835 3521 2
856 3496 936 3529 nullo]
956 3495 1036 3520 nihilo
1055 3494 1129 3519 CFY.
1201 3502 1219 3525 4
1238 3492 1344 3526 aliquid]
1365 3493 1458 3526 aliquis
1476 3493 1540 3523 WZ,
1555 3499 1598 3517 om
1611 3492 1643 3517 G.
1717 3491 1733 3516 6
1752 3490 1848 3515 scilicet
1861 3497 1904 3515 om
1919 3489 1951 3514 D.
2023 3497 2039 3522 9
2059 3487 2226 3520 naturalibus]
2247 3487 2422 3512 materialibus
2437 3488 2485 3512 Pd.

299 3543 328 3562 ιι
351 3536 466 3570 aliquod]
486 3536 583 3569 aliquid
602 3535 659 3560 DY.
748 3541 778 3558 12
798 3533 847 3557 nisi
868 3533 910 3557 Ita
928 3531 1021 3560 DZsF;
1040 3538 1082 3555 om
1101 3530 1190 3555 ceteri.
1264 3529 1310 3559 ‚13
1330 3529 1517 3554 Ostensum...
1537 3527 1618 3561 quod]
1638 3532 1666 3552 ut
1684 3527 1709 3551 in
1728 3527 1812 3559 primo
1832 3525 1897 3550 libro
1909 3529 2044 3549 ostensum
2059 3529 2099 3548 est
2111 3524 2182 3556 quod
2195 3523 2227 3548 D.
2313 3523 2345 3548 26
2363 3528 2486 3556 operetur

299 3573 341 3597 lta
360 3573 396 3603 D,
415 3577 538 3605 operatur
555 3571 646 3597 ceteri.
733 3569 764 3594 35
784 3574 813 3594 ut
831 3567 917 3601 etiam]
937 3573 965 3592 ut
980 3572 1005 3592 et
1020 3566 1064 3596 Dc,
1080 3571 1108 3590 ut
1122 3565 1262 3590 EXYZsl-l.
1350 3563 1383 3589 36
1401 3563 1548 3597 philosophi
1567 3562 1679 3595 tradunt]
1701 3560 1790 3595 (supra
1808 3560 1841 3594 E)
1860 3566 1997 3585 ostensum
2016 3565 2056 3584 est
2074 3559 2164 3583 EGW.
2248 3567 2282 3590 40
2302 3557 2411 3591 tantum]
2429 3563 2485 3583 tan-

298 3609 436 3633 tummodo
455 3608 498 3633 Pc.
589 3614 620 3638 41
644 3606 776 3631 Omne...
796 3605 812 3629 b
826 3612 838 3629 2
858 3602 1054 3629 transmutando
1072 3602 1131 3626 hom
1151 3607 1194 3625 om
1214 3601 1244 3625 D.
1556 3635 1561 3639 .
1619 3633 1625 3638 .
1917 3631 1922 3636 ι
2112 3630 2118 3635 ⁹
2138 3630 2143 3635 ι
2411 3629 2417 3635 ·
2465 3629 2470 3634 ι

351 3642 368 3668 6
387 3644 550 3669 Producit...
569 3642 731 3675 praeiacente
751 3642 810 3666 hom
831 3647 874 3665 om
893 3639 994 3664 GNYZ.
1078 3645 1111 3668 14
1128 3641 1229 3661 tantum
1248 3642 1290 3660 om
1311 3635 1341 3659 D.
1426 3642 1458 3668 ¹9
1477 3639 1576 3666 agentis
1590 3633 1646 3666 erit}
1666 3638 1706 3657 est
1724 3633 1757 3657 D.
1823 3630 1974 3672 ·39'Igitur]
1994 3630 2034 3654 Ad
2049 3629 2097 3655 hoc
2111 3635 2188 3670 igitur
2200 3630 2232 3654 D.
2312 3636 2343 3661 41
2366 3634 2486 3662 patientis

298 3684 323 3703 et
341 3679 425 3704 forma
446 3680 488 3704 Ita
507 3679 591 3710 WsE;
612 3683 637 3702 et
655 3677 739 3701 forma
758 3675 877 3709 patientis
898 3675 928 3706 D,
948 3673 1067 3707 patientis
1087 3678 1112 3697 et
1131 3671 1223 3705 (forma
1244 3676 1287 3695 aut
1306 3670 1360 3704 om)
1380 3670 1431 3701 NZ,
1451 3670 1550 3702 agentis
1570 3675 1595 3693 et
1614 3669 1712 3693 formae
1731 3668 1758 3698 P,
1779 3672 1896 3699 patrenus
1917 3671 1941 3691 et
1960 3665 2058 3690 formae
2076 3669 2165 3690 ceteri.

2521 2425 2613 2473 ’ν-ῨᾝΙιιῐ.
2624 2425 2727 2473 1:725Did.

2555 2468 2560 2477 ,
2615 2464 2649 2480 .3,
2677 2468 2682 2473 .

2516 2744 2524 2751 '
2534 2743 2606 2769 Liba,
2617 2749 2726 2770 cap.xxn,

2524 2775 2545 2789 ‘x
2568 2776 2574 2790 ι
