2742 4152
34 2430 43 2439 ·
59 2428 95 2450 Cf.
110 2428 160 2451 init.
175 2428 246 2451 Com—

35 2459 106 2477 ment.

39 3359 48 3368 ·
62 3357 138 3380 arod.
153 3364 192 3384 vn,
202 3364 250 3380 vm.

41 3622 50 3631 '
65 3621 122 3648 cup.
137 3626 159 3643 ci
174 3627 225 3649 sqq.

292 269 335 305 18

283 346 418 376 levitatis
430 345 488 375 ista
501 342 638 374 credere.
655 359 678 363 —
693 341 797 372 Maior
813 345 861 371 est
876 338 1061 370 manifesta:
1079 347 1119 368 eo
1137 336 1227 378 quod
1243 336 1352 367 divina

284 389 444 430 Sapientia
466 397 527 418 nec
544 396 646 417 errare
661 386 763 426 possit
779 394 839 416 nec
856 394 916 415 nos
934 383 1093 424 decipere.
1109 400 1132 404 —
1148 382 1257 412 Minor
1272 390 1350 411 vero

282 434 443 474 probatur.
467 431 633 462 Revelatio
658 435 689 461 et
704 429 918 460 manifestatio
935 428 1120 469 aliquorum
1142 435 1202 468 per
1224 435 1262 456 ea
1277 426 1351 456 visi-

283 478 357 508 bilia
380 485 478 517 opera
502 485 585 516 quae
608 480 741 506 naturae
764 479 917 515 superant
940 472 1125 503 facultatem
1149 469 1350 506 confirmata,

281 531 349 552 non
373 526 420 551 est
434 520 496 551 nisi
512 520 551 550 ab
571 529 612 551 eo
629 520 686 560 qui
701 528 798 560 supra
811 523 959 549 naturam
976 521 1115 547 creatam
1139 521 1195 546 est.
1220 514 1284 546 Sed
1304 515 1350 545 sic

282 575 319 596 ea
343 574 429 605 quae
450 569 525 595 sunt
547 562 623 595 fidei
646 569 722 594 sunt
745 562 945 599 confirmata,
969 570 1028 602 per
1059 570 1097 591 ea
1119 559 1243 590 scilicet
1266 568 1350 600 quae

281 618 414 640 omnem
436 613 589 650 superant
610 614 743 639 naturae
765 607 960 639 facultatem.
984 605 1071 645 Ergo
1096 610 1156 635 etc.

334 653 493 684 Probatur
515 654 623 684 minor
638 651 847 684 discurrendo
864 661 922 692 per
936 649 1100 682 miracula.
1125 649 1234 679 Primo
1251 648 1349 683 enirn,

280 697 320 729 ad
342 697 419 729 fidei
442 697 725 729 confirmationem
749 696 850 727 factae
873 700 949 727 sunt
971 693 1132 725 mirabiles
1155 693 1349 733 languorum

280 743 473 779 curationes,
497 747 703 774 mortuorum
718 741 951 776 suscitationes,
968 739 1156 770 caelestium
1172 745 1350 778 corporum

279 786 441 818 mirabiles
463 787 669 823 mutationes,
702 790 734 817 et
755 785 858 816 multa
881 785 942 815 alia
972 784 1055 814 circa
1078 792 1127 813 res
1152 780 1348 822 corporales,

280 831 321 863 de
343 831 462 872 quibus
483 836 550 862 tam
572 831 607 862 in
621 831 730 862 Veteri
751 839 849 871 quam
865 829 899 859 in
913 828 1011 859 Novo
1027 827 1238 858 Testamento
1254 824 1349 856 nobis

280 880 328 907 est
349 875 462 906 tradita
483 876 607 906 notitia.
622 893 644 899 -
659 874 821 911 Secundo,
846 873 929 904 facta
944 877 991 903 est
1013 871 1164 902 humanis
1186 870 1349 901 mentibus

279 929 376 961 supra
397 925 544 951 naturam
566 920 742 960 inspiratio,
766 928 843 950 cum
864 917 984 948 idiotae
1007 921 1040 947 et
1061 915 1234 956 simplices,
1259 914 1349 945 dono

280 964 416 1006 Spiritus
439 964 548 996 Sancti
570 964 693 1005 repleti,
716 972 878 994 summam
901 961 1091 1002 sapientiam
1108 965 1140 991 et
1163 958 1349 990 facundiam

279 1010 313 1040 in
336 1009 467 1040 instanti
497 1013 572 1040 sunt
602 1008 778 1040 consecuti.
806 1024 828 1029 —
854 1006 978 1042 Tertio,
1009 1004 1092 1036 facta
1123 1009 1172 1035 est
1194 1002 1349 1035 mirabilis

279 1052 394 1084 mundi
405 1053 574 1084 conversio
591 1058 688 1094 atque
703 1061 799 1094 supra
813 1055 971 1082 naturam.
987 1049 1064 1081 Non
1080 1049 1168 1080 enim
1184 1056 1349 1079 armorum

278 1097 423 1138 potentia
446 1102 501 1128 aut
523 1097 728 1138 voluptatum
757 1095 984 1136 promissione,
1013 1092 1072 1125 sed
1100 1103 1139 1125 ex
1163 1092 1349 1124 divinorum

279 1151 417 1183 operum
431 1142 643 1182 inspectione,
659 1141 756 1172 etiam
771 1141 855 1171 inter
868 1143 1115 1181 persecutorum
1132 1136 1348 1179 tyrannidem,

278 1186 519 1218 innumerabilis
542 1186 636 1217 turba
662 1195 731 1217 non
763 1190 891 1216 tantum
921 1183 1130 1224 simplicium,
1163 1181 1221 1214 sed
1251 1182 1349 1213 etiam

278 1231 588 1271 sapientissimorum
603 1230 786 1266 hominum,
799 1228 840 1260 ad
856 1228 975 1260 Christi
984 1227 1084 1259 fidem
1100 1226 1300 1263 convolavit;
1314 1226 1349 1257 in

279 1284 343 1316 qua
365 1275 547 1305 humanum
562 1273 748 1305 excedentia
762 1273 965 1305 intellectum
986 1271 1221 1313 praedicantur,
1246 1271 1350 1302 carnis

278 1319 469 1350 cohibentur
491 1318 683 1360 voluptates,
701 1323 733 1349 et
755 1318 866 1349 omnia
889 1326 974 1359 quae
996 1317 1029 1347 in
1053 1315 1179 1347 mundo
1203 1320 1278 1347 sunt
1293 1316 1349 1346 ha-

277 1362 383 1394 benda
406 1372 475 1394 esse
495 1363 699 1404 contemptui
721 1362 889 1394 docentur.
911 1361 987 1392 Hoc
1007 1361 1095 1392 enim
1117 1360 1349 1392 miraculorum

277 1408 455 1438 maximum
479 1413 536 1444 est,
561 1413 594 1439 et
619 1407 746 1438 divinae
769 1407 987 1448 inspirationis
1015 1415 1110 1446 opus,
1135 1404 1227 1446 quod
1249 1405 1349 1436 animi

276 1452 464 1483 mortalium
486 1452 524 1483 iis
547 1453 748 1484 assenserint.
779 1451 880 1490 Quod
903 1451 931 1482 si
952 1450 1073 1482 diceret
1096 1450 1260 1491 quispiam
1284 1450 1349 1480 hoc

277 1506 354 1528 casu
379 1496 555 1537 subitoque
587 1497 744 1528 evenisse:
775 1496 871 1527 instat
900 1495 1038 1527 Sanctus
1060 1494 1207 1526 Thomas
1238 1503 1278 1525 ex
1307 1503 1349 1525 eo

277 1540 368 1582 quod
390 1541 455 1572 hoc
477 1550 512 1572 se
535 1539 697 1572 facturum
728 1541 818 1572 Deus
849 1539 959 1571 multis
989 1544 1083 1570 antea
1114 1538 1348 1580 prophetarum

275 1585 432 1626 praedixit
455 1585 605 1622 oraculis,
628 1584 719 1626 quod
742 1590 790 1616 est
815 1583 942 1616 divinae
966 1583 1186 1625 dispositionis
1209 1583 1348 1623 signum,

275 1639 344 1661 non
363 1634 472 1661 autem
488 1639 590 1660 casus.
607 1629 706 1660 Hunc
722 1628 977 1660 confirmationis
992 1627 1069 1659 fidei
1092 1626 1230 1659 modum
1245 1627 1350 1668 tetigit

275 1674 465 1715 Apostolus,
490 1673 572 1705 Heb.
597 1684 629 1710 11,
653 1673 780 1705 dicens:
808 1673 911 1710 Quae,
942 1673 1064 1704 scilicet
1086 1673 1230 1703 humana
1252 1671 1349 1708 salus,

276 1729 349 1750 cum
372 1719 500 1749 initium
516 1718 691 1759 accepisset
707 1718 862 1750 enarrari
878 1727 943 1758 per
964 1717 1153 1752 Dominum,
1170 1716 1210 1747 ab
1234 1716 1280 1746 eis
1294 1716 1350 1757 qui

276 1763 453 1794 audierunt
475 1763 508 1794 in
533 1772 594 1794 nos
616 1763 811 1805 confirmata
826 1767 882 1798 est,
895 1766 1096 1793 contestante
1110 1761 1182 1792 Deo
1198 1760 1304 1802 siguis
1320 1765 1351 1791 et

270 1808 433 1850 portentis
456 1812 487 1838 et
510 1807 611 1838 variis
634 1807 774 1849 Spiritus
797 1806 910 1838 Sancti
932 1805 1221 1837 distributionibus.

331 1851 380 1883 Ex
411 1852 477 1882 hoc
507 1850 678 1883 deducitur
705 1852 771 1883 hoc
803 1850 1025 1882 corollarium:
1056 1859 1121 1881 non
1151 1858 1235 1885 esse,
1260 1848 1349 1881 vide-

274 1896 359 1932 licet,
384 1905 512 1927 necesse
539 1901 576 1926 ut
603 1896 741 1927 ulterius
761 1895 945 1936 praeterita
972 1894 1070 1936 signa
1095 1893 1302 1930 reiterentur,
1328 1911 1349 1916 —

275 1941 422 1981 quamvis
447 1945 479 1971 et
500 1949 590 1971 nunc
612 1949 681 1971 non
705 1944 808 1970 cesset
823 1939 912 1970 Deus
928 1948 986 1979 per
1001 1948 1079 1969 suos
1101 1943 1230 1969 sanctos
1252 1938 1348 1969 mira-

274 1985 347 2016 cula
370 1985 505 2024 operari.
529 2001 553 2007 —
571 1984 739 2015 Probatur.
763 1983 851 2022 Quia
873 1984 953 2014 haec
975 1987 1042 2013 tam
1057 1982 1211 2014 mirabilis
1234 1981 1349 2013 mundi

274 2029 444 2060 conversio
467 2027 508 2059 ad
531 2027 748 2059 Christianam
778 2027 878 2059 fidem
904 2027 1153 2068 praeteritorum
1179 2026 1348 2067 signorum

273 2072 406 2104 effectus
430 2077 491 2103 est:
525 2072 638 2114 sicque
667 2072 702 2103 in
734 2081 795 2104 suo
829 2070 947 2103 effectu
970 2081 1008 2102 ea
1030 2069 1182 2102 videntur
1204 2071 1304 2111 signa.
1325 2088 1349 2093 -

272 2116 374 2156 Quod
405 2117 431 2147 si
462 2115 586 2147 dicatur
617 2126 686 2147 non
717 2125 787 2147 esse
811 2114 929 2147 factam
956 2114 1071 2147 mundi
1098 2116 1348 2146 conversionem

273 2171 311 2192 ex
334 2160 602 2202 praecedentibus
626 2161 734 2201 signis,
751 2161 816 2191 hoc
839 2160 993 2191 omnibus
1009 2160 1107 2201 signis
1131 2165 1163 2191 et
1185 2159 1348 2191 miraculis

272 2206 449 2237 mirabilius
465 2206 533 2242 erit,
557 2206 584 2236 si
599 2204 640 2236 ad
655 2204 854 2236 credendum
874 2210 941 2235 tam
964 2203 1074 2241 ardua,
1094 2203 1134 2235 ad
1152 2203 1349 2245 sperandum

272 2256 339 2281 tam
362 2250 434 2286 alta,
462 2249 503 2280 ad
535 2249 739 2290 operandum
768 2254 835 2280 tam
866 2248 1018 2285 difficilia,
1048 2247 1191 2280 mundus
1225 2249 1348 2290 absque

273 2294 435 2326 miraculis
455 2303 473 2324 a
484 2294 685 2335 simplicibus
701 2298 733 2324 et
755 2293 953 2335 ignobilibus
969 2293 1158 2325 hominibus
1174 2292 1236 2324 fuit
1253 2293 1348 2325 indu-

274 2344 354 2370 ctus.
374 2339 484 2379 Atque
499 2338 542 2369 ob
558 2338 622 2369 hoc
638 2347 707 2369 non
722 2343 818 2370 erunt
832 2337 971 2380 amplius
986 2337 1142 2370 miracula
1159 2338 1347 2369 necessaria.

330 2383 367 2414 11.
391 2381 555 2418 Secundo,
572 2383 687 2423 probat
710 2391 768 2424 per
791 2383 1070 2424 comparationem
1094 2381 1134 2413 ad
1156 2382 1263 2423 legem
1278 2382 1347 2413 Ma-

274 2427 398 2459 humeti
406 2428 435 2458 ³.
451 2427 539 2460 Nihil
559 2427 647 2458 enirn
662 2427 782 2458 mirum
802 2432 849 2458 est
869 2428 895 2457 si
911 2426 956 2458 illi
972 2427 1036 2467 legi
1053 2435 1152 2467 quam
1167 2426 1277 2467 plures
1292 2426 1347 2458 ad-

275 2473 458 2503 haeserunt:
478 2472 554 2512 quia
571 2476 603 2502 et
617 2472 800 2512 voluptates
816 2471 1035 2512 promittebat,
1052 2476 1084 2502 et
1099 2477 1271 2512 praecepta
1286 2472 1348 2503 illis

275 2515 457 2548 conformia
480 2515 575 2547 dabat
598 2516 675 2556 ipsis
702 2515 846 2548 relaxans
876 2516 1028 2552 habenas,
1051 2515 1092 2546 ad
1116 2525 1197 2556 quas
1220 2517 1348 2548 animus

274 2561 417 2592 hominis
442 2560 624 2592 inclinatur.
649 2578 672 2583 —
694 2560 787 2596 Item,
813 2569 882 2592 non
909 2559 1114 2591 confirmavit
1139 2560 1348 2592 Mahumetus

275 2615 333 2636 sua
356 2604 440 2636 dicta
462 2604 634 2641 miraculis,
655 2603 711 2636 sed
739 2614 773 2636 se
796 2604 830 2636 in
854 2613 1019 2636 armorum
1042 2605 1188 2646 potentia
1211 2605 1347 2638 missum

275 2650 388 2680 aiebat.
405 2648 507 2688 Quod
521 2653 734 2691 tyrannorum
750 2653 806 2680 est.
820 2666 842 2671 —
854 2648 982 2686 Adhuc,
999 2648 1046 2680 illi
1062 2657 1130 2680 non
1143 2648 1349 2682 crediderunt

275 2704 293 2724 a
316 2694 476 2735 principio
501 2693 661 2734 sapientes
685 2698 717 2724 et
740 2693 828 2724 docti
851 2694 921 2730 viri,
945 2692 1002 2725 sed
1025 2693 1174 2724 bestiales
1197 2693 1348 2726 homines

273 2738 307 2768 in
331 2737 463 2769 desertis
484 2743 658 2774 morantes,
678 2738 786 2769 omnis
804 2738 955 2769 scientiae
970 2747 1102 2779 prorsus
1118 2738 1230 2778 ignari.
1246 2757 1269 2761 —
1284 2739 1347 2770 Po-

273 2787 405 2819 stremo,
427 2782 517 2814 nulla
539 2783 771 2823 prophetarum
794 2782 926 2814 oracula
947 2788 1190 2823 praecesserunt
1210 2792 1294 2824 quae
1318 2784 1349 2815 ei

274 2827 337 2868 legi
359 2833 515 2868 tanquam
538 2836 557 2857 a
579 2827 651 2858 Deo
675 2826 921 2858 constituendae
944 2827 1170 2858 testimonium
1200 2828 1348 2869 perhibe-

274 2876 354 2903 rent.
379 2890 402 2894 —
426 2871 475 2903 Ex
499 2880 566 2912 quo
590 2871 736 2912 sequitur
758 2871 896 2902 levitatis
918 2877 950 2902 et
979 2871 1183 2913 insipientiae
1210 2881 1280 2904 esse
1303 2872 1349 2904 illi

274 2914 422 2947 credere:
446 2921 575 2946 nostrae
598 2921 708 2947 autem
731 2914 902 2947 adhaerere
925 2915 1011 2953 fidei,
1028 2916 1187 2947 maximae
1208 2925 1277 2948 esse
1300 2926 1349 2949 sa-

274 2960 425 3000 pientiae.

332 3004 383 3035 111.
409 3003 503 3035 Circa
526 3004 609 3035 hanc
633 3004 854 3035 conclusionis
878 3005 1106 3045 probationem
1130 3004 1268 3037 dubium
1292 3016 1349 3038 oc—

276 3048 383 3079 currit.
407 3048 494 3087 Quia
516 3048 605 3079 nulla
627 3057 738 3089 opera,
762 3054 1066 3090 quantumcumque
1082 3051 1174 3087 mira,
1199 3050 1350 3083 videntur

276 3091 316 3123 de
339 3093 527 3124 necessitate
556 3102 593 3124 ac
623 3092 819 3124 sufficienter
848 3094 985 3134 probare
1017 3100 1161 3126 nostram
1185 3095 1308 3136 Legem
1331 3106 1350 3127 a

276 3137 348 3168 Deo
372 3146 450 3168 esse.
474 3137 571 3168 Nulla
595 3138 682 3168 enim
706 3136 788 3169 adeo
811 3147 927 3179 magna
951 3147 1051 3179 opera
1073 3144 1149 3171 sunt
1173 3148 1257 3181 quae
1279 3149 1349 3171 non

275 3182 378 3222 possit
400 3181 515 3222 aliquis
539 3181 719 3213 cavillando
737 3187 937 3222 pervertere:
962 3187 1017 3214 aut
1033 3193 1071 3215 ea
1093 3194 1112 3215 a
1134 3182 1350 3216 daemonibus

276 3225 359 3256 facta
382 3235 538 3263 asserens;
555 3232 611 3257 aut
631 3227 808 3267 praestigiis
825 3227 871 3257 sic
887 3227 1083 3268 apparuisse,
1099 3237 1169 3260 non
1189 3234 1299 3260 tamen
1315 3229 1349 3260 in

276 3271 407 3301 veritate
430 3270 528 3302 fuisse
553 3269 650 3307 facta3
680 3276 735 3302 aut
765 3271 805 3302 ab
833 3271 940 3312 aliqua
970 3273 1107 3304 naturali
1131 3282 1227 3304 causa
1251 3272 1348 3305 fuisse

277 3313 443 3354 producta.
465 3315 550 3355 Magi
563 3315 650 3346 enim
662 3315 837 3346 Pharaonis
852 3316 1000 3346 universa
1013 3315 1079 3348 fere
1091 3326 1190 3357 opera
1203 3317 1350 3349 fecerunt

278 3366 362 3398 quae
386 3358 515 3399 Moyses
531 3359 608 3390 fecit
620 3360 646 3389 ⁵.
666 3359 818 3390 Similiter
834 3359 921 3400 apud
937 3361 1074 3400 gentiles
1090 3361 1192 3393 multa
1203 3361 1349 3394 miranda

279 3402 462 3433 acciderunt
477 3403 639 3434 miraculis
661 3409 789 3434 nostrae
807 3403 883 3435 fidei
906 3404 1031 3436 similia.
1055 3405 1155 3446 Apud
1178 3406 1348 3438 Mahume-

279 3451 371 3477 tanos
395 3456 528 3487 quoque
552 3447 706 3488 pleraque
730 3447 881 3479 dicuntur
904 3450 1092 3490 contingere
1116 3450 1280 3482 miracula.

334 3490 387 3522 1V.
411 3490 463 3522 Ad
486 3491 679 3522 evidentiam
703 3492 799 3523 huius
823 3492 1028 3530 difficultatis,
1048 3494 1081 3525 in
1106 3503 1173 3535 qua
1195 3494 1349 3526 Christia-

279 3542 398 3566 norum
420 3535 566 3576 plerique
589 3536 737 3572 titubant,
755 3536 787 3567 id
811 3537 844 3567 in
861 3538 972 3577 primis
988 3538 1191 3570 considerare
1207 3544 1347 3580 oportet,

281 3577 371 3617 quod
394 3588 431 3609 ea
446 3579 514 3610 sola
530 3589 603 3611 vere
619 3581 772 3612 miracula
788 3586 873 3617 sunt,
891 3587 927 3612 ut
942 3581 1076 3613 inferius
1099 3584 1132 3614 in
1155 3584 1251 3614 tertio
1266 3584 1348 3615 libro

281 3621 457 3653 declaratur
469 3624 496 3659 ⁴,
513 3633 596 3663 quae
612 3633 630 3655 a
645 3625 717 3656 solo
734 3626 816 3661 Deo,
834 3631 888 3656 aut
905 3632 1065 3667 quantum
1081 3627 1121 3658 ad
1137 3628 1348 3660 substantiam

897 259 1085 297 SUMMA
1115 258 1340 296 CONTRA
1366 256 1642 305 GENTILES,
1674 257 1786 295 CAP.
1806 258 1868 295 VI.

1406 335 1492 372 facti,
1517 342 1572 367 aut
1596 341 1756 376 quantum
1780 336 1820 367 ad
1847 335 1881 367 id
1904 337 1938 367 in
1961 345 2029 377 quo
2060 335 2154 371 fiunt,
2179 340 2235 365 aut
2258 340 2418 375 quantum
2441 333 2482 365 ad

1405 379 1544 411 modum
1567 379 1708 411 faciendi
1738 381 1919 421 specialiter
1948 386 2074 421 praeter
2102 389 2314 410 communem
2343 379 2482 410 modum

1405 425 1649 466 gubernationis
1672 425 1824 463 universi,
1849 424 1919 456 fieri
1942 430 2088 466 possunt.
2113 423 2202 460 Ideo,
2229 433 2305 454 cum
2329 423 2482 454 volumus

1405 470 1597 509 investigare
1621 478 1662 499 an
1690 463 1813 510 aliquid
1843 479 1918 500 vere
1946 469 2140 500 miraculum
2165 469 2216 505 sit,
2239 468 2480 509 inspiciendum

1406 519 1454 544 est
1477 523 1518 544 an
1534 514 1712 554 quicquam
1726 514 1762 544 in
1777 523 1818 545 eo
1834 514 1875 545 sit
1890 513 1981 555 quod
1996 524 2015 544 a
2029 513 2119 545 nulla
2135 512 2204 544 fieri
2218 513 2323 554 possit
2339 518 2482 544 creatura

1404 558 1522 588 virtute
1545 558 1687 598 propria.
1704 557 1806 596 Quod
1827 559 1855 589 si
1870 558 1933 589 tale
1949 558 2029 599 quid
2051 558 2244 594 inveniatur,
2263 563 2296 588 et
2318 558 2359 588 sit
2381 558 2415 588 in
2435 558 2483 588 rei

1404 603 1536 633 veritate
1548 601 1671 633 factum
1688 607 1720 633 et
1734 611 1805 634 non
1814 607 1943 634 tantum
1956 602 2138 634 secundum
2153 602 2385 643 apparentiam,
2401 601 2483 633 illud

1404 656 1465 687 pro
1493 651 1582 677 certo
1611 655 1790 677 asseremus
1816 655 1931 678 verum
1957 656 2027 678 esse
2059 647 2264 678 miraculum.
2290 645 2483 678 Cavendum

1404 696 1514 722 tamen
1525 691 1620 722 nobis
1637 696 1685 721 est
1695 699 1738 721 ne
1750 691 1913 728 creaturis,
1926 696 1958 722 et
1973 692 2161 732 praesertim
2173 691 2357 722 substantiis
2367 691 2482 721 imma-

1404 735 1577 773 terialibus,
1593 735 1668 776 plus
1690 735 1815 776 virtutis
1838 735 2049 767 attribuamus
2073 745 2174 777 quam
2195 736 2274 777 ipsis
2298 736 2481 772 conveniat,

1404 785 1460 811 aut
1474 780 1549 821 plus
1572 781 1611 810 ab
1635 789 1748 810 earum
1770 779 1889 810 virtute
1906 779 2111 811 detrahamus
2134 789 2235 821 quam
2258 784 2422 821 oporteat:
2446 785 2483 811 ut

1405 829 1461 856 aut
1483 834 1522 856 ea
1545 834 1630 865 quae
1649 834 1667 855 a
1683 823 1754 855 solo
1771 823 1844 855 Deo
1860 822 1931 855 fieri
1945 826 2094 864 possunt,
2112 825 2231 855 virtute
2253 824 2363 866 aliqua
2377 830 2483 856 creata

1404 868 1475 900 fieri
1496 878 1594 910 posse
1617 869 1856 906 existimemus:
1877 873 1934 899 aut
1947 876 2032 909 quae
2050 868 2153 900 virtus
2166 873 2271 900 creata
2285 873 2395 910 potest
2413 868 2482 901 effi·-

1404 923 1488 951 cere,
1511 913 1581 944 sola
1596 913 1705 945 divina
1726 913 1844 944 virtute
1867 922 1964 954 posse
1987 911 2058 944 fieri
2073 912 2258 951 credamus;
2283 922 2322 944 ex
2340 918 2483 955 utroque

1405 959 1493 990 enim
1516 959 1601 990 circa
1622 967 1698 989 vera
1719 957 1877 989 miracula
1898 966 1987 988 error
2009 962 2119 998 potest
2140 956 2298 988 accidere.

1460 1001 1745 1034 Considerandum
1760 1011 1896 1044 quoque
1918 1006 1967 1033 est
1982 1000 2084 1043 quod,
2100 1001 2176 1032 licet
2198 1001 2234 1032 in
2247 1001 2287 1032 iis
2310 1010 2395 1042 quae
2410 1011 2483 1034 cor-

1403 1047 1557 1088 poraliter
1571 1046 1655 1078 fiunt
1677 1045 1808 1078 difficile
1823 1047 1865 1077 sit
1877 1046 2093 1078 indubitatam
2107 1045 2226 1077 habere
2240 1045 2419 1083 veritatem,
2443 1055 2484 1078 eo

1405 1090 1496 1133 quod
1511 1091 1688 1123 daemones
1704 1101 1743 1123 ex
1758 1091 2030 1122 transmutatione
2051 1090 2148 1122 locali
2167 1090 2248 1121 aeris
2271 1090 2339 1121 sive
2354 1090 2485 1122 aiterius

1405 1137 1636 1177 eorporis,*aut
1650 1137 1749 1167 etiam
1765 1145 1804 1167 ex
1818 1145 1976 1167 sensuum
1990 1135 2231 1172 immutatione,
2247 1133 2369 1167 iaciant
2381 1135 2486 1167 muln

1404 1190 1560 1222 apparere
1574 1190 1659 1222 quae
1674 1181 1709 1213 in
1723 1181 1857 1212 veritate
1871 1189 1942 1212 non
1959 1184 2052 1217 sunu
2073 1185 2183 1212 tamen
2201 1179 2301 1211 etiam
2322 1180 2360 1211 in
2372 1180 2485 1212 huius·

1403 1225 1495 1258 modi
1511 1235 1550 1257 ex
1565 1226 1719 1257 omnibus
1734 1225 1982 1257 circumstantiis
2004 1224 2105 1256 simul
2115 1224 2259 1266 pensatis
2274 1223 2360 1266 quid.
2370 1233 2486 1257 verum

1404 1270 1444 1302 sit
1467 1271 1587 1312 poterit
1609 1269 1757 1301 discerni.
1784 1269 1867 1301 Puta
1889 1269 1923 1300 in
1945 1269 2070 1300 mortui
2091 1268 2312 1305 suscitatione,
2336 1269 2486 1310 quamvis

1404 1314 1546 1346 daemon
1568 1315 1671 1356 possit
1694 1313 1840 1346 defuncti
1856 1323 1975 1355 corpus
1998 1313 2117 1345 intrare
2132 1318 2231 1354 atque
2253 1313 2289 1344 in
2312 1322 2353 1344 eo
2377 1313 2486 1356 aliqua

1405 1369 1505 1401 opera
1531 1359 1647 1391 similia
1674 1359 1828 1400 operibus
1850 1359 1936 1390 vitae
1963 1367 2127 1395 exercere;
2154 1363 2212 1389 aut
2234 1358 2332 1389 etiam
2354 1358 2404 1389 sic
2422 1358 2485 1390 lio-⁴

1403 1405 1532 1436 minum
1562 1413 1676 1435 sensus
1705 1404 1878 1435 immutare
1903 1407 1944 1434 ut
1971 1407 2124 1444 appareat
2153 1407 2304 1435 mortuus
2333 1403 2486 1435 revixisse

1404 1450 1462 1490 qui
1485 1459 1554 1481 non
1577 1449 1704 1480 revixit:
1731 1454 1852 1485 tamen,
1875 1448 1903 1479 si
1924 1447 2102 1479 viderimus
2119 1456 2162 1480 eo
2181 1456 2321 1489 corpore
2335 1448 2486 1482 universa

1403 1494 1488 1525 vitae
1503 1503 1605 1534 opera
1614 1492 1686 1525 fieri
1701 1498 1733 1524 et
1749 1492 1868 1524 eodem
1882 1492 1985 1524 modo
2001 1497 2038 1524 ut
2053 1492 2154 1533 prius,
2166 1493 2212 1524 ita
2226 1491 2320 1534 quod
2329 1492 2484 1526 omnibus

1403 1537 1623 1570 indifferenter
1646 1542 1808 1580 appareat,
1833 1542 1865 1568 et
1887 1546 1946 1578 per
1967 1536 2107 1577 longum
2128 1542 2270 1578 tempus,
2287 1536 2434 1569 dicemus
2449 1537 2484 1569 in

1403 1583 1536 1614 veritate
1550 1587 1720 1614 mortuum
1734 1582 1896 1618 revixisse,
1913 1586 1945 1612 et
1959 1590 2029 1612 non
2044 1586 2172 1613 tantum
2187 1581 2369 1614 secundum
2384 1590 2484 1624 appa-

1403 1627 1550 1658 rentiam.
1574 1627 1617 1658 Et
1639 1625 1784 1658 similiter
1806 1625 1848 1658 de
1870 1625 1949 1657 aliis.

1459 1670 1705 1703 Advertendum
1719 1670 1966 1712 ulteriusque&
1978 1670 2055 1702 licet
2069 1671 2103 1702 in
2119 1670 2285 1712 aliquibus
2293 1671 2485 1712 operatione

1405 1715 1573 1748 daemonis
1596 1715 1729 1758 [possit]
1757 1725 1827 1748 esse
1849 1715 2070 1756 praestigium,
2093 1720 2170 1747 sunt
2191 1720 2303 1748 tamen
2323 1715 2485 1757 quaedam

1404 1761 1560 1793 miracula
1586 1761 1622 1792 in
1648 1761 1768 1801 quibus
1794 1760 2006 1802 praestigium
2026 1760 2140 1792 locum
2165 1769 2235 1792 non
2265 1760 2374 1798 habet,
2400 1761 2485 1794 sicut

1405 1811 1452 1836 est
1468 1805 1653 1837 immutatio
1672 1804 1856 1836 intellectus
1871 1810 1904 1836 et
1918 1804 2107 1841 voluntatis,
2122 1813 2207 1846 quae
2230 1805 2397 1847 corporeis
2412 1813 2484 1837 sen-

1403 1849 1492 1881 sibus
1507 1859 1577 1880 non
1600 1850 1835 1891 percipiuntur.
1851 1849 1952 1880 Fiunt
1973 1849 2063 1880 enim
2080 1849 2253 1890 praestigia
2275 1848 2317 1882 ad
2338 1858 2389 1882 res
2412 1857 2485 1882 cor-

1403 1903 1530 1935 poreas,
1555 1903 1640 1935 quae
1663 1894 1775 1935 aliquo
1797 1894 2024 1934 percipiuntur
2040 1902 2149 1925 sensu.

1459 1938 1500 1969 V.
1524 1937 1651 1969 Dicitur
1673 1947 1752 1979 ergo
1775 1938 1894 1979 primo,
1918 1937 2011 1979 quod
2033 1938 2111 1970 sunt
2132 1937 2241 1979 aliqua
2262 1947 2340 1970 vere
2361 1937 2484 1980 ἀφ’

1404 1983 1549 2023 citerque
1571 1983 1737 2019 miracula,
1761 1991 1847 2023 quae
1869 1982 1995 2014 nullam
2017 1981 2194 2015 admittunt
2214 1983 2425 2020 calumniam,
2445 1991 2486 2017 ox

1403 2027 1522 2068 quibus
1545 2026 1694 2058 docentis
1716 2027 1832 2059 veritas
1855 2027 1981 2069 optime
2005 2032 2038 2058 et
2060 2026 2233 2059 efficaciter
2262 2027 2484 2061 confirmatur.

1403 2071 1487 2103 Sunt
1503 2071 1591 2102 enim
1606 2070 1768 2113 quaedam
1791 2080 1886 2113 quae,
1903 2071 1930 2102 si
1945 2070 2167 2103 concedantur
2185 2071 2220 2104 in
2242 2072 2375 2104 veritate
2391 2070 2484 2110 facta,

1403 2116 1488 2147 sicut
1503 2115 1595 2158 quod
1618 2121 1768 2157 tempore
1783 2115 1880 2147 losue
1894 2115 1946 2147 sol
1968 2116 2090 2148 steterit
2101 2116 2130 2153 ⁶,
2154 2121 2211 2148 aut
2233 2116 2338 2148 solem
2352 2124 2485 2159 passum

1404 2169 1474 2192 esse
1499 2160 1632 2192 luminis
1655 2160 1821 2192 defectum
1850 2161 1885 2192 in
1908 2160 2029 2192 Christi
2050 2161 2202 2202 passione
2227 2161 2306 2193 luna
2329 2161 2485 2193 existente

1403 2205 1439 2236 in
1454 2205 1664 2246 oppositione
1679 2206 1707 2242 ⁴¹,
1724 2215 1744 2237 a
1758 2205 1831 2236 solo
1848 2205 1921 2237 Deo
1943 2215 2015 2237 esse
2037 2204 2121 2237 facta
2143 2206 2254 2247 negari
2272 2215 2343 2238 non
2364 2210 2484 2248 potu.

1403 2249 1556 2281 Similiter
1579 2249 1620 2281 de
1643 2251 1766 2282 mortui
1788 2250 1998 2282 suscitatione
2017 2255 2049 2282 et
2074 2251 2247 2283 similibus.
2268 2250 2353 2283 Sunt
2373 2255 2485 2284 autu

1403 2294 1518 2326 talium
1541 2293 1703 2335 quaedam
1725 2303 1811 2336 quae
1833 2294 1944 2326 nullus
1970 2304 2089 2336 negare
2110 2299 2221 2336 potest
2243 2295 2324 2337 quin
2347 2295 2383 2328 in
2400 2296 2484 2328 veri-

1403 2343 1468 2369 tate
1483 2339 1547 2370 sint
1563 2338 1663 2370 facta:
1679 2339 1762 2370 sicut
1778 2338 1818 2370 de
1837 2339 1891 2370 illa
1905 2338 1984 2371 solis
1998 2340 2234 2381 permanentia,
2249 2339 2359 2381 deque
2373 2339 2484 2372 multis

1402 2383 1501 2424 signis
1525 2392 1543 2414 a
1566 2382 1697 2415 Christo
1721 2382 1822 2415 factis.

1459 2427 1586 2459 Dicitur
1597 2427 1754 2465 secundo,
1770 2427 1862 2469 quod
1873 2427 1928 2460 illa
1938 2428 2044 2460 subita
2055 2428 2267 2470 Apostolicae
2281 2429 2399 2460 mentis
2409 2428 2484 2461 inu-

1402 2472 1538 2504 minatio
1562 2481 1621 2513 per
1643 2472 1781 2513 Spiritus
1805 2472 1914 2505 Sancti
1935 2473 2128 2505 missionem
2150 2472 2264 2505 facta*
2286 2474 2484 2506 calumum

1402 2525 1472 2548 non
1494 2517 1618 2558 recipit.
1642 2517 1760 2558 Neque
1783 2517 1872 2549 enim
1894 2516 2077 2550 secundum
2099 2518 2322 2559 apparentiam
2344 2523 2483 2555 unnim,

1402 2560 1460 2592 sed
1490 2560 1673 2593 seeundum
1701 2562 1870 2594 veritatem
1899 2561 1980 2594 haec
2014 2561 2115 2594 fuisse
2144 2561 2228 2594 facta
2258 2567 2485 2605 cognoverunt

1403 2606 1545 2637 universi
1574 2606 1632 2646 qui
1663 2606 1831 2647 apostolos
1862 2606 2035 2648 loquentes
2067 2606 2186 2648 linguis
2221 2612 2254 2638 et
2283 2606 2484 2650 disputantes

1403 2649 1584 2682 audierunt.
1608 2650 1726 2692 Neque
1741 2660 1760 2682 a
1783 2649 1999 2682 daemonibus
2022 2650 2092 2683 fieri
2107 2657 2303 2693 potuerunt:
2327 2661 2369 2683 eo
2392 2651 2485 2694 quod

1402 2695 1467 2726 hoc
1486 2703 1654 2736 perversae
1678 2704 1794 2726 eorum
1817 2695 1978 2727 voluntati
2001 2702 2171 2737 repugnet,
2187 2705 2254 2738 qua
2275 2696 2427 2728 homines
2449 2697 2484 2728 in

1403 2739 1527 2771 malum
1549 2740 1734 2780 pertrahere
1756 2740 1887 2777 vellent,
1902 2749 1972 2772 non
1996 2739 2036 2772 ad
2051 2741 2178 2772 bonum
2200 2740 2365 2773 inducere.
2381 2740 2484 2780 Quod

2511 2109 2523 2120 ·
2536 2109 2584 2132 Ιοι.
2599 2114 2622 2136 x,
2638 2114 2670 2138 ⁸³-

2512 2198 2522 2209 ¹¹
2536 2197 2591 2221 Lm·-
2605 2203 2674 2224 mtt,
2688 2203 2724 2226 ⁴⁵·

2510 2466 2583 2489 ‘Act-
2598 2472 2625 2489 ιι.

1402 2784 1430 2815 si
1449 2784 1489 2815 ab
1512 2784 1634 2825 angelis
1650 2793 1723 2816 eam
1745 2783 2019 2816 illuminationem
2034 2783 2105 2817 fieri
2126 2785 2273 2826 potuine
2291 2785 2365 2826 quis
2387 2784 2483 2822 dicat.
2543 2805 2547 2811 -

1404 2837 1444 2860 eo
1461 2828 1558 2860 etiam
1572 2827 1724 2866 admisso,
1741 2827 1887 2860 dicemus
1905 2828 2007 2870 quod,
2024 2829 2108 2861 sicut
2130 2829 2192 2861 alia
2206 2829 2363 2863 miracula
2377 2839 2395 2861 a
2410 2829 2483 2862 Deo

1403 2873 1556 2904 ministris
1589 2872 1711 2914 angelis
1742 2871 1844 2910 fiunt,
1876 2874 1920 2905 ita
1949 2878 1982 2905 et
2010 2874 2185 2905 hominum
2216 2873 2482 2906 illuminationes.

1404 2916 1506 2956 Quod
1537 2926 1614 2949 sane
1644 2923 1677 2948 et
1706 2917 1868 2958 quaedam
1898 2919 2041 2950 veritatis
2071 2917 2274 2960 praedicatae
2303 2918 2344 2949 ab
2374 2917 2484 2950 idiotis

1403 2961 1595 2994 horninibus
1625 2961 1831 2993 confirmatio
1863 2962 1940 2993 erit:
1972 2971 2014 2994 eo
2044 2961 2136 3004 quod
2164 2963 2247 2994 boni
2277 2962 2384 3004 angeli
2414 2970 2484 2994 non

1404 3006 1578 3047 decipiant,
1592 3006 1650 3038 sed
1667 3007 1826 3038 instruant
1841 3007 1992 3038 homines
2015 3006 2055 3038 de
2079 3006 2206 3038 divinis.
2221 3024 2246 3030 -
2260 3006 2365 3039 Simili
2380 3006 2483 3039 modo

1403 3051 1576 3082 hominum
1600 3056 1632 3082 et
1654 3050 1829 3083 idiotarum
1857 3057 1890 3083 et
1912 3052 2097 3092 sapientum
2123 3052 2293 3084 conversio
2317 3050 2360 3083 nd
2383 3050 2484 3084 fldem

1404 3095 1535 3132 Christi,
1551 3101 1584 3127 et
1598 3095 1808 3137 voluptatum
1819 3096 1970 3133 abiectio,
1986 3095 2027 3127 ad
2042 3105 2124 3137 quas
2139 3101 2187 3127 est
2201 3096 2376 3127 hominum
2389 3095 2482 3127 ineli-

1403 3140 1492 3171 natio
1519 3140 1683 3177 naturalis,
1706 3140 1741 3171 in
1764 3140 1873 3171 solum
1899 3140 2008 3172 Deum
2035 3145 2204 3172 auctorem
2226 3139 2337 3172 referri
2362 3142 2482 3181 potest,

1404 3185 1462 3226 qui
1484 3185 1642 3216 humanas
1665 3184 1849 3216 voluntates
1871 3184 1962 3216 solus
1983 3189 2093 3226 potest
2113 3184 2297 3216 immutare.

1460 3228 1586 3260 Dicitur
1608 3229 1715 3266 tertio,
1732 3227 1824 3270 quod
1846 3229 1938 3270 signa
1952 3228 2083 3261 insolita
2097 3234 2131 3260 et
2144 3227 2300 3260 miracula
2321 3237 2398 3260 vera
2412 3237 2482 3261 esse

1404 3278 1436 3304 et
1452 3282 1521 3304 esse
1537 3273 1655 3304 virtute
1670 3272 1779 3305 divina
1795 3272 1888 3310 facta,
1904 3278 2097 3314 argumento
2114 3278 2163 3304 est
2177 3272 2310 3313 quando
2326 3272 2353 3303 is
2369 3273 2427 3314 qui
2441 3273 2483 3305 ad

1403 3327 1481 3349 suae
1507 3317 1674 3349 doctrinae
1697 3317 1982 3349 confirmationem
2006 3317 2162 3349 miracula
2185 3322 2348 3358 operatur,
2375 3317 2483 3350 bonos

1403 3371 1512 3394 mores
1540 3362 1705 3404 praedicat
1734 3367 1832 3403 atque
1861 3361 2043 3393 secundum
2068 3362 2159 3403 ipsos
2188 3362 2280 3398 vivit,
2308 3361 2482 3404 studetque

1403 3407 1555 3438 homines
1577 3407 1612 3438 in
1631 3407 1740 3438 Deum
1762 3405 1929 3443 reducere,
1951 3415 2021 3437 non
2043 3411 2152 3437 autem
2175 3407 2341 3447 propriam
2357 3407 2483 3448 quaerit

1404 3451 1586 3488 utilitatem,
1617 3460 1726 3492 neque
1756 3450 2039 3492 superstitionibus
2070 3451 2181 3487 utitur,
2210 3456 2242 3482 et
2268 3451 2353 3483 circa
2379 3451 2480 3489 utilia.

1403 3505 1473 3527 non
1488 3496 1572 3527 circa
1590 3505 1683 3531 vana,
1700 3494 1857 3527 mirabilia
1879 3499 2042 3535 operatur.
2059 3494 2156 3527 Tunc
2175 3495 2264 3527 enim
2279 3501 2384 3527 certus
2408 3496 2481 3537 qu‘oe

1403 3549 1473 3571 esse
1496 3545 1605 3581 potest
1623 3537 1716 3581 quod
1738 3537 1860 3575 divino,
1876 3547 1946 3570 non
1968 3543 2080 3570 autem
2093 3538 2199 3571 fallaci
2222 3545 2333 3580 agatur
2355 3539 2480 3581 spiritu.

1404 3583 1452 3615 Ex
1475 3584 1540 3615 hoc
1563 3584 1652 3615 enim
1670 3582 1807 3615 Sanctus
1831 3581 1988 3620 Thomas,
2013 3582 2040 3614 11
2056 3583 2156 3619 Sene„
2173 3582 2204 3615 d.
2221 3594 2274 3621 vn,
2292 3593 2324 3626 q.
2341 3594 2387 3621 111.
2402 3595 2430 3616 a.
2453 3592 2480 3622 1,

1404 3627 1445 3660 ad
1470 3638 1499 3664 2,
1523 3638 1599 3660 vera
1621 3628 1712 3669 signa
1734 3637 1753 3658 a
1775 3626 1861 3658 falsis
1885 3626 2061 3668 distinguit.
