2716 4302
1 1307 94 1328 9vat.

0 1813 12 1834 9
23 1814 34 1827 r
45 1814 57 1828 a
71 1814 113 1835 ¹3-·
124 1808 201 1834 moti.

10 2786 69 2807 Casu
94 2791 142 2807 om.
163 2791 197 2806 sc*

0 2811 80 2833 undum
95 2813 129 2833 vel
150 2812 193 2833 alia

4 2839 65 2860 milis
81 2845 132 2860 vox.

239 134 313 181 40*

237 226 304 251 quae
323 218 430 251 quidem
449 215 547 250 perficit
561 215 738 248 operationem
752 214 818 239 sicut
831 213 979 246 pulcritudo
994 213 1164 241 iuventutem,
1179 216 1207 236 ut
1227 210 1311 243 philo-

235 266 336 300 sophus
356 267 414 292 dicit
435 260 654 303 (operationis,
673 265 707 290 ut
722 259 843 289 scilicet
866 257 1018 298 perfecte,
1043 256 1187 292 faciliter,
1212 255 1311 286 firi-ni-

235 320 283 345 ter
306 320 337 344 et
361 312 588 344 delectabiliter
604 308 780 351 operetur.)
806 309 894 340 Talis
914 314 991 346 igitur
1009 312 1126 346 operatio
1145 312 1311 337 beatitudinis

236 375 283 394 est.
304 367 459 393 Huiusmodi
478 368 587 393 autem
611 367 657 391 est
682 361 742 391 Dei
761 361 908 400 operatio
928 372 988 389 nam
1008 364 1034 389 t'n
1058 364 1146 396 ipsum
1167 363 1312 395 intelligere

235 428 313 453 supra
331 419 493 444 ostendimus
518 423 543 443 et
567 418 638 450 quod
663 422 702 442 est
720 417 837 450 operatio
862 417 886 441 in
896 415 1066 450 'intelligente
1086 424 1195 442 manens
1220 414 1311 451 (cum
1335 430 1343 449 ς

233 469 272 498 sit
295 467 476 507 intelligens
501 465 543 507 et)
563 475 640 496 suus
664 474 750 493 autem
770 465 953 495 intellectus
977 465 1129 495 altissima
1155 465 1309 494 virtutum

234 528 273 547 est
292 517 359 559 (sit)
383 529 442 546 cum
463 526 490 546 ut
515 529 545 546 ex
569 520 706 553 praedictis
732 525 816 553 patet;
837 526 897 546 nec
925 516 1047 556 indiget
1078 516 1190 546 habitu
1216 514 1310 555 perfi-

234 570 348 608 ciente,
378 570 453 609 quia
482 570 513 598 in
538 569 645 609 seipso
675 567 837 608 perfectus
868 573 925 603 est,
958 574 993 598 ut
1020 577 1117 608 supra
1141 574 1309 598 ostensum

233 626 296 655 est;
321 621 389 660 ipse
416 625 524 649 autem
553 623 688 654 praecipue
717 619 861 658 seipsum
893 618 1052 659 intelligit,
1077 622 1159 654 quod'
1175 619 1231 657 qui
1263 624 1310 648 est

232 680 396 702 summum
421 670 682 710 intelligibilium,
710 674 846 699 delectatio
865 675 942 699 etiam
963 675 985 699 ei
1011 682 1063 699 non
1083 675 1165 706 deest,
1186 680 1212 699 ut
1232 682 1310 706 supra

231 731 367 751 ostensum
387 730 427 750 est
447 721 612 763 (perfecte,
634 722 756 762 absque
776 723 866 752 omni
892 721 1089 758 difficultate,
1115 727 1146 752 et
1171 721 1309 752 delecta-

232 771 362 815 biliter.)
380 774 435 804 Est
458 774 554 814 igitur
570 774 693 804 beatus.
717 773 735 814 ᾖ
753 773 879 804 Adhuc.
905 777 972 802 Cum
992 774 1052 804 Per
1076 773 1308 804 beatitudinem

232 825 426 857 desiderium
454 835 553 856 omne
584 830 713 861 quietetur
738 825 927 866 (quietatur)
957 831 1026 857 sicut
1050 838 1103 863 quo
1128 829 1219 855 habito
1245 829 1310 854 nihi!

232 878 307 919 quia
327 888 357 906 eo
377 887 413 907 ea
437 877 543 908 habita
561 887 626 907 non
645 880 739 907 reStat
761 877 847 908 aliud
865 877 1113 909 desiderandum
1134 882 1200 906 sicut
1219 877 1307 918 (curn

231 929 284 970 sit)
309 930 442 960 ultimus
465 928 554 963 finis;
581 934 710 968 oportet
739 928 861 969 (igitur)
887 939 962 960 eum
997 939 1064 960 esse
1097 930 1227 960 beatum
1253 931 1307 970 qui

232 981 394 1022 perfectus
418 986 465 1011 est
493 985 651 1020 quantum
678 979 718 1010 ad
741 981 852 1010 omnia
881 990 964 1021 quae
993 981 1174 1012 desiderare
1202 987 1309 1022 potest

231 1042 257 1061 et
279 1038 304 1062 in
328 1036 451 1062 omnibus
476 1036 524 1060 sibi
548 1034 688 1061 sufficiens.
722 1031 815 1062 Unde
848 1033 977 1063 boetius
1001 1056 1008 1063 .
1024 1057 1053 1064 ..
1078 1043 1152 1064 vere
1185 1034 1307 1064 beatus.

230 1084 354 1125 §Item.
379 1083 532 1122 Quandiu
562 1083 656 1113 alicui
682 1092 761 1112 restat
782 1082 896 1124 (deest)
925 1084 1045 1124 aliquid
1071 1094 1139 1124 quo
1157 1084 1307 1124 indigeat,

229 1135 377 1166 nondum
406 1135 518 1165 beatus
545 1140 601 1171 est,
629 1136 703 1175 quia
735 1136 804 1166 eius
829 1135 1023 1167 desiderium
1049 1136 1198 1167 nondum
1223 1146 1308 1172 potest

229 1197 288 1215 esse
307 1192 354 1216 est
378 1187 569 1227 quietatum.
594 1186 805 1227 Quicumque
837 1188 934 1228 igitur
965 1188 1023 1218 sibi
1056 1187 1218 1219 sufficiens
1250 1194 1307 1224 est,

228 1238 319 1268 nullo
350 1237 498 1278 indigens
518 1242 567 1266 nisi
587 1242 685 1276 seipso,
705 1239 759 1269 ille
777 1239 890 1270 beatus
907 1246 963 1270 est.
991 1239 1167 1270 Ostensum
1186 1247 1232 1270 est
1252 1251 1308 1271 au-

227 1294 292 1319 tem
320 1298 416 1329 supra
445 1288 534 1330 quod
563 1289 651 1320 Deus
679 1299 746 1320 non
775 1290 896 1331 indiget
929 1291 1006 1327 aliis,
1032 1291 1049 1307 ’ᾖ
1070 1301 1144 1322 cum
1174 1301 1191 1321 a
1217 1291 1307 1322 nullo

229 1339 406 1380 (exteriori)
431 1350 487 1371 sua
516 1340 672 1381 perfectio
697 1340 890 1381 dependeat.
925 1342 993 1372 Nec
1023 1343 1083 1372 alia
1183 1343 1305 1373 beatus.

227 1391 245 1433 ἓ
261 1392 437 1422 Praeterea.
463 1391 639 1422 Ostensum
665 1398 712 1422 est
731 1415 737 1422 .
753 1416 759 1422 .
776 1416 782 1422 .
805 1402 873 1423 non
891 1393 1016 1423 habeat.
1035 1393 1201 1434 Quicquid
1221 1403 1307 1422 autem

1324 1200 1350 1214 20
1364 1185 1439 1214 tiam
1459 1207 1465 1214 .
1481 1208 1487 1214 .
1503 1207 1510 1213 .

1209 125 1475 162 APPENDIX

1505 247 1587 289 Cap.
1605 248 1672 279 CH.
1698 248 1796 286 Quot>
1821 257 1998 281 nant-runo
2023 258 2132 281 1³1va
2155 259 2315 281 »naraon
2443 285 2445 287 ,

1392 311 1429 331 ar
1454 309 1636 330 snt-omarus
1660 309 1725 335 ast,
1746 309 1905 331 uxennssxs
1929 308 2040 331 ousian
2064 310 2160 331 aaran
2183 311 2427 334 ηιΑτιι-υυυιιῑη.

1785 366 2033 408 Fragmentum.

1413 460 1590 501 §Ulterius
1615 466 1723 490 autem
1748 469 1786 490 ex
1811 460 1994 500 praemissis
2017 460 2215 492 considerari
2245 467 2353 503 potest
2376 462 2451 493 bea-

1368 512 1514 543 titudinis
1531 511 1658 542 divinae
1683 510 1882 542 excellentia.
1900 511 2034 550 Quanto
2055 513 2143 543 enim
2163 512 2286 553 aliquid
2302 517 2452 550 propinque

1369 565 1586 604 propinquius
1603 569 1650 594 est
1666 566 1842 591 beatitudinis
1857 562 2060 600 beatitudini,
2077 569 2168 594 tanto
2184 563 2360 604 perfectius
2375 563 2452 594 bea-

1366 622 1435 645 tum
1454 620 1510 645 est.
1529 614 1623 645 Unde
1641 619 1672 644 et
1688 615 1712 644 si
1730 614 1846 654 aliquis
1866 617 1998 650 profectus
2017 620 2152 655 propter
2170 624 2263 656 spem
2279 615 2451 646 beatitudi-

1338 668 1414 700 „nis
1439 665 1634 696 obtinendae
1659 666 1772 696 beatus
1796 665 1930 701 dicatur,
1955 666 2046 697 nullo
2070 665 2173 697 modo
2197 676 2254 697 sua
2283 665 2450 698 beatitudo

1365 724 1572 759 comparatur
1584 719 1653 749 eius
1666 718 1855 749 beatitudini
1876 722 1940 754 quia
1953 719 2009 759 qui
2030 727 2103 750 eam
2119 719 2183 749 iam
2200 725 2274 750 actu
2290 727 2450 749 consecu-

1365 778 1415 801 tus
1433 776 1489 801 est.
1507 770 1825 810 Propinquissimum
1844 794 1851 801 .
1863 794 1870 802 .
1885 795 1892 802 .
1910 770 2053 811 perfecte
2069 771 2192 801 beatus.
2218 771 2237 810 ξ
2252 770 2343 801 ltem.
2361 769 2449 800 Cum

1365 822 1535 852 delectatio
1550 845 1556 851 .
1573 845 1580 851 .
1596 845 1603 852 .
1618 822 1725 852 amati.
1739 814 1803 852 Se'd
1821 822 2086 863 unumquodque
2102 822 2216 853 ceteris
2233 822 2364 863 paribus
2376 821 2450 863 plus

1365 883 1398 903 se
1418 878 1497 902 habet
1516 878 1601 903 amat
1626 883 1725 913 quam
1750 873 1848 904 aliud.
1874 873 1979 904 Cuius
1995 874 2125 914 signum
2142 879 2190 904 est
2208 873 2300 914 quod
2323 878 2448 914 quanto

1326 945 1347 965 ,ς
1366 925 1487 966 aliquid
1512 931 1559 956 est
1584 925 1679 955 alicui
1705 929 1853 962 propinque
1879 925 2108 966 propinquius,
2133 925 2236 966 magis
2263 925 2450 956 naturaliter

1367 982 1502 1007 amatur.
1528 976 1604 1007 Plus
1629 977 1726 1016 igitur
1749 976 1927 1007 delectatur
1959 977 2049 1007 Deus
2080 977 2112 1007 in
2146 986 2204 1008 sua
2237 975 2447 1012 beatitudine,

1367 1038 1451 1068 quae
1468 1034 1514 1059 est
1531 1029 1680 1068 ipsemet,
1697 1037 1796 1068 quarn
1813 1032 1869 1057 aliu
1889 1028 1941 1059 alii
1959 1029 2043 1059 beati
2056 1029 2074 1045 ⁴*
2097 1029 2130 1059 in
2147 1027 2348 1060 beatitudine
2363 1037 2448 1069 quae

1367 1090 1434 1111 non
1459 1087 1506 1111 est
1531 1079 1622 1120 quod
1647 1080 1707 1120 ipsi
1731 1086 1816 1112 sunt.
1842 1080 1945 1120 Magis
1968 1081 2066 1121 igitur
2089 1079 2286 1111 desiderium
2310 1080 2449 1120 quiescit

1364 1139 1395 1163 et
1423 1132 1597 1173 perfectior
1622 1138 1669 1162 est
1692 1131 1871 1163 beatitudo.
1895 1133 1915 1171 ξ
1930 1132 2108 1163 Praeterea.
2134 1131 2235 1171 Quod
2258 1141 2317 1172 per
2340 1140 2448 1163 essen-

1533 1193 1667 1214 omnem
1692 1183 1752 1213 alia
1769 1184 1786 1200 ²*
1821 1183 2056 1215 beatitudinem
2088 1183 2224 1215 excedit.
2250 1183 2448 1225 §Amplius-

1367 1235 1539 1266 Beatitudo
1572 1236 1603 1265 in
1634 1234 1775 1275 perfecta
1802 1236 1994 1276 operatione
2022 1235 2207 1266 intellectus
2230 1235 2388 1271 consistit,
2412 1241 2449 1266 ut

1365 1293 1533 1318 ostensum
1558 1293 1614 1318 est.
1649 1286 1744 1317 Nulla
1773 1293 1884 1318 autem
1909 1287 1968 1318 alia
1999 1287 2227 1319 intellectualis
2250 1287 2400 1328 operatio
2420 1291 2450 1317 1'11

1364 1340 1433 1370 eius
1457 1340 1641 1380 operationi
1661 1344 1832 1368 considerari
1846 1352 1867 1376 p
1886 1341 2067 1381 comparari
2092 1345 2210 1381 potest.
2235 1339 2336 1378 Quod
2359 1345 2448 1381 patet

1364 1402 1432 1422 non
1449 1391 1556 1422 solum
1575 1402 1611 1422 ex
1629 1392 1694 1422 hoc
1714 1391 1804 1433 quod
1822 1398 1869 1423 est
1885 1393 2034 1434 operatio
2046 1403 2099 1430 per
2117 1403 2146 1422 ae
2163 1399 2240 1422 nana
2258 1392 2447 1428 subsistens,

229 1442 351 1486 (igitur)
365 1443 443 1480 vult,
456 1443 562 1474 habet.
576 1443 645 1474 Nec
663 1443 783 1484 aliquid
795 1467 802 1474 .
814 1468 838 1474 ..
857 1450 889 1474 et
905 1444 984 1475 nihil
1002 1445 1085 1475 male
1102 1444 1181 1475 vult,
1199 1445 1308 1483 §Eius
1325 1459 1346 1479 ,ς
1364 1443 1420 1474 sed
1438 1445 1514 1484 quia
1532 1453 1595 1475 una
1617 1445 1808 1484 operatione
1833 1444 1923 1476 Deus
1947 1445 2090 1485 seipsum
2115 1445 2159 1475 ita
2181 1443 2326 1485 perfecte
2353 1443 2449 1475 intel-

228 1495 324 1526 etiam
341 1494 575 1525 beatitudinem
592 1505 680 1526 sacra
696 1495 855 1536 scriptura
869 1500 964 1531 perhib
984 1502 1191 1536 protestatur,
1205 1497 1307 1536 prima

227 1547 296 1577 tim.
322 1547 389 1583 ult„
415 1546 523 1585 Quem
549 1546 699 1577 ostendet
723 1548 788 1577 suis
814 1547 1016 1587 temporibus
1042 1551 1113 1576 Deus
1139 1548 1252 1578 beatus
1277 1554 1308 1578 et

228 1603 344 1639 potens
369 1602 413 1635 qui
433 1602 505 1627 solus
524 1601 604 1627 habet
623 1608 671 1627 etc.

385 1710 466 1750 Cap.
492 1709 545 1739 Cl.
571 1709 668 1747 Quoi)
694 1710 779 1740 Deus
804 1720 850 1740 srr
876 1720 932 1740 sca
957 1720 1144 1740 maritimo.

272 1804 353 1844 §Ex
378 1803 425 1833 his
450 1808 559 1833 autem
584 1809 717 1843 apparet
741 1803 832 1844 quod
859 1804 946 1834 Deus
977 1805 1016 1837 sit
1046 1815 1102 1834 sua
1128 1804 1304 1835 beatitudo.

228 1855 398 1886 Beatitudo
419 1861 459 1883 est
478 1856 565 1885 enim
590 1856 658 1885 eius
693 1862 739 1885 est
768 1856 992 1886 intellectualis
1022 1857 1169 1896 operatio
1194 1857 1304 1896 ipsius,

226 1912 261 1937 ut
278 1918 345 1935 nunc
364 1911 532 1936 ostensum
561 1911 618 1936 est.
643 1905 746 1946 Supra
771 1912 880 1937 autem
900 1931 906 1936 .
923 1931 928 1937 .
945 1931 950 1936 .
970 1907 1146 1937 beatitudo.
1171 1908 1189 1948 ξ
1214 1908 1303 1938 Item.

225 1958 407 1994 Beatitudo,
425 1966 501 1987 cum
518 1958 556 1986 sit
575 1957 708 1987 ultimus
726 1956 808 1993 finis,
827 1964 874 1987 est
892 1958 922 1988 id
944 1957 1033 1998 quod
1051 1959 1186 1998 quilibet
1210 1965 1304 1990 natus

223 2009 352 2044 habere,
381 2008 430 2039 vel
454 2008 586 2043 habens,
613 2008 832 2048 principaliter
858 2009 925 2039 vult
950 2019 975 2038 et
994 2019 1101 2046 propter
1125 2014 1196 2046 quod
1215 2015 1303 2039 omnia

222 2063 272 2089 alia
295 2064 359 2088 vult.
383 2059 560 2090 Ostensum
586 2066 632 2090 est
656 2065 765 2090 autem
790 2069 887 2100 supra
914 2061 1003 2101 quod
1029 2061 1117 2092 Deus
1142 2062 1302 2102 principa-

222 2113 292 2143 liter
308 2112 376 2143 vult
400 2121 492 2142 suam
517 2111 688 2142 essentiam
709 2121 733 2140 et
748 2122 856 2148 propter
875 2117 958 2148 ipsam
978 2117 1067 2142 omnia
1085 2118 1134 2143 alia
1154 2119 1218 2143 vult.
1238 2115 1302 2146 Sua

220 2164 319 2204 igitur
343 2163 479 2194 essentia
504 2168 551 2193 est
576 2163 644 2193 eius
673 2162 850 2194 beatitudo.
875 2164 1037 2205 §Adhuc
1068 2166 1302 2208 Unusquisque

221 2217 253 2246 in
270 2214 504 2246 beatitudinem
521 2224 613 2245 suam
630 2214 757 2245 ordinat
774 2216 931 2256 quicquid
948 2217 1026 2254 vult,
1044 2221 1109 2247 haec
1128 2219 1196 2259 ipsa
1214 2220 1301 2252 enim

221 2274 268 2299 est
287 2274 403 2304 propter
421 2276 504 2308 quae
522 2272 655 2307 propter
671 2267 759 2298 aliud
783 2277 851 2298 non
869 2267 1076 2306 desideratur,
1094 2276 1125 2301 et
1144 2270 1184 2301 ad
1202 2281 1300 2312 quarn

220 2321 410 2351 terminatur
433 2325 543 2350 motus
563 2323 723 2348 desiderium
749 2319 898 2351 desiderii
925 2331 1027 2352 unum
1053 2329 1187 2363 propter
1213 2325 1300 2356 aliud

221 2371 440 2406 desiderantis,
458 2380 498 2401 ne
516 2371 554 2400 sit
571 2370 726 2401 infinitus.
741 2370 826 2401 Cum
841 2372 937 2411 igitur
950 2373 1039 2404 Deus
1058 2378 1093 2403 sie
1112 2375 1222 2406 omnia
1240 2376 1300 2407 alia

221 2426 284 2452 velit
303 2425 449 2458 <volendo>
467 2426 596 2458 (propter)
617 2433 654 2455 se,
668 2429 697 2450 ut
716 2434 795 2459 supra
816 2432 954 2452 ostensum
974 2434 1022 2459 est,
1042 2429 1099 2462 ipse
1118 2435 1159 2455 est
1172 2438 1220 2456 sua
1239 2431 1299 2457 bea-

221 2478 304 2503 titudo
325 2473 413 2512 (velit
438 2479 570 2514 propter
586 2482 677 2504 suam
703 2474 895 2512 bonitatem,
913 2485 997 2516 quae
1014 2483 1061 2508 est
1077 2487 1134 2509 sua
1151 2480 1299 2516 essentia,

222 2532 351 2567 oportet
376 2525 466 2566 quod
491 2526 569 2566 ipse,
595 2526 678 2556 sicut
706 2532 753 2556 est
777 2537 834 2558 sua
859 2530 995 2560 essentia
1021 2536 1051 2560 et
1075 2540 1133 2561 sua
1161 2532 1299 2568 bonitas,

221 2579 263 2608 ita
287 2579 326 2608 sit
350 2587 407 2608 sua
431 2576 624 2617 beatitudo.)
649 2578 667 2615 §
684 2577 860 2610 Praeterea.
886 2579 963 2611 Duo
983 2590 1110 2612 summa
1127 2582 1214 2613 bona
1231 2593 1300 2614 esse

221 2635 268 2659 est
292 2628 490 2669 impossibile
522 2628 555 2660 Si
579 2629 666 2659 enim
685 2629 807 2670 aliquid
825 2631 880 2661 uni
906 2631 1031 2663 deesset
1048 2633 1139 2673 quod
1163 2633 1300 2665 alterum

221 2680 361 2716 haberet,
379 2685 531 2711 neutrum
549 2689 715 2711 summum
733 2686 764 2711 et
781 2681 961 2721 perfectum
980 2690 1072 2714 esset.
1093 2688 1119 2713 Si
1134 2693 1222 2714 autem
1237 2689 1299 2715 nihil

222 2743 312 2760 eorum
327 2743 394 2769 quae
412 2735 491 2760 habet
510 2743 591 2760 unum
612 2735 716 2760 deesset
736 2736 817 2767 alteri,
838 2737 891 2762 duo
912 2745 964 2762 non
985 2744 1075 2764 essent
1095 2739 1141 2764 aed
1161 2747 1253 2765 unum.
1273 2740 1300 2766 ln

222 2787 276 2812 aliis
291 2787 368 2812 etiam
379 2787 450 2820 quod
463 2787 478 2804 ⁴*
489 2787 736 2819 supereminentiam
747 2787 847 2819 dicitur,
862 2789 887 2813 in
902 2797 956 2815 uno
967 2795 1067 2816 tantum
1083 2792 1220 2823 invenitur,
1234 2792 1302 2818 sicut

222 2838 408 2863 calidissimum
429 2839 454 2863 in
473 2839 540 2871 igne.
568 2834 656 2865 Deus
688 2841 796 2866 autem
827 2843 976 2869 ostensus
1005 2845 1051 2869 est
1084 2849 1180 2880 supra
1212 2850 1301 2872 sum-

222 2897 313 2918 mum
326 2888 450 2918 bonum
464 2897 543 2918 esse.
562 2886 734 2918 Beatitudo
751 2888 847 2919 etiam
865 2899 1030 2922 summum
1049 2892 1174 2923 bonum
1192 2898 1301 2924 osten-

222 2938 315 2969 detur
338 2948 406 2969 esse
431 2948 469 2969 ex
493 2939 556 2969 hoc
581 2937 671 2978 quod
696 2944 742 2968 est
772 2939 904 2970 ultimus
930 2941 1011 2978 finis,
1045 2954 1092 2971 nec
1117 2946 1174 2971 finis
1199 2947 1300 2972 divinae

1364 1495 1432 1536 ligit
1457 1496 1539 1526 sicut
1564 1501 1622 1531 est,
1640 1501 1671 1526 et
1695 1496 1807 1527 omnia
1830 1496 1891 1527 alia
1915 1506 1999 1537 quae
2019 1502 2096 1528 sunt
2119 1501 2151 1527 et
2175 1505 2260 1536 quae
2276 1504 2344 1526 non
2361 1500 2447 1531 sunt,

1364 1548 1453 1578 bona
1485 1553 1516 1577 et
1546 1547 1640 1578 mala.
1675 1547 1711 1578 ln
1745 1549 1814 1579 aliis
1841 1554 1952 1579 autem
1984 1548 2238 1589 intelligentibus
2268 1546 2448 1588 intelligere

1364 1599 1470 1639 ipsum
1495 1609 1562 1629 non
1581 1606 1628 1629 est
1651 1600 1828 1630 subsistens
1844 1599 1899 1630 sed
1917 1605 2008 1631 actus
2024 1599 2235 1631 subsistentis.
2253 1598 2323 1630 Nec
2337 1599 2446 1640 ipsum

1366 1650 1473 1681 Deum
1578 1650 1882 1691 comprehenderet.
1918 1650 1975 1682 Illa
2010 1652 2106 1682 etiam
2142 1660 2228 1692 quae
2263 1650 2448 1682 intellectus

1325 1719 1349 1738 ,ο
1366 1700 1474 1743 (alius)
1503 1703 1673 1743 cognoscit
1698 1706 1774 1736 alius.
1799 1712 1866 1733 non
1896 1703 2007 1733 omnia
2036 1712 2101 1734 una
2129 1708 2160 1734 et
2187 1702 2302 1734 eadem
2330 1710 2447 1742 opera·

1362 1754 1459 1784 tione
1476 1754 1656 1794 cognoscit.
1675 1753 1975 1794 incomparabiliter
1995 1755 2092 1795 igitur
2108 1754 2199 1785 Deus
2223 1762 2320 1794 supra
2335 1753 2448 1784 omnia

1363 1804 1476 1835 beatus
1493 1811 1551 1835 est.
1567 1809 1583 1842 fi
1598 1808 1699 1834 Adhuc.
1716 1810 1836 1834 Hominis
1849 1810 1983 1835 beatitudo
1995 1809 2172 1843 principaliter
2185 1809 2210 1834 in
2225 1808 2447 1841 contemplatione

1362 1861 1487 1891 consistit,
1508 1867 1535 1886 ut
1554 1861 1729 1894 philosophus
1750 1862 1852 1894 probat.
1872 1862 1899 1887 ln
1918 1861 1966 1886 hac
1986 1866 2074 1887 autem
2093 1861 2144 1887 vita
2165 1869 2217 1897 non
2234 1865 2324 1894 potest
2340 1859 2446 1894 (huno)

1362 1913 1483 1937 continue
1499 1913 1713 1946 contemplationi
1727 1913 1870 1943 intendere,
1883 1918 1939 1938 tum
1955 1918 2063 1946 propter
2075 1912 2193 1946 quietem
2212 1920 2281 1946 quae
2299 1912 2447 1938 necessaria

1321 1973 1343 1992 ις
1361 1968 1409 1993 est,
1430 1969 1485 1988 tum
1506 1968 1614 1996 propter
1633 1964 1697 1988 alias
1717 1963 1878 1989 necessarias
1901 1964 2096 1998 occupationes.
2115 1964 2149 1990 Et
2167 1963 2206 1991 sic
2223 1972 2276 1991 non
2295 1968 2336 1990 est
2354 1963 2446 1994 homo,

1360 2014 1507 2039 secundum
1526 2014 1598 2038 illam
1618 2014 1648 2039 be
1667 2014 1745 2039 etiam
1765 2014 1951 2040 beatitudinem
1971 2022 2039 2048 quae
2059 2015 2085 2040 in
2104 2014 2152 2041 hac
2170 2015 2223 2041 vita
2241 2014 2376 2048 possibilia
2395 2019 2445 2044 eat.

1360 2073 1467 2099 semper
1486 2071 1511 2090 et
1530 2065 1651 2090 continue
1671 2065 1772 2094 beatus.
1792 2073 1852 2091 cum
1875 2066 2011 2092 beatitudo
2034 2073 2087 2092 non
2107 2066 2141 2092 ait
2159 2066 2307 2092 secundum
2326 2065 2445 2093 habitum

1359 2118 1406 2143 sed
1425 2118 1571 2143 secundum
1591 2123 1687 2147 actum.
1700 2123 1729 2143 ut
1748 2117 1924 2151 philosophus
1944 2118 2012 2145 dicit
2031 2118 2134 2152 probat.
2148 2119 2221 2145 Deua
2235 2124 2323 2145 autem
2338 2125 2446 2154 ωυρμ·

1358 2170 1479 2204 seipsum
1498 2175 1557 2195 actu
1577 2171 1780 2203 contemplatur.
1806 2171 1858 2196 Sua
1881 2170 1960 2203 igitur
1983 2170 2118 2197 beatitudo
2140 2171 2380 2205 incomparabiliter
2395 2178 2444 2197 no-

1316 2232 1343 2251 μ»
1358 2226 1439 2246 stram
1459 2221 1567 2261 excedit,
1587 2221 1609 2246 si
1630 2229 1681 2255 qua
1708 2222 1733 2246 in
1753 2221 1801 2247 hac
1819 2222 1870 2247 vita
1895 2221 2029 2255 posaibilia
2047 2227 2099 2247 eet.
2116 2221 2133 2256 fl
2147 2221 2250 2248 Adhuc.
2269 2222 2297 2247 ln
2315 2221 2402 2253 nobie.
2420 2222 2444 2248 ai

1358 2272 1421 2306 quid
1441 2272 1465 2297 in
1485 2273 1616 2306 praesenti
1635 2273 1763 2298 felicitatis
1782 2274 1858 2302 ineat.
1871 2273 2012 2306 perfectam
2028 2272 2178 2299 stabilitatis
2191 2273 2370 2300 fortitudinem
2389 2281 2443 2300 mn

1356 2323 1442 2354 habet,
1462 2328 1569 2357 propter
1583 2323 1733 2349 innumeras
1747 2323 1884 2349 hominum
1899 2323 2055 2350 variationes
2069 2329 2095 2350 et
2109 2331 2140 2350 ex
2158 2329 2232 2359 parte
2246 2325 2349 2350 animae
2366 2330 2393 2350 et
2410 2331 2443 2351 ex

1355 2381 1428 2409 parte
1434 2375 1762 2408 corporia.Ammiacentur
1772 2376 1849 2402 etiam
1861 2373 1972 2402 multam
1982 2377 1998 2394 ⁹
2007 2383 2076 2410 quae
2086 2376 2272 2403 beatitudinem
2282 2377 2443 2410 perturbant,

1346 2432 1384 2460 ,ut
1403 2427 1531 2459 tristitiae,
1555 2427 1668 2457 labores.
1688 2428 1828 2460 opiniones
1843 2428 1892 2462 sal
1905 2435 2008 2454 errores
2021 2433 2047 2453 et
2060 2428 2244 2454 dubitationea.
2263 2428 2336 2454 l-laee
2353 2433 2442 2455 autam

1315 2493 1338 2511 ,ς
1355 2478 1444 2503 omnia
1469 2485 1483 2502 a
1514 2477 1570 2502 Deo
1594 2483 1655 2503 aunt
1677 2478 1783 2511 procul:
1811 2478 1966 2504 incertitudo
1989 2478 2098 2512 quidem
2123 2477 2165 2512 (ut
2189 2479 2345 2505 Aristotelea
2369 2477 2443 2515 diest)

1356 2534 1464 2563 propter
1483 2529 1750 2563 immutabilitatem„
1769 2530 1819 2556 alia
1835 2538 1900 2556 vero
1919 2530 1981 2564 quia
2000 2530 2034 2556 de
2054 2530 2251 2564 operationibus
2270 2531 2302 2556 ad
2321 2530 2443 2557 affectum

1357 2580 1545 2614 pertinentibus
1570 2588 1624 2606 non
1648 2586 1710 2606 sunt
1734 2581 1759 2606 in
1779 2581 1836 2607 Deo
1859 2581 1908 2606 nisi
1927 2589 2003 2607 amor
2025 2586 2052 2606 et
2071 2580 2209 2607 delectatio
2227 2581 2283 2607 sive
2300 2581 2443 2616 gaudium:

1356 2633 1503 2659 intellectus
1523 2641 1588 2659 vero
1606 2633 1663 2658 eiua
1683 2632 1745 2659 nihil
1765 2633 1885 2667 intelligit
1902 2633 1952 2660 nisi
1972 2641 2020 2668 per
2038 2642 2172 2661 summam
2185 2634 2306 2660 omnium
2325 2640 2443 2665 canaam¹

1357 2691 1382 2710 et
1397 2685 1434 2710 sic
1449 2685 1536 2710 omnis
1549 2684 1606 2710 eiua
1622 2685 1766 2718 intelligere
1779 2691 1819 2711 est
1834 2686 1976 2719 sapientiae
1989 2686 2091 2720 abaque
2103 2686 2176 2712 omni
2190 2693 2288 2712 errore.
2298 2685 2352 2712 Sua
2364 2685 2444 2719 igitur

1317 2752 1343 2773 5⁰
1358 2738 1490 2763 beatitudo
1509 2737 1720 2763 inextimabiliter
1734 2743 1852 2763 nostram
1868 2738 1978 2764 excedit.
1999 2733 2019 2776 g
2043 2734 2133 2766 Item.
2159 2734 2294 2774 Quanto
2318 2731 2442 2774 aliquid

1358 2787 1460 2827 magis
1477 2792 1526 2817 est
1543 2786 1683 2822 unitum,
1700 2791 1792 2816 tanto
1808 2786 1878 2817 eius
1892 2786 1992 2817 virtus
2005 2791 2036 2817 et
2053 2786 2181 2817 bonitas
2197 2785 2372 2828 perfectior
2382 2791 2440 2823 est,

1359 2841 1421 2875 quia
1439 2849 1470 2867 ex
1490 2842 1547 2875 ipsa
1565 2841 1706 2867 diffusione
1734 2841 1856 2867 dividitur
1874 2842 1972 2875 aliquid
1996 2846 2022 2867 et
2040 2849 2088 2876 per
2110 2849 2279 2875 consequens
2307 2841 2442 2867 minuitur.

1357 2889 1515 2930 Operatio
1540 2895 1651 2920 autem
1669 2889 1850 2920 successiva
1866 2888 2049 2921 secundum
2073 2889 2214 2921 diversas
2237 2895 2344 2931 partes
2360 2895 2441 2928 teme

1357 2942 1446 2982 poris
1462 2941 1626 2972 dividitur.
1651 2941 1752 2972 Nullo
1769 2942 1864 2982 igitur
1881 2941 1984 2972 modo
2004 2953 2051 2970 sua
2071 2942 2141 2973 eius
2157 2940 2316 2982 perfectio
2332 2946 2441 2982 potest

222 2994 361 3019 voluntatis
387 2999 473 3027 potest
497 3002 557 3019 esse
582 2994 630 3018 nisi
654 2994 752 3019 bonum
773 3003 908 3021 summum
928 2998 1090 3032 simpliciter.
1110 2995 1197 3036 Ergo
1226 2996 1300 3027 bea-
1316 3009 1338 3029 55
1357 2994 1537 3034 comparari
1556 2992 1748 3034 perfectioni
1774 2994 1974 3034 operationis
1986 3002 2070 3034 quae
2087 2998 2135 3024 eat
2151 2993 2274 3035 absque
2294 3002 2407 3024 succe·
2422 2993 2440 3010 ”

222 3040 327 3071 titudo
357 3047 388 3072 et
419 3041 506 3072 Deus
530 3047 604 3072 sunt
629 3041 725 3072 idem.
756 3047 786 3072 Et
805 3046 869 3072 haec
888 3054 927 3073 est
946 3050 1011 3074 ratio
1029 3049 1107 3075 boetii
1128 3050 1153 3075 in
1173 3051 1248 3076 tertio
1268 3051 1300 3076 de

222 3103 313 3121 conso.
333 3092 388 3122 Est
408 3093 502 3132 igitur
521 3094 607 3125 Deus
628 3104 684 3125 sua
701 3095 879 3126 beatitudo.

1681 3107 1702 3129 ³1²
1784 3106 1804 3128 δὲ
1886 3106 1906 3128 *
1989 3106 2009 3128 ³l=
2092 3106 2114 3128 ss

295 3242 309 3266 b
332 3241 362 3267 55
382 3245 480 3274 succe-J
499 3243 556 3268 Hoc
576 3249 615 3268 eat
634 3244 754 3270 ultimum
775 3247 846 3278 quod
867 3245 943 3272 habet
963 3247 1154 3280 autographum
1174 3247 1329 3274 Vaticanum
1348 3247 1424 3281 primi
1446 3247 1512 3273 libri.
1532 3247 1590 3273 Fol.
1611 3247 1643 3273 30
1663 3247 1752 3281 incipit
1770 3252 1831 3273 cum
1851 3247 1895 3272 lib.
1915 3247 1943 3278 ll,
1963 3254 2020 3280 cap.
2040 3254 2079 3278 ιο,
2093 3246 2281 3282 Manifemnn.

2478 473 2506 496 ²9
2516 474 2528 489 v
2539 474 2552 489 a
2562 473 2635 496 37.·p.
2643 468 2694 496 ²67.

2477 1030 2512 1052 lb.
2527 1030 2541 1052 b
2554 1037 2574 1053 ι.

2475 1183 2571 1232 {roff-{⁸¹¹
2602 1186 2647 1212 μ’
2666 1187 2693 1205 ””

2469 2377 2478 2386 ·
2486 2375 2685 2404 (Ia-umnam.

2467 2995 2630 3025 '²9vb⁴6.
