2768 4134
798 283 987 322 SUMMA
1016 286 1238 324 CONTRA
1266 286 1541 332 GENTILES,
1570 287 1664 324 LIB.
1685 288 1726 333 Il,
1757 287 1868 324 CAP.
1894 288 1972 325 LII.

281 360 386 400 angeli
403 366 450 391 est
465 370 523 401 per
546 371 580 391 se
604 362 794 393 subsistens:
812 369 843 393 et
859 369 967 394 tamen
982 364 1084 395 multa
1108 365 1138 395 ei
1154 365 1354 395 conveniunt

281 414 366 445 quae
389 414 457 435 non
482 406 682 437 conveniunt
706 408 765 438 sibi
788 408 984 448 inquantum
1005 409 1204 445 huiusmodi,
1222 409 1277 440 sed
1296 419 1354 449 per

281 448 441 480 accidens.

338 493 429 530 Item,
454 495 481 524 si
503 494 563 524 ista
585 495 667 525 ratio
692 496 910 533 concluderet,
935 507 992 538 per
1014 499 1119 538 ipsam
1142 503 1252 538 posset
1275 507 1354 528 con-

282 538 370 569 cludi
397 538 488 579 quod
511 539 600 569 Deus
624 549 693 570 non
724 547 771 571 est
795 550 851 571 ens
875 551 913 571 ex
937 551 970 572 se
993 552 1125 573 necesse
1149 552 1228 573 esse.
1260 542 1354 578 Nam,

280 583 364 634 sicut
387 592 457 614 esse
474 589 642 614 causatum
657 594 725 615 non
742 587 895 616 convenit
918 587 984 617 enti
1007 588 1201 627 inquantum
1225 592 1272 617 est
1288 596 1354 622 enS,

280 633 325 659 ita
347 637 408 659 nec
432 637 471 658 ex
494 637 528 658 se
551 638 682 659 necesse
707 638 792 660 esse:
818 631 964 671 alioquin
988 641 1086 662 omne
1110 641 1166 662 ens
1194 637 1276 662 esset
1298 640 1355 661 ne-

282 681 370 703 cesse
402 682 480 703 esse.
511 673 608 713 Ergo,
641 674 666 703 si
690 683 759 705 esse
790 676 975 706 subsistenti
1004 686 1073 706 non
1104 676 1257 707 convenit
1287 684 1355 705 esse

282 722 452 747 causatum
471 718 547 757 quia
570 727 639 748 non
656 720 808 750 convenit
824 721 890 750 enti
905 721 1101 760 inquantum
1117 730 1174 751 ens
1198 725 1255 756 est,
1272 719 1354 755 De0,

281 762 339 802 qui
354 766 402 792 est
417 771 486 792 esse
503 763 688 799 subsistens,
705 773 772 794 non
789 766 971 801 conveniet,
989 764 1102 795 eadem
1115 765 1249 801 ratione,
1266 773 1305 794 ex
1320 773 1355 794 se

280 815 413 837 necesse
425 815 504 837 esse.
522 807 596 837 Hoc
612 814 721 839 autem
737 814 784 838 est
805 809 1048 840 inconveniens.
1065 827 1087 831 -
1099 809 1185 849 Ergo
1201 809 1256 839 illa
1274 808 1355 838 ratio

280 860 350 881 non
374 851 554 882 concludit:
572 852 628 882 sed
644 852 760 883 falsum
784 859 831 884 est
855 853 946 894 quod
960 855 1104 890 assumit,
1125 854 1247 884 scilicet
1265 851 1356 893 quod

282 904 351 926 esse
374 895 559 927 subsistenti
581 897 661 928 nihil
685 899 838 929 convenit
860 899 922 929 nisi
938 898 1028 939 quod
1052 904 1099 929 est
1122 898 1204 928 entis
1218 898 1356 937 inquan-

281 945 352 971 tum
369 949 443 976 ens3
468 947 500 971 et
523 940 614 981 quod
630 943 827 974 conveniens
843 943 939 974 alicui
954 952 1022 973 non
1038 943 1234 983 inquantum
1245 942 1357 972 huius-

280 984 382 1022 modi,
406 994 475 1015 non
499 986 652 1017 convenit
676 987 706 1017 ei
727 987 789 1017 nisi
812 996 869 1028 per
892 987 1040 1018 accidens
1063 987 1187 1017 ratione
1210 986 1355 1017 subiecti.

340 1029 370 1060 3.
395 1029 459 1060 Sed
478 1030 569 1070 quod
587 1031 647 1061 ista
668 1032 836 1071 responsio
858 1041 926 1062 non
946 1032 1049 1062 solvat
1063 1032 1234 1067 rationem,
1258 1036 1355 1071 patet.

282 1074 369 1113 Quia
385 1074 531 1115 loquitur
551 1075 687 1106 Sanctus
704 1076 849 1107 Thomas
865 1077 899 1107 in
921 1077 1114 1116 probatione
1137 1075 1357 1106 antecedentis

282 1119 322 1150 de
339 1129 380 1150 eo
397 1119 488 1160 quod
503 1129 561 1160 per
583 1130 618 1151 se
637 1121 779 1151 subsistit
798 1126 981 1161 separatum
1001 1121 1040 1150 ab
1057 1121 1148 1151 omni
1172 1120 1355 1160 susceptivo

281 1173 340 1205 per
362 1164 501 1195 modum
516 1165 671 1196 abstracte
694 1164 873 1205 significati,
891 1166 975 1196 sicut
990 1171 1038 1196 est
1053 1166 1122 1206 ipsa
1138 1165 1271 1196 actualis
1290 1164 1356 1195 exi-

281 1209 407 1240 stentia.
431 1209 516 1240 Nam
532 1215 658 1240 constat
673 1209 764 1250 quod
787 1209 926 1240 albedini
942 1219 1025 1250 quae
1041 1215 1217 1250 poneretur
1242 1219 1300 1250 per
1322 1218 1356 1238 se

282 1255 458 1285 subsistens
471 1254 510 1284 ab
527 1254 619 1284 omni
630 1255 778 1285 subiecto
795 1260 949 1295 separata,
966 1255 1046 1285 nihil
1062 1255 1250 1285 conveniret
1265 1253 1356 1294 quod

281 1308 352 1331 non
375 1305 459 1330 esset
482 1299 543 1331 sibi
565 1299 791 1330 intrinsecum:
809 1300 886 1340 quia
909 1300 1104 1330 abstractum
1128 1298 1263 1329 formale
1279 1297 1356 1328 dicit

280 1343 504 1385 idque-5016
524 1349 556 1374 et
571 1352 640 1383 quo
663 1349 734 1374 toto
758 1343 881 1384 aliquid
904 1343 1081 1375 formaliter
1104 1349 1151 1374 est
1174 1343 1236 1374 tale
1260 1342 1355 1383 quale

282 1398 342 1430 per
364 1393 556 1420 concretum
579 1387 786 1428 significatur.
810 1388 905 1420 Unde
929 1388 1003 1419 ideo
1021 1388 1138 1419 dicitur
1158 1388 1355 1418 abstractum

283 1433 361 1475 quia
383 1433 423 1464 ab
446 1432 515 1464 aliis
539 1442 623 1473 quae
650 1433 711 1463 sibi
737 1438 863 1473 praeter
893 1433 962 1464 eius
992 1433 1152 1463 rationem
1182 1432 1356 1463 convenire

282 1483 422 1520 possunt
442 1477 477 1508 in
500 1478 659 1513 subiecto,
680 1482 727 1507 est
743 1483 936 1518 separatum.
957 1477 1108 1508 instantia
1124 1486 1200 1517 ergo
1220 1486 1290 1507 non
1309 1481 1357 1506 est

283 1522 325 1555 ad
339 1522 560 1564 propositum:
579 1521 655 1562 quia
671 1523 808 1552 essentia
824 1522 930 1562 angeli
953 1531 1022 1552 non
1045 1526 1092 1552 est
1108 1522 1283 1551 subsistens
1299 1529 1357 1560 per

282 1566 423 1599 modum
445 1566 604 1602 abstracti,
620 1565 677 1596 sed
693 1570 740 1596 est
755 1566 936 1597 secundum
952 1575 986 1596 se
1002 1565 1167 1596 individua
1183 1565 1358 1595 substantia

285 1616 318 1645 et
338 1611 404 1642 hoc
428 1611 647 1651 suppositum.

338 1654 392 1687 Ad
415 1654 512 1691 aliud,
537 1654 760 1695 praetermissa
782 1655 995 1694 responsione
1011 1662 1095 1693 quae
1119 1654 1228 1684 haberi
1251 1658 1359 1693 potest

222 1742 229 1749 .
247 1711 258 1755 ἰ
284 1709 324 1734 ex
339 1699 515 1741 Capreolo,
531 1700 566 1730 in
581 1699 701 1734 Primo,
719 1698 750 1729 d.
767 1708 832 1734 vm,
850 1707 881 1738 q.
899 1708 909 1728 1
921 1699 948 1734 ὓ,
960 1716 984 1720 -
998 1707 1075 1729 nam
1091 1698 1260 1738 diligenter
1275 1697 1358 1727 hanc

282 1745 444 1778 rationem
466 1744 651 1785 inspicienti
667 1748 755 1783 patet
771 1742 863 1783 quod
885 1744 1055 1783 responsio
1072 1743 1142 1773 eius
1164 1751 1233 1773 non
1256 1746 1304 1772 est
1319 1740 1360 1772 ad

283 1795 429 1822 mentem
453 1788 563 1820 Sancti
578 1788 728 1819 Thomae
752 1787 922 1819 hocloco:
947 1787 1132 1828 praesertim
1149 1796 1188 1818 ex
1207 1796 1248 1818 eo
1268 1785 1359 1826 quod

285 1833 403 1867 dicitm·
425 1834 593 1874 quoniam,
610 1833 637 1864 si
652 1842 722 1864 esse
738 1837 906 1863 causatum
922 1833 1110 1863 conveniret
1133 1831 1200 1862 enti
1222 1832 1360 1871 inquan-

283 1884 357 1912 tum
380 1888 448 1915 enS,
472 1878 662 1910 conveniret
685 1877 777 1908 omni
801 1877 878 1914 enti,
893 1894 915 1900 -
931 1882 1039 1917 potest
1055 1877 1161 1917 primo
1181 1875 1245 1907 dici
1269 1875 1360 1916 quod

284 1925 367 1958 ratio
391 1922 558 1955 concludit
582 1922 622 1954 de
646 1931 716 1953 esse
733 1927 875 1958 causato,
899 1931 967 1952 non
992 1927 1102 1952 autem
1125 1920 1165 1952 de
1181 1929 1250 1951 esse
1268 1930 1307 1951 ex
1325 1929 1360 1950 se

285 1978 418 2002 necesse
442 1977 521 1999 esse.
546 1967 633 2001 Nam>
660 1967 716 1998 illa
743 1967 936 2007 propositio,
960 1966 1041 1997 Esse
1067 1965 1251 1997 subsistenti
1279 1964 1361 1995 nihil

286 2013 438 2045 convenit
464 2013 527 2044 nisi
553 2011 641 2053 quod
663 2017 710 2042 est
733 2011 816 2042 entis
846 2011 1037 2052 inquantum
1062 2020 1127 2046 ens,
1156 2015 1188 2041 et
1217 2009 1360 2040 similiter

287 2059 357 2093 eius
380 2056 753 2099 probati0‚·intelligitur
773 2055 813 2086 de
837 2065 878 2087 eo
902 2054 993 2096 quod
1017 2061 1064 2086 est
1086 2054 1274 2096 positivum,
1290 2063 1360 2085 non

287 2109 398 2134 autem
422 2102 462 2133 de
486 2111 526 2133 eo
552 2101 642 2142 quod
665 2101 782 2132 dicitur
811 2101 969 2141 negative.
998 2100 1083 2131 Nam
1106 2098 1247 2130 albedini
1270 2107 1359 2139 sepa-

287 2153 374 2179 ratae
397 2147 586 2178 conveniret
604 2155 662 2187 per
685 2156 718 2177 se
735 2145 826 2186 quod
849 2155 918 2176 non
937 2150 1019 2176 esset
1042 2154 1172 2185 corpus,
1191 2153 1260 2174 non
1279 2148 1362 2174 esset

288 2193 461 2234 quantitas,
484 2201 553 2222 non
577 2196 660 2222 esset
686 2191 720 2222 in
747 2191 890 2226 materia,
915 2195 947 2221 et
974 2188 1174 2225 huiusmodi,
1200 2189 1276 2219 licet
1302 2188 1362 2218 sibi

287 2237 370 2269 nihil
391 2237 570 2278 positivum
593 2242 703 2277 posset
726 2236 840 2266 inesse.
865 2235 914 2266 Ex
936 2244 971 2265 se
994 2239 1104 2265 autem
1127 2243 1258 2264 necesse
1282 2242 1361 2268 esse,

288 2282 365 2314 licet
387 2281 570 2313 secundum
593 2290 710 2312 vocem
726 2279 913 2310 affirmative
929 2278 992 2309 dici
1008 2278 1164 2314 videatur,
1187 2283 1296 2309 tamen
1312 2286 1362 2307 se-

290 2326 436 2359 cundum
459 2336 529 2358 rem
552 2325 668 2357 dicitur
690 2325 852 2365 negative;
870 2330 902 2355 et
925 2329 973 2354 est
995 2323 1082 2354 idem
1105 2322 1197 2364 quod
1215 2332 1281 2353 non
1305 2322 1360 2352 ha-

289 2372 365 2405 bere
388 2381 456 2403 esse
479 2373 519 2402 ab
543 2371 622 2401 alio.
647 2370 712 2401 Sed
735 2379 804 2400 esse
831 2374 999 2400 causatum
1021 2368 1137 2400 dicitur
1165 2366 1363 2398 affirmative.

290 2417 368 2448 Ideo
393 2426 462 2448 esse
480 2415 664 2446 subsistenti
689 2414 862 2445 convenire
885 2418 993 2454 potest
1009 2412 1099 2454 quod
1122 2413 1162 2443 sit
1189 2422 1227 2443 ex
1250 2421 1284 2442 se
1307 2420 1364 2441 ne-

291 2471 380 2494 cesse
404 2470 484 2497 esse,
507 2470 576 2491 non
600 2465 710 2490 autem
733 2468 801 2490 esse
826 2463 1004 2490 causatum.

346 2505 499 2539 Secundo
515 2504 704 2545 responderi
718 2509 826 2545 potest
842 2503 932 2543 quod
947 2502 1129 2543 propositio
1152 2501 1260 2533 Sancti
1276 2500 1367 2530 Tho·

291 2560 366 2582 mae
387 2550 575 2590 intelligitur
598 2549 638 2580 de
667 2549 704 2579 iis
732 2557 816 2589 quae
843 2557 913 2578 esse
936 2547 1121 2578 subsistenti
1151 2546 1367 2577 attribuuntur

293 2595 457 2626 absolute:
481 2604 552 2625 non
574 2599 685 2625 autem
708 2592 749 2624 de
772 2593 810 2624 iis
834 2602 918 2633 quae
942 2591 1080 2623 modum
1111 2590 1238 2622 essendi
1265 2590 1366 2630 ipsius

294 2640 567 2671 concomitantur.
579 2638 665 2669 Nam
676 2638 756 2668 haec
768 2638 829 2668 sibi
845 2647 919 2668 vere
935 2637 1162 2672 attribuuntur,
1179 2643 1367 2675 quanquam

294 2685 360 2716 enti
383 2685 580 2725 inquantum
604 2692 660 2713 ens
687 2688 735 2713 est
766 2691 835 2712 non
862 2682 1073 2712 conveniant:
1102 2681 1186 2710 sicut
1211 2678 1303 2719 quod
1329 2678 1368 2708 sit

294 2739 409 2765 unum,
434 2728 526 2769 quod
548 2728 589 2758 sit
611 2726 786 2762 infinitum,
817 2732 849 2756 et
877 2726 1004 2756 similia.
1035 2725 1076 2755 Et
1100 2725 1134 2755 in
1160 2724 1224 2754 hoc
1251 2731 1368 2763 genere

295 2780 343 2806 est
358 2774 422 2805 hoc
439 2772 530 2814 quod
545 2771 620 2803 dico
636 2781 764 2802 necesse
779 2780 857 2802 esse.
871 2770 1036 2801 Convenit
1047 2770 1134 2799 enim
1151 2777 1219 2799 esse
1231 2767 1367 2797 omnino

296 2820 466 2854 abstracto,
490 2818 614 2848 ratione
639 2815 861 2846 abstractionis
885 2824 962 2844 suae
985 2813 1103 2849 totalis,
1119 2818 1156 2843 ut
1178 2813 1218 2842 sit
1236 2820 1369 2841 necesse

297 2873 376 2897 esse.
401 2863 476 2893 Hoc
500 2867 609 2892 autem
633 2860 697 2891 dici
726 2869 795 2890 non
826 2864 934 2899 potest
956 2858 996 2889 de
1027 2867 1096 2888 esse
1119 2862 1262 2888 causato.
1285 2855 1370 2886 Nam

298 2918 367 2940 esse
390 2908 549 2938 abstracto
572 2914 641 2936 non
665 2904 820 2935 convenit
841 2904 967 2933 ratione
990 2899 1212 2933 abstractionis
1235 2910 1311 2931 suae
1334 2905 1371 2930 ut

297 2954 338 2984 sit
361 2957 543 2983 causatum:
567 2951 670 2980 immo
695 2958 733 2979 ex
756 2947 859 2979 modo
884 2946 1010 2978 essendi
1032 2947 1097 2977 hoc
1119 2946 1180 2976 sibi
1202 2949 1370 2985 repugnat,

299 3007 376 3029 curn
399 3006 438 3027 ex
453 2996 509 3027 tali
532 2993 659 3026 essendi
674 2992 775 3024 modo
792 2992 852 3023 sibi
875 2992 1048 3022 conveniat
1063 2996 1100 3021 ut
1123 2991 1163 3021 sit
1185 2990 1372 3030 simpliciter

299 3041 474 3074 infinitum.
494 3039 583 3076 Ideo,
608 3048 685 3069 cum
707 3047 777 3068 non
801 3037 898 3067 etiam
922 3036 989 3066 enti
1017 3036 1212 3076 inquantum
1236 3039 1283 3065 est
1314 3043 1372 3064 ens

300 3087 482 3122 conveniat,
499 3085 645 3125 sequitur
660 3081 751 3123 quod
774 3091 843 3112 esse
858 3081 1015 3111 abstracto
1039 3079 1130 3111 nullo
1146 3079 1247 3110 modo
1271 3078 1373 3119 possit

301 3131 486 3163 convenire.
511 3128 613 3168 Quod
636 3127 759 3158 dictum
783 3131 831 3157 est
853 3125 893 3156 de
916 3134 1048 3155 necesse
1071 3133 1150 3160 esse,
1166 3124 1310 3154 similiter
1332 3121 1372 3153 de

302 3177 394 3208 omni
410 3174 609 3216 perfectione
626 3172 814 3212 simpliciter
829 3169 1004 3200 dicendum
1020 3174 1078 3205 est,
1093 3174 1130 3199 ut
1145 3174 1193 3199 est
1207 3168 1372 3208 sapientia,

302 3221 432 3257 iustitia,
456 3220 594 3254 bonitas,
619 3222 651 3248 et
673 3214 877 3247 huiusmodi:
902 3214 1055 3245 convenit
1075 3213 1163 3244 enim
1190 3222 1260 3243 esse
1283 3212 1375 3242 omni

304 3266 473 3300 abstracto,
497 3265 693 3303 inquantum
709 3258 907 3295 huiusmodi,
924 3264 960 3289 ut
984 3267 1118 3288 omnem
1140 3256 1375 3297 perfectionem

305 3309 432 3342 essendi
455 3308 643 3349 simpliciter
659 3306 833 3336 contineat.
850 3302 945 3335 Unde
960 3302 1143 3343 propositio
1160 3301 1268 3333 Sancti
1283 3301 1374 3331 Tho-

305 3364 378 3386 mae
401 3355 448 3385 sic
471 3359 519 3384 est
545 3350 767 3391 intelligenda:
795 3349 874 3379 Esse
903 3347 1087 3378 subsistenti
1114 3346 1194 3377 nihil
1222 3345 1376 3376 convenit

305 3400 368 3431 nisi
383 3398 475 3439 quod
498 3403 545 3428 est
568 3397 650 3428 entis
667 3396 862 3435 inquantum
878 3402 944 3428 enS,
967 3397 1025 3422 aut
1046 3390 1134 3432 quod
1157 3390 1259 3431 ipsam
1274 3390 1376 3420 subsi-

306 3444 457 3476 stentiam
480 3447 512 3473 et
533 3440 772 3482 separationem
796 3437 1044 3469 concomitatur.

366 3489 404 3519 V.
432 3487 566 3524 Quinto.
590 3484 774 3517 Substantia
804 3482 956 3513 convenit
981 3481 1159 3519 unicuique
1183 3479 1229 3509 rei
1252 3487 1309 3519 per
1331 3487 1376 3514 se,

307 3533 391 3564 idest
413 3542 482 3563 non
504 3541 562 3572 per
585 3530 728 3570 aliquam
751 3537 881 3559 causam
903 3526 1138 3566 productivam.
1162 3524 1240 3554 Esse
1269 3528 1378 3553 autem

309 3578 464 3611 convenit
482 3577 542 3606 sibi
564 3584 622 3615 per
637 3573 734 3605 aliud.
759 3573 845 3612 Ergo
862 3577 922 3602 etc.
939 3588 962 3592 —
976 3570 1163 3601 Declaratur
1185 3567 1377 3598 antecedens

310 3632 349 3653 ex
371 3622 542 3663 opposito:
559 3629 628 3650 esse
645 3619 734 3650 enim
748 3616 894 3648 lucidum
911 3621 984 3646 actu
999 3624 1068 3645 non
1085 3619 1131 3644 est
1147 3612 1186 3643 de
1203 3612 1378 3643 substantia

310 3667 390 3698 aeris
414 3667 490 3707 quia
514 3664 667 3695 convenit
690 3663 750 3693 sibi
773 3671 831 3702 per
853 3660 950 3691 aliud.

2405 289 2480 338 389

1467 365 1712 396 Advertendum
1729 366 1820 406 quod
1841 366 1928 397 aliud
1952 372 1999 397 est
2022 366 2127 397 dicere
2151 367 2322 398 essentiam
2345 367 2480 399 alicuius

1409 410 1454 439 rei
1477 410 1594 440 habere
1611 420 1740 441 causam
1763 410 2001 451 productivam;
2025 417 2056 442 et
2074 411 2161 442 aliud
2184 412 2287 452 ipsam
2311 413 2483 443 essentiam

1410 455 1585 485 convenire
1615 455 1661 484 rei
1693 464 1751 494 per
1782 455 1924 495 aliquam
1954 465 2084 486 causam
2115 456 2304 487 effectivam.
2335 456 2480 487 Primum

1411 499 1499 528 enim
1518 504 1565 528 est
1587 508 1710 535 verum,
1728 505 1760 530 et
1775 499 1956 530 secundum
1972 506 2019 530 est
2035 499 2161 531 falsum.
2178 501 2262 531 Nam
2278 510 2354 531 cum
2372 502 2479 531 omnis

1410 542 1584 582 productio
1607 543 1796 574 terminetur
1825 544 1866 574 ad
1896 553 1964 574 esse
1997 545 2128 575 actualis
2159 546 2354 582 existentiae,
2379 555 2479 576 omne

1411 586 1502 626 quod
1526 587 1565 617 ab
1590 587 1653 617 alio
1670 588 1766 618 habet
1789 597 1868 624 esse,
1889 588 2004 618 dicitur
2027 599 2155 620 causam
2175 589 2400 630 productivam
2423 590 2479 620 ha-

1411 631 1497 661 bere.
1522 631 1563 662 Et
1587 631 1642 667 sic,
1667 641 1743 662 curn
1771 633 1877 662 omnis
1906 633 2042 663 essentia
2072 639 2176 664 creata
2206 634 2245 664 ab
2278 634 2341 664 alio
2364 634 2480 665 habeat

1412 674 1490 711 e'sse,
1514 684 1646 706 necesse
1670 682 1717 707 est
1736 676 1841 707 dicere
1865 686 1998 707 omnem
2014 678 2183 708 essentiam
2202 684 2339 709 creatam
2362 678 2479 709 habere

1412 729 1542 750 causam
1565 719 1799 760 productivam.
1828 721 1915 751 Cum
1945 727 2054 752 autem
2084 721 2199 752 dicitur
2228 723 2388 752 hominem
2412 732 2479 754 esse

1411 764 1546 800 animal,
1570 773 1638 795 non
1662 765 1777 796 dicitur
1803 765 1937 806 aliquod
1960 775 2028 796 esse
2051 767 2182 796 actualis
2206 767 2399 803 existentiae,
2423 767 2480 798 sed

1411 814 1539 839 tantum
1562 811 1758 849 compositio
1782 810 1955 851 praedicati
1972 820 2048 840 cum
2071 811 2216 841 subiecto
2233 817 2264 841 et
2279 811 2359 841 ordo
2383 812 2479 842 unius

1412 852 1452 883 ad
1475 853 1622 884 alterum.
1639 854 1705 892 Qui
1722 854 1803 885 ordo
1820 855 1896 895 quia
1920 855 2073 885 convenit
2096 855 2142 885 rei
2165 856 2230 885 sive
2254 856 2293 886 sit
2316 856 2350 885 in
2372 865 2480 886 rerum

1411 903 1525 928 natura
1547 899 1614 929 sive
1636 908 1704 930 non
1728 900 1777 936 sit,
1801 898 1982 930 secundum
2004 904 2148 930 mentem
2164 900 2359 935 Avicennae,
2384 900 2479 940 Alga-

1411 942 1498 978 zelis,
1522 943 1707 983 Alpharabii
1722 950 1754 975 et
1768 944 1901 980 Alberti,
1917 961 1941 965 ——
1956 944 2022 974 sive
2039 944 2126 974 enim
2141 944 2243 974 homo
2263 944 2302 974 sit
2325 944 2390 974 sive
2411 953 2480 974 non

1412 987 1460 1023 sit,
1485 988 1544 1017 ista
1567 997 1695 1028 semper
1718 994 1765 1019 est
1787 998 1871 1025 vera,
1894 988 2006 1019 Homo
2030 993 2078 1019 est
2100 988 2224 1019 animal
2242 987 2355 1018 -ideo
2379 988 2481 1018 homi-

1412 1041 1483 1061 nem
1508 1041 1576 1062 esse
1598 1033 1724 1063 animal
1741 1033 1864 1064 nullam
1887 1033 1983 1063 habet
2013 1042 2143 1063 causam
2166 1032 2400 1073 productivam,
2424 1032 2482 1063 sed

1411 1076 1494 1106 bene
1510 1076 1672 1107 hominem
1684 1087 1752 1108 esse
1763 1078 1859 1108 habet
1871 1087 2001 1108 causam
2012 1076 2248 1118 productivam.
2260 1095 2283 1100 —
2294 1077 2363 1108 Nec
2376 1077 2481 1107 obstat

1412 1120 1503 1160 quod
1526 1121 1699 1161 aliquando
1728 1122 1877 1153 doctores
1907 1122 2014 1153 dicant
2043 1122 2151 1152 Deum
2171 1122 2296 1163 fecisse
2318 1122 2480 1152 hominem

1413 1166 1626 1196 rationalem:
1650 1167 1726 1206 quia
1748 1176 1817 1197 non
1840 1166 1914 1197 ideo
1939 1166 2055 1197 dicitur
2078 1167 2171 1206 quasi
2196 1166 2284 1197 Deus
2308 1165 2402 1197 faciat
2426 1176 2480 1196 ra-

1412 1209 1536 1240 tionale
1550 1210 1676 1241 homini
1693 1212 1876 1247 convenire,
1894 1211 1950 1241 sed
1966 1211 2043 1251 quia
2060 1210 2212 1251 produxit
2227 1211 2367 1241 animam
2385 1210 2480 1241 intel-

1411 1254 1559 1285 lectivam
1583 1255 1734 1292 hominis,
1759 1266 1798 1286 ex
1824 1265 1888 1296 qua
1919 1256 2015 1286 habet
2042 1255 2144 1286 homo
2173 1255 2349 1286 formaliter
2380 1260 2417 1285 ut
2440 1256 2480 1285 sit

1411 1299 1584 1329 rationalis.

1469 1352 1499 1373 2.
1530 1343 1642 1374 Posset
1658 1350 1766 1375 autem
1783 1344 1899 1384 aliquis
1915 1343 2020 1374 dicere
2037 1343 2077 1374 ad
2093 1344 2251 1374 rationem
2266 1344 2374 1375 Sancti
2389 1343 2479 1374 Tho-

1411 1397 1484 1418 mae
1507 1387 1598 1428 quod
1625 1389 1802 1419 substantia
1825 1389 1978 1419 convenit
2001 1387 2134 1428 quidem
2156 1389 2201 1418 rei
2225 1398 2282 1428 per
2304 1397 2338 1418 se
2361 1387 2480 1418 forma-

1411 1431 1491 1468 liter,
1515 1442 1584 1462 non
1608 1439 1717 1463 autern
1741 1433 1896 1463 effective.
1920 1433 1961 1463 Et
1988 1432 2062 1463 ideo
2090 1433 2129 1463 ab
2157 1432 2220 1463 alio
2245 1432 2305 1463 sibi
2328 1432 2480 1463 convenit

1411 1477 1495 1506 sicut
1518 1482 1550 1507 et
1573 1486 1652 1507 esse.

1466 1520 1530 1551 Sed
1557 1526 1668 1551 contra
1694 1521 1777 1552 hanc
1803 1522 2050 1561 responsionem
2076 1531 2094 1551 a
2121 1521 2297 1551 Thomistis
2328 1521 2479 1561 arguitur.

1413 1564 1501 1594 Tum
1524 1565 1611 1604 quia,
1635 1571 1760 1596 semota
1783 1566 1874 1595 omni
1897 1565 2091 1602 causalitate,
2106 1575 2219 1596 verum
2243 1571 2290 1596 est
2312 1565 2481 1595 hominem

1413 1618 1481 1638 esse
1505 1608 1684 1645 hominem,
1709 1615 1740 1640 et
1767 1610 1936 1640 hominem
1960 1619 2028 1640 esse
2051 1610 2180 1640 animal.
2211 1609 2366 1650 Alioquin
2390 1618 2482 1649 prae-

1413 1652 1517 1683 dicata
1539 1654 1636 1693 primi
1651 1653 1742 1684 modi
1757 1659 1891 1693 possent
1906 1653 2039 1693 intelligi
2056 1663 2124 1684 non
2140 1653 2250 1684 adesse
2273 1654 2328 1690 tei,
2349 1658 2381 1684 et
2403 1652 2483 1683 defi-

1414 1697 1495 1727 nitio
1511 1706 1530 1726 a
1546 1696 1680 1728 definito
1704 1703 1911 1737 separaretur.
1928 1698 2021 1736 Quae
2042 1703 2117 1728 sunt
2133 1702 2244 1728 contra
2259 1707 2392 1728 omnem
2412 1697 2483 1737 phi-

1414 1741 1610 1781 losophiam.

1471 1785 1560 1816 Tum
1584 1786 1661 1826 quia
1683 1786 1804 1827 aliquid
1834 1785 1924 1817 fieret
1953 1792 2128 1826 postquam
2159 1791 2215 1816 est.
2240 1785 2336 1823 Quia,
2360 1791 2484 1816 remota

1415 1831 1507 1861 omni
1531 1830 1711 1867 efficientia,
1735 1830 1841 1862 adhuc
1857 1840 1970 1861 verum
1994 1836 2078 1861 esset
2100 1830 2268 1860 hominem
2287 1840 2355 1860 esse
2378 1830 2483 1860 homi-

1415 1884 1506 1906 nem:
1531 1885 1608 1906 curn
1631 1874 1852 1915 praedicatum
1877 1876 2049 1906 conveniat
2072 1874 2248 1906 formaliter
2275 1875 2421 1906 subiecto
2445 1884 2484 1905 ex

1415 1920 1533 1960 seipso,
1550 1925 1582 1950 et
1598 1919 1719 1950 idcirco
1735 1920 1775 1950 sit
1791 1921 2004 1960 sempiternae
2020 1920 2169 1950 veritatis.
2191 1919 2232 1949 Et
2247 1919 2303 1955 sic,
2327 1920 2354 1949 si
2377 1919 2484 1959 aliqua

1415 1974 1511 1995 causa
1534 1963 1630 1995 faciat
1651 1964 1820 1995 hominem
1836 1974 1904 1995 esse
1929 1964 2106 2000 hominem,
2123 1964 2268 2004 sequitur
2284 1962 2373 2003 quod
2389 1962 2484 1994 faciat

1415 2007 1538 2049 aliquid
1560 2014 1737 2049 postquam
1758 2014 1814 2039 est.

1470 2053 1559 2083 Tum
1583 2053 1659 2093 quia
1683 2053 1858 2093 aequaliter
1872 2052 2051 2083 necessaria
2066 2057 2141 2083 sunt
2156 2052 2323 2082 hominem
2340 2061 2408 2083 esse
2423 2051 2483 2082 ho-

1415 2098 1549 2134 minem,
1574 2103 1605 2128 et
1629 2097 1737 2128 Deum
1761 2107 1829 2128 esse
1860 2106 1977 2128 unum:
2003 2106 2080 2127 cum
2110 2106 2225 2128 eorum
2248 2096 2398 2136 opposita
2421 2096 2484 2126 sint

1416 2142 1591 2182 aequaliter
1618 2142 1838 2182 impossibilia,
1863 2151 1901 2171 ex
1924 2141 2145 2182 implicatione
2172 2140 2293 2171 scilicet
2323 2139 2483 2170 contradi-

1417 2188 1545 2218 ctionis.
1569 2187 1677 2218 Deum
1700 2192 1809 2217 autem
1840 2196 1909 2216 esse
1936 2196 2039 2217 unum
2067 2190 2193 2216 constat
2221 2185 2344 2216 nullam
2366 2184 2484 2215 habere

1417 2241 1547 2263 causam
1571 2230 1761 2262 effectivam.

1472 2276 1541 2307 Nec
1558 2276 1642 2307 valet
1657 2276 1683 2306 si
1699 2275 1822 2307 dicatur
1842 2274 1933 2315 quod
1951 2274 2139 2305 huiusmodi
2155 2274 2394 2314 propositiones
2410 2278 2485 2303 sunt

1418 2321 1615 2352 necessariae
1630 2321 1798 2361 supposita
1809 2320 1981 2350 existentia
1992 2319 2134 2350 subiecti.
2147 2318 2234 2356 Quia
2244 2318 2290 2348 sic
2301 2327 2368 2348 non
2384 2318 2485 2357 magis

1419 2370 1502 2397 esset
1517 2366 1695 2396 necessaria
1717 2365 1786 2401 ista,
1802 2365 1879 2395 Duo
1901 2369 1932 2395 et
1951 2364 2015 2394 tria
2037 2368 2114 2394 sunt
2136 2363 2286 2404 quinque,
2303 2371 2401 2402 quam
2416 2362 2484 2398 ista,

1423 2411 1526 2441 Terra
1550 2415 1608 2447 est,
1628 2410 1762 2440 Caelum
1781 2414 1837 2445 est,
1859 2415 1892 2440 et
1911 2409 2040 2445 similes,
2060 2417 2140 2448 quas
2163 2412 2289 2438 constat
2310 2416 2349 2437 ex
2365 2415 2486 2446 suppo-

1420 2456 1537 2486 sitione
1558 2455 1750 2486 necessarias
1773 2463 1851 2484 esse.
1872 2453 1972 2492 Quod
1988 2458 2035 2484 est
2050 2459 2081 2483 et
2101 2458 2213 2483 contra
2236 2451 2486 2491 philosophiam,

1421 2506 1453 2531 et
1476 2504 1588 2530 contra
1611 2499 1841 2539 Augustinum‚
1866 2498 1906 2529 de
1928 2497 2045 2529 Libero
2069 2497 2214 2527 Arbitrio
2230 2497 2258 2526 ἦ

1479 2544 1509 2575 3.
1525 2543 1577 2574 Ad
1601 2543 1795 2574 evidentiam
1811 2548 1920 2573 autem
1935 2543 2041 2578 huius,
2059 2540 2229 2581 quomodo
2249 2539 2351 2570 dictae
2367 2548 2488 2579 propo-

1422 2588 1554 2619 sitiones
1577 2588 1611 2618 in
1634 2587 1752 2628 quibus
1775 2586 1996 2627 praedicatum
2012 2591 2059 2616 est
2077 2585 2117 2616 de
2133 2584 2321 2615 definitione
2343 2583 2488 2619 subiecti,

1422 2634 1486 2663 sint
1500 2633 1714 2672 sempiternae
1733 2631 1887 2667 veritatis;
1904 2636 1936 2661 et
1955 2630 2112 2670 quoniam
2135 2638 2203 2659 non
2218 2629 2337 2659 habent
2360 2636 2490 2658 causam

1423 2676 1602 2707 effectivam
1626 2681 1785 2716 quantum
1808 2674 1849 2705 ad
1870 2674 2102 2705 inhaerentiam
2125 2672 2299 2713 praedicati
2321 2671 2362 2702 ad
2384 2672 2491 2702 subie-

1423 2727 1528 2752 ctum:
1553 2719 1825 2751 considerandum
1849 2718 1949 2759 quod,
1966 2727 2043 2749 cum
2066 2723 2179 2748 natura
2196 2717 2361 2757 tripliciter
2384 2716 2491 2746 consi-

1423 2765 1526 2796 derari
1548 2766 1659 2805 possit,
1684 2764 1805 2795 scilicet
1827 2764 1985 2799 absolute,
2009 2761 2222 2792 abstrahendo
2246 2761 2284 2791 ab
2308 2760 2399 2790 omni
2422 2769 2490 2790 esse

1423 2816 1490 2840 tam
1513 2811 1546 2840 in
1570 2809 1736 2840 intellectu
1759 2818 1859 2849 quam
1882 2813 1968 2838 extra
1996 2806 2212 2842 intellectum;
2236 2810 2272 2836 ut
2297 2805 2394 2835 habet
2423 2813 2491 2834 esse

1424 2855 1459 2885 in
1481 2854 1664 2890 intellectu3
1689 2859 1721 2884 et
1743 2859 1780 2883 ut
1801 2853 1898 2883 habet
1921 2861 1989 2882 esse
2020 2856 2107 2881 extra
2133 2850 2334 2881 intellectum
2357 2849 2391 2879 in
2414 2849 2492 2888 ipsis

1424 2899 1538 2935 rebus;
1562 2898 1745 2939 praedicata
1763 2896 1974 2937 quidditativa
1993 2895 2192 2926 conveniunt
2208 2900 2339 2924 naturae
2362 2902 2430 2923 non
2454 2902 2491 2923 ex

1426 2953 1495 2974 esse
1519 2943 1610 2984 quod
1632 2943 1729 2974 habet
1751 2942 1785 2972 in
1808 2941 1984 2977 intellectu,
2000 2949 2061 2970 nee
2085 2949 2124 2970 ex
2144 2949 2211 2970 esse
2236 2937 2325 2978 quod
2348 2938 2444 2967 habet
2458 2938 2493 2968 in

1426 2989 1532 3024 rebus,
1553 2987 1610 3018 sed
1633 2986 1815 3018 secundum
1833 2996 1876 3022 se,
1899 2992 1935 3016 ut
1950 2986 1989 3015 ab
2006 2985 2097 3015 omni
2120 2993 2188 3014 esse
2211 2982 2370 3013 abstrahit.
2393 2980 2492 3012 Nullo

1427 3033 1516 3063 enim
1538 3032 1704 3063 intellectu
1723 3030 1957 3066 considerante,
1980 3038 2041 3060 nec
2060 3029 2157 3059 etiarn
2175 3027 2308 3058 homine
2330 3027 2364 3056 in
2387 3035 2494 3056 rerum

1427 3083 1540 3108 natura
1563 3077 1728 3112 existente,
1752 3076 1854 3106 homo
1879 3080 1926 3105 est
1949 3073 2068 3104 animal
2089 3072 2254 3103 rationale.
2278 3071 2361 3101 Dico
2386 3075 2494 3100 autem

1428 3121 1610 3162 praedicata
1633 3121 1806 3152 convenire
1829 3125 1973 3154 naturae,
2001 3127 2069 3148 non
2093 3122 2251 3157 quantum
2274 3116 2314 3145 ad
2336 3114 2495 3145 actualem

1428 3165 1712 3207 praedicationem,
1730 3165 1807 3204 quia
1822 3165 1881 3194 ista
1896 3173 1964 3193 non
1987 3161 2023 3192 fit
2038 3162 2099 3192 nisi
2115 3171 2172 3202 per
2191 3169 2274 3201 opus
2296 3158 2493 3190 intellectus:

1429 3210 1486 3241 sed
1509 3209 1800 3245 fundamentaliter,
1825 3214 1856 3239 et
1880 3212 2038 3248 quantum
2062 3206 2102 3236 ad
2127 3215 2205 3235 rem.
2230 3203 2302 3240 Sed,
2326 3203 2400 3233 licet
2423 3202 2497 3233 talia

1429 3254 1610 3296 praedicata
1632 3264 1701 3285 non
1729 3253 1922 3284 conveniant
1951 3250 2231 3282 fundamentaliter
2257 3254 2288 3278 et
2318 3247 2497 3278 secundum

1429 3309 1499 3330 rem
1522 3305 1654 3330 naturae
1679 3308 1717 3329 ex
1741 3307 1809 3328 esse
1834 3296 1923 3337 quod
1946 3295 2042 3326 habet
2065 3295 2099 3324 in
2122 3293 2297 3328 intellectu,
2322 3292 2413 3331 quasi
2436 3291 2497 3322 sci-

1430 3345 1514 3380 licet,
1539 3345 1565 3374 si
1581 3343 1762 3374 intellectus
1784 3351 1852 3371 non
1876 3346 1968 3376 esset,
1992 3340 2094 3369 homo
2117 3347 2185 3368 non
2205 3342 2287 3367 esset
2309 3335 2427 3366 animal
2449 3345 2498 3366 ra-

1430 3388 1568 3424 tionale;
1592 3394 1701 3418 tamen
1723 3385 1911 3416 huiusmodi
1930 3383 2126 3414 inhaerentia
2148 3381 2321 3422 praedicati
2336 3380 2377 3411 ad
2392 3380 2498 3410 subie-

1432 3438 1522 3464 ctum
1545 3433 1584 3463 ab
1608 3431 1784 3466 intellectu,
1809 3435 1874 3460 tam
1890 3429 1998 3459 divino
2023 3436 2121 3467 quam
2138 3431 2256 3461 creato,
2272 3424 2499 3465 cognoscibilis

1433 3483 1489 3508 est.
1515 3477 1556 3507 Et
1579 3476 1653 3507 ideo
1679 3475 1848 3515 dupliciter
1876 3482 1988 3503 verum
2016 3477 2063 3501 est
2090 3469 2276 3501 huiusmodi
2302 3469 2500 3509 propositio-

1432 3532 1490 3553 nes
1514 3531 1582 3552 esse
1613 3526 1759 3551 aeternae
1783 3518 1931 3549 veritatis.
1960 3516 2079 3551 Primo,
2104 3515 2180 3555 quia
2210 3513 2409 3544 aeternaliter
2431 3514 2501 3554 ipsa

1433 3576 1482 3597 res
1499 3571 1546 3596 est
1561 3565 1631 3596 talis
1655 3563 1871 3598 essentialiter,
1893 3567 1923 3591 et
1946 3566 2020 3591 nata
2044 3565 2090 3590 est
2105 3569 2179 3589 vere
2202 3558 2336 3598 intelligi
2356 3567 2431 3588 cum
2455 3563 2501 3588 at-

1433 3611 1609 3641 tributione
1633 3609 1703 3639 talis
1726 3606 1908 3647 praedicati.
1936 3605 2011 3635 Alio
2035 3603 2147 3640 modo,
2173 3604 2249 3643 quia
2272 3603 2311 3632 ab
2335 3602 2501 3632 intellectu

1435 3654 1544 3686 divino
1569 3657 1811 3694 cognoscuntur
1828 3649 2025 3680 aeternaliter
2041 3658 2109 3679 esse
2125 3657 2217 3678 verae
2234 3656 2302 3677 non
2322 3652 2448 3677 tantum
2463 3656 2503 3679 ex

2513 2497 2522 2506 ⁸
2531 2495 2669 2522 Lib.11‚cap.
2676 2499 2728 2515 viu.
