2768 4134
39 1503 48 1512 ·
63 1501 132 1523 Num.
144 1507 177 1527 ιν,
191 1501 252 1522 Atto-

38 1534 97 1550 rum.

37 2316 46 2325 ’
58 2314 93 2335 De
101 2313 180 2340 Ver-it„
189 2319 249 2340 xxu,

38 2347 74 2366 ης
90 2341 121 2363 cf.
136 2346 206 2369 supra
226 2347 251 2362 n.

35 2374 68 2389 iv.

37 2681 46 2690 ·
62 2679 132 2702 Num.
143 2685 178 2701 ιιι.

295 264 366 301 132

289 351 427 378 causam,
442 350 510 372 non
527 345 653 370 tantum
670 347 753 378 quae
770 342 853 368 esset
868 338 950 368 ratio
965 336 1092 377 agendi,
1108 335 1165 367 sed
1180 345 1263 377 quae
1280 340 1363 366 esset

288 396 395 427 agens,
419 393 553 426 ponere.
579 383 614 414 ld
637 392 714 423 ergo
738 381 829 423 quod
854 387 901 412 est
925 391 1020 413 causa
1048 381 1244 412 substantiae
1272 385 1362 411 actus

286 440 344 472 per
367 429 503 460 modum
528 427 706 464 efficientis,
731 433 779 458 est
810 427 907 457 etiam
931 435 1027 458 causa
1055 426 1175 466 speciei
1199 425 1360 456 effective:

286 475 341 506 sed
365 484 460 505 causa
484 472 637 509 formalis,
654 482 672 503 a
694 482 758 513 qua
775 477 822 502 est
845 472 979 512 species,
997 476 1045 501 est
1060 470 1094 502 id
1110 470 1201 511 quod
1217 475 1265 501 est
1280 470 1361 500 ratio

286 526 321 550 ut
344 520 383 550 sit
406 518 476 549 talis
500 523 599 549 actus.
625 517 715 548 Sicut
738 526 833 548 causa
856 522 966 547 motus
990 525 1129 552 sursum,
1146 521 1178 546 et
1202 520 1361 556 quantum

285 564 325 595 ad
347 564 559 594 substantiam
576 568 607 593 et
623 567 782 604 quantum
798 560 838 592 ad
854 561 996 602 speciem
1012 565 1133 595 motus,
1150 569 1208 601 per
1224 559 1361 590 modum

285 608 451 640 efficientis
467 613 515 639 est
538 617 675 639 movens
691 608 809 648 ipsum,
827 607 884 647 qui
907 615 975 636 non
993 611 1102 636 causat
1118 610 1247 636 motum
1270 604 1361 635 inde-

284 654 503 689 terminatum,
520 652 576 684 sed
592 651 828 693 specificatum:
846 660 942 682 causa
958 655 1065 681 autern
1091 650 1245 686 formalis,
1262 660 1280 680 a
1296 659 1361 690 qua

284 698 461 729 formaliter
484 703 531 729 est
554 703 664 729 motus
688 706 826 732 sursum,
844 702 891 727 est
906 696 976 736 ipse
999 695 1157 726 terminus
1180 700 1300 731 motus,
1317 694 1360 724 ita

285 743 376 784 quod
398 752 535 774 movens
558 742 634 774 ideo
665 747 774 773 causat
804 746 933 772 motum
955 741 1000 771 sic
1024 739 1258 781 specificatum,
1283 739 1360 780 quia

284 794 395 819 movet
418 788 540 819 mobile
556 786 596 819 ad
611 788 723 818 locum
739 796 876 818 sursum.
901 784 1054 816 Similiter
1070 793 1147 825 ergo
1170 790 1281 815 motus
1303 793 1360 825 ap—

283 834 403 874 petitus
420 834 503 864 circa
518 832 618 863 finem
634 842 701 863 non
719 837 848 872 oportet
868 839 1032 871 quaerere,
1050 834 1209 870 quantum
1233 828 1274 860 ad
1290 830 1359 860 eius

284 877 570 919 specificationem,
588 887 718 908 causam
733 876 927 907 efficientem
944 875 1038 905 aliam
1055 875 1094 905 ab
1111 874 1184 915 ipso
1200 874 1358 914 appetitu,

283 923 340 954 sed
363 923 526 964 appetitus
549 923 618 963 ipse
642 927 690 953 est
705 931 801 953 causa
820 927 910 951 actus
930 918 1124 961 specificati:
1149 919 1231 949 ratio
1249 924 1359 950 autem

284 968 436 1004 formalis,
454 977 471 998 a
487 977 551 1008 qua
568 967 743 998 formaliter
757 966 853 997 habet
867 966 937 1006 ipse
953 970 1044 995 actus
1063 969 1100 995 ut
1123 964 1163 994 sit
1177 963 1248 994 talis
1268 969 1359 995 actus

284 1019 316 1043 et
338 1013 408 1053 ipse
435 1013 597 1053 appetitus
620 1017 657 1042 ut
680 1017 789 1042 actum
813 1011 858 1041 sic
877 1008 1100 1051 specificatum
1116 1008 1286 1050 producat,
1311 1015 1359 1040 est

282 1058 391 1098 ipsum
415 1057 588 1098 appetibile
612 1057 749 1087 existens
772 1056 806 1086 in
829 1059 1003 1096 appetente
1029 1053 1281 1095 intelligibiliter.
1305 1054 1358 1085 Sic

283 1111 360 1143 ergo
376 1102 410 1132 in
425 1102 582 1133 volitione
598 1101 670 1132 finis
686 1100 860 1142 appetibile
873 1105 984 1131 movet
999 1100 1181 1144 appetitum
1198 1104 1358 1140 quantum

283 1147 322 1177 ad
338 1146 615 1187 specificationem
631 1151 731 1182 actus,
749 1146 826 1186 quia
842 1151 889 1176 est
908 1145 988 1176 ratio
1013 1150 1045 1176 et
1060 1144 1165 1176 forma
1188 1143 1277 1175 unde
1292 1143 1358 1175 for-

282 1191 406 1222 maliter
429 1192 525 1223 habet
548 1191 639 1232 quod
666 1196 756 1222 actus
780 1191 850 1222 eius
879 1191 919 1221 sit
942 1190 1030 1234 talis:
1054 1199 1124 1221 non
1147 1194 1257 1220 autem
1281 1188 1358 1220 effe-

282 1237 365 1267 ctive
389 1237 552 1267 concurrit
567 1236 607 1267 ad
622 1237 731 1277 ipsum
748 1241 857 1267 actum
876 1244 934 1276 per
950 1234 1088 1266 modum
1104 1234 1261 1266 elicientis
1277 1244 1358 1276 ope-

281 1282 450 1312 rationem.

335 1326 387 1357 Ad
408 1326 495 1357 hunc
520 1335 597 1367 ergo
620 1335 752 1356 sensum
776 1324 914 1356 intendit
937 1324 1074 1356 Sanctus
1090 1324 1237 1355 Thomas
1261 1333 1357 1365 appe-

281 1371 368 1402 tibile
396 1381 525 1402 movere
553 1371 752 1402 voluntatem
775 1380 840 1411 per
862 1369 992 1400 modum
1010 1370 1106 1411 finis,
1131 1374 1291 1410 quantum
1317 1368 1358 1400 ad

280 1417 379 1457 ipsius
411 1416 593 1457 appetibilis
623 1420 654 1447 et
684 1415 758 1447 finis
781 1416 990 1447 volitionem:
1021 1415 1099 1455 quia
1128 1414 1279 1446 videlicet
1310 1418 1358 1445 est

280 1461 384 1492 forma
407 1471 425 1492 a
449 1471 515 1502 qua
537 1461 608 1492 talis
630 1460 745 1492 volitio
769 1459 983 1502 specificatur.

335 1506 389 1537 VI.
413 1505 466 1537 Ad
489 1505 684 1537 evidentiam
700 1515 777 1537 vero
793 1504 928 1536 secundi
944 1505 1020 1536 dicti
1033 1506 1060 1541 *,
1085 1503 1358 1535 considerandum

280 1557 327 1582 est
350 1550 441 1592 quod
457 1551 607 1582 voluntas
622 1560 691 1582 non
707 1556 833 1582 tantum
850 1556 898 1581 est
920 1550 1043 1591 proprii
1066 1554 1157 1580 actus
1178 1558 1284 1586 causa,
1301 1547 1358 1580 sed

280 1597 377 1628 etiam
399 1601 510 1627 motus
534 1596 701 1627 extrinseci
725 1605 783 1637 per
806 1604 905 1637 quern
930 1594 1003 1626 finis
1027 1595 1213 1636 acquiritur.
1237 1593 1301 1625 Sed
1324 1594 1357 1624 in

279 1641 334 1672 tali
358 1641 542 1672 causalitate
572 1642 642 1682 ipsa
669 1641 819 1672 voluntas
849 1650 883 1671 se
912 1640 1009 1671 habet
1038 1639 1122 1671 sicut
1151 1648 1260 1680 agens,
1284 1638 1358 1669 finis

279 1692 389 1717 autem
413 1695 446 1717 se
470 1686 567 1716 habet
590 1687 673 1717 sicut
699 1687 781 1716 ratio
810 1684 943 1726 agendi:
968 1685 1052 1716 sicut
1081 1685 1113 1715 in
1146 1683 1358 1715 calefactione

278 1732 455 1763 substantia
471 1731 553 1771 ignis
575 1740 609 1762 se
633 1731 729 1762 habet
752 1736 788 1762 ut
812 1729 1013 1767 calefaciens,
1031 1729 1119 1761 calor
1142 1734 1251 1760 autem
1275 1730 1358 1760 sicut

278 1777 359 1807 ratio
385 1775 604 1808 calefaciendi.
620 1776 662 1806 Et
678 1776 755 1816 quia
779 1775 929 1806 voluntas
952 1775 1032 1806 nihil
1050 1775 1227 1805 extrinsece
1248 1779 1359 1805 causat

278 1822 339 1852 nisi
363 1820 525 1852 mediante
549 1826 623 1851 actu
647 1820 789 1857 volendi,
810 1819 897 1857 ideo,
914 1819 994 1851 dum
1018 1825 1128 1851 causat
1151 1825 1281 1850 motum
1305 1829 1357 1850 or-

279 1866 425 1897 dinatum
441 1865 481 1896 ad
497 1865 570 1896 finis
595 1866 843 1901 assecutionem,
861 1871 970 1896 causat
991 1865 1088 1896 etiam
1111 1865 1144 1895 in
1168 1874 1203 1895 se
1226 1864 1357 1895 volitio-

278 1920 354 1942 nem
370 1911 472 1951 ipsius
488 1915 607 1946 motus,
626 1920 690 1951 qua
706 1909 869 1941 mediante
886 1915 995 1941 causat
1011 1915 1150 1940 motum.
1169 1908 1256 1945 1deo‚
1274 1909 1357 1940 sicut

277 1955 351 1986 finis
375 1960 423 1986 est
446 1955 605 1986 voluntati
628 1956 710 1986 ratio
734 1954 887 1986 causandi
912 1960 1051 1990 motum,
1067 1955 1264 1995 inquantum
1287 1963 1356 1985 non

278 2005 387 2030 causat
410 2005 539 2031 motum
562 2000 623 2031 nisi
646 2005 781 2041 propter
795 1999 870 2030 finis
893 2000 1147 2036 assecutionem;
1171 2000 1215 2030 ita
1232 2004 1281 2030 est
1294 1999 1356 2040 ipsi

277 2045 436 2076 voluntati
455 2045 537 2076 ratio
554 2044 708 2076 causandi
731 2044 923 2076 volitionem
946 2045 980 2076 in
1002 2054 1035 2075 se
1055 2044 1141 2075 illius
1165 2049 1275 2075 motus
1298 2045 1355 2085 qui

277 2089 445 2121 ordinatur
474 2089 514 2121 ad
537 2089 651 2121 finem:
676 2089 752 2121 ideo
777 2090 866 2121 enim
890 2089 959 2121 vult
981 2095 1111 2121 motum
1134 2090 1254 2130 ipsum,
1279 2090 1356 2130 quia

276 2135 345 2166 vult
368 2134 468 2166 finem
492 2144 550 2176 per
572 2136 681 2176 ipsum
697 2133 942 2176 acquirendum.
960 2134 1055 2166 Unde
1079 2134 1153 2165 finis
1177 2140 1213 2166 ut
1236 2134 1356 2166 volitus

277 2180 441 2211 concurrit
464 2181 576 2216 active,
600 2186 756 2221 tanquam
780 2180 861 2210 ratio
878 2179 1004 2220 agendi,
1021 2179 1061 2210 ad
1077 2179 1269 2210 volitionem
1286 2180 1356 2211 eius

278 2225 369 2266 quod
393 2230 440 2256 est
469 2224 508 2255 ad
536 2224 653 2256 finem:
678 2235 754 2256 nam
782 2225 943 2261 voluntas,
974 2230 1011 2255 ut
1042 2229 1168 2255 actuata
1196 2224 1354 2256 volitione

278 2269 361 2306 finis,
386 2270 472 2300 elicit
487 2269 679 2301 volitionem
696 2271 766 2301 eius
783 2269 874 2310 quod
890 2275 938 2300 est
954 2269 994 2300 ad
1009 2269 1121 2300 finem.

335 2315 376 2346 Et
399 2315 444 2345 sic
461 2314 552 2355 quod
575 2316 608 2345 in
633 2315 708 2346 loco
728 2314 866 2355 allegato
878 2315 895 2331 ⁴*
918 2314 1025 2355 inquit
1041 2314 1178 2345 Sanctus
1197 2314 1354 2350 Thomas,

267 2360 375 2402 finem
398 2359 518 2390 scilicet
542 2369 672 2390 movere
691 2364 846 2400 tanquam
872 2359 1032 2390 rationem
1056 2358 1218 2395 movendi,
1238 2358 1355 2390 intelli-

278 2406 363 2446 gitur
385 2410 534 2445 respectu
561 2410 671 2435 motus
695 2405 863 2436 extrinseci
885 2410 917 2435 et
939 2404 1105 2435 volitionis
1120 2404 1221 2444 ipsius
1244 2409 1355 2434 motus

279 2449 319 2481 ad
346 2449 445 2480 finem
474 2448 623 2486 ordinati,
650 2459 718 2480 non
746 2455 855 2480 autem
885 2454 1034 2490 respectu
1064 2448 1230 2479 volitionis
1253 2449 1355 2490 ipsius

279 2494 362 2525 finis.
379 2494 421 2525 Et
436 2494 500 2525 hoc
525 2499 572 2525 est
587 2503 719 2525 movere
743 2503 800 2535 per
823 2494 960 2525 modum
984 2493 1058 2524 finis
1074 2498 1223 2535 respectu
1239 2503 1354 2524 eorum

280 2549 364 2580 quae
389 2545 464 2570 sunt
488 2539 528 2570 ad
551 2538 662 2570 finem.

334 2583 388 2615 Sic
409 2593 486 2625 ergo
506 2584 696 2615 conceditur
711 2583 804 2624 quod
823 2583 933 2624 aliquo
950 2582 1051 2614 modo
1075 2582 1149 2614 finis
1164 2588 1276 2614 movet
1296 2592 1355 2614 vo-

279 2629 436 2660 luntatem
460 2628 635 2660 formaliter
661 2634 798 2665 tantum,
823 2628 934 2669 aliquo
966 2637 1043 2659 vero
1066 2627 1168 2659 modo
1198 2627 1353 2659 effective.

333 2674 400 2704 VII.
425 2673 476 2704 Ad
500 2675 640 2705 rationes
663 2680 773 2705 autem
792 2674 914 2714 primae
935 2673 1102 2714 opinionis
1114 2674 1142 2709 *,
1158 2674 1354 2714 inquantum

277 2718 427 2750 videntur
442 2728 512 2750 esse
528 2724 640 2750 contra
655 2719 799 2760 primum
815 2718 950 2754 dictum,
967 2717 1192 2759 respondetur.
1218 2718 1269 2749 Ad
1283 2718 1355 2759 pri-

278 2772 363 2794 mam
388 2764 475 2795 enim
499 2763 616 2795 dicitur
646 2763 737 2804 quod
761 2763 951 2795 Aristoteles
973 2772 1042 2794 non
1066 2763 1292 2804 aequivocavit
1315 2763 1356 2794 de

278 2814 442 2845 movente,
470 2808 526 2840 sed
556 2807 739 2845 artificiose,
771 2818 809 2839 ex
840 2818 881 2839 eo
906 2807 997 2849 quod
1029 2807 1171 2839 ostendit
1203 2813 1355 2849 oportere

278 2854 421 2894 primum
445 2863 582 2884 movens
613 2863 682 2884 esse
713 2854 851 2884 omnino
884 2852 1063 2889 immobile,
1096 2852 1238 2884 ostendit
1264 2853 1356 2894 quod

279 2899 376 2930 etiam
392 2904 504 2929 movet
520 2908 577 2939 per
592 2898 731 2930 modum
754 2898 838 2934 finis,
862 2903 1019 2939 tanquam
1035 2898 1157 2928 scilicet
1179 2899 1260 2929 ratio
1282 2908 1355 2930 mo-

278 2943 375 2974 vendi
399 2948 431 2974 et
453 2943 586 2984 agendi:
604 2944 691 2984 quia,
717 2952 793 2974 cum
817 2952 916 2974 omne
939 2952 1077 2974 movens
1101 2942 1192 2983 quod
1215 2953 1283 2974 non
1307 2949 1356 2975 est

279 2987 362 3024 finis,
386 2993 518 3019 moveat
542 2994 676 3029 propter
701 2987 802 3019 finem
825 2988 924 3019 alium
949 2998 966 3018 a
990 2997 1034 3023 se,
1059 2993 1090 3018 et
1113 2988 1159 3019 sic
1185 2994 1355 3019 moveatur

280 3033 319 3063 ab
343 3033 408 3064 alio
431 3033 578 3064 motione
595 3032 668 3064 finis
684 3031 724 3063 ad
741 3042 778 3064 ea
794 3042 877 3073 quae
894 3038 969 3063 sunt
986 3032 1026 3063 ad
1042 3031 1152 3069 finem,
1173 3038 1303 3074 oportet
1319 3039 1355 3065 ut

278 3077 359 3109 illud
383 3077 474 3118 quod
497 3078 634 3109 omnino
658 3078 827 3109 immobile
851 3083 898 3108 est
928 3077 1075 3108 absolute
1103 3083 1234 3109 moveat
1257 3078 1354 3109 etiam

279 3131 337 3163 per
360 3122 497 3153 modurn
521 3122 704 3164 appetibilis
724 3128 755 3153 et
770 3122 861 3159 finis;
886 3123 950 3153 hoc
975 3122 1063 3153 enim
1086 3122 1194 3153 solum
1218 3131 1355 3154 movens

281 3173 328 3197 est
351 3168 489 3198 omnino
513 3167 692 3203 immobile,
717 3168 794 3208 quia
817 3168 857 3197 ab
881 3167 945 3198 alio
969 3176 1037 3198 non
1061 3172 1212 3198 movetur
1238 3173 1274 3198 ut
1298 3168 1353 3198 sic.

281 3211 375 3243 Unde
391 3222 459 3243 non
476 3212 613 3244 intendit
628 3212 828 3249 Aristoteles,
845 3218 880 3243 ut
900 3212 980 3242 ratio
1001 3212 1167 3252 supponit,
1184 3212 1355 3243 ostendere

281 3257 423 3296 primum
443 3262 606 3288 motorem
629 3267 698 3288 esse
719 3257 921 3288 immobilem
939 3257 1015 3297 quia
1030 3262 1141 3287 movet
1157 3257 1240 3288 sicut
1255 3266 1354 3298 appe-

281 3301 383 3332 tibile:
406 3301 461 3332 sed
478 3311 496 3332 e
513 3302 686 3339 contrario,
704 3302 780 3343 quia
796 3307 843 3332 est
859 3302 997 3332 omnino
1014 3301 1200 3338 immobilis,
1215 3301 1356 3333 ostendit

282 3345 371 3385 quod
395 3352 505 3377 movet
529 3356 586 3388 per
609 3346 748 3378 modum
769 3346 962 3388 appetibilis,
979 3354 1055 3376 cum
1071 3346 1237 3386 appetibili
1252 3347 1286 3377 in
1303 3356 1355 3377 or-

283 3389 357 3420 dine
380 3391 534 3422 motionis
553 3392 754 3422 voluntariae
770 3391 944 3422 conveniat
963 3396 999 3421 ut
1022 3391 1061 3421 sit
1084 3400 1221 3422 movens
1235 3392 1355 3422 immo-

283 3434 361 3471 bile;
378 3445 464 3471 nam,
481 3436 507 3466 si
523 3442 668 3467 moveret
683 3442 810 3467 tantum
827 3445 884 3478 per
899 3434 1038 3466 modum
1055 3434 1223 3466 efficientis
1239 3441 1271 3467 et
1286 3445 1355 3467 non

284 3487 341 3518 per
370 3479 507 3511 modum
531 3480 615 3518 finis,
639 3491 707 3512 non
736 3486 820 3512 esset
843 3480 1012 3511 immobile
1036 3481 1185 3516 omnino,
1202 3489 1243 3511 eo
1265 3480 1355 3521 quod

285 3521 357 3552 finis
391 3530 520 3555 moveat
554 3525 747 3557 efficientem
780 3525 820 3557 ad
854 3523 1057 3567 operandum
1088 3530 1221 3566 propter
1246 3525 1355 3566 ipsum

285 3565 394 3602 finem,
418 3574 572 3609 tanquam
596 3570 718 3601 scilicet
740 3570 774 3601 id
798 3570 891 3602 cuius
913 3570 1013 3611 gratia
1036 3574 1148 3600 movet
1171 3575 1202 3600 et
1226 3570 1299 3610 agit.

342 3611 492 3643 Similiter
514 3614 546 3643 in
571 3614 611 3644 ΠΙ
628 3614 668 3645 de
688 3615 805 3646 Anima
826 3624 894 3646 non
920 3612 1094 3645 committit
1113 3614 1355 3656 aequivocatio-

285 3663 371 3685 nem.
389 3655 484 3694 Quia,
502 3667 577 3688 cum
594 3659 688 3689 vellet
703 3659 873 3691 ostendere
889 3659 1039 3690 animalia
1055 3664 1149 3690 motu
1165 3658 1260 3690 locali
1283 3668 1355 3690 mo-

867 257 1056 295 SUMMA
1085 255 1309 294 CONTRA
1338 254 1616 304 GENTILES,
1647 255 1759 294 CAP.
1780 257 1913 296 XLIV.

1417 335 1484 365 veri
1508 343 1568 375 per
1590 336 1783 376 appetitum,
1808 336 2024 368 consideravit
2047 337 2080 368 in
2105 336 2219 369 ordine
2251 338 2308 377 illo
2335 339 2497 370 rationem

1417 380 1579 410 moventis
1603 385 1635 410 et
1658 381 1742 412 moti
1764 381 1924 419 absolute,
1943 391 2012 413 non
2029 387 2139 413 autem
2158 383 2319 421 rationem
2334 385 2497 415 moventis

1415 429 1543 455 tantum
1568 423 1714 456 effective
1737 431 1794 457 aut
1815 431 1944 458 tantum
1958 426 2106 458 finaliter.
2131 426 2184 458 Sic
2207 428 2306 464 enim,
2331 437 2408 460 cum
2423 428 2497 460 finis

1416 469 1456 499 sit
1472 478 1568 500 causa
1585 478 1768 507 causarum,
1784 471 1969 512 appetibile,
1986 471 2078 513 quod
2093 477 2206 503 movet
2221 472 2255 503 in
2270 473 2396 504 ratione
2410 472 2495 510 finis,

1415 514 1512 544 habet
1527 514 1689 545 rationem
1703 516 1867 547 moventis
1881 516 2077 554 immobilis;
2094 517 2258 558 appetitus
2274 522 2385 549 autem
2399 518 2497 550 habet

1414 559 1576 589 rationem
1598 559 1762 590 moventis
1777 565 1810 591 et
1823 561 1917 598 moti,
1934 571 1976 593 eo
1992 561 2084 603 quod
2106 567 2239 593 moveat
2262 562 2397 604 quidem
2420 562 2497 594 effe-

1416 604 1510 640 ctive,
1534 602 1591 634 sed
1613 609 1786 635 moveatur
1806 606 1956 637 motione
1977 605 2063 638 finis.

1471 648 1599 679 Dicitur
1620 649 1757 680 ulterius
1780 650 1872 690 quod
1898 651 1981 682 ratio
2008 651 2189 689 concludit,
2211 652 2238 683 si
2268 652 2392 694 aliquid
2416 657 2496 684 con-

1415 692 1526 729 cludit,
1551 692 1643 734 quod
1658 692 1733 724 finis
1748 693 1861 735 aliquo
1877 695 1980 726 modo
1996 695 2142 728 effective
2165 702 2278 728 movet
2292 697 2496 729 voluntatem

1414 743 1575 778 quantum
1599 737 1639 769 ad
1662 738 1857 770 volitionem
1876 748 1993 771 eorum
2014 749 2099 781 quae
2121 747 2198 772 sunt
2220 741 2261 774 ad
2283 741 2401 774 finem:
2426 751 2496 774 non

1414 788 1524 814 autem
1548 789 1709 824 quantum
1733 782 1773 814 ad
1796 784 1901 825 ipsam
1923 783 1997 815 finis
2019 785 2224 818 volitionem.

1470 828 1521 859 Ad
1543 828 1720 859 secundam
1744 827 1863 860 dicitur
1885 830 2004 870 primo,
2029 830 2121 870 quod
2144 830 2396 863 commentator
2418 842 2495 874 pro-

1412 873 1482 913 prie
1505 873 1652 914 loquitur
1676 872 1716 904 de
1739 872 1806 905 fine
1832 883 1891 915 per
1916 875 2198 915 comparationem
2221 875 2262 907 ad
2283 883 2414 908 motum
2438 878 2496 919 qui

1413 917 1454 948 ad
1477 917 1551 949 finis
1575 918 1825 959 acquisitionem
1845 918 2023 956 ordinatur,
2047 925 2085 950 ut
2108 929 2147 951 ex
2170 920 2243 952 eius
2262 930 2419 962 processu
2437 932 2495 964 ap-

1413 968 1514 1003 paret.
1540 962 1593 994 Sic
1618 963 1707 994 enim
1730 962 1814 1001 finis,
1845 964 2029 996 secundum
2059 964 2151 1006 quod
2178 970 2227 996 est
2255 971 2352 1004 exn-a,
2383 973 2495 999 causat

1412 1013 1542 1039 motum
1566 1017 1625 1049 per
1648 1007 1787 1040 modum
1810 1008 1895 1045 finis,
1918 1010 1954 1040 in
1977 1015 2139 1050 quantum
2169 1015 2280 1041 motus
2302 1009 2340 1042 fit
2361 1018 2496 1054 propter

1411 1054 1521 1094 ipsum
1545 1053 1783 1094 acquirendum
1806 1053 1988 1086 secundum
2013 1063 2082 1085 esse
2098 1054 2190 1096 qued
2203 1055 2302 1086 habet
2324 1052 2412 1087 extra
2427 1057 2495 1088 ani-

1411 1107 1516 1129 mam:
1540 1098 1616 1129 licet
1639 1108 1708 1129 esse
1725 1098 1817 1140 quod
1832 1099 1930 1130 habet
1951 1100 1987 1130 in
2009 1099 2118 1130 anima
2132 1100 2174 1131 sit
2196 1099 2343 1131 conditio
2366 1102 2436 1132 eius
2458 1105 2496 1133 'ut

1413 1144 1458 1174 sic
1481 1148 1603 1174 movet.
1635 1143 1826 1175 Secundum
1855 1153 1935 1176 vero
1955 1143 2059 1186 'quod
2087 1145 2186 1176 habet
2215 1146 2289 1176 esse
2317 1146 2351 1176 in
2375 1146 2494 1184 anima,

1412 1194 1524 1220 causat
1545 1192 1675 1219 motum
1691 1198 1750 1230 per
1764 1188 1904 1220 modum
1928 1188 2107 1226 efficientis,
2128 1189 2325 1231 inquantum
2344 1191 2495 1223 voluntas

1412 1233 1526 1265 volens
1548 1232 1650 1265 finem
1666 1233 1813 1265 effective
1829 1239 1940 1266 causat
1954 1239 1987 1266 et
2002 1234 2195 1266 volitionem
2210 1240 2322 1267 motus
2337 1235 2378 1267 ad
2393 1235 2495 1268 finem

1412 1284 1444 1310 et
1467 1279 1577 1320 ipsum
1596 1284 1737 1310 motum.

1468 1324 1595 1355 Dicitur
1617 1323 1774 1361 secundo,
1791 1323 1883 1365 quod
1899 1333 1958 1365 per
1980 1325 2262 1366 comparationem
2285 1324 2326 1356 ad
2348 1325 2422 1357 finis
2437 1325 2494 1358 de-

1411 1368 1577 1406 siderium,
1602 1369 1791 1410 intelligitur
1805 1369 1983 1411 improprie
2007 1369 2132 1401 dictum
2155 1369 2445 1408 Commentatoris,
2461 1376 2495 1403 et

1412 1418 1546 1445 extenso
1566 1414 1740 1447 vocabulo.
1765 1414 1892 1445 Dicitur
1914 1414 2003 1446 enim
2027 1413 2101 1446 finis
2124 1415 2158 1446 in
2181 1415 2300 1452 anima,
2323 1421 2403 1457 puta
2425 1416 2494 1448 bal-

1412 1468 1524 1496 neum,
1548 1458 1675 1490 efficere
1699 1460 1749 1491 sui
1766 1459 1962 1491 desiderium
1978 1458 2167 1497 formaliter,
2191 1460 2284 1502 quod
2299 1466 2348 1492 est
2365 1460 2494 1493 efficere

1411 1505 1600 1545 improprie,
1625 1504 1709 1536 sicut
1731 1504 1870 1535 dicimus
1886 1504 1979 1546 quod
1999 1505 2088 1536 calor
2107 1505 2184 1536 facit
2205 1506 2315 1547 ignem
2339 1505 2492 1544 calidum,

1411 1558 1479 1580 non
1504 1555 1615 1580 autem
1638 1550 1769 1591 proprie
1794 1548 1951 1581 effective.

1468 1594 1519 1625 Ad
1530 1594 1660 1625 tertiam
1672 1599 1762 1635 patet
1773 1603 1812 1625 ex
1828 1594 1922 1626 dictis
1933 1595 1960 1625 ⁹.
1977 1594 2062 1626 Nam
2075 1599 2243 1626 ostensum
2256 1600 2304 1626 est
2315 1595 2408 1637 quod
2421 1604 2492 1627 non

1412 1644 1543 1680 oportet
1559 1639 1655 1670 aliam
1678 1649 1748 1670 esse
1771 1648 1902 1671 causam
1926 1638 2108 1671 effectivam
2131 1638 2382 1681 specificationis
2401 1645 2493 1672 actus

1411 1689 1538 1725 praeter
1560 1685 1664 1725 ipsam
1687 1684 1902 1721 voluntatem,
1920 1690 2005 1726 quae
2020 1690 2130 1716 actum
2153 1684 2377 1726 specificatum
2393 1685 2491 1719 elicit.

1469 1728 1556 1760 Cum
1587 1734 1697 1760 autem
1728 1729 1885 1770 probatur
1910 1730 1988 1771 quia
2014 1735 2094 1761 tunc
2122 1739 2238 1761 omnes
2266 1736 2358 1763 actus
2384 1735 2492 1762 essent

1412 1773 1558 1807 eiusdem
1581 1774 1712 1815 speciei,
1735 1779 1873 1815 negatur
1896 1775 2142 1816 consequentia.
2166 1774 2242 1807 Non
2261 1775 2380 1808 sufficit
2402 1775 2491 1808 enim

1411 1818 1451 1850 ad
1474 1819 1540 1850 hoc
1554 1824 1591 1850 ut
1607 1825 1698 1850 actus
1713 1819 1777 1850 sint
1793 1818 1940 1850 eiusdem
1954 1820 2085 1861 speciei,
2102 1819 2195 1861 quod
2210 1821 2250 1851 ab
2266 1820 2382 1852 eadem
2393 1829 2492 1853 causa

1411 1862 1558 1895 effectiva
1573 1863 1751 1905 specificati
1766 1863 2000 1905 producantur,
2017 1864 2074 1896 sed
2090 1865 2188 1896 etiam
2203 1866 2378 1906 requiritur
2392 1871 2430 1898 ut
2450 1866 2493 1898 sit

1410 1908 1525 1940 eadem
1549 1908 1654 1940 forma
1669 1907 1875 1949 specificans:
1900 1909 1984 1941 sicut
1998 1915 2110 1940 motus
2133 1918 2262 1941 sursum
2281 1915 2314 1942 et
2336 1910 2492 1942 deorsum

1410 1954 1450 1984 ab
1475 1953 1594 1984 eodem
1617 1958 1747 1985 motore
1770 1953 1923 1995 producti
1938 1953 2127 1996 specificati,
2142 1964 2212 1986 non
2228 1955 2377 1988 obstante
2400 1955 2492 1998 quod

1409 1999 1450 2029 ab
1474 1998 1593 2030 eodem
1619 2003 1748 2030 motore
1780 1998 2019 2040 producuntur,
2051 1999 2204 2041 specifice
2237 1999 2490 2042 distinguuntur,

1410 2044 1487 2085 quia
1510 2043 1655 2075 diversos
1678 2043 1800 2075 habent
1821 2044 1990 2081 terminos,
2006 2053 2025 2075 a
2040 2045 2161 2086 quibus
2185 2044 2364 2078 formaliter
2385 2047 2491 2088 speci-

1410 2088 1557 2120 ficantur.
1583 2087 1697 2125 Modo,
1714 2098 1782 2120 non
1798 2089 1950 2120 omnium
1965 2095 2100 2121 actuum
2116 2090 2292 2122 voluntatis
2308 2096 2357 2122 est
2375 2090 2492 2124 eadem

1409 2133 1524 2165 forma.
1550 2132 1628 2165 Ideo
1647 2143 1716 2164 non
1740 2143 1857 2165 omnes
1880 2139 1957 2166 sunt
1979 2134 2127 2166 eiusdem
2145 2135 2277 2177 speciei.
2301 2135 2398 2168 Unde
2419 2137 2491 2178 ipsa

1409 2179 1559 2209 voluntas
1583 2177 1730 2210 effective
1761 2178 1928 2220 specificat
1957 2185 2049 2211 actus
2076 2189 2164 2217 suos,
2196 2181 2272 2222 quia
2303 2181 2394 2223 ipsos
2423 2182 2490 2214 suis

1408 2223 1523 2254 formis
1546 2222 1675 2264 adaptat
1699 2230 1731 2254 et
1754 2230 2008 2262 commensurat,
2033 2225 2155 2256 scilicet
2184 2226 2415 2268 appetibilibus
2441 2226 2490 2259 di-

1409 2269 1524 2300 versis:
1541 2269 1626 2299 sicut
1641 2273 1674 2299 et
1697 2268 1778 2300 dans
1796 2268 1937 2300 formam
1953 2279 1971 2300 a
1987 2278 2052 2311 qua
2068 2279 2118 2300 res
2133 2269 2349 2312 specificatur,
2373 2271 2491 2304 dicitur

1410 2312 1556 2344 effective
1575 2312 1772 2354 specificare.
1797 2314 1908 2356 ipsum
1925 2319 2034 2346 autem
2057 2315 2232 2356 appetibile
2251 2315 2416 2358 specificat
2431 2325 2491 2358 per

1408 2357 1547 2390 modum
1572 2358 1696 2389 formae
1720 2359 1928 2392 extrinsecae.

1465 2403 1516 2434 Aa
1537 2407 1689 2444 quartam
1713 2402 1831 2435 dicitur
1847 2404 1966 2445 primo.
1982 2403 2074 2446 quod
2097 2403 2248 2436 voluntas
2266 2414 2335 2437 non
2357 2406 2407 2447 e'st
2427 2414 2490 2447 po-

1407 2449 1508 2479 tentia
1517 2448 1644 2489 passiva
1655 2454 1805 2489 respectu
1816 2449 1983 2480 volitionis
1998 2448 2082 2486 finis,
2094 2449 2121 2480 si
2136 2450 2313 2491 accipiatur
2323 2451 2489 2492 passivum

1408 2498 1445 2524 ut
1467 2492 1644 2534 respondet
1665 2502 1741 2524 vere
1764 2494 1870 2524 activo
1894 2499 1926 2525 et
1949 2493 2111 2531 efficienti,
2135 2500 2172 2526 ut
2195 2494 2320 2526 dicatur
2342 2496 2489 2537 potentia

1408 2538 1534 2579 passiva
1557 2538 1591 2569 in
1616 2547 1715 2578 quam
1737 2543 1850 2569 natum
1875 2543 1923 2570 est
1942 2539 2109 2570 obiectum
2133 2539 2276 2581 aliquem
2300 2545 2409 2572 actum
2432 2545 2490 2573 ‘aut

1409 2582 1548 2614 formam
1572 2582 1764 2624 producere.
1789 2582 1822 2615 Si
1853 2589 1964 2615 autem
1987 2585 2198 2616 communius
2228 2586 2405 2627 accipiatur
2426 2594 2488 2628 pro

1409 2628 1501 2659 omni
1523 2628 1774 2659 indeterminato
1797 2628 1888 2669 quod
1918 2634 2032 2660 natum
2057 2635 2105 2660 est
2134 2629 2174 2660 ab
2204 2630 2269 2662 alio
2300 2630 2489 2671 quomodo-

1409 2682 1553 2714 cumque
1577 2672 1782 2704 determinari
1806 2679 1838 2704 et
1861 2673 1972 2705 reduci
1996 2674 2029 2704 in
2053 2680 2174 2712 actum,
2199 2675 2244 2707 sic
2271 2681 2319 2707 est
2341 2676 2489 2717 potentia

1409 2718 1548 2760 passiva:
1563 2718 1647 2749 sicut
1663 2718 1690 2749 si
1704 2717 1887 2750 diceremus
1911 2718 2002 2760 quod
2017 2719 2102 2760 ignis
2125 2725 2174 2751 est
2196 2721 2343 2761 potentia
2362 2721 2489 2762 passiva

1409 2768 1558 2804 respectu
1574 2763 1691 2794 caloris
1706 2763 1815 2804 ipsum
1829 2763 2045 2795 informantis.
2066 2764 2108 2796 Et
2123 2766 2169 2796 sic
2185 2764 2335 2806 intelligit
2349 2765 2488 2798 Sanctus

1409 2808 1565 2840 Thomas.
1583 2807 1678 2839 Unde
1700 2808 1808 2845 Ver-it„
1825 2809 1882 2839 ubi
1897 2818 1995 2850 supra
2006 2810 2034 2846 “,
2051 2808 2092 2840 ad
2109 2809 2139 2847 3,
2155 2810 2299 2852 seipsum
2315 2810 2362 2842 sic
2377 2810 2487 2852 expla-

1408 2858 1474 2890 nat,
1491 2852 1602 2884 dicens
1625 2852 1717 2894 quod
1734 2862 1773 2884 ex
1789 2862 1831 2884 eo
1847 2853 1939 2894 quod
1957 2854 2109 2885 voluntas
2125 2860 2173 2886 est
2188 2855 2334 2896 potentia
2349 2856 2486 2896 passiva,

1410 2904 1442 2929 et
1468 2907 1526 2939 per
1549 2907 1756 2939 consequens
1782 2898 1879 2930 habet
1905 2899 2031 2930 moveri
2059 2899 2099 2930 ab
2129 2899 2272 2937 obiecto,
2295 2899 2376 2931 nihil
2398 2899 2487 2932 aliud

1409 2942 1616 2974 concluditur
1642 2943 1704 2974 nisi
1728 2943 1819 2984 quod
1851 2943 2032 2975 intellectus
2062 2949 2170 2976 movet
2198 2945 2397 2976 voluntatem
2423 2955 2488 2987 per

1409 2988 1541 3019 modum
1553 2987 1649 3029 finis,
1666 2987 1744 3029 quia
1765 2987 1885 3019 bonum
1905 2989 2142 3030 apprehensum
2163 2990 2224 3021 isto
2248 2989 2345 3021 modo
2369 2995 2485 3022 movet.

1464 3033 1591 3064 Dicitur
1605 3031 1763 3069 secund0,
1783 3032 1874 3074 quod
1897 3039 1945 3065 est
1960 3033 2092 3074 proprie
2107 3034 2232 3075 passiva
2254 3039 2404 3076 respectu
2426 3043 2486 3066 vo-

1408 3077 1529 3109 litionis
1553 3086 1669 3108 eorum
1684 3086 1770 3118 quae
1785 3083 1862 3109 sunt
1884 3077 2051 3110 adfinem.
2068 3077 2110 3110 Et
2124 3079 2170 3110 sic
2190 3078 2381 3111 conceditur
2395 3077 2487 3120 quod

1409 3121 1555 3153 effective
1578 3127 1730 3154 movetur
1745 3123 1784 3153 ab
1801 3123 1968 3164 appetibili
1991 3128 2148 3164 tanquam
2169 3133 2188 3155 a
2210 3124 2335 3155 ratione
2358 3122 2485 3164 agendi,

1408 3167 1511 3198 modo
1534 3168 1713 3208 superius*
1736 3167 1907 3208 explicato.

1464 3212 1516 3242 Ad
1531 3212 1678 3253 quintam
1694 3211 1811 3244 dicitur
1827 3212 1919 3254 quod
1936 3212 1977 3244 de
1993 3213 2119 3245 ratione
2141 3213 2230 3244 verbi
2252 3221 2322 3244 non
2345 3215 2485 3244 est'cau·

1408 3266 1476 3287 sare
1492 3266 1638 3288 amorem
1651 3266 1709 3298 per
1723 3257 1863 3289 modum
1875 3256 2053 3295 efficientis,
2065 3257 2123 3289 sed
2132 3262 2259 3288 tantum
2274 3265 2332 3298 per
2347 3257 2485 3288 modum

1408 3300 1532 3332 formae
1545 3301 1770 3343 specificantis.
1784 3302 1913 3334 Etcum
1929 3301 2045 3334 dicitur
2056 3300 2148 3343 quod
2162 3301 2196 3332 in
2212 3300 2328 3332 divinis
2340 3301 2486 3334 Verbum

1408 3346 1560 3387 producit
1583 3347 1740 3378 Amorem
1756 3355 1815 3388 per
1828 3346 1967 3378 modum
1983 3345 2160 3382 efficientis,
2177 3345 2294 3377 dicitur
2314 3345 2405 3387 quod
2420 3347 2486 3378 hoc

1408 3400 1477 3422 non
1501 3392 1656 3423 convenit
1679 3392 1739 3423 sibi
1762 3396 1800 3423 ut
1822 3397 1870 3423 est
1892 3391 2039 3428 verbum,
2058 3390 2115 3422 sed
2138 3395 2175 3422 ut
2197 3395 2246 3422 est
2269 3391 2413 3422 Verbum
2437 3391 2485 3423 di-

1409 3445 1532 3467 vinum.

1466 3480 1553 3512 Cum
1569 3486 1679 3512 autem
1695 3481 1841 3517 instatur,
1857 3480 1935 3522 quia
1949 3479 2154 3511 subsistentia
2176 3489 2245 3511 non
2268 3480 2367 3511 variat
2381 3490 2485 3522 genus

1410 3526 1619 3557 causalitatis:
1645 3524 1762 3557 dicitur
1785 3523 1876 3566 quod
1906 3525 1971 3556 hoc
1994 3529 2042 3555 est
2069 3523 2187 3556 falsum
2210 3523 2251 3556 de
2281 3525 2485 3557 subsistentia

1410 3570 1529 3603 divina.
1546 3570 1672 3602 Dicitur
1687 3575 1797 3601 tamen
1812 3567 1904 3610 quod
1918 3569 1984 3600 hoc
1998 3578 2067 3600 non
2084 3574 2132 3600 est
2153 3569 2341 3601 naturaliter
2355 3575 2483 3607 notum,

1410 3615 1532 3646 scilicet
1556 3614 1647 3656 quod
1669 3613 1814 3646 Verbum
1832 3612 1979 3645 divinum
1998 3613 2114 3644 habeat
2135 3613 2272 3645 modum
2291 3614 2484 3646 causalitatis

1411 3659 1588 3696 efficientis,
1619 3658 1676 3691 sed
1702 3663 1830 3690 tantum
1853 3657 1918 3690 fide
1940 3662 2078 3691 tenetur.
2103 3658 2144 3689 Et
2173 3659 2199 3689 si
2228 3664 2415 3699 argueretur
2445 3669 2483 3691 ex

2519 1595 2736 1626 Ἦσαν-κύ·

2514 2816 2524 2826 ·
2539 2815 2577 2839 ef.
2590 2820 2657 2839 nav.

2513 3173 2522 3181 ·
2537 3171 2648 3194 Numan.
