2716 4302
0 949 5 959 ¹
20 947 81 969 Casu
95 953 142 969 om.
158 947 189 969 in.

3 1572 13 1594 5
25 1572 34 1586 r
49 1572 97 1594 mg.
111 1566 155 1587 int.

7 1873 68 1893 Casu
76 1878 124 1894 om.
131 1872 201 1900 quod.

0 2234 34 2256 5v
49 2234 108 2256 2¹30·

8 2691 44 2712 An
55 2690 112 2712 desit
122 2690 198 2712 enirn?

0 2949 82 2972 λιιι.

1 3561 97 3588 5vbo.

13 3828 72 3850 Casu
93 3836 140 3851 oui.

158 3837 181 3850 ι’,ν
186 3833 200 3851 Ι.

249 145 319 182 22*

245 233 375 255 mentator
393 228 460 259 dicit,
483 227 556 261 quod
579 228 644 253 sicut
666 234 759 252 omnes
783 226 882 251 formae
909 229 970 250 sunt
992 224 1018 250 in
1044 224 1160 257 potentia
1182 223 1209 248 in
1232 222 1317 255 prima

245 281 360 313 materia,
379 281 415 306 ita
433 284 494 306 sunt
512 284 570 305 actu
589 279 613 304 in
633 279 717 311 primo
736 282 854 309 motore;
874 282 900 303 et
923 277 996 310 quod
1019 284 1114 303 omnes
1138 283 1181 301 res
1206 279 1268 300 sunt
1291 274 1317 300 in

244 341 276 359 eo
300 333 368 358 sicut
390 330 520 358 artificium
537 330 606 363 apud
634 328 768 356 artificem.
791 329 825 354 Et
844 329 990 354 secundum
1015 327 1085 353 hunc
1110 328 1188 353 etiam
1206 327 1316 352 modum

242 382 387 408 verificatur
400 381 471 415 quod
485 381 556 415 plato
575 380 636 405 dixit
653 380 686 405 de
703 380 792 413 ydeis:
812 387 873 405 nam
888 379 988 405 formae
1002 378 1028 403 in
1041 382 1130 403 mente
1142 376 1247 403 artificis
1266 376 1317 402 exi-

243 438 341 459 stentes
366 437 427 457 sunt
449 432 541 465 ydeae‚
566 431 633 456 idest
656 430 757 456 formae
781 435 851 455 extra
875 437 917 455 res
946 428 1148 455 artificiatorum.
1173 429 1214 453 Sic
1239 427 1317 454 etiam
1341 442 1349 462 5

240 492 332 509 verum
351 488 391 509 est
415 483 560 516 aliqualiter
585 483 657 516 quod
680 481 783 507 boetius
810 481 870 506 dicit
894 481 920 506 in
945 480 1071 514 principio
1095 480 1220 511 arismet„
1244 480 1318 513 quod

240 535 272 560 ad
290 535 423 567 exemplar
445 533 546 559 numeri
570 537 632 558 sunt
655 532 759 558 condita
781 532 911 563 universa,
935 531 996 564 quia
1021 539 1052 556 ex
1075 531 1241 556 multitudine
1265 530 1317 555 for·

239 594 340 612 marum
357 585 546 610 intellectarum
565 591 579 609 a
591 585 648 610 Deo
667 591 753 609 rerum
774 583 870 617 prodiit
881 583 1032 610 multitudo.
1051 583 1067 616 β
1080 583 1137 608 Hiis
1157 584 1236 609 etiam
1255 591 1317 608 con-

238 642 332 662 sonant
349 637 416 661 dicta
434 641 594 661 sanctorum.
612 634 776 668 Augustinus
797 641 912 667 namque
931 634 992 659 dicit
1005 634 1076 667 quod
1091 634 1204 659 verbum
1223 640 1262 659 est
1276 641 1318 659 ars

237 688 316 721 patris
330 687 406 720 plena
424 686 567 712 rationibus
587 693 683 712 rerum.
702 686 847 719 Apostolus
864 686 942 710 etiam
956 685 1017 710 dicit
1029 685 1101 718 quod
1120 685 1209 710 omnia
1221 686 1247 710 in
1260 685 1317 711 Deo
1332 701 1357 715 ,ο

237 742 305 767 sunt,
319 745 356 765 ro.
370 745 406 770 xl,
420 737 493 771 quod
506 737 583 762 etiam
597 737 680 762 iuxta
690 743 760 769 prae
778 736 924 761 secundum
945 735 1075 769 praedicta
1093 736 1200 769 intelligi
1220 741 1316 769 potest.

236 789 264 814 In
277 788 411 822 evangelio
425 788 503 814 etiam
522 788 616 822 legitur
635 789 667 813 io.
681 788 775 821 primo.
794 787 871 818 Quod
891 788 985 813 factum
1001 793 1042 813 est
1060 788 1085 812 in
1104 788 1162 820 ipso
1180 788 1232 813 vita
1253 794 1316 820 erat,

235 840 296 874 quia
315 840 413 865 scilicet
431 848 474 865 res
496 839 579 866 factae
600 848 615 865 a
636 841 691 866 Deo
710 845 772 866 sunt
791 840 816 865 in
836 840 901 870 Deo,
923 848 975 865 non
993 845 1081 866 tamen
1102 840 1152 865 alia
1171 847 1214 865 res
1234 848 1315 873 quarn

235 900 283 918 sua
301 892 422 922 essentia.
447 899 515 925 quae
540 897 580 917 est
603 892 660 917 eius
679 892 739 923 vita,
759 897 786 917 ut
805 899 836 917 ex
855 899 934 924 supra
953 892 1027 916 dictis
1046 896 1125 924 patet.
1145 891 1218 917 Patet
1237 891 1315 917 etiam

234 953 265 971 ex
277 944 326 970 hoc
339 945 411 978 quod
424 952 466 970 res
485 952 657 977 unaquaeque
671 949 741 969 tanto
754 943 866 969 nobilius
879 948 920 968 est
935 944 951 960 ⁴*
969 943 1026 968 Deo
1035 948 1134 977 quanto
1149 943 1262 968 nobilior
1273 948 1314 968 est

234 995 319 1021 divina
332 996 443 1021 essentia
457 1003 537 1029 quam
556 995 668 1020 essentia
681 994 870 1027 cuiuscumque
889 994 948 1020 facti
967 1002 981 1019 a
996 994 1061 1025 Deo,
1076 1002 1137 1020 nam
1149 1002 1192 1020 res
1212 994 1237 1019 in
1257 994 1314 1020 Deo

1331 954 1352 973 ¹5

233 1055 286 1072 non
304 1052 366 1072 sunt
383 1046 452 1071 aliud
466 1053 545 1079 quam
559 1045 644 1070 divina
663 1046 784 1074 essentia.
798 1046 868 1070 unde
884 1050 910 1070 et
928 1046 1064 1070 anselmus
1078 1045 1139 1070 dicit
1158 1046 1230 1079 quod
1242 1053 1314 1071 crea-

233 1103 290 1123 tura
307 1098 333 1122 in
358 1102 472 1122 creatore
491 1101 533 1121 est
556 1096 665 1121 creant-is
691 1096 820 1125 essentia;
846 1096 913 1121 sicut
935 1097 1013 1121 etiam
1033 1104 1076 1121 res
1095 1096 1243 1122 materiales
1265 1104 1312 1122 no-

232 1150 309 1175 bilius
328 1154 389 1174 sunt
412 1149 438 1173 in
457 1148 588 1173 intellectu
608 1153 708 1179 nostro,
733 1149 759 1173 in
785 1156 840 1182 quo
865 1153 928 1174 sunt
950 1149 1164 1179 immaterialiter,
1183 1156 1264 1183 quarn
1286 1149 1311 1174 in

231 1201 333 1234 seipsis,
358 1201 383 1226 in
409 1200 505 1234 quibus
530 1205 591 1225 sunt
610 1200 785 1225 materialiter.
805 1200 881 1225 Unde
901 1205 927 1225 et
945 1201 1018 1233 plato
1037 1200 1126 1234 posuit
1143 1201 1231 1226 verius
1251 1208 1312 1226 esse

230 1252 363 1278 hominem
377 1252 497 1286 ydealem
513 1259 592 1285 quam
607 1251 742 1277 hominem
755 1252 780 1277 in
794 1253 901 1278 materia
914 1253 1077 1283 existentem,
1090 1253 1158 1278 forte
1175 1254 1311 1279 veritatem

230 1311 283 1329 non
301 1303 457 1337 intelligens,
477 1303 499 1328 si
518 1303 606 1336 posuit
625 1310 671 1336 per
689 1310 719 1328 se
736 1303 819 1336 ydeas
839 1303 958 1335 existere,
979 1304 1026 1329 sed
1045 1311 1060 1329 a
1078 1304 1187 1329 veritate
1206 1309 1311 1329 coactus

230 1363 289 1380 eam
312 1363 327 1380 a
350 1356 428 1389 longe
451 1360 569 1388 tangens.
598 1354 724 1386 Quamvis
743 1360 830 1380 autem
855 1362 898 1380 res
925 1353 1096 1390 (materiales)
1117 1355 1232 1382 nobilius
1251 1363 1312 1381 esse

229 1405 343 1432 habeant
361 1407 386 1431 in
406 1406 464 1431 Deo
482 1413 563 1439 quam
585 1411 672 1431 mente
691 1406 776 1431 divina
794 1406 836 1432 vel
855 1405 970 1432 humana
989 1414 1068 1440 quam
1089 1407 1114 1432 in
1134 1407 1238 1440 seipsis,
1258 1415 1311 1432 non

229 1463 318 1484 tamen
336 1466 367 1483 ex
385 1458 435 1483 hoc
458 1458 530 1491 quod
549 1458 575 1483 in
594 1463 682 1483 mente
701 1462 763 1483 sunt
782 1458 903 1483 concludi
922 1462 1009 1491 potest
1023 1466 1053 1483 ea
1072 1466 1132 1484 esse
1151 1458 1311 1492 simpliciter.
1327 1470 1348 1490 εις

230 1511 291 1544 quia
309 1510 343 1536 ibi
363 1518 415 1535 non
433 1509 530 1535 habent
548 1509 684 1542 proprium
704 1517 765 1535 esse
784 1517 848 1535 suae
867 1514 982 1542 naturae,
993 1518 1024 1535 ex
1043 1518 1098 1543 quo
1117 1511 1237 1536 dicuntur
1251 1518 1311 1536 esse

230 1561 388 1595 simpliciter,
414 1561 461 1587 sed
485 1561 619 1595 quoddam
644 1568 703 1586 esse
727 1561 849 1587 nobilius.
872 1558 889 1574 ⁴*
906 1555 936 1599 (§
953 1557 1040 1596 Quia
1070 1568 1148 1589 vero
1179 1559 1309 1600 propria

229 1610 311 1641 ratio
327 1610 423 1641 unius
442 1633 468 1640 ..
485 1634 492 1640 .
509 1610 590 1640 ratio
607 1609 820 1640 diversorum.
838 1609 933 1641 Unde
951 1619 1026 1641 cum
1051 1611 1115 1641 hoc
1131 1611 1171 1641 sit
1194 1620 1310 1642 secun—

230 1661 309 1693 dutn
334 1662 424 1703 quod
447 1662 537 1692 Deus
566 1662 714 1702 intelligit
745 1663 915 1703 proprium
945 1668 1130 1703 respectum
1155 1663 1309 1694 assimila-

230 1713 328 1744 tionis
352 1722 450 1753 quam
474 1713 571 1743 habet
594 1722 812 1753 unaquaeque
837 1719 981 1744 creatura
1006 1713 1046 1744 ad
1069 1714 1189 1754 ipsum,
1214 1715 1309 1745 relin-

231 1765 341 1805 quitur
369 1764 458 1804 quod
484 1768 629 1799 pluralitas
648 1775 693 1792 seu
715 1767 852 1793 distinctio
872 1768 1009 1793 rationum
1037 1766 1177 1795 rationes
1201 1775 1309 1796 rerum

230 1817 263 1847 in
287 1816 452 1848 intellectu
477 1817 589 1848 divino
606 1827 674 1848 non
699 1819 762 1848 sint
786 1817 894 1858 plures
912 1817 962 1848 vel
983 1817 1150 1848 distinctae
1175 1818 1235 1847 nisi
1260 1827 1308 1848 se-

230 1868 375 1899 cundum
392 1869 408 1885 ⁴*
433 1869 522 1899 Deus
546 1870 715 1909 cognoscit
740 1879 789 1900 res
814 1869 959 1910 pluribus
987 1874 1019 1899 et
1042 1868 1174 1899 diversis
1202 1868 1309 1898 modis

230 1930 298 1951 esse
322 1920 540 1951 assimilabiles
563 1921 633 1951 sibi.
659 1921 700 1951 Et
723 1920 904 1951 secundum
921 1921 984 1950 hoc
1002 1942 1010 1949 .
1025 1943 1031 1950 .
1047 1942 1054 1950 .
1071 1921 1104 1950 in
1129 1919 1224 1950 rebus
1241 1929 1308 1950 ma-

228 1971 390 2002 terialibus
415 1971 578 2010 existunt.)
1325 1983 1346 2003 ις

447 2077 537 2111 Quon
560 2077 641 2103 Dans
664 2083 759 2104 omma
782 2084 869 2104 simu.
891 2083 1088 2103 cossmaaar.

365 2136 530 2173 Capitulum
554 2137 716 2173 incoeptum
741 2141 768 2163 et
790 2136 927 2163 deletum.
950 2135 1016 2163 Vid.
1039 2144 1104 2172 cap.
1126 2142 1172 2162 LV.

270 2229 285 2266 5
304 2232 341 2256 Ex
360 2231 400 2257 his
424 2238 511 2257 autem
529 2232 632 2257 ostendi
652 2236 738 2264 potest
761 2232 834 2264 quod
853 2231 934 2261 Deus,
961 2239 1021 2256 cum
1048 2231 1192 2255 multorum
1218 2231 1306 2262 cogni-

225 2282 438 2313 tionem-habeat,
453 2283 538 2315 (non)
558 2282 698 2316 cognoscit
709 2289 742 2308 ea
754 2289 816 2308 succ
836 2282 985 2307 considerat
1004 2289 1035 2307 ea
1055 2281 1223 2314 <successive
1241 2281 1305 2312 sed>

226 2335 314 2360 simul.
335 2326 488 2368 Quaecumq
507 2335 545 2360 Ex
563 2334 612 2360 hoc
632 2335 702 2360 enim
721 2334 847 2368 contingit
860 2334 932 2367 quod
950 2334 1097 2359 intellectus
1117 2339 1206 2359 noster
1225 2333 1306 2358 multa

226 2386 304 2411 simul
314 2393 483 2419 cognoscere,
493 2393 551 2417 con,
563 2385 617 2411 inte
631 2385 796 2411 considerare
806 2392 859 2410 non
869 2389 964 2417 potest,
978 2384 1039 2418 quia
1052 2383 1198 2409 intellectus
1209 2383 1234 2408 in
1247 2388 1305 2408 actu

227 2442 267 2462 est
285 2437 444 2463 intellectum
464 2437 490 2462 in
510 2443 576 2463 actu.
595 2437 662 2463 Nam
681 2437 829 2463 intellectus
848 2436 877 2462 fit
896 2442 954 2462 actu
975 2444 1022 2470 per
1040 2436 1156 2469 speciem
1175 2436 1211 2461 rei
1231 2435 1305 2461 intel-

226 2490 316 2520 lectae,
335 2497 403 2522 quae
422 2495 587 2522 comparatur
606 2489 637 2514 ad
657 2489 817 2514 intellectum
838 2489 906 2513 sicut
931 2488 1015 2514 forma
1038 2489 1071 2513 ad
1095 2488 1240 2518 materiam,
1259 2496 1306 2521 per

225 2547 305 2573 quam
325 2539 353 2565 fit
371 2547 413 2565 res
433 2545 500 2565 actu.
519 2539 577 2565 Non
593 2545 633 2564 est
647 2544 735 2565 autem
754 2523 879 2573 possibile
899 2540 970 2573 quod
990 2539 1059 2564 idem
1072 2540 1107 2564 sit
1125 2539 1204 2565 simul
1223 2539 1306 2564 multa

1321 2502 1343 2522 45

225 2597 283 2616 actu
303 2591 328 2616 in
348 2591 442 2616 eodem
460 2599 564 2624 genere.
583 2591 650 2617 sicut
668 2592 740 2625 quod
761 2592 829 2617 idem
845 2599 943 2625 corpus
962 2591 997 2617 sit
1014 2590 1156 2625 figuratum
1175 2592 1252 2617 simul
1268 2593 1305 2617 di-

224 2643 307 2668 versis
326 2642 425 2676 figuris,
445 2643 485 2668 vel
506 2643 577 2676 quod
596 2643 630 2668 sit
653 2644 800 2668 coloratum
823 2643 902 2668 simul
929 2644 1074 2669 secundum
1100 2644 1170 2669 idem
1196 2644 1305 2669 diversis

225 2694 365 2720 coloribus.
379 2694 484 2727 Species
498 2699 586 2719 autem
600 2694 772 2728 intelligibiles
787 2702 881 2720 omnes
895 2693 978 2729 (sunt)
994 2694 1072 2720 unius
1085 2694 1199 2728 generis,
1212 2695 1279 2720 sicut
1289 2695 1303 2710 ⁶

225 2754 278 2772 non
296 2751 358 2772 sunt
376 2746 519 2771 contrariae
538 2747 719 2772 contrarietate
729 2754 820 2772 eorum
836 2754 949 2780 quorum
963 2752 1025 2772 sunt
1044 2748 1155 2781 species,
1174 2747 1238 2772 elias
1252 2755 1304 2772 non

225 2798 303 2823 simul
319 2798 421 2823 animae
430 2798 534 2824 adesset
547 2799 653 2824 scientia
665 2799 682 2830 †
691 2798 780 2831 ami-0·
793 2799 844 2824 albi
855 2805 880 2824 et
890 2799 964 2831 nigri,
974 2799 1009 2824 ita
1026 2807 1079 2824 non
1094 2804 1156 2824 sunt
1169 2799 1199 2824 dt*
1208 2806 1305 2831 genere

226 2849 372 2875 differentes
391 2857 437 2882 per
456 2849 625 2875 differentiam
645 2857 741 2875 rerum.
757 2850 789 2875 Et
803 2856 911 2884 propter
930 2850 988 2882 hoc,
1009 2851 1115 2883 quando
1134 2851 1218 2877 multa
1238 2859 1303 2885 quo-

226 2908 339 2934 cumque
358 2901 437 2926 modo
451 2906 479 2926 ut
498 2909 579 2926 unum
596 2901 764 2934 accipiuntur,
779 2902 857 2926 simul
871 2902 920 2926 sub
937 2907 1054 2927 nostram
1067 2902 1303 2928 considerationem

225 2952 328 2982 cadunt,
344 2953 358 2968 ¹⁸
378 2952 444 2977 sicut
463 2957 549 2985 partes
573 2952 686 2978 continui
712 2953 737 2977 in
761 2957 818 2977 toto
844 2958 869 2977 et
891 2952 994 2978 termini
1020 2953 1045 2978 in
1069 2953 1257 2986 propositione.
1277 2954 1303 2979 Si

226 3003 302 3036 igitur
320 3004 413 3037 aliquis
436 3004 582 3029 intellectus
606 3009 647 3029 est
669 3004 713 3037 qui
739 3012 790 3029 una
810 3005 896 3037 specie
925 3005 1008 3030 multa
1032 3005 1120 3037 possit
1143 3005 1302 3039 intelligere,
1319 3015 1341 3034 ες

223 3055 336 3088 poterit,
362 3060 515 3088 cognoscat,
543 3055 631 3080 omnia
657 3055 735 3080 simul
762 3055 944 3081 considerabit.
972 3055 1118 3081 Ostensum
1148 3061 1188 3081 cst
1214 3061 1302 3082 autem

225 3107 295 3139 quod
315 3106 385 3132 Deus
399 3114 454 3132 una
466 3113 498 3138 sp
511 3114 558 3140 per
572 3107 711 3132 essentiam
731 3114 816 3138 suam,
837 3114 906 3140 quae
921 3115 971 3132 una
991 3112 1039 3138 est,
1054 3107 1143 3132 omnia
1161 3108 1302 3140 cognoscit.

226 3158 283 3183 Non
302 3158 378 3191 igitur
397 3158 552 3188 successive,
576 3159 623 3183 sed
646 3158 723 3183 simul
748 3166 778 3183 ea
804 3158 959 3184 considerat.
977 3157 1079 3193 §hem-
1106 3159 1253 3184 intellectus
1277 3159 1302 3184 in

226 3214 283 3234 actu
306 3209 419 3242 perfecte
443 3209 572 3242 (speciei)
599 3217 652 3234 non
677 3215 746 3243 estq
769 3210 819 3235 nisi
843 3210 948 3243 quando
971 3215 1029 3235 actu
1053 3211 1214 3236 considerat:
1234 3219 1303 3244 quae

226 3261 295 3285 enim
313 3268 365 3286 non
390 3261 538 3286 considerat
563 3266 606 3285 aut
630 3260 738 3286 omnino
763 3261 870 3294 ignorat,
895 3266 921 3286 et
940 3261 977 3285 sic
1002 3266 1122 3294 respectu
1146 3269 1239 3286 eorum
1262 3267 1302 3287 eet
1316 3271 1344 3290 ει,

226 3315 252 3339 in
270 3313 384 3345 potentia
403 3320 465 3345 pura

228 3416 318 3449 QUOD
333 3423 530 3444 INTELLECTUS
554 3424 671 3444 mvas
693 3424 755 3444 NON
772 3425 823 3445 EST
840 3425 954 3444 Amouo
979 3425 1064 3445 MODO
1088 3425 1117 3444 lN
1139 3424 1297 3444 ΡΟΤΕΝΤΙΑ.

487 3477 651 3513 Capitulum
674 3477 810 3504 deletum.
834 3477 877 3504 Cf.
900 3486 962 3513 cap.
988 3485 1042 3504 [Νι.

1317 3529 1341 3553 ⁶5

273 3571 336 3606 §Ex
355 3572 395 3597 liis
419 3579 506 3598 autem
529 3574 674 3599 ostenditur
702 3574 838 3599 manifeste
861 3575 933 3607 quod
958 3575 1104 3606 intellectus
1124 3575 1227 3599 divinus
1249 3582 1300 3599 non

229 3629 270 3649 est
287 3623 374 3656 aliquo
393 3625 472 3649 modo
486 3625 511 3649 in
531 3626 651 3658 potentia.
672 3625 738 3650 Nam
759 3633 854 3650 sensus
873 3629 899 3650 et
919 3625 1069 3651 intellectus
1087 3626 1233 3651 secundum
1253 3625 1303 3652 hoc

227 3674 296 3704 flunt
314 3672 343 3698 fit
361 3681 454 3699 sensus
473 3673 522 3708 (in)
542 3680 599 3700 actu
620 3676 691 3708 quod
709 3676 798 3701 unitur
816 3676 865 3701 sibi
885 3684 961 3701 suurn
981 3676 1104 3701 sensibile
1123 3684 1170 3709 per
1188 3677 1301 3710 speciem

229 3731 297 3757 quae
316 3731 425 3749 sensum
443 3724 572 3755 informat,
586 3730 611 3750 et
625 3726 743 3751 similiter
756 3731 795 3751 est
809 3726 842 3751 de
855 3727 995 3752 intellectu.
1016 3727 1091 3752 Unde
1110 3732 1213 3760 oportet
1230 3728 1301 3760 quod

230 3775 375 3801 intellectus
394 3775 420 3800 in
442 3783 495 3808 quo
514 3780 554 3800 est
573 3777 640 3800 idem
663 3777 748 3801 modis
771 3777 895 3802 omnibus
919 3778 1063 3803 intellectus
1088 3784 1113 3803 et
1132 3778 1302 3809 intellectum,
1316 3792 1343 3811 7⁰

230 3828 302 3853 nullo
323 3828 402 3852 modo
420 3827 454 3852 sit
472 3827 497 3852 in
516 3828 638 3860 potentia.
656 3827 728 3852 Talis
748 3833 834 3853 autern
849 3829 863 3843 ⁸
884 3829 1029 3853 intellectus
1049 3829 1161 3859 divinus,
1175 3836 1235 3854 cum
1249 3836 1300 3853 non

230 3880 354 3913 intelligat
371 3886 418 3912 per
432 3878 546 3911 speciem
566 3878 641 3903 aliam
657 3878 703 3903 nisi
717 3886 762 3910 per
776 3887 849 3904 suam
865 3881 1015 3905 essentiam.
1036 3880 1125 3905 Restat
1144 3880 1220 3912 igitur
1233 3881 1304 3913 quod

301 3998 335 4022 40
354 3990 391 4015 Ex
407 3989 447 4014 his
467 3989 525 4022 οτι]
547 3989 602 4014 Hoc
622 3989 764 4022 capitulum
784 3989 970 4021 incompletum
990 3997 1020 4014 ex
1040 3990 1168 4015 deletione
1186 3991 1334 4015 restitutum

232 4036 326 4060 deletis·
341 4035 398 4060 vide
420 4035 593 4067 Conspectum
615 4041 639 4066 p.
658 4034 701 4065 4⁸.

1327 1215 1352 1229 ²0

1326 1730 1351 1747 30

1321 2754 1346 2773 50

1215 139 1482 176 APPENDIX

1370 223 1444 248 nullo
1463 223 1544 248 modo
1561 228 1603 249 est
1621 224 1647 249 in
1665 223 1789 256 potentia.
1807 223 1824 257 ς
1839 223 1913 250 Item.
1941 223 2027 250 Omne
2048 224 2116 250 Nihil
2141 227 2212 259 quod
2233 231 2275 252 est
2295 227 2322 252 in
2340 228 2458 261 potentia

1371 274 1402 300 fit
1419 280 1478 301 actu
1496 282 1544 308 per
1556 274 1683 308 seipsum.
1697 275 1723 300 Si
1737 275 1814 308 igitur
1825 274 1973 301 intellectus
1992 275 2095 302 divinus
2105 277 2140 302 sit
2153 277 2180 302 in
2192 279 2309 311 potentia
2326 285 2453 312 quantum

1373 332 1414 353 est
1431 328 1458 353 in
1477 334 1515 359 se,
1534 327 1666 360 oportebit
1685 334 1745 352 esse
1763 326 1861 360 aliquid
1880 327 1949 352 aliud
1968 327 2040 360 quod
2064 327 2154 361 ipsum
2176 329 2209 366 ad
2232 333 2320 355 actum
2338 330 2456 362 reducat,

1372 382 1400 404 et
1417 378 1467 404 hoc
1485 378 1574 404 labori
1592 383 1619 403 et
1636 379 1724 411 ipsum
1743 378 1770 415 in
1789 382 1847 403 actu
1865 382 1961 409 teneat,
1981 383 2008 404 et
2019 378 2070 404 hoc
2084 368 2247 406 laboriosum
2267 385 2308 407 est
2325 381 2454 408 invenire:

1372 434 1506 462 oporteret
1524 429 1594 454 enim
1613 429 1677 454 illud
1696 436 1743 462 per
1762 429 1833 462 quod
1853 429 1879 454 in
1901 433 1988 454 actum
2010 430 2188 462 reduceretur,
2208 438 2269 456 esse
2293 432 2378 465 magle
2396 437 2456 458 actu

1373 487 1399 507 et
1418 489 1465 515 per
1484 488 1651 514 consequens
1670 480 1784 506 nobilius
1803 486 1830 506 et
1848 480 1931 514 prius.
1949 479 2109 516 §Amplius.
2125 482 2274 509 Intellectus
2294 483 2321 509 in
2339 485 2456 517 potentia

1373 534 1505 560 existentis
1525 538 1598 558 actus
1618 537 1659 558 est
1678 540 1725 558 sua
1744 532 1877 565 perfectio,
1893 540 1962 566 quae
1977 538 2018 559 est
2030 541 2063 559 eo
2075 534 2196 560 nobilior.
2216 535 2352 561 intellectu
2366 536 2455 562 autem

1373 585 1461 610 divino
1479 592 1532 610 non
1551 589 1639 617 potest
1657 591 1716 608 esse
1735 583 1833 616 aliquid
1853 583 1976 614 nobilius,
1995 589 2025 610 ut
2049 593 2080 610 ex
2105 585 2290 619 superioribus
2312 585 2454 620 probatum

1372 642 1421 661 est.
1444 635 1503 660 Non
1522 639 1611 669 potest
1638 635 1716 668 igitur
1742 634 1889 660 secundum
1916 641 1993 660 suam
2023 635 2080 661 eius
2106 636 2254 661 intellectus
2282 643 2344 662 esse
2364 636 2455 670 aliquo

1372 687 1452 712 modo
1461 687 1487 712 in
1498 687 1622 720 potentia.
1637 684 1672 721 (ᾗ
1685 686 1831 712 stacten-ea
1850 686 1952 712 Adhuc.
1961 686 2123 712 Intellectum
2138 688 2164 712 in
2174 687 2290 720 potentia
2299 687 2454 714 existentem

1373 738 1499 772 possibile
1518 743 1559 763 est
1577 738 1665 771 aliquo
1684 738 1765 763 modo
1783 738 1892 767 moveri.
1921 745 1981 763 nam
2006 744 2094 764 motus
2120 743 2162 764 est
2180 744 2254 765 actus
2274 739 2408 764 existentis
2427 740 2454 764 in

1372 790 1496 824 potentia.
1515 790 1548 814 Et
1566 789 1616 815 hoc
1635 790 1660 814 in
1679 794 1771 815 nostro
1790 790 1923 816 intellectu
1943 795 2059 824 apparet,
2080 790 2216 817 addiscere
2234 798 2351 826 namque
2369 791 2453 825 quod-

1372 842 1433 867 dam
1452 842 1552 866 moveri
1571 846 1620 866 est.
1640 840 1726 866 Motus
1746 846 1835 866 autem
1853 848 1906 866 non
1925 846 2013 875 potest
2025 849 2085 866 esse
2103 842 2130 867 in
2149 841 2215 873 Deo,
2234 849 2295 868 cum
2313 846 2454 868 ostensum

1371 894 1405 919 sit
1423 894 1511 926 ipsum
1530 900 1590 918 esse
1608 892 1718 918 omnino
1737 893 1910 919 immobilem.
1936 893 2016 918 Nullo
2034 893 2112 927 igitur
2130 893 2211 919 modo
2229 894 2376 920 intellectus
2395 895 2457 920 eius

1370 949 1410 970 est
1423 944 1450 969 in
1462 944 1602 977 potentia.)
1618 943 1634 977 ἕ
1645 943 1792 970 Praeterea.
1804 944 1954 970 intellectus
1966 949 2058 970 noster
2067 944 2129 978 quia
2142 949 2183 970 est
2197 944 2223 969 in
2235 945 2360 978 potentia,
2373 952 2453 971 suum

1369 997 1512 1031 intelligere
1531 1003 1572 1023 est
1590 998 1706 1031 quodam
1720 998 1801 1023 modo
1813 997 1865 1030 pati
1886 998 1995 1031 <recipit
2013 997 2084 1023 enim
2102 997 2226 1030 aliquid.)
2254 996 2347 1022 Passio
2364 1002 2452 1023 autem

1370 1057 1540 1083 quocumque
1555 1050 1635 1075 modo
1648 1054 1754 1083 accepta
1773 1050 1851 1082 longe
1864 1054 1906 1075 est
1924 1057 1939 1074 a
1952 1049 2018 1081 Deo,
2031 1057 2094 1075 nam
2109 1057 2217 1083 semper
2229 1057 2310 1083 agens
2329 1049 2356 1074 in
2368 1057 2452 1083 quan-

1368 1106 1425 1127 tum
1444 1101 1597 1127 huiusmodi
1620 1102 1766 1135 praeminet
1789 1101 1903 1134 patienti.
1929 1101 2008 1127 Nullo
2033 1101 2112 1135 igitur
2135 1101 2216 1126 modo
2241 1101 2390 1127 intellectus
2413 1101 2452 1127 di-

1367 1154 1443 1178 vinus
1457 1158 1498 1178 est
1511 1153 1536 1178 in
1549 1152 1673 1186 potentia.
1692 1152 1708 1186 ξ
1721 1153 1796 1178 Item.
1809 1152 1956 1186 intelligere
1969 1152 2086 1178 divinum
2099 1158 2140 1178 est
2153 1160 2231 1178 suum
2247 1159 2316 1183 esse,
2329 1157 2358 1178 ut
2372 1159 2453 1186 supra

1367 1206 1508 1239 probatum
1528 1211 1578 1232 est.
1596 1206 1624 1231 ln
1644 1213 1705 1231 esse
1725 1210 1813 1230 autem
1833 1206 1890 1234 eius
1908 1213 1962 1230 non
1982 1210 2024 1230 est
2037 1205 2124 1239 aliqua
2142 1205 2266 1239 potentia,
2285 1209 2315 1230 ut
2332 1205 2412 1230 etiam
2426 1204 2452 1230 in'

1367 1257 1549 1290 superioribus
1569 1262 1609 1282 est
1627 1261 1776 1283 ostensum.
1794 1256 1873 1282 Nullo
1892 1256 1970 1290 igitur
1982 1257 2063 1282 modo
2081 1256 2230 1282 intellectus
2249 1255 2353 1282 divinus
2371 1257 2450 1282 estin

1366 1309 1490 1341 potentia.
1510 1307 1525 1341 ἕ
1545 1308 1612 1333 Hinc
1631 1313 1672 1333 est
1690 1309 1762 1342 quod
1781 1308 1824 1334 iob
1852 1309 1928 1332 XXV!
1953 1307 2056 1334 dicitur
2077 1307 2128 1333 em·
2145 1307 2200 1333 ded
2218 1300 2347 1341 scriptura
2366 1306 2452 1333 divina

1367 1365 1477 1385 testatur
1495 1360 1580 1385 Deum
1600 1367 1614 1384 a
1633 1360 1707 1385 nullo
1726 1360 1860 1386 scientiam
1880 1360 1998 1393 accipere
2017 1359 2059 1385 vel
2078 1359 2304 1393 qualemcumque
2324 1358 2451 1392 cognitio-

1368 1419 1443 1437 nem:
1462 1412 1554 1437 dicitur
1573 1413 1643 1437 enim
1663 1411 1705 1438 iob
1724 1419 1792 1442 xxv-1,
1811 1411 1859 1437 Cui
1878 1411 1972 1437 dedisti
1991 1411 2141 1440 consilium,
2154 1410 2264 1437 forsitan
2291 1411 2315 1436 ei
2333 1410 2380 1445 qui
2398 1417 2453 1437 non

1368 1463 1447 1489 habet
1464 1463 1682 1497 intelligentiam?
1702 1463 1735 1489 Et
1752 1471 1794 1497 ys.
1806 1471 1847 1493 xi..
1863 1462 1928 1493 Quis
1948 1462 2046 1488 adiuvit
2065 1461 2187 1495 spiritum
2206 1462 2314 1492 domini.
2326 1466 2372 1488 aut
2390 1461 2454 1496 quis

1368 1515 1530 1542 consiliarius
1549 1516 1605 1541 eius
1624 1515 1672 1541 fuit
1689 1520 1715 1541 et
1732 1520 1783 1541 ost.
1802 1514 1854 1540 illi?
1875 1514 1943 1540 Cum
1965 1522 2020 1548 quo
2043 1513 2101 1539 iniit
2124 1513 2265 1540 concilim
2284 1517 2311 1539 et
2328 1512 2451 1539 instruxit

1365 1575 1427 1593 eum
1446 1573 1472 1593 et
1491 1567 1580 1593 docuit
1597 1575 1658 1592 eum
1678 1566 1750 1592 viam
1770 1567 1892 1592 semitam
1911 1565 2032 1604 iustitiae,
2051 1571 2077 1591 et
2094 1564 2206 1591 erudivit
2223 1571 2285 1591 eum
2304 1563 2451 1596 scientiam,

1367 1622 1393 1643 et
1410 1618 1479 1643 viam
1499 1618 1652 1651 prudentiae
1673 1617 1788 1642 ostendit
1806 1615 1860 1642 illi?

1407 1719 1498 1754 QUOD
1520 1726 1667 1746 coousrto
1689 1725 1783 1746 DlVlNl
1806 1725 2005 1746 {NTELLECTUS
2021 1722 2119 1746 sunto
2134 1724 2222 1744 MODO
2245 1723 2408 1745 vntua'rtm.

1369 1780 1438 1818 Cap.
1463 1789 1561 1818 marg.
1589 1780 1731 1808 insertum
1754 1785 1782 1806 et
1803 1779 1941 1807 deletum.
1965 1795 1985 1800 -
2010 1778 2054 1807 ef.
2077 1787 2101 1807 c.
2125 1786 2182 1806 xmr
2203 1776 2263 1810 fin..
2291 1777 2343 1814 ¹7*
2365 1786 2383 1805 a
2399 1776 2446 1807 28.

1411 1872 1439 1910 (9
1454 1873 1511 1898 Hoc
1530 1877 1618 1898 autem
1637 1878 1755 1903 ostenso,
1774 1871 1943 1897 manifestum
1959 1876 1999 1896 est
2012 1871 2084 1904 quod
2098 1870 2126 1896 ίκ
2144 1870 2299 1904 cognitione
2313 1868 2448 1904 {cognitio}

1364 1924 1442 1950 divini
1466 1924 1615 1950 intellectus
1640 1924 1713 1949 nullo
1742 1924 1822 1949 modo
1849 1927 1967 1949 mutamr
1995 1929 2081 1956 neque
2108 1923 2230 1948 variatur.
2255 1921 2352 1948 Omnis
2377 1921 2452 1947 enlm·

1365 1980 1453 2001 motus
1479 1980 1505 2001 et
1528 1975 1638 2001 mutatio
1661 1980 1710 2000 est·
1731 1975 1840 2000 alicuius
1864 1975 1890 2000 in
1914 1973 2030 2008 potentia
2055 1962 2197 1999 existenti-s.
2215 1972 2244 1999 Si
2262 1972 2341 2006 igitur
2363 1971 2390 1998 in
2408 1971 2448 1998 in-

1363 2028 1472 2053 tellectu
1491 2027 1577 2053 divino
1597 2027 1669 2052 nulla
1688 2032 1728 2052 est
1746 2025 1930 2059 potentialius,
1949 2023 1978 2050 fit
1999 2024 2168 2050 manifestum
2187 2023 2261 2058 quod
2278 2024 2306 2050 in
2324 2031 2358 2050 eo
2375 2023 2449 2051 nulh

1363 2083 1452 2112 potest
1477 2085 1536 2103 esse
1561 2078 1680 2103 variatio
1705 2077 1823 2102 mutatio.
1851 2074 1866 2112 5
1886 2075 1988 2102 Adhuc.
2013 2076 2164 2102 Secundum
2189 2075 2292 2101 nullum
2315 2073 2448 2108 praediea·

1363 2135 1482 2156 mentum
1507 2129 1536 2155 sit
1565 2130 1653 2163 aliqua
1677 2130 1785 2155 varian'o
1808 2136 1839 2154 ex
1864 2119 1922 2154 sola
1941 2127 2050 2154 alicuius
2075 2127 2210 2153 exterioris
2235 2127 2380 2152 mutatione
2397 2125 2447 2153 niel

1364 2182 1509 2208 secundum
1529 2182 1561 2207 ad
1581 2181 1692 2214 aliquid:
1711 2179 1740 2206 fit
1762 2180 1832 2206 enim
1852 2180 1946 2214 aliquis
1965 2179 2041 2205 alicui
2066 2179 2157 2205 dexter
2180 2179 2226 2213 qui
2245 2177 2320 2212 prius
2338 2182 2394 2204 erat
2411 2177 2447 2203 si·

1363 2233 1451 2263 nister,
1470 2240 1517 2265 per
1535 2236 1639 2257 motum
1663 2232 1720 2257 eius
1745 2236 1867 2264 respectu
1887 2230 1961 2256 cuius
1981 2230 2074 2256 dicitur
2092 2229 2182 2255 denter
2198 2229 2241 2255 vel
2260 2228 2366 2255 sinister
2382 2230 2412 2254 et
2427 2234 2446 2254 n

1362 2283 1440 2308 etiam
1463 2283 1564 2316 absque
1587 2287 1660 2308 motu
1679 2281 1730 2308 sui.
1750 2282 1863 2307 Scientia
1881 2286 1969 2306 autem
1988 2285 2015 2307 et
2032 2280 2208 2306 consideratio
2225 2279 2373 2306 intellectu·
2391 2285 2447 2305 nen

1361 2335 1484 2361 consistit
1503 2335 1650 2360 consistunt
1668 2335 1694 2359 in
1713 2334 1770 2360 sola
1789 2333 1916 2359 relatione
1937 2332 2045 2358 scientis
2064 2332 2096 2358 ad
2115 2331 2215 2364 scibile,
2233 2331 2282 2357 sed
2302 2330 2448 2364 important

1362 2387 1477 2420 aliquam
1496 2385 1698 2419 dispositionem
1723 2385 1877 2416 existentem
1896 2384 1922 2409 in
1942 2383 2054 2409 sciente:
2074 2383 2145 2409 unde
2162 2387 2189 2409 et
2207 2382 2315 2408 scientia
2333 2381 2445 2416 qualine

1361 2438 1491 2471 quaedam
1511 2437 1659 2464 intellectus
1679 2436 1760 2462 nostri
1779 2440 1829 2467 est,
1842 2435 2015 2461 consideratio
2029 2440 2117 2460 autem
2137 2439 2212 2460 actus
2224 2434 2292 2460 eius.
2309 2432 2368 2458 Non
2386 2436 2446 2466 pots

1361 2496 1402 2516 est
1420 2490 1498 2524 igitur
1516 2490 1606 2524 aliqua
1623 2489 1731 2514 variatio
1750 2489 1867 2515 accidere
1885 2488 1954 2514 circa
1972 2494 2022 2514 con
2042 2487 2179 2512 scientiam
2197 2486 2239 2512 vel
2258 2484 2446 2512 consideratio·

1361 2550 1423 2568 nem
1449 2542 1556 2567 alicuius
1581 2541 1687 2567 scientis
1716 2540 1818 2574 absque
1845 2540 1990 2566 mutatione
2019 2538 2125 2572 aliquali
2144 2538 2236 2572 ipsius.
2260 2537 2333 2563 Deus
2355 2541 2444 2563 auten

1363 2598 1404 2619 est
1422 2593 1531 2619 omnino
1553 2592 1705 2622 immobilis,
1731 2592 1798 2617 sicut
1823 2598 1902 2624 supra
1920 2595 2059 2616 ostensum
2078 2595 2128 2615 est.
2147 2589 2225 2615 Nulla
2242 2588 2320 2623 igitur
2337 2587 2446 2614 nri-no

1360 2645 1386 2670 in
1405 2645 1463 2670 eius
1475 2644 1625 2677 cognitione
1638 2643 1755 2668 accidere
1770 2647 1867 2676 potest.
1885 2641 1955 2667 Nihil
1967 2646 2056 2667 tamen
2070 2639 2193 2674 prohibet
2210 2639 2274 2673 quin
2292 2638 2360 2665 cire·
2377 2639 2446 2665 rele-

1359 2698 1458 2722 tionem
1477 2703 1546 2729 quae
1565 2701 1606 2720 est
1624 2694 1747 2720 scientiae
1766 2694 1868 2719 divinae
1890 2694 1923 2719 ad
1946 2700 1989 2718 res
2014 2693 2094 2718 scitas
2117 2691 2204 2726 aliqua
2226 2691 2339 2717 varietas
2361 2694 2445 2716 anen-

1361 2748 1437 2774 datur
1459 2755 1506 2781 per
1525 2746 1697 2772 mutationem
1717 2753 1805 2771 rerum
1825 2745 1958 2774 scitarum.
1977 2749 2007 2770 ut
2025 2743 2047 2770 si
2067 2744 2167 2770 dicatur
2185 2743 2257 2777 quod
2276 2742 2350 2768 Deus
2368 2748 2444 2776 prae·

1361 2799 1435 2826 scivit
1454 2799 1584 2833 quaedam
1603 2805 1673 2832 quae
1692 2805 1762 2823 nunc
1781 2805 1834 2822 non
1852 2797 1974 2831 praescit,
1993 2796 2056 2829 quia
2079 2803 2122 2822 res
2147 2795 2208 2821 illae
2232 2794 2366 2820 desierunt
2381 2799 2444 2821 eaeo

1359 2852 1472 2878 futurae.
1501 2851 1515 2866 ⁸
1535 2848 1550 2885 5
1569 2850 1699 2883 Amplius.
1727 2849 1851 2875 Divinum
1877 2849 2021 2882 intelligere
2045 2853 2086 2873 est
2112 2855 2192 2873 suum
2216 2854 2286 2879 esse,
2309 2850 2340 2872 ut
2362 2853 2445 2880 supra

1359 2906 1499 2927 ostensum
1523 2906 1574 2927 est.
1598 2900 1625 2926 ln
1650 2907 1710 2926 esse
1733 2905 1821 2925 autem
1841 2907 1891 2925 suo
1912 2899 2083 2925 variationem
2106 2906 2160 2924 non
2182 2898 2288 2932 patitur.
2310 2901 2341 2923 ut
2362 2903 2444 2930 supra

1359 2958 1496 2979 ostensum
1525 2957 1573 2978 est.
1602 2951 1768 2985 Relinquitur
1791 2950 1870 2984 igitur
1892 2951 1964 2984 quod
1990 2957 2038 2976 nec
2063 2950 2089 2975 in
2114 2957 2163 2975 sua
2186 2948 2342 2982 cognitione.
2366 2945 2383 2983 5
2403 2947 2443 2974 Co

1359 3006 1433 3031 ltem.
1453 3004 1574 3039 Cognitio
1593 3004 1699 3030 scientis
1719 3003 1837 3037 sequitur
1856 3002 1968 3028 formam
1987 3001 2178 3035 intelligibilem
2201 3007 2249 3034 per
2264 3006 2348 3034 quam
2366 2999 2442 3026 intel·

1358 3058 1441 3083 lectus
1460 3056 1587 3089 intelligit.
1607 3057 1653 3082 llla
1671 3055 1749 3090 igitur
1766 3055 1885 3080 similiter
1907 3061 1938 3079 se
1957 3053 2077 3083 habente,
2096 3052 2211 3086 cognitio
2232 3051 2379 3077 intellectus
2397 3057 2443 3076 va·

1357 3109 1416 3134 riari
1442 3117 1494 3134 non
1518 3112 1613 3141 potest,
1643 3107 1692 3133 nisi
1714 3106 1782 3132 forte
1806 3113 1854 3140 per
1877 3106 2012 3135 accidens.
2037 3105 2079 3131 ve!
2106 3105 2174 3130 sicut
2198 3104 2224 3130 in
2249 3102 2326 3129 nobis
2351 3101 2444 3129 accidit

1358 3160 1535 3194 cognitionem
1549 3159 1732 3185 intellectivam
1745 3157 1865 3191 impediri
1878 3162 1986 3190 propter
2004 3159 2050 3182 tra
2067 3155 2261 3189 corruptionem
2280 3159 2440 3194 organorum

1358 3211 1570 3244 praecedentium
1598 3209 1782 3244 potentiarum,
1811 3213 1840 3234 ut
1867 3206 2058 3242 imaginationis
2076 3206 2119 3231 vel
2147 3205 2300 3235 memoriae,
2322 3210 2392 3238 quoe
2413 3202 2440 3229 in

1358 3263 1414 3289 Deo
1427 3271 1480 3288 non
1493 3267 1563 3293 sunt,
1575 3263 1618 3287 vel
1631 3262 1709 3288 etiam
1724 3267 1832 3295 propter
1845 3259 2090 3286 transmutationem
2105 3266 2192 3284 rerum
2211 3264 2251 3283 ex
2268 3255 2439 3290 cognitum·

1357 3321 1389 3340 ex
1409 3322 1461 3347 qua
1480 3314 1606 3346 contingit
1624 3313 1696 3346 quod
1715 3313 1807 3338 eadem
1821 3311 1909 3345 opinio
1924 3311 1997 3344 prius
2010 3309 2043 3335 sit
2056 3317 2119 3336 vera
2137 3313 2164 3335 et
2175 3307 2346 3342 postmodum
2365 3305 2439 3337 falsa,

1357 3367 1429 3399 quod
1447 3367 1525 3392 etiam
1544 3366 1570 3391 in
1591 3366 1647 3391 Deo
1666 3364 1715 3390 dici
1735 3372 1787 3390 non
1807 3368 1902 3397 potest.
1922 3363 1984 3396 quin
2006 3369 2054 3388 sua
2073 3360 2181 3387 scientia
2203 3367 2258 3385 non
2277 3358 2407 3392 dependet
2425 3365 2439 3383 a

1358 3418 1437 3444 rebus
1457 3424 1486 3444 ut
1504 3422 1603 3443 nostra.
1622 3417 1691 3442 Cum
1706 3416 1783 3449 igitur
1796 3415 1821 3440 id
1836 3422 1890 3448 quo
1904 3414 1975 3439 Deus
1995 3412 2113 3444 intelligit
2123 3411 2157 3437 sit
2169 3418 2217 3436 sua
2236 3410 2357 3441 essentia,
2371 3417 2440 3444 quae

1358 3475 1398 3495 est
1417 3470 1526 3495 omnino
1547 3468 1714 3497 invariabilis,
1727 3472 1756 3492 ut
1768 3471 1907 3492 ostensum
1921 3470 1970 3495 est.
1984 3463 2142 3496 relinquitur
2154 3462 2227 3496 quod
2246 3461 2273 3487 in
2292 3461 2440 3495 cognitione

1359 3521 1405 3546 Dei
1425 3521 1495 3546 nulla
1513 3519 1598 3553 possit
1616 3526 1677 3545 esse
1695 3518 1811 3543 variatio.
1831 3515 1874 3551 *ἓ
1894 3516 2040 3541 Praeterea.
2067 3513 2185 3539 Omnem
2209 3517 2313 3538 motum
2334 3516 2441 3546 oportet

1358 3572 1447 3598 reduci
1467 3572 1499 3597 ad
1518 3571 1624 3604 aliquod
1645 3570 1758 3604 primum
1777 3569 1886 3594 omnino
1905 3565 2050 3595 immobile,
2070 3571 2098 3591 ut
2116 3573 2147 3590 ex
2167 3572 2247 3598 supra
2266 3564 2340 3590 dietis
2359 3568 2438 3597 petet.

1361 3624 1416 3650 Sed
1434 3623 1552 3649 Primum
1566 3628 1654 3648 autem
1674 3627 1784 3647 movens
1803 3623 1894 3645 movet
1911 3625 1958 3651 per
1970 3624 2048 3642 suum
2068 3616 2239 3646 intellectum.
2252 3621 2282 3642 ut
2299 3622 2381 3649 supra
2397 3620 2439 3641 est

1358 3680 1506 3699 ostensum.
1525 3673 1637 3705 Oportet
1655 3679 1718 3705 ergo
1737 3670 1913 3702 cognitionem
1931 3667 2007 3701 primi
2027 3667 2158 3693 moventis
2179 3667 2289 3693 omnino
2310 3673 2371 3692 esse
2389 3666 2438 3691 im-

1358 3726 1493 3751 mobilem.
1512 3724 1597 3760 §Hoe
1615 3729 1703 3749 autem
1727 3729 1816 3747 sacrae
1837 3721 1981 3753 scripturae
2006 3719 2146 3744 auctoritas
2170 3717 2315 3744 confirmat.
2341 3716 2440 3743 Dicitur

1358 3778 1429 3803 enim
1448 3785 1504 3810 sap.
1528 3784 1565 3802 vu
1593 3776 1626 3801 de
1654 3774 1741 3800 divina
1767 3772 1893 3806 sapientia
1921 3771 1992 3805 quod
2012 3776 2053 3796 est
2072 3771 2097 3796 in
2121 3770 2165 3796 illa
2192 3770 2299 3804 spiritus
2323 3769 2436 3800 subissu

1358 3834 1383 3854 et
1396 3826 1449 3854 eccl
1467 3834 1528 3858 xm,
1547 3825 1675 3861 Magnalia
1691 3823 1834 3858 sapientiae
1848 3830 1911 3847 suae
1931 3821 2070 3852 decoravit,
2087 3828 2155 3855 quae
2168 3826 2210 3847 est
2223 3825 2283 3846 ante
2301 3820 2436 3846 saeculum

1360 3884 1386 3905 et
1404 3886 1490 3912 usque
1509 3879 1535 3904 in
1554 3877 1697 3906 saeculum.
1717 3882 1803 3908 neque
1822 3874 1951 3899 adiectum
1970 3878 2010 3899 est
2030 3880 2116 3906 neque
2135 3870 2282 3907 minuitur.)

1354 3990 1447 4015 iterum
1468 3990 1494 4015 S.
1513 3988 1631 4014 Thomas
1651 3987 1754 4012 delevit.
1776 3985 1813 4010 De
1831 3986 1889 4018 ipso
1909 3990 1933 4010 et
1953 3985 1985 4010 de
2000 3984 2105 4009 duobus
2125 3983 2298 4017 sequentibus
2317 3981 2435 4015 capitulis

2477 1879 2523 1902 ιςν
2537 1879 2551 1896 a
2565 1878 2616 1902 nu.
2633 1873 2682 1896 inf.

2470 2849 2506 2872 lb.
2521 2850 2536 2872 b
2553 2855 2594 2879 nt.
2607 2849 2650 2873 hs.

2468 3518 2515 3541 =6r
2531 3524 2543 3540 ι
2557 3517 2660 3548 nmini·
2697 3499 2709 3536 η’.
