2768 4134
33 559 44 570 ·
58 558 116 587 cap.
131 564 207 586 praec.

32 777 43 788 ·
57 775 115 804 enp.
129 781 218 798 xxxvii.

31 991 42 1002 ·
55 988 115 1012 ibid.

0 1147 2 1155 '
29 1150 41 1162 ⁶
54 1149 114 1179 esp.
127 1156 210 1173 xxviii.

26 1807 241 1859 taenea*-

832 263 1021 300 SUMMA
1051 265 1272 304 CONTRA
1301 267 1577 315 GENTILES,
1607 269 1720 307 CAP.
1741 271 1914 309 XXXIX.
2407 277 2478 313 115

277 349 401 379 steret.
432 342 554 390 Quod
582 350 639 379 est
666 341 920 391 impossibile:
951 355 1043 380 curn
1079 344 1125 381 sit
1159 353 1349 392 aeternus,
1406 348 1515 396 quod
1535 356 1592 385 est
1611 348 1795 386 deficiens
1823 350 1872 386 ab
1901 358 2001 388 actu.
2032 352 2135 400 Ergo
2154 354 2304 390 malum
2323 356 2385 392 vel
2403 354 2479 404 pri-

275 403 466 453 utsupra
483 395 504 417 ’¹‘
531 403 732 442 ostensum
762 402 829 456 est.
1405 400 1510 438 vatio
1548 407 1614 447 est,
1643 403 1704 438 vel
1742 402 2001 451 privationem
2039 404 2209 443 includit.
2250 406 2479 446 privationis

299 501 307 509 .
329 449 483 509 Adhuc.
515 449 619 487 Cum
646 449 755 509 Deus
783 455 830 485 511
858 461 976 487 51111111
997 462 1092 496 0550,
1113 451 1210 488 nihil
1236 452 1351 502 parti-
1406 453 1538 491 autem
1573 453 1790 492 subiectum
1826 463 1882 492 est
1915 457 2096 506 potentia.
2117 455 2251 499 vHaec
2273 468 2405 499 autem
2438 461 2479 499 in

275 510 439 552 cipative
467 503 516 540 de
544 502 630 552 ipso
649 502 734 541 'dici
761 509 898 551 potest,
929 511 971 540 ut
997 512 1101 555 patet
1129 517 1176 542 ex
1203 505 1351 543 ratione
1405 507 1491 544 Deo
1520 519 1603 544 esse
1632 519 1713 545 non
1740 515 1865 557 potest
1879 508 1910 546 ²¹⁸.
1940 510 2055 558 Igitur
2082 523 2154 549 nec
2181 514 2342 551 malum.

276 568 394 605 supra
408 555 428 578 ’¹‘
451 554 621 593 inducta.
652 554 693 593 Si
707 554 825 604 <igitur
843 558 993 594 malum
1012 558 1060 595 de
1079 558 1165 608 ipso
1189 559 1349 606 dicatur,
1373 577 1382 597 ς
1460 560 1673 597 Praeterea.
1696 560 1737 598 Si
1755 561 1908 599 bonum
1927 571 1982 599 est
2002 565 2102 613 quod
2114 567 2161 602 ab
2176 569 2347 604 omnibus
2365 581 2477 618 appe-

275 621 357 647 non
393 609 543 646 dicetur
578 608 854 658 participative,
884 611 952 647 sed
989 611 1247 650 essentialiter.
1287 612 1351 650 Sic
1405 614 1494 649 titur
1510 612 1542 659 ³¹⁶,
1572 613 1685 660 igitur
1712 615 1861 651 malum
1890 628 2150 666 unaquaeque
2178 627 2315 657 natura
2342 622 2478 671 refugit

274 670 407 700 autem
435 663 586 700 malum
614 662 663 699 de
692 664 800 700 nullo
819 663 894 700 dici
913 672 1038 714 potest
1056 665 1164 702 ursit
1187 666 1351 703 essentia
1405 665 1639 715 inquantum
1668 666 1906 705 huiusmodi.
1937 670 2058 716 Quod
2086 678 2216 708 autem
2240 672 2337 710 inest
2364 675 2477 713 alicui

274 715 451 754 alicuius:
478 715 513 752 ei
529 714 643 761 ‚enim
663 728 746 753 esse
766 716 959 765 deficeret,
980 719 1261 768 quodssbonum
1281 726 1349 766 est,
1405 726 1540 756 contra
1568 727 1722 756 motum
1750 721 1932 758 naturalis
1961 723 2163 772 appetitus,
2183 733 2239 762 est
2261 726 2477 766 violentum

274 777 318 808 ut
344 777 547 807 ostensum
575 776 632 806 est
649 769 686 816 *3
715 769 756 807 in
783 770 928 808 malitia
955 779 1088 810 autem
1115 783 1198 810 non
1224 774 1361 822 potest‘
1406 779 1442 809 et
1469 780 1621 822 praeter
1648 781 1839 811 naturam.
1869 775 2018 813 Malum
2044 776 2157 824 igitur
2175 777 2215 815 in
2234 791 2476 830 unoquoque

274 835 358 861 esse
385 822 532 873 aliquid
560 831 789 861 extraneum
816 824 1046 871 admixtum,
1075 824 1174 862 sicut
1205 837 1279 862 nec
1310 825 1350 863 in
1366 842 1391 856 ιο
1405 833 1462 862 est
1475 825 1692 864 violentum
1711 834 1749 864 et
1766 835 1918 877 praeter
1936 837 2115 867 naturam
2131 833 2350 870 secundum
2369 835 2477 883 quod

273 875 457 914 bonitate.
487 877 639 914 Malum
667 876 781 926 igitur
808 877 972 915 deDeo
995 877 1076 915 dici
1104 890 1187 915 non
1211 886 1348 927 potest.
1406 887 1461 916 est
1475 879 1510 916 ei
1525 881 1685 917 malum:
1703 881 1772 917 etsi
1786 881 1907 930 possit
1923 881 1958 918 ei
1973 894 2055 919 esse
2071 886 2244 922 naturale
2258 887 2474 924 secundum

314 931 435 968 ⁷Item.
455 931 609 968 Malum
628 931 736 968 bono
755 930 982 980 oppositum
997 939 1064 968 est.
1085 930 1199 968 Ratio
1218 939 1350 969 autem
1404 932 1550 981 aliquid
1565 933 1648 970 eius
1663 933 1703 970 in
1718 934 1835 971 rebus
1849 935 2085 984 compositis.
2102 937 2210 974 Deus
2225 946 2355 976 autem
2370 952 2476 977 com—

272 983 367 1021 boni
386 984 425 1021 in
445 984 680 1034 perfectione
699 983 871 1022 consistit
883 983 915 1021 *.
946 985 1050 1033 Ergo
1074 984 1171 1021 ratio
1195 985 1286 1022 mali
1309 985 1349 1023 in
1404 986 1553 1035 positus
1572 999 1654 1024 non
1673 995 1740 1033 est,
1759 991 1834 1025 'nec
1853 988 1998 1038 aliquid
2018 1001 2101 1026 esse
2121 998 2246 1039 potest
2264 991 2303 1029 in
2327 1005 2375 1030 eo
2393 993 2476 1030 vio-

272 1037 575 1087 imperfectione.
604 1038 786 1075 Defectus
814 1044 946 1074 autem
965 1038 1028 1075 vel
1050 1037 1289 1087 imperfectio
1310 1038 1349 1076 in
1404 1040 1553 1077 lentum
1581 1041 1643 1078 vel
1671 1049 1822 1090 praeter
1849 1050 2041 1090 naturam,
2071 1051 2113 1080 ut
2141 1034 2340 1083 ostensum
2370 1054 2426 1084 est
2443 1047 2474 1085 ³¹².

272 1091 370 1139 Deo,
405 1091 473 1142 qui
510 1099 567 1129 est
603 1089 871 1128 universaliter
907 1091 1111 1140 perfectus,
1147 1103 1231 1129 esse
1267 1104 1349 1130 non
1365 1109 1388 1129 ις
1404 1093 1555 1130 Malum
1583 1093 1697 1142 igitur
1723 1093 1763 1131 in
1792 1095 1877 1132 Deo
1907 1108 1989 1132 esse
2018 1109 2099 1134 non
2128 1105 2263 1147 potest.

271 1153 408 1195 potest,
438 1152 481 1182 ut
516 1156 635 1194 supra
653 1143 674 1166 ’¹‘
702 1151 904 1181 ostensum
932 1152 999 1182 est.
1038 1146 1081 1182 In
1116 1145 1202 1182 Deo
1237 1145 1350 1194 igitur
1458 1147 1546 1184 Hoc
1574 1147 1689 1184 etiam
1719 1148 1836 1186 Sacra
1857 1148 2054 1198 Scriptura
2081 1150 2298 1189 confirmat.
2328 1152 2477 1190 Dicitur

271 1200 423 1236 malurn
451 1210 534 1236 esse
563 1209 646 1235 non
671 1205 808 1246 potest.
1404 1199 1510 1237 enirn
1525 1200 1724 1238 Canonica
1738 1202 1892 1239 Ioannis
1906 1202 1941 1239 *ε
1963 1203 2065 1240 Deus
2083 1205 2152 1242 lux
2170 1211 2232 1250 est,
2253 1212 2286 1242 et
2303 1208 2478 1244 tenebrae

326 1253 540 1289 Praeterea.
584 1250 803 1288 Perfectum
845 1259 902 1288 est
942 1251 1088 1301 aliquid
1130 1253 1349 1289 secundum
1404 1255 1442 1290 in
1471 1266 1515 1290 eo
1545 1267 1619 1291 non
1648 1261 1732 1291 sunt
1761 1256 1870 1292 ullae.
1901 1257 1949 1293 Et
1978 1256 2017 1293 in
2040 1259 2110 1294 Iob
2129 1263 2291 1295 xxxwffl:
2321 1261 2425 1297 Absit
2453 1273 2476 1297 a

257 1306 456 1363 ,quodest
473 1304 604 1343 1101υῆ
625 1305 729 1353 Ergo
749 1304 1019 1354 imperfectum
1039 1305 1110 1342 erit
1128 1306 1347 1343 secundum
1403 1306 1484 1344 Deo
1502 1309 1693 1357 impietas,
1724 1314 1757 1345 et
1785 1311 1833 1346 ab
1861 1312 2111 1359 omnipotente
2139 1313 2323 1361 iniquitas.

322 1428 342 1462 ¹4
359 1421 393 1445 de
411 1420 472 1453 ipso
490 1421 518 1451 ὸς
539 1420 572 1445 de
590 1420 648 1445 Deo
666 1420 811 1462 §NWYPs
826 1421 860 1446 de
878 1428 911 1446 οο
929 1421 1150 1460 aEch„om·D.
1242 1429 1276 1448 1ο
1295 1429 1344 1448 1100
1363 1422 1400 1456 in}
1419 1430 1472 1448 1100
1491 1423 1539 1456 αΕ,
1557 1423 1584 1457 in
1607 1424 1660 1454 NZ.
1752 1430 1784 1450 ιι
1803 1425 1880 1450 Ratio
1899 1430 1986 1450 autem
2010 1425 2081 1459 boni]
2108 1432 2198 1451 natura
2226 1428 2268 1452 vel
2295 1427 2361 1452 ratio
2389 1433 2476 1453 autem

269 1457 332 1482 bom
350 1457 379 1486 Z,
399 1462 491 1481 natura
508 1461 596 1481 autem
615 1456 678 1481 bom
696 1458 739 1481 vel
757 1457 829 1482 ratio·
841 1457 885 1482 Pc.
977 1457 1010 1483 15
1029 1458 1215 1483 universaliter
1229 1459 1251 1483 Α
1270 1459 1358 1488 sehin
1374 1466 1447 1484 vere.

325 1499 340 1518 ²
359 1491 476 1526 includit]
495 1493 538 1517 vel
557 1491 620 1517 1111111
639 1498 681 1517 est
698 1493 807 1518 addunt
824 1493 869 1518 Pc.
961 1493 975 1518 3
995 1493 1075 1527 Haec]
1096 1494 1154 1518 Hoc
1171 1494 1262 1519 ozee.
1346 1502 1362 1527 7
1382 1494 1451 1520 inest
1469 1493 1564 1529 (supra
1582 1497 1592 1520 ῐ
1609 1496 1744 1521 claritatis
1763 1503 1830 1528 ergo
1849 1497 2006 1521 rescribitur
2023 1497 2042 1530 ῑ)
2062 1498 2084 1522 Α
2103 1499 2189 1528 solus3
2209 1504 2257 1524 est.
2343 1506 2372 1524 11
2394 1500 2479 1532 possit

269 1528 422 1571 nNWzlm
442 1534 542 1562 posset.
568 1564 574 1570 .
597 1565 603 1570 ¹
635 1529 667 1554 13
687 1529 786 1562 aliquid
804 1530 827 1554 Α
845 1529 930 1559 solun
950 1537 1002 1554 om.
1096 1536 1129 1560 ¹4
1147 1531 1234 1556 vel...
1253 1529 1304 1564 est]
1323 1535 1352 1555 ut
1370 1538 1451 1563 supra
1474 1531 1612 1564 probatum
1636 1537 1677 1556 est
1700 1532 1742 1556 vel
1767 1538 1869 1564 praeter
1888 1538 2006 1557 naturam
2027 1533 2078 1559 NZ.
2170 1533 2202 1558 18
2220 1533 2304 1568 xxxiv]
2327 1535 2355 1559 In
2375 1536 2397 1559 A
2416 1543 2477 1567 spa-

268 1565 364 1590 nolum
386 1572 499 1590 numero
518 1565 674 1597 recipiendo
693 1568 786 1595 vacat;
805 1572 848 1589 om
867 1572 960 1590 omnes
978 1569 1094 1597 excepto
1114 1565 1143 1590 Ρ.

1036 1662 1377 1696 Commentario..
1407 1663 1719 1696 Fen-ariensis

363 1759 547 1800 praemissis
568 1759 665 1791 infert
686 1760 824 1791 Sanctus
839 1760 986 1791 Thomas
1010 1761 1179 1791 corollarie
1200 1760 1297 1801 'quod
1317 1760 1350 1791 in
1405 1760 1524 1800 positio
1548 1760 1645 1791 habet
1666 1761 1833 1791 veritatem
1858 1761 1891 1791 in
1907 1760 2184 1801 perfectionibus,
2203 1760 2367 1803 'e'ossqu'od
2389 1763 2478 1794 Deus

296 1815 298 1819 ’
353 1813 392 1836 eo
415 1814 482 1836 non
500 1809 611 1845 potest
625 1815 694 1836 esse
715 1806 838 1837 malum
850 1807 878 1837 ⁵.
900 1806 943 1837 Et
957 1803 1350 1846 intelligitur‘secundum
1405 1806 1444 1836 sit
1459 1806 1568 1845 ipsum
1584 1815 1668 1836 esse:
1693 1807 1761 1836 non
1785 1812 1893 1836 autem
1914 1806 1946 1836 in
1967 1806 2278 1846 imperfectionibus,
2290 1807 2478 1839 cuiusmodi

269 1849 362 1892 quod
383 1850 507 1880 malum
523 1850 558 1880 in
579 1856 694 1881 natura
714 1851 853 1881 inveniri
870 1856 992 1891 potest:
1017 1860 1086 1882 non
1105 1857 1214 1882 autem
1233 1861 1350 1882 secun—
1405 1857 1454 1882 est
1475 1850 1609 1881 malum.
2168 1884 2170 1886 ,
2307 1850 2309 1852 ’

268 1894 350 1928 dnm
372 1894 465 1936 quod
486 1895 651 1926 invenitur
673 1896 707 1926 in
730 1895 909 1932 voluntate,
933 1897 1011 1937 quia
1033 1895 1074 1927 de
1097 1896 1162 1927 hoc
1185 1895 1317 1927 inferius
1333 1897 1350 1913 ¹*
1460 1895 1624 1931 Secundo,
1648 1895 1726 1934 quia
1748 1894 1876 1926 nullum
1898 1895 2023 1926 malum
2047 1902 2095 1926 est
2118 1888 2241 1927 malum
2254 1898 2325 1936 'per
2349 1897 2478 1937 partici-

269 1939 547 1981 determinabitur.
614 1947 617 1951 '
1402 1940 1580 1982 pat-ionem,
1604 1939 1661 1970 sed
1677 1949 1742 1980 per
1757 1939 1978 1980 privationem
2001 1941 2275 1982 participationis,
2302 1946 2347 1978 ut,
2362 1941 2478 1972 dicitur

324 1980 350 2017 1.
374 1985 540 2017 Probatur
562 1985 683 2026 primo.
708 1984 798 2016 Deus
824 1990 872 2016 est
894 1993 952 2015 sua
974 1977 1112 2015 bonitas.
1136 1984 1222 2025 Ergo
1246 1986 1279 2015 in
1307 1991 1348 2015 eo
1403 1985 1519 2020 Prima,
1533 1993 1564 2025 q.
1575 1993 1658 2020 xux,
1672 1993 1700 2014 a.
1715 1983 1745 2021 3,
1759 1983 1798 2014 ad
1809 1993 1842 2023 4.
1855 1984 1896 2014 Et
1911 1989 2020 2015 tamen
2033 1994 2100 2016 non
2114 1986 2260 2026 sequitur
2271 1986 2362 2026 quod
2377 1995 2476 2016 omne

211 2021 213 2029 '
267 2030 393 2063 malum
419 2039 490 2062 esse
516 2039 586 2062 non
611 2034 730 2073 potest.
757 2047 782 2053 —-
806 2029 965 2061 Probatur
990 2030 1233 2070 consequentia.
1262 2029 1348 2068 Quia
1402 2030 1527 2060 malum
1549 2030 1590 2060 sit
1611 2029 1735 2059 malurn
1758 2037 1816 2068 per
1839 2029 2021 2059 essentiam.

27 2400 38 2411 ·
57 2398 95 2423 ct.
115 2401 172 2422 tut.
191 2389 238 2422 (mr.

0 2431 2 2447 .
26 2431 68 2465 „,.

269 2077 381 2108 omnia
396 2083 482 2116 quae
497 2085 555 2116 per
571 2075 743 2106 essentiam
759 2074 1015 2111 dicuntur,sicut
1032 2074 1170 2110 bonitas,
1187 2074 1348 2115 sapientia
1457 2073 1511 2105 Ad
1532 2075 1676 2114 primum
1701 2073 1917 2113 respondetur
1946 2074 2037 2114 quod
2064 2080 2134 2104 tam·
2161 2075 2195 2105 in
2223 2074 2476 2114 perfectionibus

269 2127 303 2153 et
316 2121 525 2158 huiusmodi,
548 2120 630 2152 1111111
652 2125 779 2161 praeter
801 2129 836 2150 se
858 2120 979 2151 habent
999 2119 1189 2150 admixtum.
1213 2119 1246 2151 Si
1270 2129 1347 2159 ergo
1403 2128 1502 2159 quam
1517 2120 1551 2150 in
1572 2117 1884 2159 imperfectionibus,
1908 2119 1935 2148 si
1957 2116 2030 2150 Deo
2053 2120 2276 2156 attribuantur,
2292 2129 2405 2151 verum
2429 2125 2477 2150 est

268 2167 358 2199 Deus
381 2172 429 2197 est
452 2166 590 2202 bonitas,
613 2166 647 2197 in
673 2174 713 2196 eo
736 2174 807 2196 non
827 2171 935 2206 potest
955 2174 1024 2196 esse
1042 2165 1266 2200 non-bonitas,
1286 2174 1349 2195 nec
1403 2163 1494 2205 quod
1522 2163 1602 2195 nihil
1625 2163 1666 2194 de
1688 2164 1761 2204 ipso
1786 2173 1843 2204 per
1865 2164 2145 2204 participationem
2172 2165 2298 2200 dicitur,
2322 2170 2475 2205 tanquam

268 2221 326 2257 per
350 2220 557 2253 consequens
580 2211 715 2242 malum.
1402 2207 1552 2240 videlicet
1575 2209 1614 2239 ab
1638 2209 1707 2239 eius
1737 2209 1872 2238 essentia
1900 2207 2104 2239 distinctum:
2130 2211 2215 2250 quia,
2238 2218 2296 2249 per
2318 2210 2476 2240 rationem

322 2255 425 2288 Notat
448 2261 568 2292 autern,
585 2256 627 2287 ad
641 2255 800 2286 maiorem
825 2253 1088 2290 declarationem,
1106 2253 1197 2295 quod
1213 2253 1247 2284 id
1261 2253 1349 2296 quod
1403 2259 1550 2294 quartam
1565 2252 1787 2294 praecedentis
1801 2253 1942 2293 capituli,
1959 2254 2050 2293 quod
2065 2254 2175 2294 aliquo
2192 2255 2369 2295 participat,
2386 2263 2474 2285 com-

268 2306 317 2343 est
337 2301 459 2343 bonum
482 2300 605 2342 aliquid
628 2306 754 2342 praeter
781 2300 960 2330 bonitatem
983 2299 1100 2330 habere
1125 2303 1245 2339 potest:
1272 2299 1348 2340 quia
1403 2304 1531 2339 paratur
1547 2297 1587 2329 ad
1602 2299 1711 2339 ipsum
1734 2298 1816 2328 sicut
1839 2298 1984 2338 potentia
2006 2298 2046 2329 ad
2070 2304 2192 2335 actum;
2217 2299 2250 2329 in
2274 2299 2346 2329 Deo
2369 2305 2477 2330 autem

268 2345 366 2388 quod
376 2348 435 2378 uni
449 2346 645 2388 perfectioni
661 2346 870 2386 suppositum
885 2350 944 2381 est,
954 2343 1034 2375 1111111
1049 2344 1201 2384 prohibet
1211 2349 1244 2375 et
1259 2344 1349 2375 alteri
1403 2344 1550 2384 potentia
1561 2353 1631 2374 esse
1646 2351 1715 2373 non
1726 2340 1844 2383 potest,
1858 2342 1914 2373 sed
1925 2348 1974 2373 est
1988 2349 2078 2374 actus
2098 2353 2209 2384 purus,
2223 2353 2298 2374 cum
2314 2344 2355 2374 sit
2369 2344 2477 2384 ipsum

267 2392 424 2433 'supponi'-
441 2391 506 2424 Sed
524 2390 819 2432 unumquodque*
842 2391 924 2421 intra
943 2390 1100 2420 terminos
1115 2398 1193 2420 suae
1215 2389 1349 2420 rationis
1404 2398 1484 2419 esse.
1512 2388 1601 2425 ldeo',
1625 2389 1652 2419 si
1677 2394 1819 2428 ponatur
1845 2388 1969 2418 malum
1992 2389 2064 2419 Deo
2093 2389 2278 2425 convenire,
2302 2388 2383 2420 illud
2408 2399 2477 2420 non

268 2436 486 2477 concluditur,
517 2443 555 2468 ut
584 2437 665 2468 nihil
695 2442 884 2467 extraneum
913 2435 995 2466 intra
1028 2444 1063 2466 se
1091 2443 1206 2476 capere
1236 2435 1348 2475 possit.
1403 2439 1512 2474 potest
1535 2443 1604 2464 esse
1628 2443 1686 2474 per
1711 2433 2003 2474 panicipationem.

268 2481 356 2523 Ergo
381 2487 442 2513 etc.
1459 2478 1512 2509 Ad
1535 2478 1716 2510 secundum
1738 2477 1952 2518 respondetur
1975 2477 2066 2518 quod
2089 2487 2158 2508 esse
2181 2477 2243 2508 tale
2266 2487 2324 2518 per
2349 2478 2477 2518 partici-

323 2525 570 2558 Advertendum
582 2525 673 2567 quod
688 2523 953 2565 unumquodque
965 2523 1119 2555 concludi
1135 2523 1252 2554 dicitur
1266 2524 1349 2554 intra
1402 2523 1569 2563 pationem
1593 2529 1701 2564 potest
1720 2522 1890 2563 dupliciter
1907 2523 2056 2562 intelligi:
2081 2531 2149 2553 uno
2173 2522 2285 2558 modo,
2306 2531 2364 2562 per
2386 2532 2478 2553 acce-

268 2573 426 2604 terminos
450 2581 527 2602 suae
544 2571 689 2607 rationis,
706 2571 783 2612 quia
805 2568 952 2600 definitio
975 2569 1134 2610 principia
1155 2574 1283 2600 tantum
1299 2578 1348 2600 es-
1402 2569 1550 2608 ptionem
1573 2567 1796 2608 imperfectam
1819 2567 1953 2598 alicuius
1967 2568 2112 2608 positivi;
2134 2568 2197 2598 alio
2213 2567 2325 2603 modo,
2348 2577 2406 2608 per
2425 2577 2477 2597 ac-

268 2617 415 2648 sentialia
439 2616 526 2652 dicit,
551 2621 583 2647 et
604 2621 738 2647 naturae
765 2613 978 2655 quidditatem
1001 2615 1046 2645 ita
1068 2613 1236 2645 concludit
1258 2613 1349 2654 quod
1404 2614 1591 2654 ceptionem
1613 2613 1851 2652 cuiuscumque
1874 2621 1892 2642 a
1916 2621 1950 2642 50
1973 2612 2124 2648 distincti,
2148 2612 2214 2642 sive
2238 2612 2413 2653 positivum
2436 2612 2477 2642 sit

268 2662 350 2693 nihil
372 2661 530 2702 permittit
555 2661 602 2692 rei
629 2660 843 2702 quidditatem
872 2659 998 2700 ingredi
1026 2659 1118 2699 quod
1147 2660 1186 2689 ab
1216 2660 1286 2699 ipsa
1309 2660 1349 2689 sit
1403 2658 1470 2688 sive
1484 2658 1682 2698 negativum.
1698 2657 1732 2688 Si
1746 2657 1853 2697 primo
1869 2656 1970 2687 modo
1994 2657 2179 2697 accipiatur,
2196 2657 2241 2687 sic
2257 2656 2337 2687 nihil
2361 2656 2476 2687 dicitur

269 2713 469 2738 extraneum.
493 2706 554 2737 Per
578 2705 670 2746 quod
693 2705 786 2737 datur
815 2705 950 2745 intelligi
979 2704 1072 2745 quod
1094 2704 1164 2745 ipsa
1187 2703 1349 2744 quidditas
1402 2703 1526 2734 malum
1541 2712 1599 2743 per
1613 2702 1904 2743 participationem,
1922 2711 1962 2732 eo
1979 2701 2070 2741 quod
2085 2702 2208 2732 malum
2224 2711 2292 2732 non
2308 2701 2348 2732 sit
2368 2701 2476 2741 aliqua

268 2752 325 2789 rei,
346 2762 431 2793 quae
449 2761 507 2793 per
526 2750 752 2782 definitionem
771 2749 979 2790 significatur,
1000 2749 1027 2779 si
1049 2758 1108 2789 per
1130 2758 1165 2778 se
1188 2749 1348 2784 subsistat,
1402 2752 1529 2778 natura:
1554 2745 1611 2777 sed
1634 2746 1751 2778 dicitur
1764 2746 1887 2786 aliquid
1909 2746 2032 2777 malum
2050 2756 2114 2786 per
2130 2746 2350 2787 privationem
2367 2746 2475 2786 parti-

267 2797 350 2830 nihil
364 2798 463 2828 habet
476 2795 678 2832 adiunctum,
691 2796 768 2837 quia
783 2795 866 2826 intra
881 2793 1081 2826 definitionis
1096 2793 1252 2824 terminos
1268 2793 1349 2824 nihil
1403 2792 1586 2832 amnonis,
1601 2801 1642 2822 eo
1658 2792 1780 2823 scilicet
1794 2791 1886 2832 quod
1901 2796 2006 2822 careat
2020 2791 2128 2831 aliqua
2142 2791 2256 2822 forma.
2271 2791 2359 2822 Nihil
2379 2791 2475 2822 etiam

269 2852 289 2873 a
310 2847 426 2873 natura
449 2846 638 2873 extraneum
655 2840 845 2871 includitur:
866 2840 892 2869 si
911 2839 999 2870 enim
1022 2839 1082 2869 sibi
1105 2837 1228 2878 aliquid
1247 2843 1349 2868 extra·
1403 2837 1467 2869 hoc
1489 2836 1592 2868 modo
1607 2836 1724 2868 dicitur
1737 2837 1862 2868 malum
1876 2845 1935 2876 per
1950 2836 2136 2867 essentiam:
2155 2835 2232 2876 quia
2243 2836 2367 2866 malum
2385 2834 2475 2866 nulla

268 2894 372 2919 neum
392 2887 523 2922 inesset,
538 2886 604 2917 iam
617 2895 687 2916 non
711 2890 796 2916 esset
818 2883 980 2924 quidditas
994 2889 1032 2918 ut
1046 2892 1104 2924 per
1124 2882 1349 2914 definitionem
1403 2881 1541 2912 essentia
1563 2887 1620 2912 est.
1636 2898 1660 2903 -
1674 2881 1709 2912 Si
1731 2891 1808 2912 vero
1825 2881 2000 2921 accipiatur
2019 2880 2164 2911 secundo
2183 2880 2295 2916 modo,
2315 2881 2359 2911 sic
2376 2888 2475 2911 omne

269 2931 483 2972 significatur<
503 2930 568 2962 Sed
589 2930 632 2963 de
654 2930 719 2961 hoc
743 2930 841 2960 etiam
863 2929 1040 2969 superius*
1063 2927 1188 2959 dictum
1212 2933 1270 2958 est.
1325 2933 1328 2936 ’
1402 2927 1526 2957 malum
1541 2931 1590 2957 est
1604 2926 1729 2957 malum
1742 2935 1800 2966 per
1815 2926 2110 2967 participationem:
2135 2926 2328 2966 inquantum
2347 2925 2474 2956 nullum

327 2976 365 3008 11.
397 2975 559 3007 Secundo.
591 2975 625 3006 Si
653 2974 779 3005 malum
807 2979 890 3004 esset
918 2974 952 3004 in
983 2972 1067 3008 Deo,
1092 2973 1181 3004 Deus
1210 2971 1348 3003 deficere
1403 2971 1526 3003 malum
1549 2977 1597 3002 est
1618 2972 1688 3012 ipsa
1711 2971 1842 3008 malitia,
1866 2970 1923 3002 sed
1946 2971 2044 3002 etiam
2069 2970 2170 3001 habet.
2191 2970 2313 3011 aliquid
2335 2969 2475 3001 malitiae

269 3026 431 3062 posset.-—
444 3021 604 3052 Probatur
618 3018 862 3059 consequentia.
881 3017 983 3056 Quod
998 3018 1178 3058 opponitur
1193 3017 1350 3048 essentiae
1403 3016 1603 3052 adiunctum,
1628 3015 1751 3047 scilicet
1773 3016 1898 3047 bonum
1921 3016 1955 3046 in
1978 3025 2046 3056 quo
2070 3015 2231 3046 fundatur.

270 3067 416 3102 alicuius,
433 3065 493 3096 sibi
508 3065 614 3096 inesse
629 3073 700 3095 non
718 3068 827 3104 potest
841 3063 904 3094 nisi
919 3071 989 3093 esse
1012 3062 1150 3093 desinat:
1173 3062 1258 3092 sicut
1271 3062 1348 3092 irra-
1456 3061 1508 3092 Ad
1531 3061 1619 3092 hunc
1642 3070 1774 3092 sensum
1796 3061 1942 3101 loquitur
1964 3060 2016 3090 hic
2040 3059 2175 3091 Sanctus
2199 3060 2353 3090 Thomas.
2377 3056 2473 3095 Quia,

269 3111 466 3144 tionabssitas
488 3109 616 3141 homini
637 3118 707 3140 non
730 3113 838 3149 potest
859 3108 965 3138 inesse
980 3107 1042 3138 nisi
1057 3116 1127 3138 esse
1146 3107 1250 3138 homo
1265 3106 1348 3137 desi-
1403 3107 1430 3137 si
1451 3106 1575 3138 malum
1595 3106 1711 3137 dicitur
1730 3105 1771 3137 de
1794 3105 1878 3142 Deo,
1896 3114 1972 3136 cum
1994 3105 2073 3136 nihil
2098 3104 2269 3135 conveniat
2291 3103 2364 3134 Deo
2382 3102 2473 3142 quod

271 3162 342 3188 stat.
366 3155 431 3188 Sed
445 3155 583 3187 essentia
597 3154 660 3185 Dei
674 3159 723 3184 est
743 3153 880 3184 bonitas.
901 3152 988 3192 Ergo
1009 3151 1134 3184 malum
1152 3152 1348 3192 >oppositum
1403 3152 1443 3182 sit
1454 3152 1493 3183 ab
1505 3152 1579 3191 ipso
1590 3150 1789 3187 distinctum,
1801 3151 1868 3181 sive
1879 3156 2019 3190 ponatur
2029 3149 2112 3180 villud
2128 3150 2232 3181 forma
2248 3156 2316 3179 esse
2331 3148 2397 3178 sive
2409 3147 2474 3187 pri-

271 3202 332 3234 sibi
355 3201 530 3232 convenire
553 3208 622 3230 non
645 3203 753 3239 potest
774 3198 837 3228 nisi
860 3206 930 3231 esse
953 3196 1087 3228 desinat.
1402 3196 1500 3232 vatio,
1518 3205 1558 3226 eo
1575 3195 1666 3236 quod
1687 3196 1722 3226 in
1739 3196 1817 3236 *ipso
1840 3195 1984 3235 potentia
1998 3204 2067 3226 non
2082 3195 2123 3224 sit
2142 3193 2314 3233 receptiva,
2329 3193 2474 3232 sequitur

331 3247 452 3277 Tertio.
477 3245 511 3277 Si
533 3244 659 3276 malum
677 3244 717 3274 sit
738 3243 774 3273 in
788 3242 873 3278 Deo,
889 3242 949 3272 erit
970 3242 1007 3272 in
1027 3242 1101 3282 ipso
1125 3241 1348 3272 essentialiter:
1403 3241 1502 3272 ut‘sit
1524 3242 1594 3281 ipsa
1615 3240 1747 3271 malitia.
1771 3239 1872 3278 Quod
1895 3245 1942 3270 est
1964 3245 2032 3270 esse
2054 3239 2175 3270 malum
2205 3247 2264 3278 per
2292 3237 2472 3267 essentiam.

273 3292 350 3332 quia
370 3291 453 3322 1111111
475 3290 516 3321 de
538 3290 612 3331 ipso
635 3287 856 3329 participative
886 3285 950 3317 dici
973 3292 1091 3326 potest,
1114 3291 1152 3317 ut
1181 3295 1279 3326 supra
1301 3290 1350 3316 est
1457 3285 1511 3316 lv.
1538 3285 1677 3322 Quarto.
1695 3285 1792 3316 Nulla
1810 3284 2012 3325 imperfectio
2035 3289 2082 3314 est
2104 3284 2138 3314 in
2162 3283 2244 3314 Deo.
2264 3281 2350 3321 Ergo
2365 3291 2474 3321 neque

273 3342 452 3368 ostensum.
482 3334 549 3366 Sed
571 3343 640 3366 non
670 3338 779 3374 potest
805 3332 930 3362 malum
959 3332 1004 3362 sic
1028 3331 1069 3363 de
1091 3331 1203 3371 aliquo
1227 3330 1291 3361 dici
1305 3335 1351 3361 'ut
1402 3330 1542 3361 malum:
1559 3331 1636 3370 quia
1650 3329 1774 3360 malum
1788 3329 1991 3370 imperfectio
2007 3328 2166 3368 quaedam
2181 3333 2238 3364 est,
2250 3326 2474 3357 sieutbonum

273 3382 313 3412 sit
334 3381 405 3412 eius
429 3380 580 3412 essentia:
606 3379 693 3419 quia,
717 3379 800 3408 sicut
822 3377 949 3407 bonitas
972 3377 1052 3407 nihil
1082 3381 1271 3406 extraneum
1292 3374 1350 3406 ad‘-
1403 3374 1570 3416 perfectio.
1954 3379 1956 3382 ⁴

273 3425 381 3462 mittit,
403 3426 449 3457 ita
470 3434 533 3456 nec
555 3424 692 3460 malitia;
712 3428 744 3453 et
767 3423 812 3453 sic
835 3420 1019 3452 excluderet
1042 3430 1122 3457 esse,
1145 3420 1236 3460 quod
1254 3420 1352 3452 habet
1460 3419 1593 3456 Quinto.
1614 3419 1739 3451 Malum
1761 3418 1813 3449 vel
1834 3424 1882 3449 est
1904 3417 2049 3459 privatio,
2069 3417 2119 3447 vel
2134 3415 2347 3456 privationem
2370 3414 2474 3446 inclu-

273 3471 434 3502 rationem
448 3470 539 3506 boni,
556 3475 589 3500 et
604 3477 740 3499 omnem
754 3467 850 3498 aliam
865 3465 1110 3507 perfectionem.
1134 3465 1176 3496 Et
1198 3475 1256 3505 per
1271 3474 1351 3496 con-
1404 3463 1460 3495 dit.
1485 3463 1548 3495 Sed
1570 3464 1660 3495 nulla
1682 3464 1819 3504 privatio
1843 3468 1891 3494 est
1913 3464 1946 3494 in
1969 3461 2056 3492 Deo:
2081 3470 2156 3491 cum
2179 3461 2213 3491 in
2244 3460 2316 3490 Deo
2343 3468 2412 3490 non
2434 3459 2475 3490 sit

273 3524 414 3556 sequens
435 3515 516 3546 nihil
539 3519 648 3554 potest
671 3514 806 3544 existere
829 3511 920 3552 quod
942 3512 1012 3552 ipsa
1030 3510 1155 3541 malitia
1178 3510 1227 3540 sit.
1347 3523 1352 3526 ·
1404 3509 1560 3548 potentia,
1576 3518 1660 3548 quae
1679 3514 1726 3539 est
1747 3509 1928 3539 subiectum
1951 3506 2149 3545 privationis.
2167 3505 2254 3545 Ergo
2279 3510 2339 3535 etc.
2358 3522 2381 3527 —
2395 3503 2475 3534 Pro-

330 3559 384 3591 111.
403 3560 468 3592 Sed
490 3569 559 3591 non
578 3559 705 3590 videtur
726 3557 954 3592 necessarium,
970 3557 997 3586 si
1015 3556 1049 3586 in
1072 3555 1145 3586 Deo
1162 3555 1201 3585 sit
1216 3554 1350 3589 malum,
1404 3554 1498 3583 batur
1521 3552 1723 3583 antecedens.
1748 3552 1844 3590 Quia,
1860 3552 1942 3582 sicut
1957 3551 2081 3580 bonum
2098 3557 2130 3581 et
2152 3550 2333 3590 perfectum
2353 3548 2475 3588 aliquid

275 3604 367 3644 quod
390 3605 480 3636 Deus
503 3604 544 3635 sit
574 3603 783 3634 essentialiter
811 3602 918 3633 malus
945 3609 985 3632 eo
1014 3599 1104 3640 quod
1129 3599 1210 3631 nihil
1236 3598 1352 3630 dicitur
1406 3603 1453 3629 est
1475 3597 1656 3628 secundum
1670 3596 1761 3638 quod
1777 3602 1824 3627 est
1838 3601 1922 3632 actu,
1939 3596 1982 3626 ita
1996 3601 2045 3626 'est
2060 3594 2286 3636 imperfectum
2303 3600 2334 3626 et
2351 3593 2474 3624 malum

276 3647 316 3678 de
338 3649 412 3689 ipso
436 3648 616 3680 secundum
640 3647 931 3688 participationem.
962 3646 1082 3681 Primo,
1103 3645 1178 3684 quia
1200 3643 1254 3674 illa
1275 3652 1353 3684 pro·
1406 3642 1585 3673 secundum
1610 3642 1700 3682 quo'd
1724 3647 1771 3672 est
1794 3640 1946 3672 deficiens
1969 3640 2009 3670 ab
2033 3645 2117 3670 actu.

2506 522 2515 531 ‘
2530 521 2587 549 Cap.
2603 529 2650 544 xv1.

2505 624 2513 632 ·
2534 623 2644 648 IEtln'c..
2665 630 2680 650 1,
2700 632 2718 650 ις

2505 657 2523 670 s.
2534 649 2578 671 Τ11.
2595 651 2609 671 Ι.
2622 658 2640 672 ι.

2505 1051 2512 1059 ·
2529 1050 2584 1078 Cap.
2596 1057 2659 1077 xvtn,
2668 1058 2716 1073 xix.

2505 1211 2513 1219 ·
2530 1209 2537 1230 1
2552 1209 2627 1237 Ioan.,
2640 1216 2655 1237 1,
2665 1216 2683 1238 5.
