2768 4134
41 846 49 854 ·
66 843 119 865 Lib.
136 843 164 870 ΙΙ,
184 849 204 864 c.
223 849 253 864 ui

41 877 92 899 sqq.

297 287 366 313 122

288 353 374 384 aliud
391 363 408 383 a
423 361 466 388 se,
483 361 551 382 non
568 349 701 391 quidem
716 349 851 384 realiter,
875 347 932 378 sed
956 347 1133 378 formaliter
1155 346 1358 376 distinctum:

286 407 361 428 nam
385 395 561 427 differentia
577 405 595 425 a
609 404 726 435 genere
750 402 811 424 suo
835 402 903 423 non
927 391 1133 432 distinguitur
1150 391 1286 427 realiter,
1303 389 1360 421 sed

285 441 470 476 formaliter,
483 440 580 470 licet'
573 449 606 470 in
621 449 656 470 re
671 439 813 479 aliquam
829 437 1070 468 distinctionem
1085 435 1205 466 realem
1221 441 1253 466 et
1269 445 1359 466 corn-

284 486 481 527 positionem
504 485 654 525 requirat.
678 484 753 514 Hoc
769 488 877 513 autern
894 482 923 512 ei
940 480 1030 522 quod
1054 485 1101 511 est
1124 479 1305 511 secundum
1324 489 1359 510 se

282 539 414 561 necesse
437 538 516 565 esse,
541 529 716 560 convenire
738 537 806 558 non
829 531 950 567 potest:
977 534 1053 556 cum
1069 526 1103 556 in
1119 525 1191 565 ipso
1206 534 1276 555 non
1296 525 1359 555 sint

283 575 375 616 plura
398 573 574 605 formaliter
596 573 754 609 distincta,
768 577 927 613 quantum
951 576 998 601 est
1013 580 1052 601 ex
1068 575 1158 611 parte
1176 570 1223 600 rei
1243 579 1359 601 secun-

281 618 362 649 dum
385 628 428 649 se.
454 618 542 655 Ideo,
567 628 644 650 cum
667 617 798 648 deducit
821 616 957 647 Sanctus
976 615 1122 645 Thomas
1146 619 1302 655 tanquam
1318 613 1359 645 ad

281 663 515 694 inconveniens
539 663 630 704 quod
652 663 714 703 ipsi
736 671 868 693 necesse
892 670 960 691 esse
980 660 1200 700 acquireretur
1215 668 1286 690 esse
1299 668 1359 700 per

279 707 404 748 aliquid
419 707 516 744 aliud,
533 706 779 748 intelligendum
803 711 850 737 est
873 705 914 737 de
937 705 1001 736 alio
1026 703 1154 735 formali
1177 704 1303 735 alietate
1323 713 1358 735 se

279 758 411 783 tenente
435 762 474 784 ex
496 758 586 793 parte
609 753 655 783 rei
677 751 857 782 secundum
881 760 926 786 se,
946 758 1030 790 quae
1053 749 1195 789 aliquam
1219 758 1358 790 compo-

279 798 433 828 sitionem
455 798 589 838 requirit
612 798 645 828 in
669 806 713 833 re,
737 797 804 827 sive
828 805 865 826 ex
890 794 1021 825 materia
1044 799 1076 824 et
1099 792 1215 829 forma,
1232 794 1299 825 sive
1317 803 1358 824 ex

281 843 419 874 essentia
441 847 472 873 et
495 852 578 873 esse:
604 841 644 873 de
667 851 736 882 quo
759 840 892 872 inferius
907 841 925 856 ⁴*
947 839 1042 870 latior
1065 838 1124 869 erit
1146 847 1266 869 sermo.

336 887 419 918 VIII.
445 887 553 918 Nono.
578 886 611 917 Si
635 891 710 917 sunt
733 885 799 916 duo
824 885 878 921 dii,
903 889 958 915 aut
981 884 1045 914 hoc
1068 892 1192 914 nomen
1216 883 1295 914 deus
1315 882 1356 914 de

279 932 357 972 ipsis
379 931 497 962 dicitur
520 932 708 972 aequivoce,
725 936 780 961 aut
796 930 946 961 univoce.
972 928 1005 959 Si
1028 928 1182 969 primum,
1199 937 1268 960 non
1282 936 1356 968 per-

279 977 360 1007 tinet
371 975 411 1008 ad
427 981 629 1028 praesentem
645 975 905 1007 intentionem.-
882 973 950 1004 -Si
965 972 1158 1009 secundum,
1171 978 1227 1004 aut
1241 972 1356 1003 eadem

223 1047 226 1050 r
279 1026 393 1053 natura
408 1026 456 1051 est
469 1030 504 1052 1ss
520 1026 660 1061 utroque
678 1019 859 1051 secundum
876 1027 980 1049 unum
996 1027 1080 1049 esse:
1097 1023 1154 1048 aut
1173 1016 1356 1048 secundum

34 2011 44 2020 ⁶
55 2009 91 2032 Cf.
102 2013 156 2032 text.
168 2012 190 2031 et
200 2015 246 2031 var.

279 1065 366 1097 aliud
389 1071 420 1096 et
443 1065 540 1096 aliud.
572 1065 605 1096 Si
628 1064 809 1096 secundum
834 1072 948 1100 unum,
973 1072 1050 1103 ergo
1077 1063 1140 1103 ipsi
1169 1071 1238 1093 non
1262 1067 1357 1093 erunt

278 1110 359 1141 duo:
385 1110 462 1150 quia
485 1110 627 1141 duorum
650 1119 718 1140 non
743 1115 790 1140 est
813 1118 918 1139 unum
945 1117 1024 1143 esse,
1049 1107 1075 1138 si
1106 1107 1356 1138 substantialiter

277 1154 522 1195 distinguantur.
547 1154 580 1186 Si
603 1154 784 1185 secundum
807 1152 895 1184 aliud
918 1158 950 1183 et
973 1151 1071 1188 aliud,
1096 1162 1173 1193 ergo
1201 1157 1355 1183 neutrum

278 1200 337 1230 erit
359 1209 417 1230 sua
440 1199 601 1240 quidditas
624 1205 679 1230 aut
702 1208 800 1230 suum
823 1207 906 1229 esse:
931 1197 1025 1228 cuius
1048 1197 1242 1238 oppositum
1257 1206 1354 1238 supe-

277 1245 343 1275 rius
366 1249 414 1275 est
436 1249 613 1275 ostensum.

333 1288 427 1319 Circa
450 1289 538 1321 illam
562 1288 833 1329 propositionem,
848 1287 1002 1318 Duorum
1019 1295 1085 1317 non
1102 1291 1151 1317 est
1166 1294 1266 1317 unum
1287 1295 1357 1317 esse

275 1334 304 1364 si
326 1333 584 1364 substantialiter
601 1333 860 1374 distinguantur,
877 1330 1125 1372 intelligendum
1141 1330 1232 1372 quod
1248 1331 1357 1372 aliqua

275 1378 523 1409 substantialiter
532 1378 685 1419 distingui
696 1383 804 1419 potest
814 1377 986 1418 dupliciter
996 1375 1147 1417 intelligi:
1159 1385 1229 1407 uno
1241 1375 1355 1412 modo,

276 1424 352 1464 quia
376 1428 451 1454 sunt
474 1422 558 1454 duae
581 1423 776 1454 substantiae
800 1431 939 1464 quarum
955 1431 1021 1452 una
1035 1430 1104 1452 non
1120 1427 1168 1452 est
1182 1421 1255 1458 alia,
1272 1430 1358 1462 quo-

274 1467 523 1509 modocumque
544 1469 608 1499 sint
631 1468 840 1504 substantiam
866 1467 930 1498 alio
954 1465 1068 1502 modo,
1085 1467 1162 1507 quia
1177 1471 1253 1497 sunt
1272 1471 1357 1497 tota-

275 1513 346 1544 liter
368 1512 551 1544 secundum
574 1513 746 1545 essentiam
769 1512 947 1548 distinctae,
967 1512 1011 1542 ita
1034 1510 1126 1552 quod
1141 1519 1203 1542 nec
1219 1511 1357 1542 essentia

275 1558 373 1589 unius
395 1563 443 1589 est
466 1559 603 1589 essentia
626 1558 766 1594 alterius,
782 1567 844 1588 nec
859 1557 974 1589 ambae
990 1562 1066 1587 sunt
1085 1555 1232 1587 eiusdem
1249 1565 1357 1587 essen-

275 1603 337 1634 tiae
353 1608 469 1643 partes.
493 1603 680 1644 Propositio
697 1612 774 1643 ergo
791 1602 900 1634 Sancti
916 1601 1067 1633 Thomae
1083 1607 1132 1632 est
1147 1600 1356 1642 intelligenda

275 1647 420 1679 secundo
444 1647 558 1685 modo,
574 1657 643 1679 non
667 1648 784 1689 primo.
808 1647 897 1686 Quia
920 1647 1063 1683 materia,
1081 1651 1113 1676 et
1135 1644 1242 1677 forma
1257 1647 1356 1678 unius

275 1693 449 1733 compositi
472 1702 577 1724 unum
600 1702 670 1723 esse
693 1692 827 1724 actualis
851 1692 1037 1723 existentiae
1061 1691 1190 1727 habent,
1207 1700 1248 1722 eo
1265 1690 1358 1732 quod

275 1745 375 1769 unam
399 1738 571 1769 essentiam
594 1738 806 1768 constituant:
823 1742 856 1769 et
875 1741 985 1768 tamen
1008 1741 1084 1767 sunt
1105 1735 1189 1766 duae
1209 1736 1358 1767 substan-

274 1783 348 1813 tiae.
369 1782 479 1813 Sortes
495 1788 604 1814 autem
621 1788 652 1813 et
669 1782 761 1813 Plato
776 1791 846 1812 non
862 1786 1000 1822 possunt
1015 1781 1134 1811 habere
1150 1790 1256 1812 unum
1273 1791 1355 1812 esse·

275 1828 352 1869 quia
374 1832 451 1858 sunt
473 1828 630 1859 essentiae
646 1826 790 1858 diversae
813 1835 914 1857 unam
937 1834 1077 1858 numero
1101 1826 1272 1857 essentiam
1287 1835 1357 1857 non

276 1873 521 1906 constituentes.
675 1891 677 1893 -

331 1916 426 1948 Circa
449 1916 537 1948 illam
567 1915 833 1951 conditionalem,
859 1915 895 1945 Si
919 1919 1042 1945 natura
1066 1914 1212 1955 ipsorum
1237 1920 1286 1946 est
1306 1924 1357 1946 εε-

274 1961 415 1993 cundum
431 1961 525 1992 aliud
539 1966 571 1992 et
585 1961 679 1992 aliud
697 1970 766 1991 esse
782 1960 814 1992 in
832 1960 921 2001 ipsis,
940 1964 1094 1990 neutrum
1108 1959 1172 1990 erit
1186 1969 1248 1990 sua
1263 1959 1358 2001 quid-

273 2007 359 2038 ditas
374 2007 425 2037 vel
439 2016 534 2037 suum
550 2015 620 2037 esse
631 2007 658 2042 *,
683 2004 919 2036 advertendum
942 2003 1034 2046 quod
1057 2003 1223 2035 inducitur
1242 2013 1358 2036 conse-

277 2061 380 2092 quens
403 2051 612 2083 disiunctum.
643 2050 731 2089 Quia
753 2051 780 2081 si
802 2055 944 2091 ponatur
968 2048 1182 2090 quidditatem
1209 2050 1357 2090 ipsorum

276 2106 345 2128 esse
361 2106 471 2134 unam,
488 2106 557 2128 esse
573 2105 650 2127 vero
665 2095 752 2126 illius
767 2094 956 2136 quidditatis
970 2096 1006 2126 in
1021 2094 1089 2126 istis
1104 2094 1236 2126 duobus
1252 2094 1358 2126 diver·

275 2141 402 2178 sificari,
426 2142 573 2184 sequitur
596 2140 811 2182 quidditatem
833 2146 866 2171 et
889 2149 959 2171 esse
981 2140 1109 2171 realiter
1127 2139 1292 2180 distingui.
1316 2139 1358 2170 Et

275 2186 361 2223 ideo,
385 2187 410 2217 si
435 2196 520 2218 unus
543 2186 675 2217 illorum
697 2187 738 2217 sit
760 2195 819 2217 sua
842 2185 1015 2226 quidditas,
1041 2189 1172 2226 oportet
1190 2190 1227 2215 ut
1245 2184 1358 2216 distin·

275 2237 392 2272 guatur
415 2233 454 2262 ab
479 2241 563 2268 esse;
588 2231 614 2261 si
638 2240 715 2262 vero
740 2231 780 2261 sit
803 2239 901 2262 suum
925 2240 1005 2267 esse,
1022 2235 1153 2271 oportet
1176 2235 1212 2260 ut
1228 2239 1246 2260 a
1261 2229 1358 2270 quid-

276 2276 374 2307 ditate
389 2275 616 2317 distinguatur:
635 2276 722 2316 quia,
735 2285 813 2306 cum
824 2274 987 2316 quidditas
999 2280 1031 2306 et
1043 2284 1112 2306 esse
1127 2274 1196 2305 duo
1208 2274 1357 2306 distincta

276 2326 450 2362 ponantur,
474 2330 543 2352 non
567 2326 676 2361 potest
698 2329 804 2352 unum
827 2321 1035 2361 suppositum
1058 2320 1189 2360 utrique
1218 2318 1358 2350 identifi-

277 2366 352 2402 cari,
381 2365 447 2402 sed,
471 2366 498 2396 si
521 2366 579 2396 uni
602 2364 829 2401 identificatur,
854 2370 986 2406 oportet
1013 2370 1050 2396 ut
1079 2364 1295 2405 distinguatur
1317 2364 1357 2395 ab

280 2411 392 2441 altero.

334 2455 388 2486 IX.
412 2454 558 2485 Decimo.
584 2454 623 2485 Ei
645 2454 738 2496 quod
760 2459 809 2486 est
830 2462 963 2485 necesse
984 2462 1053 2484 esse
1069 2454 1223 2484 convenit
1245 2463 1359 2485 neces-

278 2500 352 2531 sitas
375 2499 502 2531 essendi
525 2499 720 2540 inquantum
744 2499 841 2530 habet
864 2507 934 2529 esse
957 2499 1021 2530 hoc
1045 2499 1206 2540 signatum
1231 2503 1263 2529 et
1286 2508 1358 2540 par-

278 2545 421 2575 ticulare.
453 2544 540 2585 Ergo
563 2545 737 2575 necessitas
761 2543 887 2575 essendi
917 2543 1064 2585 pluribus
1091 2543 1267 2574 convenire
1290 2553 1357 2575 non

277 2595 395 2630 potest.
421 2589 507 2630 Ergo
523 2598 591 2621 non
607 2594 744 2630 possunt
759 2598 829 2620 esse
845 2589 955 2629 plures
971 2588 1024 2619 dii.
1040 2606 1065 2611 -
1080 2589 1239 2619 Probatur
1254 2590 1359 2629 prima

278 2634 521 2674 consequentia.
545 2634 631 2672 Quia
654 2634 734 2665 nihil
758 2643 873 2664 eorum
890 2642 975 2675 quae
998 2634 1199 2664 conveniunt
1219 2633 1297 2664 huic
1317 2634 1360 2664 si-

277 2684 375 2719 gnato
399 2679 594 2719 inquantum
618 2684 666 2710 est
688 2679 753 2710 hoc
777 2679 949 2719 signatum,
974 2678 1128 2719 possibile
1145 2684 1193 2710 est
1209 2678 1261 2709 alii
1277 2687 1358 2710 con-

277 2724 396 2754 venire.
419 2740 443 2747 —-
466 2723 672 2755 Antecedens
703 2724 800 2755 etiam
830 2724 996 2764 probatur.
1027 2723 1061 2754 Si
1092 2723 1173 2754 illud
1196 2723 1287 2764 quod
1311 2729 1359 2754 est

278 2777 409 2799 necesse
433 2777 502 2799 esse
525 2778 594 2799 non
617 2774 666 2799 est
689 2769 753 2799 hoc
772 2769 934 2809 signatum
950 2768 1146 2809 inquantum
1162 2774 1210 2799 est
1224 2777 1358 2800 necesse

279 2823 358 2850 esse,
382 2822 460 2853 ergo
484 2812 664 2854 designatio
688 2814 736 2844 sui
762 2822 831 2844 esse
853 2823 922 2844 non
939 2818 987 2844 est
1001 2813 1180 2844 necessaria
1197 2822 1235 2843 ex
1251 2822 1286 2844 se
1302 2813 1358 2844 sed

277 2867 316 2888 ex
340 2858 404 2889 alio
428 2857 600 2898 dependet.
625 2857 689 2889 Sed
713 2857 976 2900 unumquodque
999 2858 1181 2889 secundum
1205 2858 1296 2898 quod
1312 2863 1360 2889 est
1385 2869 1387 2873 ⁴

278 2908 352 2934 actu
376 2908 424 2933 est
448 2902 635 2934 distinctum
659 2903 699 2933 ab
723 2903 876 2934 omnibus
899 2903 978 2939 aliis,
1004 2902 1095 2943 quod
1126 2908 1173 2934 est
1201 2912 1271 2934 esse
1294 2903 1358 2934 hoc

278 2948 450 2988 signatum.
475 2947 562 2988 Ergo
591 2956 723 2978 necesse
753 2957 822 2978 esse
853 2947 1015 2989 dependet
1043 2948 1083 2979 ab
1111 2948 1175 2978 alio
1199 2954 1358 2988 quantum

279 2991 320 3023 ad
343 3000 412 3023 esse
436 2997 520 3023 actu.
554 2991 618 3023 Sed
641 2992 705 3023 hoc
732 2999 780 3023 est
810 2998 922 3023 contra
946 2993 1105 3023 rationem
1130 3000 1258 3024 necesse
1280 3002 1359 3024 esse.

280 3037 367 3077 Ergo
391 3042 453 3068 etc.

337 3091 367 3112 2.
385 3080 448 3112 Sed
473 3080 599 3112 videtur
623 3081 715 3122 quod
739 3081 876 3113 Sanctus
891 3082 1037 3112 Thomas
1061 3082 1268 3122 propositum
1291 3091 1359 3113 non

280 3127 405 3167 probet.
422 3125 627 3157 Antecedens
643 3127 731 3157 enim
748 3132 808 3157 est:
833 3126 876 3156 Ei
890 3126 978 3168 quod
993 3131 1041 3157 εει
1056 3136 1184 3157 necesse
1199 3135 1268 3157 esse
1283 3136 1361 3158 con-

282 3171 368 3202 venit
383 3170 556 3202 necessitas
567 3171 694 3202 essendi
709 3172 904 3212 inquantum
918 3172 1013 3202 habet
1027 3181 1096 3202 esse
1105 3172 1168 3202 hoc
1181 3172 1359 3213 signatum.

281 3215 398 3246 Probat
421 3222 532 3247 autem
555 3216 663 3247 istam:
695 3216 786 3247 laud
807 3216 896 3257 quod
918 3221 966 3247 est
989 3225 1117 3247 necesse
1139 3225 1208 3247 esse
1231 3221 1278 3247 εει
1299 3217 1362 3247 hoc

281 3260 447 3301 signatum
468 3261 660 3301 inquantum
684 3266 732 3291 εει
750 3270 879 3292 necesse
901 3270 978 3291 esse.
996 3279 1017 3284 -
1033 3261 1195 3298 Similiter,
1213 3270 1288 3292 cum
1306 3261 1362 3292 de·
1348 3279 1374 3298 -ς

283 3305 371 3335 beret
398 3306 598 3342 subsumere,
623 3305 687 3337 Sed
717 3305 969 3347 unumquodque
998 3306 1174 3336 secundum
1201 3306 1290 3347 quod
1315 3311 1363 3337 est

283 3350 344 3379 hoc
358 3349 525 3390 signatum
541 3355 589 3381 εει
604 3355 690 3386 actu,
714 3350 874 3382 subsumit
897 3359 1098 3387 conversam,
1123 3350 1244 3382 scilicet
1267 3351 1360 3387 hanc,

284 3394 347 3423 Sed
370 3395 621 3436 unumquodque
643 3395 820 3426 secundum
844 3395 932 3437 quod
947 3400 995 3426 est
1009 3401 1084 3426 actu
1101 3400 1149 3426 εει
1163 3395 1360 3426 distinctum.

287 3438 372 3478 Ergo
397 3445 457 3469 etc.

341 3483 567 3523 Respondetur
582 3484 672 3525 quod
687 3484 720 3526 ly
737 3485 930 3526 inquantum
944 3494 1012 3515 non
1029 3483 1192 3525 specificat
1208 3484 1271 3516 hoc
1287 3485 1362 3516 loco

287 3527 444 3558 rationem
468 3528 648 3565 formalem,
673 3528 730 3560 sed
753 3529 886 3561 denotat
913 3528 1163 3560 fundamentum
1187 3535 1218 3561 et
1241 3538 1363 3560 conco-

286 3571 475 3602 mitantiam.
500 3573 600 3609 Sicut
625 3575 650 3604 si
674 3573 826 3611 dicerem,
843 3574 956 3605 Sortes
977 3574 1168 3615 inquantum
1191 3573 1244 3605 hic
1266 3574 1364 3605 hmo

287 3620 335 3646 εει
358 3615 390 3646 in
416 3621 500 3652 actu,
525 3627 636 3650 sensus
660 3624 707 3649 est
731 3619 818 3650 hunc
841 3614 1011 3650 hominem
1028 3627 1098 3650 esse
1114 3614 1363 3650 fundamentum

288 3658 467 3691 existendi'
459 3670 492 3692 in
509 3668 592 3698 actu,
609 3668 641 3693 et
665 3663 755 3703 quod
771 3673 840 3694 esse
856 3665 889 3694 in
914 3669 988 3695 actu
1000 3664 1253 3701 concomitatur
1275 3664 1364 3695 hunc

879 269 1067 306 SUMMA
1097 266 1320 304 CONTRA
1348 265 1626 314 GENTILES,
1656 266 1768 303 CAP.
1789 266 1904 304 XLII.

1413 345 1593 381 hominem,
1617 345 1685 376 sive
1707 345 1878 385 hominem
1901 347 2073 386 signatum,
2097 354 2166 376 non
2189 351 2298 378 autem
2324 347 2494 378 hominem

1413 391 1447 420 in
1471 390 1651 420 communi.
1676 390 1718 420 Et
1739 389 1816 421 ideo
1839 399 1909 421 non
1931 390 2028 422 refert
2050 390 2092 421 ad
2113 390 2203 422 hunc
2225 401 2358 423 sensum
2375 391 2493 428 dicere,

1414 434 1526 465 Sortes
1546 434 1739 475 inquantum
1751 439 1800 466 εει
1814 435 1868 466 hic
1882 435 1980 465 homo
1994 439 2042 466 est
2053 436 2086 467 in
2099 441 2195 467 actu:
2210 442 2243 467 et
2259 436 2375 473 dicere,
2382 436 2495 467 Sortes

1414 479 1606 520 inquantum
1630 483 1679 510 εει
1701 479 1734 510 in
1759 484 1834 510 actu
1858 484 1906 510 est
1927 479 1986 511 hic‘
2001 480 2111 512 homo.
2135 481 2289 513 Similiter
2311 490 2400 522 ergo,
2417 490 2494 512 cum

1413 533 1482 555 sese
1501 524 1766 555 concomitentur
1780 525 1814 555 in
1830 533 1872 555 eo
1887 524 1979 566 quod
2002 530 2050 556 est
2072 535 2206 558 necesse
2229 535 2299 557 esse
2321 526 2496 557 necessitas

1413 568 1539 600 essendi
1563 573 1596 600 et
1618 578 1689 600 esse
1711 569 1777 600 hoc
1799 569 1972 610 signatum,
1989 571 2067 611 quia
2089 571 2199 612 ipsum
2222 580 2292 602 non
2316 570 2414 602 habet
2436 579 2497 601 ne-

1413 614 1595 645 cessitatem
1618 613 1745 645 essendi
1768 614 1837 645 sine
1853 614 1918 646 hoc
1934 624 2003 646 esse
2025 616 2163 656 signato,
2180 625 2249 647 non
2263 614 2360 647 refert
2376 614 2493 652 dicere,

1412 658 1522 690 Habet
1545 658 1766 689 necessitatem
1789 659 1917 690 essendi
1940 660 2133 702 inquantum
2156 666 2205 693 εει
2226 662 2289 692 hoc
2314 660 2493 703 signatum,

1412 709 1454 741 et,
1465 703 1527 734 Est
1541 703 1603 734 hoc
1617 704 1786 745 signatum
1803 703 1996 745 inquantum
2006 705 2103 737 habet
2117 706 2338 738 necessitatem
2355 704 2496 736 essendi:

1412 758 1482 779 esse
1498 749 1587 779 enim
1602 749 1667 779 hoc
1682 749 1845 789 signatum
1869 754 1916 780 est
1940 748 2190 783 fundamentum
2205 749 2387 782 secundum
2403 748 2495 791 quod

1411 794 1471 824 sibi
1495 794 1650 824 convenit
1672 793 1848 824 necessitas
1871 793 2009 825 essendi.
2041 795 2195 828 Similiter
2218 795 2335 827 dicitur
2358 795 2398 827 de
2421 795 2494 832 illis,

1414 838 1674 879 Unumquodque
1688 838 1866 869 secundum
1881 837 1971 880 quod
1986 843 2035 869 est
2048 839 2110 871 hoc
2125 840 2251 882 aliquid
2265 845 2298 872 et
2307 839 2495 871 distinctum

1410 888 1458 914 est
1481 883 1514 914 in
1538 888 1624 919 actu,
1649 889 1682 913 et
1708 882 1967 925 Unumquodque
1989 885 2166 916 secundum
2190 885 2279 927 quod
2293 890 2342 916 εει
2355 890 2431 916 actu
2447 889 2497 916 est

1410 927 1597 959 distinctum
1627 932 1660 958 et
1687 927 1750 958 hoc
1778 928 1966 970 signatum:
1992 929 2169 971 utrobique
2201 931 2290 961 enim
2320 929 2495 962 denotatur

1410 973 1493 1003 ratio
1508 971 1760 1004 fundamentalis
1783 977 1816 1004 et
1838 973 2103 1005 concomitantia.
2129 974 2208 1006 Ideo
2223 975 2284 1006 ista
2298 975 2493 1016 propositio.

1410 1017 1501 1048 Illud
1512 1017 1602 1059 quod
1611 1022 1661 1048 εει
1672 1026 1800 1049 necesse
1815 1026 1884 1048 esse
1895 1028 1962 1049 non
1979 1024 2027 1050 εει
2041 1020 2104 1050 hoc
2116 1020 2284 1062 signatum
2302 1021 2495 1061 inquantum

1410 1067 1459 1094 εει
1481 1072 1609 1094 necesse
1633 1072 1710 1098 esse,
1735 1062 1918 1103 aequivalet
1948 1064 2035 1100 huic,
2059 1064 2152 1096 Illud
2173 1064 2263 1106 quod
2290 1070 2339 1096 εει
2367 1074 2496 1096 necesse

1410 1116 1480 1138 εεεε
1502 1117 1570 1138 non
1592 1107 1689 1138 habet
1711 1107 2084 1140 necessitatem‘essendi
2103 1109 2296 1151 inquantum
2311 1114 2361 1141 εει
2374 1109 2438 1140 hoe
2450 1109 2496 1147 εἰ·

1409 1157 1560 1194 gnatum.
1591 1152 1633 1183 Et
1655 1151 1802 1183 similiter
1831 1151 2020 1184 affirmativa
2049 1153 2258 1186 affirmativae
2287 1153 2496 1195 aequivalens

1411 1203 1460 1228 est
1481 1202 1644 1238 quantum
1667 1196 1708 1228 ad
1730 1197 1909 1229 veritatem.

1467 1241 1563 1273 Unde
1585 1242 1667 1272 ratio
1684 1246 1732 1273 eet
1746 1242 1839 1273 haec.
1865 1242 1899 1274 Si
1918 1243 2093 1274 necessitas
2113 1243 2241 1275 essendi
2255 1253 2326 1275 non
2341 1243 2499 1275 convenit

1411 1287 1442 1318 ei
1465 1286 1557 1328 quod
1581 1292 1629 1318 est
1657 1290 1791 1318 necesse
1821 1296 1891 1318 esse
1919 1287 2117 1329 inquantum
2147 1293 2195 1319 est
2226 1289 2291 1320 hoc
2321 1289 2495 1339 signatum,

1411 1331 1591 1384 designatio
1615 1331 1666 1363 sui
1689 1340 1759 1363 esse
1783 1336 1815 1362 et
1837 1332 2071 1373 particularitas
2094 1342 2163 1364 non
2186 1339 2234 1365 est
2257 1342 2296 1365 ex
2319 1343 2354 1365 se
2383 1335 2499 1365 neces-

1410 1377 1502 1413 saria,
1518 1376 1576 1408 sed
1591 1377 1631 1408 ab
1647 1375 1712 1407 alio
1728 1376 1790 1408 sibi
1805 1377 1974 1408 convenit:
1991 1378 2069 1419 quia
2083 1383 2163 1410 tunc
2177 1378 2352 1410 necessitas
2368 1376 2501 1410 essendi·

1411 1431 1450 1453 ex
1474 1430 1509 1453 se
1531 1431 1601 1453 non
1624 1422 1867 1453 concomitatur
1889 1422 1994 1463 ipsam
2018 1422 2277 1464 designationem
2299 1428 2332 1454 et
2345 1422 2499 1455 determi-

1410 1467 1579 1498 nationem
1594 1472 1739 1498 naturae.
1763 1466 1840 1498 Hoc
1863 1471 1974 1498 autem
1997 1474 2045 1499 est
2066 1468 2285 1509 impossibile:
2310 1469 2398 1510 quia,
2419 1476 2499 1500 cum

1411 1522 1481 1543 esse
1495 1513 1530 1543 in
1551 1517 1626 1543 actu
1650 1513 1893 1544 concomitetur
1914 1512 2174 1554 designationem
2197 1519 2231 1545 et
2253 1513 2499 1545 distinctionem

1411 1558 1452 1588 ab
1467 1557 1547 1594 aliis,
1567 1557 1595 1587 si
1619 1556 1800 1598 designatio
1824 1558 1980 1589 convenit
1995 1559 2055 1590 sibi
2072 1567 2111 1590 ex
2126 1558 2203 1596 alio,
2221 1559 2320 1591 etiam
2336 1568 2407 1591 esse
2422 1563 2498 1591 actu

1411 1603 1472 1634 erit
1494 1602 1556 1633 sibi
1579 1611 1619 1633 ex
1643 1602 1718 1634 alio.

1466 1647 1537 1678 Nec
1558 1647 1645 1678 valet
1667 1647 1694 1678 si
1717 1646 1852 1684 dicatur,
1871 1652 1910 1678 ιιι
1924 1646 2003 1678 dicit
2025 1646 2201 1684 Aureolus,
2217 1647 2231 1678 1
2247 1647 2335 1679 Sent.
2352 1649 2380 1686 ’‚
2404 1647 2534 1690 quod·

1411 1692 1602 1733 philosophi
1625 1691 1770 1723 dicerent
1791 1693 1862 1733 ipsa
1883 1701 2017 1724 necesse
2033 1701 2103 1724 esse
2119 1691 2191 1723 fore
2206 1692 2337 1725 alterius
2356 1686 2546 1735 ερεειει,““

1412 1742 1444 1768 ει
1459 1738 1516 1773 sic,
1529 1736 1671 1768 admisso
1684 1736 1779 1778 quod
1788 1737 1992 1790 singularitas
2007 1737 2105 1769 unius
2121 1746 2191 1769 non
2203 1738 2379 1770 conveniat
2394 1737 2496 1776 alteri,

1411 1791 1470 1824 per
1493 1782 1558 1814 hoc
1581 1791 1651 1813 non
1674 1782 1799 1814 tollitur
1822 1782 1903 1823 quin
1926 1782 1990 1813 sint
2010 1782 2104 1823 plura
2119 1792 2254 1814 necesse
2270 1792 2350 1816 esse.
2366 1783 2502 1815 -Pnet

1411 1827 1500 1858 enim
1515 1827 1580 1858 hoc
1595 1836 1666 1858 non
1682 1827 1798 1859 valere.
1822 1826 1919 1865 Nam,
1935 1836 2014 1858 cum
2033 1827 2088 1859 illa
2111 1828 2311 1860 conveniant
2333 1829 2367 1860 in
2389 1828 2500 1861 inten-

1411 1873 1502 1903 tione
1525 1872 1724 1903 necessitatis
1754 1872 1894 1910 essendi,
1919 1877 2087 1913 oporteret
2115 1877 2197 1904 tunc
2225 1877 2264 1904 ut
2288 1882 2348 1914 per
2373 1872 2498 1917 aliquid

1411 1915 1657 1958 superadditum
1680 1917 1727 1948 illi
1751 1917 1927 1948 intentioni
1942 1916 2227 1958 distinguerentur.
2250 1916 2430 1950 Ostensum
2449 1923 2499 1951 est

1411 1967 1521 1993 autem
1552 1962 1711 2002 superius,
1736 1962 1771 1992 in
1800 1962 1926 1994 ratione
1955 1967 2082 1999 octava,
2105 1971 2167 2004 per
2194 1962 2259 1994 tale
2289 1962 2437 1995 additum
2459 1964 2502 2025 εξ

1412 2006 1567 2047 distingui
1590 2015 1660 2037 non
1683 2015 1791 2047 posse.

1467 2051 1506 2082 X.
1535 2050 1724 2082 Undecimo.
1748 2050 1871 2082 Natura
1893 2050 2075 2092 significata
2101 2051 2166 2083 hoc
2188 2051 2326 2084 nomine
2347 2051 2428 2084 deus
2449 2051 2499 2084 εει

1410 2105 1469 2137 per
1491 2096 1632 2136 seipsam
1648 2095 1874 2128 individuam
1865 2106 1900 2128 ιιι
1915 2096 1981 2127 hoc
1997 2096 2085 2127 Deo:
2110 2096 2282 2139 alioquin·
2273 2105 2308 2128 ιιι
2321 2097 2396 2149 ipso
2412 2094 2501 2129 esset

1411 2141 1621 2181 compositio.
1646 2141 1734 2182 Ergo
1757 2141 1960 2182 impossibile
1977 2146 2026 2172 est
2040 2146 2078 2172 ut
2093 2141 2184 2173 alteri
2207 2141 2396 2173 conveniat.
2420 2141 2499 2184 qula

1411 2185 1503 2226 quod
1527 2191 1575 2216 est
1598 2185 1864 2218 individuationis
1894 2186 2095 2227 principium
2118 2195 2189 2218 non
2212 2191 2323 2229 potest
2350 2186 2501 2248 pluribus

1411 2239 1590 2262 commune
1615 2240 1695 2262 esse.

1466 2275 1681 2307 Duodecimo.
1706 2275 1829 2307 Natura
1851 2275 1961 2307 divim
1983 2284 2052 2307 non
2073 2281 2183 2317 potest
2197 2274 2299 2307 dividi
2313 2285 2356 2307 ne
2357 2284 2424 2317 que
2357 2283 2500 2319 quper

1411 2318 1627 2351 differentiam
1650 2320 1856 2352 essentialem
1871 2329 1981 2361 neque
1996 2329 2056 2361 per
2071 2319 2316 2358 accidentalem,
2333 2325 2372 2352 ut
2385 2325 2496 2352 osten-

1411 2373 1485 2396 sum
1509 2370 1557 2396 est
1579 2366 1743 2406 superius·
1768 2374 1878 2406 neque
1901 2364 2063 2396 divisione
2086 2365 2250 2403 materiae,
2266 2365 2345 2407 quia
2359 2374 2430 2397 non
2449 2369 2500 2403 εει

1411 2410 1445 2440 ιιι
1461 2410 1604 2441 materia.
1629 2410 1717 2451 Ergo
1733 2419 1802 2441 non
1818 2415 1896 2442 sunt
1908 2410 2020 2452 plures
2035 2410 2090 2442 dii.
2106 2427 2130 2434 -·
2144 2410 2236 2442 Patet
2251 2410 2497 2453 consequentia.

1412 2454 1508 2493 Quia,
1533 2455 1560 2485 si
1585 2460 1692 2486 essent
1715 2455 1834 2496 plures,
1859 2459 2028 2496 oporteret
2049 2460 2088 2486 ut
2110 2454 2362 2496 distingueretur
2381 2455 2417 2486 in
2430 2455 2497 2487 hoc

1412 2505 1444 2530 et
1467 2499 1501 2530 in
1524 2499 1591 2530 illo.

1464 2543 1709 2575 -Tertiodecimo
1723 2545 1750 2575 ⁵.
1768 2544 1858 2576 Deus
1871 2548 1920 2575 est
1940 2553 2011 2575 esse
2029 2544 2236 2576 abstractum.
2252 2545 2341 2586 Ergo
2360 2549 2410 2576 est
2424 2549 2497 2583 tan-
2523 2551 2532 2561 ·

1412 2594 1483 2620 tum
1499 2598 1600 2620 unus:
1625 2589 1702 2630 quia
1726 2598 1796 2620 esse
1819 2589 2015 2620 abstracmm
2039 2595 2088 2620 est
2110 2594 2238 2621 tantum
2253 2597 2370 2621 unum.
2393 2589 2496 2628 Sient,

1412 2634 1439 2665 si
1461 2633 1578 2666 albedo
1596 2639 1680 2665 esset
1695 2639 1851 2675 separata,
1868 2638 1952 2665 esset
1975 2639 2103 2665 tantum
2119 2643 2199 2666 una:
2216 2643 2293 2666 cum
2313 2633 2501 2666 secundum

1412 2688 1447 2709 se
1459 2687 1527 2709 non
1541 2679 1657 2710 habeat
1672 2678 1947 2720 multiplicitatem
1959 2679 2021 2709 nisi
2034 2689 2072 2710 ex
2084 2679 2278 2721 recipiente,
2291 2679 2376 2711 sicut
2386 2686 2500 2741 neque

1413 2724 1482 2755 eius
1506 2729 1554 2754 est
1577 2723 1748 2764 multiplex
1771 2725 1865 2760 ratio,
1889 2722 1947 2754 sed
1970 2733 2046 2755 una.

1468 2768 1522 2799 XI.
1550 2767 1817 2805 Quartodecimo.
1852 2768 1932 2800 Esse
1964 2769 2135 2810 proprium
2169 2768 2342 2801 cuiuslibet
2370 2769 2418 2800 rei
2448 2773 2498 2800 εει

1412 2818 1539 2844 tanturn
1562 2822 1677 2845 unum.
1703 2813 1768 2845 Sed
1791 2813 1882 2845 Deus
1905 2818 1954 2844 est
1977 2822 2046 2845 esse
2070 2823 2178 2846 suum.
2202 2813 2290 2856 Ergo
2306 2818 2355 2845 est
2368 2818 2497 2845 tantum

1414 2867 1500 2889 unus
1523 2858 1623 2889 Deus.

1469 2902 1534 2934 Sed
1548 2911 1618 2934 non
1634 2902 1762 2934 videtur
1775 2903 1836 2934 ista
1850 2903 1934 2934 ratio
1950 2902 2159 2934 concludere.
2170 2903 2284 2935 Posito
2300 2903 2389 2934 enim
2404 2901 2497 2944 quod

1414 2947 1526 2979 Sortes
1549 2953 1634 2979 esset
1657 2957 1754 2979 suurn
1778 2957 1858 2985 esse,
1873 2957 1944 2979 non
1967 2948 2115 2989 sequitur
2130 2948 2222 2990 quod
2237 2956 2306 2979 non
2321 2948 2363 2979 sit
2379 2946 2501 2989 aliquit

1414 2993 1517 3023 homo
1540 2993 1603 3023 nisi
1626 2992 1752 3024 Sortes:
1776 2992 1834 3024 sed
1857 2998 1985 3024 tanturn
2010 2993 2103 3034 quod
2125 3002 2195 3024 non
2219 2993 2260 3024 sit
2283 2992 2401 3034 aliquis
2414 2992 2499 3024 aliua

1414 3037 1535 3069 Sortes.
1560 3037 1613 3069 Sic
1637 3047 1706 3068 non
1729 3038 1878 3079 sequitur
1900 3038 1934 3069 in
1957 3039 2131 3080 proposito
2155 3037 2246 3079 quod
2269 3046 2340 3069 non
2361 3036 2499 3077 sitallua

1415 3082 1515 3119 Deus,
1539 3081 1597 3113 sed
1621 3082 1712 3123 quod
1734 3092 1804 3114 non
1827 3083 1868 3114 sit
1891 3083 1972 3114 alius
1995 3083 2048 3114 hic
2070 3083 2170 3114 Deus.

1470 3126 1709 3168 Respondemr,
1722 3137 1761 3159 ex
1778 3127 1926 3159 doctrina
1941 3127 2051 3160 Sancti
2062 3127 2213 3159 Thomae
2227 3127 2308 3164 Ver„
2320 3135 2352 3168 q.
2361 3135 2394 3163 ιι,
2409 3135 2438 3157 a.
2446 3118 2495 3163 ιθ,

1415 3171 1507 3213 quod
1530 3172 1587 3203 ubi
1611 3173 1749 3204 essentia
1769 3173 1906 3204 alicuius
1926 3177 1975 3204 est
1989 3173 2099 3214 ipsum
2114 3181 2212 3204 suum
2229 3180 2298 3202 esse
2310 3170 2495 3224 proprium,

1415 3215 1618 3258 impossibile
1634 3222 1682 3248 est
1697 3222 1734 3248 ut
1757 3217 1871 3249 eadem
1893 3217 2077 3249 secundum
2100 3216 2238 3256 eandem
2260 3216 2425 3247 rationem
2441 3214 2496 3247 alii

1415 3262 1603 3293 conveniat:
1627 3262 1712 3293 sicut
1726 3262 1930 3303 impossibile
1945 3268 1993 3294 εει
2008 3267 2047 3294 ιιι
2061 3271 2130 3293 εεεε
2146 3261 2316 3312 proprium
2332 3260 2430 3292 unius
2448 3260 2496 3292 rei

1415 3307 1455 3338 sit
1479 3307 1511 3337 in
1537 3307 1597 3338 alia
1621 3316 1664 3338 re.
1691 3307 1732 3338 Et
1755 3306 1841 3344 ideo,
1865 3308 1892 3338 si
1916 3307 2098 3339 humanitas
2126 3310 2210 3338 esset
2232 3305 2266 3336 in
2289 3305 2383 3337 Sorte
2405 3304 2495 3336 idem

1415 3351 1507 3392 quod
1523 3361 1592 3382 esse
1604 3352 1775 3392 proprium
1787 3351 1900 3389 Sortis,
1912 3361 1981 3383 non
1993 3351 2101 3390 solum
2116 3359 2185 3382 non
2197 3355 2281 3381 esset
2291 3350 2373 3382 alius
2385 3349 2495 3382 Sortes

1415 3396 1598 3427 secundum
1615 3405 1694 3432 rem,
1707 3396 1764 3427 sed
1775 3405 1885 3438 neque
1897 3396 1979 3428 alius
1993 3396 2097 3427 homo
2109 3394 2255 3426 eiusdem
2273 3395 2406 3427 rationis
2417 3403 2495 3427 cum

1416 3441 1519 3472 Sorte.
1545 3441 1699 3472 Similiter
1714 3450 1803 3482 ergo,
1819 3442 1846 3472 si
1863 3441 2012 3472 divinitas
2026 3441 2123 3471 huius
2139 3439 2201 3471 Dei
2217 3445 2266 3471 est
2281 3439 2395 3472 eadem
2417 3447 2495 3471 cum

1417 3494 1486 3517 esse
1510 3486 1645 3527 proprio
1668 3486 1780 3537 ipsius,
1796 3485 1906 3517 nullus
1929 3484 2050 3526 poterit
2064 3494 2134 3516 esse
2150 3485 2231 3516 alius
2247 3484 2328 3517 deus
2347 3483 2494 3517 eiusdem

1417 3531 1551 3562 rationis
1575 3540 1651 3562 cum
1675 3531 1758 3572 ipso.

1474 3584 1505 3606 2.
1521 3574 1585 3606 Sed
1601 3585 1670 3606 non
1686 3574 1813 3606 videtur
1823 3583 1882 3616 per
1891 3574 1957 3605 hoe
1969 3572 2127 3605 dubitatio
2140 3573 2221 3606 tolli.
2237 3573 2333 3614 Nam,
2345 3574 2495 3627 quamvis

1418 3629 1487 3650 esse
1510 3615 1612 3651 Sor-tis
1635 3624 1720 3651 esset
1739 3618 1828 3650 idem
1851 3627 1927 3650 cum
1950 3627 2009 3650 sua
2030 3618 2243 3656 humanitate,
2259 3627 2328 3650 non
2348 3619 2496 3660 sequitur

1419 3663 1510 3705 quod
1533 3660 1716 3696 humanitas
1736 3662 1882 3695 eiusdem
1898 3663 2030 3694 rationis
2050 3673 2118 3695 non
2134 3664 2174 3695 sit
2189 3664 2223 3695 in
2239 3664 2314 3701 alio,
2331 3663 2387 3695 sed
2403 3663 2494 3705 quod

2523 1652 2616 1707 ⁰..¹“·
2605 1657 2740 1702 'asta

2524 1687 2640 1736 milm-
2654 1711 2703 1734 φ·-

2561 2549 2599 2582 cr.
2626 2549 2739 2573 laedones

2522 2580 2650 2600 vm

2521 3127 2577 3178 ⁸0¹1.
2583 3127 2678 3157 debe..
2683 3133 2737 3157 qni.
