2716 4302
17 777 27 786 '
43 775 95 797 Vid.
112 774 140 795 ad
159 775 203 795 loc.

13 1392 159 1414 srvat-p.
175 1393 224 1414 ²05·

2 2370 26 2387 ιι
40 2371 53 2386 v
67 2371 80 2386 a
97 2371 142 2392 mg.
162 2365 202 2387 inf.

4 2727 38 2748 lb.
54 2734 65 2749 a
82 2734 117 2756 ²4·

4 2779 13 2788 '
29 2777 82 2800 Vid.
98 2779 126 2800 ad
144 2779 188 2800 loc.

6 3299 30 3314 al
45 3299 57 3312 v
73 3293 116 3314 b2.

270 125 339 162 30*
880 140 884 144 .
1235 119 1503 156 APPENDIX

266 203 379 235 eadem
395 204 527 235 scientia
550 208 581 233 et
604 201 864 233 consideratione
887 212 922 237 qu
941 201 1084 240 seipsum
1100 205 1131 229 et
1152 199 1264 229 omnia
1280 198 1341 229 alia
1396 201 1491 233 Unde
1519 205 1675 237 relinquitur
1693 204 1765 237 quod
1795 199 1853 242 (et)
1893 201 2075 239 potentiam
2109 213 2243 239 cognosces
2278 212 2478 244 cognoscere

265 255 456 286 considerat.
484 255 559 284 Non
587 254 684 293 igitur
701 275 708 282 .
724 275 731 282 .
747 275 753 282 .
772 252 951 291 cognoscit.
983 252 1001 289 ἓ
1018 251 1104 280 Huic
1130 255 1238 280 autem
1261 259 1340 279 con·
1397 258 1515 293 potest,
1546 253 1742 292 inquantum
1774 258 1815 280 est
1831 255 1871 280 ad
1889 255 2037 281 intellectus
2061 253 2095 283 in
2129 255 2277 294 potentia
2306 254 2346 285 ad
2379 254 2476 285 talem

264 311 356 338 sonat
380 305 470 345 quod
494 305 609 335 dicitur
632 313 698 344 sap.
724 313 777 339 vn,
797 309 838 331 att
863 302 903 333 de
927 302 1036 332 divina
1051 302 1218 342 sapientia,
1249 300 1341 341 quod
1397 304 1540 344 speciem
1565 302 1766 343 quandoque
1783 312 1816 333 se
1840 303 1947 340 habet,
1965 309 2001 334 ut
2016 304 2100 334 sicut
2123 310 2233 335 actum
2255 312 2403 343 cognoscat
2421 315 2476 336 co-

264 358 389 397 attingit
413 357 534 396 ubique
625 356 658 385 in
682 355 780 384 illam.
805 355 823 392 §
841 350 931 384 Patet
956 359 1066 383 autem
1080 375 1087 382 .
1103 376 1110 382 .
1125 376 1132 382 .
1147 362 1215 382 non
1245 361 1339 392 repu-
1395 356 1523 395 gnoscit
1546 364 1603 395 per
1619 360 1738 390 actum,
1756 354 1799 384 ita
1822 355 1918 384 etiam
1944 356 2125 394 potentiam
2141 364 2200 395 per
2214 357 2396 396 potentiam
2421 366 2476 387 co-

261 413 347 448 gnat.
368 411 441 435 Ordo
460 411 529 435 enirn
548 410 573 434 in
593 409 725 434 nobilitate
747 403 918 445 (Nobilitas
942 402 1042 443 enim)
1061 403 1213 433 scientiae
1238 408 1340 432 atten-
1364 422 1371 441 ς
1395 411 1539 446 gnoscat.
1565 406 1606 435 Et
1630 406 1706 445 quia
1730 405 1877 444 potentia
1901 410 1948 435 est
1971 405 2011 436 de
2036 406 2161 436 ratione
2185 407 2385 447 privationis,
2400 418 2476 439 nam

262 458 346 489 ditur
362 456 542 487 secundum
559 466 595 486 ea
611 456 651 486 ad
668 466 751 496 quae
776 454 998 495 principaliter
1022 454 1156 484 scientia
1174 453 1341 484 ordinatur
1395 458 1532 497 privatio
1558 463 1605 487 est
1628 457 1758 496 negatio
1786 457 1880 486 cuius
1900 456 2084 487 subiectum
2109 463 2156 488 est
2180 467 2237 487 ens
2261 458 2295 488 in
2318 460 2475 498 potentia,

262 519 288 538 et
305 513 380 546 quasi
399 520 429 537 ex
447 520 540 545 aequo.
559 512 629 537 alias
643 511 814 544 philosophia
828 510 922 543 prima
942 513 1018 539 esset,
1041 511 1072 536 et
1087 515 1155 536 non
1173 504 1212 535 ad
1229 505 1339 535 omnia
1395 510 1541 549 sequitur
1558 508 1649 548 quod
1672 512 1822 538 intellectus
1840 508 2020 540 intellectui
2037 514 2150 539 nostro
2168 514 2334 549 competat
2350 509 2475 550 (aliquo

261 569 486 602 quaecumque
498 561 532 589 in
545 560 677 590 scientia
690 558 819 589 cadunt.
836 558 903 589 Sub
921 557 1123 588 nobilissima
1136 557 1223 587 enim
1236 557 1339 586 scien·
1394 559 1509 601 modo)
1535 569 1733 600 cognoscere
1757 558 1998 600 privationem,'
2009 561 2205 601 inquantum
2223 566 2271 591 est
2289 565 2384 591 natus
2407 570 2476 591 esse
2509 600 2513 603 .

259 612 375 642 tiarum
409 615 488 640 habet
522 609 608 650 apud
639 619 700 639 nos
731 609 851 639 cadunt
883 618 949 639 non
982 608 1090 638 §Olum
1123 617 1274 647 suprema
1304 608 1337 636 in
1392 614 1425 643 in
1451 612 1606 652 potentia.
1633 610 1739 652 (Licet
1762 612 1859 642 etiam
1887 611 1949 642 dici
1974 613 2077 652 possit
2100 611 2192 652 quod
2208 622 2246 643 ex
2270 612 2339 652 ipsa
2363 613 2476 652 cogni-

259 663 385 707 entibus
409 661 465 692 sed
481 662 578 691 etiam
594 660 716 697 infima,
741 670 817 690 nam
831 660 1039 701 philosophia
1053 660 1155 699 prima
1174 669 1242 695 quae
1259 668 1337 689 con·
1354 676 1379 690 ιο
1393 665 1482 695 tione
1499 670 1589 695 actus
1606 664 1752 704 sequitur
1768 664 1913 704 cognitio
1930 665 2096 704 potentiae
2115 670 2148 695 ct
2164 664 2362 704 privationis,
2376 665 2406 699 ἢἿ
2425 664 2476 694 ln-
2505 669 2513 677 ·
2530 667 2583 690 vid.
2598 668 2628 690 aa
2643 668 2692 691 loc.

258 714 485 745 siderationem
516 722 607 743 suam
639 712 782 743 extendit
806 722 823 742 a
848 713 956 753 primo
981 717 1055 742 ente
1079 721 1184 751 usque
1213 710 1253 741 ad
1281 720 1338 741 ens
1392 715 1539 746 tellectus
1564 721 1672 745 autem
1690 713 1833 756 (divinus
1845 714 1874 754 *J
1892 715 1950 755 qui
1966 715 2058 745 nullo
2079 715 2181 746 modo
2202 721 2250 745 est
2265 715 2298 745 in
2319 715 2474 755 potentia,
2505 722 2513 730 ·
2530 721 2630 744 Via-ad
2645 721 2691 744 loe.

258 777 305 802 per
323 769 441 793 accidens
454 769 470 784 *
487 763 533 804 (in
551 762 709 803 potentia)
729 762 819 803 quod
843 769 890 793 est
907 763 1058 793 ultimum
1075 763 1108 792 in
1129 762 1267 792 entibus.
1285 761 1337 791 Sic
1395 776 1462 797 ῃοῃ
1488 767 1658 806 cognoscit
1677 769 1726 794 hoc
1745 765 1847 796 m0d0
1874 765 2067 808 (praedicto)
2091 767 2308 807 privationem
2332 775 2393 796 nec
2418 766 2475 796 3ιὶ-

259 822 367 848 autem
382 840 388 846 .
403 840 410 846 .
422 840 429 846 .
443 817 477 846 in
500 825 568 856 quo
586 816 697 845 omnia
714 820 970 854 cognoscuntur,
995 820 1031 844 ut
1055 823 1153 854 supra
1170 819 1337 843 ostensum
1395 818 1475 859 quid
1491 818 1590 848 aliud,
1608 818 1692 848 Nam
1708 818 1734 848 si
1753 841 1760 848 .
1775 842 1782 848 .
1797 842 1804 848 .
1822 818 1862 848 ad
1878 824 1998 849 actum.
2020 818 2116 849 Unde
2133 823 2266 858 oportet
2288 817 2380 858 quod
2401 819 2474 858 ipse

259 873 315 898 est.
339 867 462 906 §Patet
486 867 593 897 etiam.
612 889 620 896 ·
635 890 642 895 -
657 889 664 895 ·
682 865 859 905 principale
886 865 1065 904 cognitum.
1091 864 1132 894 Et
1155 862 1337 894 SCCUssdUm
1393 870 1549 910 intelligat
1573 869 1681 900 solum
1705 878 1763 909 per
1786 870 1929 910 speciem
1962 878 2046 910 quae
2076 874 2123 899 est
2153 879 2211 899 sua
2241 869 2389 907 essentia,
2409 872 2476 897 sicut

258 923 344 952 hunc
375 920 511 951 modum
544 919 621 950 dicit
650 918 740 959 quod
764 919 835 948 vilia
871 917 987 948 melius
1014 918 1206 956 ignorantur
1239 926 1338 956 quam
1354 929 1376 949 ις
1393 932 1473 957 supra
1491 929 1630 949 ostensum
1649 929 1690 949 est
1708 924 1741 949 de
1759 924 1893 949 intellectu
1913 924 2009 955 divino,
2029 925 2061 951 et
2077 929 2135 960 per
2151 928 2358 959 consequens
2383 918 2475 958 quod

258 977 509 1013 cognoscuntur,
542 975 617 1007 quasi
638 974 736 999 scilicet
766 973 907 998 excludunt
932 973 1088 997 nobiliorum
1117 973 1292 1005 cognitionem
1311 978 1337 996 et
1393 973 1548 1012 intelligat
1564 982 1597 1002 se
1614 978 1741 1003 tantum
1757 973 1841 1003 sicut
1862 973 2005 1014 primum
2021 972 2234 1003 intellectum.
2259 969 2473 1011 intelligendo

257 1028 401 1053 secundum
427 1034 457 1052 ea
480 1026 602 1051 scientiae
626 1025 747 1050 nobilitas
772 1030 938 1049 mensuratur
963 1019 1111 1061 (quando
1140 1019 1263 1050 scilicet
1290 1025 1337 1050 est
1391 1029 1500 1054 tamen
1525 1034 1558 1054 se
1577 1048 1584 1054 ,
1599 1048 1606 1054 ,
1622 1048 1629 1054 ,
1648 1030 1722 1055 actu
1747 1030 1794 1055 est
1818 1030 1850 1055 et
1869 1028 2007 1061 separabili
2023 1021 2238 1066 (separabile).
2257 1022 2326 1052 Nec
2343 1026 2475 1062 oportet

255 1075 315 1105 alia
339 1074 482 1114 COgnitiO
508 1073 619 1103 Vilium
644 1079 675 1103 et
699 1072 860 1102 ssOblllum
886 1081 910 1100 et
936 1075 1020 1107 (una)
1047 1075 1133 1108 [unius
1153 1074 1334 1107 00¹¹⁸ffde¹⁸¹¹fi⁰l
1391 1077 1484 1116 sequi
1517 1087 1626 1105 sensum
1653 1080 1868 1105 commentatoris
1892 1080 1990 1105 ibidem
2021 1075 2275 1118 (expositionem
2307 1072 2472 1111 Averrois)

256 1139 302 1165 per
335 1131 410 1156 aliam
445 1128 697 1163 [considerationem]
733 1129 882 1161 impeditur,
914 1131 945 1155 et
976 1124 1089 1155 vilium
1118 1123 1334 1154 consideratio
1391 1129 1447 1168 qui
1472 1128 1540 1159 vult
1565 1127 1656 1169 quod
1685 1138 1722 1158 ex
1750 1128 1814 1158 hoc
1839 1133 1994 1168 sequatur
2018 1127 2109 1168 quod
2134 1125 2318 1157 intellectus
2341 1125 2399 1165 qui
2426 1130 2474 1155 est

255 1178 548 1209 considerationem
572 1177 734 1207 nobilium
758 1174 921 1217 impedit.)
1350 1188 1376 1202 20
1390 1185 1516 1211 tanturn
1548 1182 1580 1211 in
1611 1188 1685 1212 actu
1710 1181 1803 1211 nullo
1827 1180 1930 1211 modo
1955 1185 2133 1221 cognoscat
2157 1177 2384 1219 privationem.
2409 1175 2473 1207 Sed

1392 1229 1518 1272 (sensus
1536 1230 1596 1269 est)
1613 1231 1705 1272 quod
1721 1241 1789 1262 non
1805 1240 1947 1269 cognoscat
1968 1229 2166 1273 (cognoscit)
2184 1228 2399 1269 privationem
2416 1235 2473 1267 per

404 1290 484 1331 Cap,
510 1290 621 1320 LXXI,
647 1290 744 1328 QUOD
770 1290 855 1320 1)ch
881 1299 1057 1319 coonosmr
1082 1299 1176 1319 MALA,
1388 1283 1452 1313 hoc
1481 1282 1572 1323 quod
1601 1289 1647 1313 est
1672 1284 1703 1313 in
1732 1283 1878 1323 potentia
1902 1282 1943 1313 ad
1973 1281 2096 1323 aliquid
2128 1280 2226 1317 aliud,
2250 1279 2306 1310 sed
2327 1288 2384 1320 per
2408 1278 2472 1308 hoc

1389 1334 1480 1374 quod
1499 1339 1550 1364 scit
1569 1336 1739 1376 cognoscit
1756 1336 1901 1375 seipsum
1917 1339 1950 1365 et
1965 1340 2013 1365 est
2031 1343 2162 1375 semper
2184 1333 2217 1363 in
2246 1337 2330 1362 actu.
2355 1331 2374 1369 ἓ
2390 1330 2472 1360 Rur-

297 1386 427 1425 §Nunc
451 1390 546 1415 restat
563 1384 734 1415 ostendere
751 1384 841 1424 quod
859 1384 948 1414 Deus
968 1395 1020 1414 non
1041 1389 1218 1424 cognoscat
1235 1384 1332 1414 etiarn
1388 1396 1442 1417 sus
1467 1386 1636 1418 sciendum
1662 1386 1764 1427 quod,
1793 1387 1819 1416 si
1843 1386 1933 1417 Deus
1960 1386 2025 1416 hoc
2049 1383 2151 1415 modo
2179 1384 2323 1424 seipsum
2347 1389 2472 1422 cogno·

252 1436 346 1466 mala.
364 1436 460 1466 Bono
478 1436 563 1465 enim
583 1433 744 1475 (cognito)
762 1434 885 1464 malum
904 1434 1095 1474 oppositum
1112 1434 1331 1474 cognoscitur.
1347 1447 1370 1467 ας
1388 1444 1491 1468 sceret
1503 1437 1595 1478 quod
1607 1437 1840 1479 cognoscendo
1856 1447 1890 1468 se
1906 1446 1975 1468 non
1989 1440 2204 1477 cognosceret
2215 1434 2277 1466 alia
2289 1437 2474 1470 particularia

253 1487 316 1518 Sed
333 1487 421 1517 Deus
435 1509 443 1516 .
459 1510 465 1516 .
481 1510 488 1517 .
503 1486 672 1526 cognoscit
689 1487 786 1526 igitur
799 1486 889 1516 Deus
906 1485 1000 1516 mala.
1018 1485 1225 1524 §Praeterea
1243 1484 1333 1516 Con-
1390 1490 1485 1526 entia,
1503 1499 1587 1530 quae
1603 1496 1679 1520 sunt
1694 1489 1898 1530 particularia
1913 1489 2010 1528 bona,
2028 1487 2120 1519 nullo
2137 1485 2240 1518 modo
2257 1491 2472 1526 cognosceret

251 1539 422 1569 trariorum
438 1539 578 1568 rationes
602 1538 635 1568 in
660 1538 767 1568 anima
790 1547 858 1568 non
877 1543 952 1567 sunt
977 1537 1155 1568 contrariae
1179 1541 1226 1566 sed
1250 1540 1334 1573 magis
1388 1546 1547 1571 contrarium
1565 1551 1610 1571 aut
1629 1542 1845 1582 privationem
1869 1547 1925 1572 aut
1945 1540 2080 1577 maium,
2098 1539 2175 1580 quia
2194 1539 2285 1569 bono
2309 1537 2400 1578 quod
2424 1542 2472 1568 est

250 1594 430 1627 homogeneae
449 1596 480 1619 ut
499 1602 527 1626 Ρ,
547 1590 624 1621 alias
640 1599 707 1620 ΠΟΥ)
734 1589 828 1620 Simul
855 1595 961 1620 essent
978 1590 1010 1619 in
1027 1589 1135 1619 anima
1151 1598 1211 1618 nec
1235 1587 1332 1618 Simul
1388 1595 1457 1634 ipse
1473 1603 1541 1624 non
1556 1599 1603 1624 est
1623 1593 1733 1634 aliqua
1745 1593 1883 1633 privatio
1900 1593 2064 1634 opposita,
2078 1601 2154 1622 cum
2171 1590 2309 1631 privatio
2326 1595 2357 1620 et
2372 1598 2470 1620 suum

251 1648 526 1683 008¹¹0⁵Cssrentur
549 1650 578 1671 ¹²1
604 1645 715 1671 habetur
743 1653 758 1670 ³
785 1644 942 1678 philosopho
971 1645 996 1669 ³¹¹
1024 1652 1060 1669 vu
1089 1643 1205 1677 metaph.
1236 1639 1332 1669 Ratio
1388 1647 1579 1686 oppositum
1593 1646 1656 1676 sint
1668 1650 1742 1676 nata
1755 1654 1823 1676 esse
1837 1645 1921 1676 circa
1933 1644 2031 1681 idem,
2046 1647 2117 1673 unde
2139 1642 2185 1685 (et
2197 1640 2255 1683 sic)
2271 1642 2301 1672 ei
2318 1640 2410 1682 quod
2422 1646 2470 1672 est

251 1704 327 1735 ergo
346 1718 353 1724 .
368 1717 375 1724 .
390 1717 397 1724 .
416 1694 666 1734 cognoscitivus.
691 1694 709 1732 §
726 1693 817 1723 Item.
838 1693 961 1723 Verum
986 1697 1033 1722 est
1056 1692 1182 1722 bonum
1207 1691 1332 1722 intelle·
1349 1705 1374 1725 30
1388 1702 1476 1726 solum
1495 1701 1520 1726 in
1540 1705 1598 1726 acm
1623 1696 1729 1733 (actus
1753 1695 1868 1737 purusl
1892 1696 1983 1727 nulla
1997 1696 2137 1736 privatio
2154 1693 2346 1735 opponitur,
2358 1698 2396 1724 vet
2412 1701 2471 1734 per

251 1751 337 1777 ctus:
362 1755 401 1775 ex
425 1746 489 1776 hoc
512 1746 600 1776 enim
625 1744 739 1784 aliquis
764 1743 946 1774 intellectus
969 1743 1087 1774 dicitur
1110 1744 1217 1773 bonus
1242 1742 1332 1783 quod
1388 1758 1595 1789 consequens
1614 1758 1675 1779 nec
1692 1748 1826 1779 malum.
1851 1747 1947 1780 Unde
1965 1772 1972 1778 ,
1987 1771 1995 1779 ,
2010 1771 2017 1778 ,
2035 1756 2104 1778 non
2129 1749 2309 1786 cognoscet
2330 1743 2468 1775 malum.

250 1806 363 1827 vesum
388 1797 557 1837 cognoscit
576 1805 604 1825 υ(
622 1807 670 1833 per
695 1799 884 1833 philosophum
909 1805 978 1831 patet
1010 1800 1035 1824 in
1054 1806 1080 1824 v¹
1099 1798 1152 1824 eth.
1172 1799 1248 1832 Ergo
1268 1795 1331 1824 Ve-
1387 1800 1450 1831 Sed
1476 1801 1551 1840 quia
1576 1798 1809 1839 cognoscendo
1826 1808 1860 1829 se
1877 1798 2048 1838 cognoscit
2064 1797 2151 1828 entia
2174 1796 2207 1826 in
2231 1794 2351 1834 quibus
2374 1799 2469 1825 natae

249 1857 322 1878 rum
353 1853 461 1877 autem
491 1857 558 1877 non
590 1846 698 1877 solum
730 1851 777 1876 est
800 1857 838 1875 ex
865 1850 915 1875 hoc
939 1846 1064 1876 bonum
1094 1855 1163 1875 esse
1193 1846 1329 1880 bonum,
1386 1856 1462 1881 sunt
1485 1860 1555 1881 esse
1580 1850 1786 1890 privationes,
1807 1853 1866 1878 ideo
1885 1858 2019 1880 necesse
2040 1853 2088 1879 est
2111 1853 2147 1878 ut
2163 1850 2343 1886 cognoscat
2362 1845 2469 1884 priva.

249 1898 305 1929 sed
330 1899 425 1929 etiam
451 1898 574 1928 malum
599 1907 667 1928 esse
699 1897 832 1928 malum.
866 1897 957 1927 Sicut
989 1897 1076 1927 enim
1094 1918 1103 1926 ·
1118 1920 1124 1926 -
1142 1920 1147 1926 ·
1166 1896 1328 1926 malorum
1386 1901 1492 1931 tiones
1523 1901 1692 1940 oppositas
1719 1905 1752 1930 et
1782 1900 1866 1930 mala
1897 1900 2051 1940 opposita
2082 1895 2329 1939 particuiaribus
2361 1895 2469 1927 bonis.

249 1951 403 1990 cognitio.
436 1951 454 1988 §
479 1949 641 1989 Amplius.
674 1949 763 1979 Deus
795 1949 964 1989 cognoscit
983 1972 988 1978 .
1005 1972 1010 1978 .
1027 1972 1034 1978 .
1052 1957 1119 1978 non
1153 1953 1199 1978 est
1230 1946 1327 1978 aliud.
1345 1957 1367 1978 ῖς
1385 1953 1403 1990 §
1420 1951 1598 1982 Sciendum
1626 1951 1723 1981 etiam
1742 1974 1749 1981 ,
1764 1974 1771 1981 ,
1787 1974 1794 1981 ,
1812 1960 1870 1991 per
1897 1951 2058 1991 principia
2092 1948 2196 1988 §Nec
2220 1947 2318 1978 etiam
2342 1945 2384 1977 ad
2406 1947 2468 1979 im.

248 2000 344 2031 Unde
367 2008 392 2030 et
415 2004 442 2030 in
471 2004 513 2029 his
540 2011 608 2037 quae
635 2004 730 2036 sennis
762 2005 793 2030 et
821 2000 934 2040 prima,
964 2009 1048 2040 quae
1077 1999 1189 2039 seipsis
1217 1998 1328 2029 distin·
1384 2001 1622 2042 perfectionem
1639 2001 1836 2042 cognitionis
1853 2001 1981 2032 divinae
1998 1999 2084 2032 cedit
2107 2001 2134 2031 si
2154 2000 2239 2031 mala
2254 2009 2313 2042 per
2331 2004 2381 2037 pri
2397 2003 2471 2030 bons

247 2058 400 2093 guuntur,
426 2058 542 2083 mutuo
568 2053 617 2082 sui
642 2052 849 2091 negationem
877 2050 1061 2087 includunt,
1085 2051 1209 2081 ratione
1234 2050 1327 2081 cuius
1383 2054 1615 2094 (privationem
1628 2053 1808 2093 bonorum)
1821 2056 2085 2094 cognoscat,qnia
2097 2055 2241 2089 (fluum)
2257 2055 2359 2088 optime
2370 2062 2467 2083 unm

245 2105 413 2145 negativae
438 2104 680 2144 propositiones
705 2104 738 2133 in
755 2103 801 2133 eis
825 2108 900 2133 sunt
925 2102 1142 2138 immediatae,
1163 2107 1208 2137 ut,
1230 2101 1327 2132 Nulla
1381 2110 1506 2143 quodque
1527 2110 1710 2143 cognoscitur,
1731 2105 1807 2146 quia
1826 2105 1950 2136 malum
1966 2109 2035 2134 sicut
2049 2114 2117 2136 non
2134 2107 2213 2134 lubet
2229 2103 2374 2145 (dicitur)
2396 2114 2467 2137 esse

246 2156 407 2196 quantitas
432 2161 479 2186 eSt
503 2155 688 2191 substantia,
714 2158 782 2183 sicut
806 2162 876 2190 patet
900 2157 926 2182 in
950 2157 1035 2191 prima
1059 2157 1246 2190 posteriorum.
1271 2156 1327 2182 Sed
1380 2158 1442 2188 nisi
1472 2158 1669 2198 inquantum
1705 2164 1753 2188 est
1782 2157 1920 2197 privatio
1951 2157 2040 2193 boni¹
2072 2160 2107 2186 it·
2140 2154 2255 2198 (unde)
2283 2155 2477 2188 secundum,

247 2211 321 2236 Deus
343 2210 488 2244 cognoscit,
515 2210 611 2244 Igitur,
643 2205 823 2246 Cognoscit
855 2206 952 2246 igitur
983 2205 1072 2235 Deus
1103 2205 1324 2244 negationem.
1339 2215 1366 2235 ιο
1380 2209 1468 2240 hunc
1492 2209 1600 2240 solum
1617 2209 1755 2240 modurn
1772 2215 1820 2240 est
1836 2208 2074 2249 cognoscibile:
2101 2217 2177 2239 nam
2201 2207 2466 2250 unumquodque

245 2258 384 2289 Privatio
402 2281 410 2288 .
425 2282 431 2288 .
448 2281 454 2288 .
473 2257 663 2288 ostenditur.
693 2256 874 2296 Cognoscit
905 2257 1001 2296 igitur
1035 2256 1261 2296 privationem,
1294 2261 1325 2286 et
1380 2266 1540 2301 quantum
1575 2261 1672 2291 habet
1706 2260 1747 2291 de
1780 2269 1860 2295 esse,
1891 2265 2018 2290 tantum
2053 2259 2149 2290 habet
2183 2258 2224 2290 de
2260 2254 2466 2299 cognoscibi-

245 2319 303 2350 per
327 2319 532 2349 consequens
556 2308 690 2344 malurn,
708 2307 799 2348 quod
823 2311 954 2344 quaedam
973 2311 1083 2344 privatio
1101 2315 1142 2336 est
1167 2307 1259 2345 (nihil
1277 2312 1324 2337 est
1380 2311 1478 2341 litate,

246 2360 333 2392 aliud
350 2369 448 2400 quam
466 2359 602 2399 privatio
621 2359 746 2389 debitae
764 2355 998 2398 perfectionis.)
1015 2358 1031 2374 ⁴*
1051 2356 1081 2398 (ἓ
1098 2357 1274 2388 Praeterea.
1291 2357 1324 2388 Si

246 2413 335 2443 Deus
352 2412 521 2451 cognoscit
538 2420 652 2441 omnes
677 2411 800 2451 species
827 2420 944 2446 rerum,
970 2415 1005 2440 ut
1029 2419 1125 2450 supra
1150 2410 1323 2450 probatum
1571 2422 1652 2463 Cap·
1678 2422 1805 2453 Lxxn·
1831 2421 1929 2460 QUOD
1954 2422 2041 2452 [33⁰5
2066 2431 2122 2452 nst·
2145 2431 2278 2452 voum&

246 2469 303 2500 est,
321 2469 352 2494 et
369 2464 464 2494 etiam
482 2473 499 2494 a
517 2462 711 2503 quibusdam
728 2462 932 2502 philosophis
943 2466 1079 2498 probatur
1090 2461 1281 2492 conceditur
1294 2467 1325 2492 et
1339 2471 1363 2491 ⁴5
2417 2492 2419 2494 .

246 2515 410 2556 probatur,
428 2519 558 2554 oportet
576 2513 667 2554 quod
683 2520 860 2553 cognoscat
884 2513 1052 2544 contraria.
1070 2512 1159 2543 Tum
1184 2513 1260 2552 quia
1274 2535 1281 2542 .
1295 2535 1301 2542 .
1317 2535 1324 2542 .
1426 2516 1627 2557 §Expeditis
1651 2517 1700 2547 his
1729 2525 1813 2557 quac
1837 2515 1877 2547 ad
1902 2515 2003 2547 divini
2030 2515 2214 2547 intellectus
2241 2515 2466 2556 coguitionem
2492 2522 2664 2541 ηηι-ιιο
2674 2515 2708 2546 (ρ.

245 2567 277 2597 in
303 2577 321 2596 x
338 2566 480 2606 metaph.
506 2564 569 2596 Sed
585 2565 618 2595 in
635 2565 804 2595 contrariis
821 2564 1000 2595 includitur
1016 2565 1185 2605 oppositio
1202 2563 1327 2595 formae
1382 2568 1555 2607 pertinent,
1580 2577 1669 2598 nunc
1693 2573 1790 2598 restat
1813 2571 1939 2604 prosequi
1959 2578 1989 2596 ea
2008 2578 2078 2604 quae
2097 2571 2129 2597 nd
2147 2570 2310 2596 voluntatem
2330 2573 2432 2604 spoem
2448 2569 2467 2588 θ
2491 2575 2502 2585 ·
2547 2558 2556 2569 ’
2592 2579 2639 2610 ‘m
2654 2579 2709 2603 φ..

246 2623 277 2648 et
294 2617 491 2658 privationis,
510 2621 584 2654 Ergo
603 2623 711 2652 oportet
729 2620 802 2653 quod
818 2620 893 2646 Deus
907 2623 1061 2654 cognoscat,
1079 2621 1114 2646 ut
1134 2615 1254 2646 ibidem
1270 2615 1326 2646 ha-
1382 2618 1602 2659 (considerare
1619 2619 1660 2650 de
1683 2619 1745 2650 Dei
1769 2617 1961 2661 voluntate.)
1989 2623 2044 2648 Has
2063 2623 2134 2648 enim
2157 2622 2224 2648 duas
2242 2622 2410 2655 operationes
2426 2621 2467 2647 'n-
2491 2602 2566 2625 ‘m
2630 2632 2633 2635 *

245 2669 348 2699 betur.
373 2668 459 2708 Ergo
485 2673 614 2708 oportet
631 2667 721 2708 quod
747 2667 836 2698 Deus
853 2673 1030 2707 cognoscat
1054 2667 1270 2707 privationem
1295 2671 1326 2696 et
1382 2674 1504 2700 venimus
1523 2675 1549 2700 in
1568 2674 1715 2700 substantia
1733 2674 1902 2708 intelligente,
1925 2682 1957 2700 ex
1980 2682 2033 2708 qua
2057 2673 2230 2708 propinquius
2249 2674 2282 2699 ad
2305 2672 2354 2699 Dei
2377 2672 2470 2707 cogni-

245 2729 302 2760 Pel'
326 2729 531 2760 consequens
555 2717 702 2755 malum.)
730 2720 746 2735 ³*
763 2720 780 2758 ἓ
797 2719 924 2749 Adhuc·
951 2718 1039 2749 Deus
1064 2718 1234 2758 cognoscit
1258 2727 1326 2748 non
1343 2730 1368 2750 5⁰
1382 2726 1482 2752 tionem
1501 2727 1651 2752 accedimus
1670 2727 1738 2752 sicut
1756 2734 1787 2752 ex
1806 2726 1957 2760 proximiori
1976 2733 2027 2751 suo
2044 2730 2162 2751 eausam.
2181 2725 2362 2751 Ostendemus
2377 2729 2466 2752 autem

245 2772 352 2802 solum
366 2795 373 2802 .
385 2795 392 2802 .
403 2795 410 2802 .
421 2771 645 2812 privationem.
655 2770 756 2808 Quod
770 2771 856 2801 enim
871 2776 977 2811 potest
991 2780 1069 2806 esse,
1084 2774 1191 2810 potest
1204 2769 1301 2800 etiam
1310 2770 1327 2786 ⁴*
1383 2776 1470 2810 primo
1483 2776 1568 2802 Deum
1582 2784 1643 2802 esse
1655 2777 1798 2802 volentem.
1811 2776 1890 2807 Quod
1903 2784 1935 2803 ex
1948 2776 2088 2810 praedictis
2107 2775 2278 2802 manifestum
2289 2783 2351 2801 esse
2369 2779 2469 2809 potsse

245 2833 311 2854 non
326 2833 404 2854 esse.
419 2823 505 2863 Ergo
519 2823 607 2853 Deus
621 2823 790 2862 cognoscit
803 2822 1029 2862 privationem,
1043 2827 1074 2852 et
1095 2821 1140 2851 sic
1157 2820 1327 2861 cognoscit
1387 2826 1528 2853 obiectum
1547 2828 1616 2853 enim
1629 2828 1655 2853 in
1674 2833 1734 2853 actu
1746 2827 1886 2854 onuslibet
1897 2828 2028 2861 potentiae
2041 2827 2120 2853 simul
2139 2832 2180 2852 est
2193 2834 2253 2852 eum
2274 2826 2332 2860 ipss
2350 2826 2467 2860 ponnus

245 2885 303 2916 per
327 2884 531 2915 consequens
549 2874 682 2904 malum.
707 2875 725 2912 §
742 2873 832 2904 item.
852 2873 883 2903 Si
903 2873 992 2903 Deus
1009 2872 1179 2912 cognoscit
1205 2871 1328 2912 aliquid
1386 2884 1413 2904 et
1436 2879 1554 2912 quodam
1579 2879 1660 2904 modo
1684 2886 1767 2905 unum
1790 2886 1852 2904 cum
1870 2878 1935 2912 ipsa.
1961 2879 2028 2904 sicut
2053 2878 2179 2904 sensibile
2202 2878 2228 2904 in
2250 2883 2308 2904 actu
2334 2877 2407 2904 idm
2422 2879 2466 2904 est

246 2934 330 2956 extra
347 2937 376 2956 se
395 2925 481 2956 aliud
506 2936 523 2956 a
547 2935 591 2961 sc,
616 2925 756 2955 maxime
774 2931 953 2965 cognoscet
973 2924 1063 2965 quod
1080 2930 1127 2955 est
1152 2924 1325 2964 optimum.
1382 2937 1444 2956 cum
1463 2935 1490 2955 et
1509 2937 1604 2955 sensus
1624 2931 1649 2955 in
1668 2935 1727 2955 actu
1746 2935 1808 2955 sunt
1827 2930 1917 2960 simul.
1935 2935 1962 2955 et
1983 2930 2102 2956 similiter
2123 2930 2284 2963 intelligibile
2305 2934 2365 2955 actu
2382 2934 2409 2956 et
2426 2930 2467 2956 in-

247 2980 321 3010 Hoc
345 2984 454 3008 autem
471 2983 518 3008 cst
534 2976 615 3007 ordo
634 2978 774 3007 universi
792 2980 818 3005 in
838 2987 891 3013 quo
911 2980 1017 3013 quidem
1037 2983 1101 3006 sunt
1113 2980 1152 3005 ⁶11¹
1171 2975 1211 3006 ad
1228 2985 1327 3016 quem
1343 2988 1366 3009 55
1383 2982 1504 3007 tellectus
1517 2982 1543 3007 in
1556 2987 1624 3010 actu,
1639 2982 1724 3008 immo
1736 2987 1799 3007 sunt
1810 2982 1927 3015 quodam
1941 2982 2022 3007 modo
2038 2989 2132 3008 unum.
2148 2982 2176 3007 ln
2195 2989 2367 3015 quocumque
2387 2981 2466 3015 ig'mu·

247 3031 329 3060 sicut
345 3028 385 3059 ad
405 3027 503 3059 finem
526 3027 635 3058 omnia
660 3027 865 3068 particularia
886 3028 972 3058 bona
989 3028 1190 3063 ordinantur,
1210 3036 1239 3056 ut
1257 3035 1328 3064 patet
1384 3032 1515 3058 invenitur
1529 3032 1662 3058 obiectum
1681 3032 1782 3058 actuale
1801 3040 1896 3058 sensus
1914 3033 1956 3058 vel
1976 3033 2123 3058 intellectus
2141 3033 2183 3058 vel
2203 3033 2354 3063 voluntatis.
2371 3023 2407 3058 ibi
2424 3037 2468 3061 ost

247 3092 294 3118 per
313 3083 499 3116 philosophum
519 3083 543 3107 in
562 3090 588 3107 xi
608 3081 723 3114 metaph.
745 3078 780 3108 ln
811 3078 924 3109 ordine
952 3078 1090 3120 (autem)
1115 3079 1255 3110 universi
1274 3102 1280 3109 .
1296 3102 1303 3109 .
1319 3102 1326 3109 .
1385 3093 1489 3117 sensus,
1509 3086 1656 3112 intellectus
1676 3086 1742 3121 (vel)
1755 3085 1887 3113 voluntas.
1899 3085 2041 3112 obiectum
2054 3091 2143 3123 autem
2155 3086 2257 3112 actuale
2269 3086 2412 3112 voluntatis
2424 3089 2473 3114 ost.

249 3132 417 3171 cognoscit
442 3131 537 3170 igitur
562 3130 654 3160 mala.
676 3131 693 3168 §
711 3130 890 3161 Praeterea.
918 3131 951 3161 ln
977 3131 1071 3161 nobis
1089 3155 1095 3161 .
1110 3154 1117 3161 .
1132 3154 1139 3162 .
1157 3136 1326 3161 ostensum
1384 3138 1487 3164 bonum
1505 3138 1676 3167 intellectum.
1696 3142 1726 3163 ut
1743 3143 1814 3171 patet
1832 3137 1858 3163 in
1876 3138 1952 3164 tertio
1971 3138 2004 3164 de
2017 3138 2113 3164 anima.
2123 3138 2180 3163 Hoc
2193 3142 2282 3164 autem
2301 3138 2328 3163 in
2346 3137 2465 3173 Ducat,

249 3188 304 3212 est.
336 3185 418 3210 Nullo
447 3185 532 3218 igitur
564 3184 644 3210 modo
676 3184 780 3217 aliquid
811 3181 900 3211 Nihil
933 3182 1029 3221 igitur
1061 3182 1211 3222 prohibet
1247 3182 1326 3222 quin
1385 3190 1447 3224 quia
1466 3191 1522 3223 ipse
1541 3195 1583 3215 est
1601 3190 1748 3222 intelligens
1767 3196 1843 3215 suam
1863 3189 2016 3220 bonitatem.
2029 3194 2153 3222 quaeest
2167 3197 2247 3215 suum
2266 3196 2337 3216 uso.
2354 3188 2426 3222 Ergo
2438 3189 2464 3214 in

250 3234 338 3264 Deus
354 3233 436 3263 mala
453 3239 639 3272 cognoscat.
665 3234 682 3271 §
699 3233 787 3263 Huic
812 3239 922 3263 autem
948 3239 1108 3264 consonat
1125 3257 1132 3263 .
1147 3257 1154 3263 .
1170 3257 1176 3264 .
1191 3234 1328 3264 abscon·
1341 3240 1369 3261 6ο
1384 3249 1416 3267 00
1435 3246 1477 3267 est
1493 3242 1629 3267 voluntas.
1650 3237 1667 3254 ⁴*
1680 3235 1742 3278 (Ex
1766 3237 1831 3268 hoc
1852 3237 1942 3268 enim
1970 3236 2062 3278 quod
2085 3237 2175 3268 Deus
2199 3242 2246 3268 est
2269 3235 2463 3276 intelligens,
2491 3241 2527 3265 lh.
2543 3247 2581 3269 m„
2595 3240 2639 3264 lat.

250 3285 328 3321 dita;
353 3286 370 3302 ⁴*
387 3289 422 3314 Et
441 3289 466 3313 in
488 3288 539 3317 iob,
566 3288 662 3313 Viden,
687 3288 856 3321 iniquitatem
883 3296 972 3314 nonne
991 3289 1155 3319 considerat,
1175 3289 1277 3314 dicitur
1295 3289 1329 3314 de
1384 3289 1533 3330 sequitur
1557 3287 1648 3329 quod
1673 3289 1713 3319 sit
1737 3288 1861 3319 volens,
1881 3287 1968 3319 Cum
1994 3289 2082 3319 enim
2106 3288 2232 3320 bonum
2261 3286 2464 3319 intellectum

252 3340 322 3370 Deo;
341 3345 367 3364 et
385 3341 410 3365 in
429 3340 471 3365 iob
494 3340 526 3364 de
551 3339 608 3365 Deo
630 3340 731 3370 dicitur,
754 3339 855 3366 Videris
876 3341 1037 3374 iniquitatem
1060 3348 1146 3366 nonne
1166 3339 1328 3366 considerat?
1383 3340 1422 3370 sit
1447 3340 1613 3371 obiectum
1640 3337 1840 3380 [proprium]
1865 3338 2051 3379 voluntatis,
2071 3343 2202 3380 oportet
2221 3336 2313 3378 quod
2337 3337 2464 3370 bonum

251 3395 276 3415 ct
297 3391 340 3416 dio
364 3398 400 3416 vu
418 3398 432 3416 c
451 3391 484 3415 de
507 3391 532 3415 di
556 3398 591 3415 no
613 3397 691 3423 comp
715 3391 774 3416 dicit
798 3392 869 3424 quod
896 3391 966 3416 Deus
991 3391 1040 3416 hoc
1064 3392 1145 3417 modo
1169 3399 1217 3424 per
1235 3400 1264 3417 se
1283 3400 1327 3417 co·
1384 3391 1584 3422 intellectum
1621 3391 1815 3430 inquantum
1851 3388 2042 3421 huiusmodi
2075 3389 2117 3420 tit
2149 3387 2299 3419 volitum.
2337 3387 2464 3420 intelle-

251 3443 350 3475 gnoscit
367 3442 456 3467 omnia
474 3442 542 3468 sicut
559 3442 684 3467 tenebrae
702 3448 896 3475 cognoscuntur
917 3450 964 3475 per
983 3444 1067 3468 lucem
1091 3438 1137 3480 (et
1153 3440 1207 3470 iob
1226 3450 1256 3471 xl
1279 3440 1326 3471 di·
1383 3447 1473 3472 ctum
1491 3464 1498 3471 .
1514 3465 1521 3472 .
1535 3464 1543 3471 .
1562 3441 1710 3481 intelligit
1734 3441 1871 3471 bonum.
1896 3439 1984 3471 Cum
2009 3439 2096 3470 enim
2115 3439 2156 3469 sit
2180 3437 2321 3479 perfecte
2346 3437 2465 3471 intelli-

253 3491 342 3526 citur,
367 3490 438 3530 lpse
468 3491 559 3521 novit
587 3491 761 3521 hominurn
791 3491 974 3527 vanitatem,
1006 3497 1037 3521 et
1068 3491 1181 3521 videns
1208 3491 1328 3531 iniqui·
1341 3498 1366 3524 ες
1382 3501 1473 3532 genS,
1490 3497 1525 3522 ut
1550 3501 1588 3522 ex
1605 3500 1702 3531 supra
1719 3490 1812 3521 dictis
1828 3494 1926 3531 patet,
1946 3500 2000 3519 non
2018 3488 2169 3528 intelligit
2192 3498 2249 3519 ens
2273 3488 2370 3520 simul
2386 3498 2463 3520 cum

252 3545 350 3570 tatem
374 3550 483 3571 nonne
511 3540 726 3577 considerati)
751 3543 769 3580 ἓ
785 3541 961 3572 Sciendum
992 3549 1101 3572 autem
1125 3542 1215 3582 quod
1243 3543 1326 3574 circa
1382 3543 1507 3573 ratione
1524 3543 1613 3573 boni.
1640 3542 1696 3573 Est
1713 3542 1808 3582 igitur
1825 3541 1948 3572 volens.
1968 3541 1987 3579 fi
2003 3539 2131 3570 Adhuc.
2149 3539 2359 3581 Cuicumque
2381 3540 2464 3571 inest

253 3593 473 3631 cognitionem
493 3592 569 3623 mali
593 3598 624 3623 et
648 3593 836 3632 privationis
857 3592 945 3623 aliter
969 3603 1002 3623 se
1026 3593 1122 3624 habet
1145 3593 1327 3624 intellectus
1383 3595 1490 3634 aliqua
1507 3593 1622 3630 forma,
1639 3594 1735 3624 habet
1753 3602 1809 3634 pel·
1826 3592 1913 3623 illam
1933 3590 2071 3622 formam
2095 3591 2320 3622 habitudinem
2343 3595 2462 3622 similitu-

253 3641 381 3672 divinus
404 3648 501 3682 atque
525 3643 615 3673 aliter
638 3643 820 3673 intellectus
846 3649 966 3673 noster.
991 3643 1073 3674 Nam
1099 3653 1175 3674 cum
1203 3643 1327 3675 intelle·
1383 3649 1450 3674 dinis
1469 3649 1511 3674 vel
1531 3648 1746 3674 dissimilitudinis
1758 3643 1799 3675 ad
1814 3653 1852 3674 ea
1864 3652 1948 3683 quae
1966 3642 2090 3673 suntin
2107 3652 2214 3674 rerum
2231 3648 2355 3674 natura.
2371 3642 2463 3675 Sicut
2483 3680 2486 3683 ¹

254 3697 324 3722 ctus
348 3698 458 3722 noster
480 3693 620 3732 singulas
636 3703 685 3723 res
702 3702 759 3733 per
776 3692 944 3734 (singulas)
965 3695 1088 3734 species
1110 3694 1254 3734 proprias
1271 3703 1327 3724 co·
1382 3695 1507 3736 lignum
1524 3695 1635 3726 album
1652 3704 1710 3735 per
1725 3703 1817 3725 suam
1833 3691 2028 3728 albedinem,
2045 3698 2093 3724 est
2117 3693 2279 3734 aliquibus
2302 3692 2407 3724 simile
2431 3698 2463 3724 et

254 3748 389 3784 gnoscat
412 3748 442 3773 et
465 3742 612 3780 diversas,
629 3744 662 3774 id
678 3744 768 3784 quod
784 3750 831 3775 est
849 3745 880 3774 in
898 3751 972 3775 actu
989 3746 1158 3785 cognoscit
1182 3755 1238 3786 per
1255 3755 1327 3786 spe·
1341 3760 1368 3780 70
1383 3746 1578 3787 quibusdam
1596 3745 1761 3777 dissimile.
1784 3744 1819 3775 ln
1839 3743 2038 3783 intelligente
2057 3767 2063 3774 .
2079 3767 2086 3775 .
2101 3767 2109 3775 .
2126 3743 2307 3776 secundum
2324 3743 2462 3776 modum

254 3794 338 3824 ciem
361 3793 595 3833 intelligibilem
619 3803 676 3834 per
700 3804 798 3834 quarn
819 3805 858 3824 est
879 3794 940 3836 (fir)
974 3796 1156 3827 intellectus
1180 3797 1213 3827 in
1243 3803 1326 3828 actu.
1382 3798 1563 3838 utriusque.
1589 3800 1635 3826 Fit
1655 3802 1748 3826 autem
1766 3799 1816 3824 Ιιοε
1836 3805 1888 3831 per
1910 3798 1960 3824 hoc
1979 3795 2086 3826 Habet
2111 3801 2220 3826 autem
2238 3818 2245 3826 .
2259 3818 2290 3827 ..
2307 3794 2399 3836 quod
2422 3795 2463 3826 sit

327 3911 343 3936 b
355 3910 390 3943 ⁴⁶
410 3910 540 3944 Expeditis
563 3910 621 3944 etc-1
642 3911 790 3943 Capitulum
810 3920 876 3938 ωιιιι
896 3920 1111 3947 argumentorum
1130 3915 1319 3940 ordinationem
1338 3922 1418 3949 quam
1438 3923 1507 3941 nunc
1525 3915 1603 3941 habet
1621 3913 1719 3948 accepit
1738 3913 1764 3938 ln
1782 3918 1855 3946 parte
1874 3920 1920 3946 per
1938 3914 2170 3946 transpositionem
2190 3911 2461 3947 peragi-:phormia-

256 3954 365 3980 dicatam
389 3962 436 3988 per
455 3955 550 3980 litteras
570 3954 725 3980 maiusculas
746 3956 777 3985 Α,
793 3957 821 3986 Β,
835 3957 864 3984 C.
883 3957 909 3982 in
929 3958 1045 3991 margine
1063 3959 1216 3992 autographi
1235 3960 1342 3992 positas.
1363 3960 1525 3985 Praecedens
1549 3958 1678 3985 ordinatio
1705 3962 1812 3992 apparet
1830 3965 1860 3982 ex
1880 3958 1997 3982 numeris
2017 3965 2083 3991 quas
2112 3965 2161 3983 noo
2186 3957 2212 3983 in
2236 3956 2353 3990 margine
2371 3955 2461 3983 adiun-

258 4005 351 4030 gimus.
