2768 4134
11 2525 21 2538 ⁸
37 2524 74 2549 Cf.
85 2530 224 2554 cop-xxxiv.

617 279 805 317 SUMMA
834 278 1056 316 CONTRA
1085 277 1360 323 GENTILES‚
1389 280 1483 316 LlB.
1504 281 1545 326 ll,
1575 281 1687 318 CAP.
1708 283 1879 329 XXXVI,
1900 284 2086 320 XXXVII.

2373 285 2447 323 353

255 360 437 401 praeterito.
462 359 504 389 Et
528 359 582 395 sic,
602 358 629 388 si
652 357 774 397 aliquid
797 357 893 387 habet
917 356 1067 386 virtutem
1083 361 1119 385 ut
1135 356 1174 384 sit
1190 364 1326 394 semper,
1353 360 1355 376 ¹
1381 356 1498 387 tendit:
1524 358 1639 388 dicitur
1662 360 1752 399 quod
1782 361 1845 391 hoc
1870 368 2070 402 assumptum
2099 372 2166 393 non
2197 364 2312 403 probat
2336 373 2449 396 conse-

256 405 402 445 sequitur
426 403 517 444 quod
539 413 597 444 per
619 402 772 432 virtutem
796 411 861 441 qua
882 410 971 431 nunc
995 406 1056 436 est,
1081 400 1177 430 etiam
1201 408 1328 439 semper
1353 410 1356 419 ¹

255 449 351 480 fuerit
374 449 408 479 in
431 449 618 488 praeterito:
643 456 692 477 res
716 447 804 476 enim
827 445 939 476 tandiu
965 445 1062 475 habet
1090 453 1158 474 esse
1183 443 1327 483 quandiu

256 494 325 524 eius
347 493 448 524 virtus
472 492 598 524 essendi
621 501 655 522 se
679 490 831 521 extendit.
862 490 904 520 Et
927 490 971 520 sic
995 499 1052 530 per
1081 489 1164 519 hanc
1194 497 1327 528 respon-

255 538 382 568 sionem
405 548 474 568 non
497 536 624 568 videtur
647 540 838 575 argumento
863 544 930 565 esse
954 533 1160 564 satisfactum.

255 627 357 667 possit
372 627 532 667 respicere
555 624 763 666 praeteritum
784 623 998 659 materialiter,
1016 622 1092 663 quia
1107 621 1256 652 videlicet
1271 630 1330 660 per

254 673 359 712 ipsam
373 681 424 701 res
442 671 550 710 aliqua
561 668 721 709 producta
737 668 811 705 fuit;
829 678 897 699 non
912 674 1021 698 tamen
1037 667 1137 697 virtus
1153 665 1330 696 formaliter

255 720 394 755 sumpta,
410 721 447 746 ut
462 715 583 745 scilicet
599 714 728 754 respicit
742 713 958 753 producibile,
975 712 1183 752 praeteritum
1200 710 1329 750 respicit

254 759 441 796 formaliter,
465 759 548 789 idest
570 759 630 788 sub
660 759 784 788 ratione
815 757 1025 798 producibilis
1053 766 1111 796 per
1135 765 1216 786 eam.
1241 754 1328 784 Nihil

255 804 343 834 enim
366 804 462 835 habet
486 803 637 833 virtutem
664 802 705 833 ad
732 801 982 843 producendum
1005 810 1073 831 rem
1097 809 1182 840 quae
1205 804 1329 840 praete—

254 849 323 885 riit;
353 858 463 888 neque
494 857 545 878 res
576 848 746 888 praeterita
777 846 988 887 producibilis
1019 846 1179 876 rationem
1211 844 1328 874 habere

253 898 372 934 potest,
388 899 425 923 ut
448 892 570 924 scilicet
593 893 731 932 produci
755 892 857 931 possit
879 890 913 921 id
936 890 1028 930 quod
1051 895 1099 920 est
1121 889 1327 929 praeteritum

253 939 450 978 inquantum
473 936 680 974 huiusmodi;
704 942 736 967 et
765 937 792 966 si
819 934 942 975 aliquid
971 944 1030 974 per
1058 934 1208 964 virtutem
1236 941 1328 963 suam

253 981 407 1022 produxit
438 983 470 1012 in
501 988 648 1022 tempore
678 980 850 1022 praeterito
882 980 1024 1019 aliquem
1055 977 1218 1013 effectum,
1250 982 1327 1007 tunc

253 1033 383 1067 tempus
407 1026 539 1067 quando
563 1025 716 1067 produxit
734 1034 802 1055 non
826 1029 893 1055 erat
915 1023 1134 1064 praeteritum,
1155 1021 1212 1053 sed
1236 1031 1328 1062 prae—

254 1081 337 1102 sens.
361 1071 514 1102 Similiter
536 1080 605 1101 non
628 1075 736 1111 potest
760 1068 882 1109 aliquid
905 1068 1086 1109 producere
1116 1068 1149 1097 in
1179 1072 1328 1106 tempore

253 1115 466 1157 praecedente
490 1125 559 1146 esse
577 1115 718 1145 virtutis:
744 1119 874 1154 oportet
889 1113 977 1143 enim
993 1113 1143 1143 virtutem
1160 1117 1216 1142 aut
1231 1111 1327 1141 simul

252 1167 402 1201 tempore
425 1170 494 1191 esse
518 1169 594 1190 cum
619 1158 736 1190 effectu
751 1164 807 1189 aut
822 1159 921 1198 prius,
937 1166 1006 1188 non
1023 1162 1132 1187 autern
1156 1157 1326 1197 posterius.

253 1204 331 1236 Ideo
355 1205 455 1235 virtus
478 1203 614 1240 essendi,
638 1209 674 1234 ut
698 1203 890 1244 productiva
905 1212 974 1233 esse
991 1201 1177 1238 formaliter,
1194 1210 1262 1231 non
1279 1210 1328 1231 re—

253 1247 348 1290 spicit
371 1259 439 1280 esse
460 1254 497 1280 ut
515 1249 734 1289 praeteritum,
751 1247 808 1278 sed
824 1253 860 1277 ut
876 1257 1026 1288 praesens
1043 1252 1097 1276 aut
1113 1251 1149 1276 ut
1166 1244 1326 1276 futurum:

252 1294 328 1325 licet
350 1294 420 1335 ipsa
443 1293 557 1326 eadem
577 1293 682 1323 forma
706 1302 774 1323 esse
791 1292 893 1332 possit
908 1302 926 1322 a
943 1301 1006 1332 qua
1023 1292 1055 1321 in
1072 1296 1219 1331 ternpore
1236 1300 1327 1331 prae-

253 1339 348 1370 mrito
360 1336 500 1375 res'fuit‚
517 1343 549 1368 et
564 1347 652 1368 nunc
677 1343 724 1368 est
748 1347 784 1367 ac
807 1337 841 1367 in
865 1335 1011 1367 futurum
1028 1336 1103 1371 erit;
1123 1335 1179 1365 sed
1195 1334 1328 1375 quando

253 1383 315 1414 fuit
338 1392 434 1414 causa
458 1382 584 1413 essendi
614 1383 647 1412 in
677 1388 827 1422 tempore
856 1391 946 1412 nunc
975 1381 1071 1411 nobis
1100 1380 1272 1420 praeterito
1297 1385 1329 1409 et

253 1428 373 1465 virtuti,
397 1428 478 1459 illud
505 1433 633 1468 tempus
663 1436 814 1468 praesens
844 1431 920 1462 erat,
944 1435 1012 1456 non
1036 1425 1254 1465 praeteritum.
1279 1424 1328 1455 Ex

254 1473 373 1514 quibus
395 1478 483 1514 patet
506 1471 597 1513 quod
616 1473 715 1502 virtus
739 1470 866 1502 essendi
889 1470 1070 1501 necessario
1094 1469 1328 1510 praesupponit

253 1518 448 1548 substantiae
471 1516 740 1558 productionem:
765 1525 841 1546 cum
864 1525 931 1546 non
955 1515 1058 1555 possit
1080 1514 1180 1544 virtus
1204 1513 1327 1544 formae

253 1571 384 1592 causare
408 1571 477 1592 esse
500 1567 590 1592 tanto
615 1566 670 1591 aut
696 1566 787 1591 tanto
817 1566 965 1600 tempore
993 1559 1055 1590 nisi
1078 1558 1117 1588 sit
1139 1558 1172 1588 in
1196 1564 1271 1589 actu
1294 1559 1327 1588 in

252 1612 401 1647 tempore
424 1607 457 1637 in
481 1615 549 1647 quo
574 1611 699 1641 causat;
728 1615 796 1635 non
825 1605 912 1635 enim
942 1609 1051 1644 potest
1073 1603 1173 1633 virtus
1197 1612 1327 1633 causare

253 1651 386 1692 quando
397 1660 465 1682 non
478 1656 535 1687 est,
547 1651 623 1691 quia
635 1650 735 1680 virtus
748 1649 957 1690 praeteritum
969 1648 1061 1679 nullo
1074 1647 1175 1678 modo
1188 1648 1328 1688 respicit.

309 1695 397 1727 Cum
412 1705 490 1735 ergo
507 1695 659 1735 arguitur,
674 1694 799 1725 Eadem
817 1694 920 1725 virtus
930 1697 1040 1734 potest
1049 1692 1251 1733 produxisse
1266 1692 1328 1722 ali-

252 1740 331 1782 quid
353 1740 387 1771 in
405 1740 622 1781 praeteritum
646 1749 730 1780 quae
749 1748 836 1770 nunc
854 1738 1011 1779 producit
1027 1737 1153 1778 aliquid
1177 1737 1209 1767 in
1228 1747 1328 1778 prae-

251 1785 335 1816 senti
358 1790 417 1816 aut
439 1785 472 1815 in
488 1785 613 1827 futuro
631 1784 804 1825 producet.
828 1783 934 1825 Ergo,
953 1783 982 1814 si
1005 1781 1132 1823 aliquid
1152 1782 1248 1812 habet
1262 1782 1327 1811 vir-

253 1834 351 1860 tutem
376 1834 412 1860 ut
433 1829 476 1860 sit
497 1838 632 1870 semper,
656 1829 804 1869 sequitur
828 1833 863 1858 ut
887 1837 950 1868 per
974 1827 1123 1858 virtutem
1153 1835 1217 1867 qua
1242 1836 1329 1857 nunc

252 1879 308 1911 est,
323 1874 437 1916 suerit
450 1881 594 1914 semper:
608 1879 744 1914 negatur
760 1872 1004 1912 consequentia.
1021 1872 1063 1902 Et
1079 1880 1155 1901 cum
1174 1871 1329 1911 probatur

252 1919 329 1960 quia
351 1918 463 1949 tandiu
487 1928 536 1949 res
560 1919 656 1949 habet
681 1927 750 1948 esse
774 1917 918 1958 quandiu
942 1917 1042 1947 virtus
1066 1915 1192 1946 essendi
1216 1925 1250 1946 se
1275 1925 1328 1946 ex-

1354 740 1357 779 5

1354 782 1357 810 1

1354 843 1357 858 Ι

1382 402 1557 439 quentiam.
1582 403 1690 433 Virtus
1714 405 1801 434 enim
1825 415 1951 445 semper
1975 407 2098 437 essendi
2118 417 2186 437 non
2202 418 2236 439 se
2253 409 2392 440 extendit
2409 410 2449 440 ad

1381 446 1598 495 praeteritum,
1619 448 1740 478 scilicet
1764 455 1799 479 ut
1822 450 1923 488 possit
1947 451 2067 490 aliquid
2091 461 2219 483 causare
2243 454 2276 483 in
2300 455 2448 494 tempOre

1382 494 1564 527 praeterite,
1584 490 1640 520 sed
1663 497 1788 522 tantum
1812 493 1851 523 ad
1875 493 2029 524 futurum.
2055 496 2130 526 Ideo
2156 506 2193 526 ex
2217 498 2285 537 ipsa
2301 499 2382 528 bene
2399 509 2447 530 se-

313 582 330 612 3
366 581 596 623 Respondetur
619 580 709 620 quod
745 580 820 610 licet
843 580 942 610 virtus
970 578 1173 609 materialiter
1199 582 1329 617 sumpta
1354 560 1356 582 ³
1382 538 1492 572 qmtur
1515 534 1605 573 qUOd
1635 535 1755 565 habens
1786 537 1882 566 talem
1907 539 2065 576 virtutem,
2091 547 2247 580 quantum
2271 548 2317 572 θεῖ
2342 552 2379 573 ex
2402 553 2446 580 ⁵22

335 605 342 612 ·
712 603 720 616 2

1383 585 1510 627 semper
1525 578 1558 607 in
1575 577 1720 609 futurum
1736 581 1810 610 erit:
1828 590 1894 611 non
1912 588 2019 613 autem
2036 585 2126 623 quod
2142 586 2180 615 ab
2196 592 2325 617 aeterno
2342 587 2446 624 fuerit,

1383 631 1443 651 msr
1463 628 1666 661 supponatur
1689 624 1791 663 ipsam
1811 626 1959 656 virtutem
1984 628 2107 658 essendi
2130 630 2168 659 ab
2193 636 2322 661 aeterno
2339 631 2446 662 fuisse.

1382 665 1517 705 Propter
1541 666 1603 696 hoc
1629 668 1710 697 bene
1734 669 1839 708 inquit
1863 669 1996 700 Sanctus
2019 672 2162 703 Thomas
2186 675 2284 714 quod,
2309 685 2384 706 cum
2407 676 2448 707 de

1384 710 1600 750 productione
1629 713 1823 743 substantiae
1851 714 1930 743 caeli
1960 716 2072 754 agitur,
2097 717 2165 747 talis
2194 719 2292 749 virtus
2323 721 2447 751 essendi

1382 755 1641 794 sempiternitatis
1665 756 1826 787 sufficiens
1850 765 2075 797 argumentum
2099 771 2166 791 esse
2190 771 2256 792 non
2279 769 2394 802 potest.

1438 799 1490 829 III.
1516 799 1566 829 Ad
1590 800 1727 835 tertiam,
1745 807 1840 842 negat
1864 808 2075 842 assumptum.
2100 805 2167 835 Nec
2183 808 2330 845 probatio
2347 809 2445 839 valet:

1383 844 1468 883 quia,
1486 849 1522 873 ut
1538 853 1575 873 ex
1592 854 1688 884 supra
1704 845 1795 876 dictis
1811 852 1908 886 patet,
1922 848 2042 887 absque
2058 850 2236 880 mutatione
2249 851 2309 880 Dei
2328 853 2448 891 agentis

1382 893 1490 928 potest
1513 898 1582 918 esse
1606 890 1695 928 quod
1720 900 1843 921 novum
1867 897 1939 931 agat
1963 898 1994 922 et
2017 902 2083 922 non
2108 894 2348 933 sempiternum.

1438 932 1489 962 Ad
1517 938 1685 972 quartam,
1717 942 1812 975 negat
1839 937 2116 975 consequentiam.
2145 938 2230 975 Quia
2257 940 2446 970 naturalium

1382 978 1546 1017 agentium
1577 978 1712 1009 intentio
1744 980 1783 1009 ad
1815 981 1994 1020 specierum
2023 983 2268 1021 perpetuitatem
2297 993 2449 1024 praesup-

1382 1023 1475 1061 ponit
1498 1022 1653 1052 naturalia
1677 1024 1802 1062 agentia
1826 1025 1889 1054 iarn
1913 1025 2081 1064 producta.

1436 1066 1487 1096 Ad
1509 1067 1669 1107 quintam,
1695 1077 1777 1107 quae
1802 1074 1848 1099 est
1872 1070 2069 1107 Aristotelis,
2094 1071 2166 1100 VIII
2190 1071 2286 1112 Phys.
2304 1073 2330 1108 ὕ,
2355 1078 2450 1112 negat

1380 1117 1594 1151 assumptum.
1626 1112 1678 1142 Ad
1709 1114 1800 1143 cuius
1832 1114 2066 1153 probationem,
2095 1116 2200 1155 inquit
2231 1117 2321 1156 quod
2349 1118 2449 1157 magis

1381 1156 1667 1196 sempiternitatem
1691 1163 1799 1187 motus
1823 1161 1978 1198 supponit
2002 1169 2099 1199 quam
2124 1161 2247 1199 probet.
2272 1160 2358 1198 Quia
2381 1172 2449 1192 non

1381 1206 1511 1240 oportet
1534 1210 1633 1231 omne
1656 1202 1775 1232 instans
1800 1212 1867 1232 esse
1892 1204 2086 1243 principium
2103 1210 2134 1234 et
2149 1204 2258 1241 finem,
2274 1206 2334 1236 nisi
2351 1216 2448 1236 omne

1380 1245 1508 1285 signum
1532 1246 1565 1275 in
1589 1251 1737 1285 tempore
1760 1252 1930 1286 acceptum
1961 1248 1999 1278 sit
2029 1248 2172 1279 medium
2203 1250 2284 1280 inter
2307 1251 2394 1290 prius
2418 1257 2449 1281 et

1380 1290 1540 1329 posterius
1557 1290 1590 1320 in
1607 1295 1710 1326 motu,
1732 1290 1822 1330 quod
1841 1297 1887 1321 est
1910 1301 2032 1331 ponere
2056 1299 2182 1323 motum
2207 1295 2446 1334 sempiternum.

1381 1333 1475 1365 Unde
1499 1343 1626 1375 ponens
1649 1340 1777 1365 motum
1793 1345 1860 1365 non
1878 1345 1945 1366 esse
1969 1337 2197 1376 sempiternum
2222 1345 2328 1378 potest
2344 1339 2449 1370 dicere

1380 1379 1523 1419 primum
1547 1379 1668 1409 instans
1691 1381 1847 1419 temporis
1868 1389 1936 1410 esse
1959 1382 2153 1422 principium
2170 1382 2267 1413 futuri
2284 1389 2318 1414 et
2330 1384 2449 1414 nullius

1381 1424 1543 1464 praeteriti
1566 1423 1677 1454 finem.

1436 1468 1487 1499 Ad
1509 1473 1646 1504 sextam,
1671 1478 1755 1509 quae
1779 1470 1875 1499 etiam
1899 1470 2079 1500 Aristotelis
2103 1476 2149 1500 est
2165 1473 2190 1508 ἃ,
2214 1478 2309 1512 negat
2328 1482 2449 1502 assum-

1382 1519 1486 1553 ptum.
1510 1512 1561 1543 Ad
1585 1514 1677 1544 cuius
1702 1513 1938 1554 probationem,
1963 1514 2067 1554 inquit
2091 1516 2189 1555 quod,
2214 1526 2288 1546 cum
2318 1517 2449 1556 ponitur

1381 1558 1470 1598 prius
1494 1567 1561 1588 non
1586 1567 1655 1589 esse
1679 1563 1808 1599 tempus
1833 1568 1930 1598 quam
1947 1568 2025 1595 esse,
2042 1559 2074 1599 ly
2092 1560 2187 1600 prius
2202 1570 2270 1591 non
2286 1562 2378 1601 ponit
2393 1561 2449 1591 ali-

1382 1612 1481 1643 quam
1504 1608 1630 1643 partem
1652 1604 1809 1643 temporis
1832 1604 1865 1633 in
1889 1612 1932 1639 re,
1952 1603 2007 1633 sed
2031 1604 2137 1634 solum
2159 1605 2191 1634 in
2210 1606 2448 1645 imaginatione.

1382 1647 1458 1678 Ideo
1483 1657 1551 1677 non
1575 1648 1721 1688 sequitur
1744 1647 1845 1688 quod,
1869 1648 1895 1677 si
1919 1649 2051 1687 ponitur
2069 1654 2197 1688 tempus
2212 1659 2279 1679 non
2296 1659 2374 1686 esse,
2390 1659 2450 1690 po-

1382 1697 1476 1722 natur
1499 1701 1578 1722 esse.
1783 1704 1786 1707 >

1436 1736 1488 1766 Ad
1509 1737 1687 1777 septimam,
1713 1736 1829 1767 dicitur
1853 1736 1943 1776 quod
1967 1738 2080 1767 veritas
2106 1737 2229 1767 illarum
2254 1739 2451 1778 propositio-

1380 1790 1462 1812 num
1486 1781 1582 1812 habet
1605 1781 1828 1812 necessitatem
1853 1781 1974 1812 ordinis
1997 1781 2169 1821 praedicati
2197 1782 2236 1812 ad
2260 1783 2450 1813 subiectum.

1382 1825 1459 1856 Ideo
1483 1835 1550 1856 non
1576 1827 1663 1866 cogit
1693 1826 1834 1866 aliquam
1866 1835 1935 1856 rem
1966 1835 2034 1856 esse
2065 1835 2207 1866 semper:
2231 1827 2291 1856 nisi
2314 1826 2396 1857 forte
2419 1827 2451 1857 in

1381 1870 1547 1901 intellectu
1564 1870 1686 1907 divino,
1703 1870 1966 1911 apprehendente
1991 1870 2139 1901 videlicet
2163 1880 2271 1901 earum
2288 1872 2451 1902 veritatem

1382 1916 1422 1945 ab
1446 1921 1588 1945 aeterno.

1300 2011 1407 2054 ‚323OE

594 2176 1079 2232 CAPITULUM
1117 2175 1643 2231 TRIGESIMUM
1681 2174 2115 2230 SEPTIMUM

253 2297 520 2340 sommo
545 2292 875 2338 RAT10NUM
899 2295 1072 2348 QUAE
1095 2295 1519 2337 SUMEBANTUR
1548 2295 1628 2335 EX
1657 2295 1860 2335 PARTE
1890 2293 2215 2335 FACTIONIS
2238 2293 2451 2334 RERUM

288 2453 290 2455 ,
447 2421 578 2448 'ESTAT
615 2417 746 2447 autem
783 2409 986 2446 ostendere
1024 2409 1132 2458 quod
1171 2420 1243 2445 nec
1281 2420 1326 2445 ex

266 2467 290 2507 ”i
319 2462 442 2515 ²⁷³⁴*ss
476 2471 584 2513 parte
611 2462 879 2512 productionis
907 2474 1039 2499 rerum
1067 2461 1196 2511 aliqua
1231 2461 1326 2499 ratio

319 2521 386 2573 ζῆ,
404 2514 448 2565 Ἴ
478 2524 634 2566 sumpta
661 2528 798 2565 cogere
827 2515 947 2566 possit
975 2515 1023 2553 ad
1053 2515 1158 2552 idem
1177 2515 1208 2552 ²⁸.

363 2578 393 2587 Λ
532 2569 766 2607 Communis
786 2569 891 2607 enim
909 2569 1237 2619 philosophorum
1257 2581 1326 2618 po-

254 2623 339 2660 sitio
377 2623 610 2674 ponentium
650 2636 701 2661 ex
739 2624 853 2660 nihilo
891 2623 983 2660 nihil
1011 2624 1124 2671 fieri,
1161 2635 1207 2659 ex
1245 2635 1326 2671 quo

251 2676 379 2727 prima
406 2676 502 2714 ratio
530 2677 776 2726 procedebat,
805 2676 1006 2713 veritatem
1042 2676 1158 2712 habet
1190 2687 1326 2712 secun-

253 2730 351 2768 dum
385 2729 479 2767 illud
514 2729 599 2767 fieri
633 2730 742 2780 quod
778 2729 850 2779 ipsi
885 2729 1192 2766 considerabant.
1223 2728 1327 2775 Quia

253 2782 359 2820 enim
387 2783 516 2820 omnis
545 2791 676 2820 nostra
704 2782 871 2831 cognitio
899 2794 922 2818 a
951 2794 1068 2819 sensu
1097 2781 1239 2831 incipit,
1259 2781 1325 2830 qui

253 2835 507 2885 singularium
535 2843 601 2882 est,
630 2849 653 2873 a
684 2835 978 2885 particularibus
1012 2835 1326 2872 considerationi-

254 2889 328 2926 bus
347 2890 396 2926 ad
415 2889 652 2926 universales
676 2888 932 2926 consideratio
962 2889 1136 2925 humana
1153 2888 1325 2937 profecit.

253 2942 368 2979 Unde
394 2941 632 2991 principium
665 2954 797 2978 rerum
829 2941 1096 2991 perquirentes
1124 2941 1326 2990 particula-

254 3007 315 3032 res
333 2995 517 3032 factiones
536 2995 685 3032 entium
712 2991 864 3032 tantum
893 2994 1246 3040 consideraverunt,
1271 2994 1326 3031 in-

254 3048 450 3098 quirentes
479 3048 642 3098 qualiter
668 3049 731 3085 vel
760 3047 822 3084 hic
850 3047 946 3096 ignis
965 3049 1028 3084 vel
1051 3047 1114 3085 hic
1133 3047 1228 3097 lapis
1247 3047 1324 3084 fiat.

254 3102 303 3139 Et
329 3102 417 3139 ideo
446 3101 573 3151 primi,
602 3101 724 3149 magis
753 3101 962 3138 extrinsece
991 3099 1112 3150 quam
1134 3109 1327 3150 oporteret

254 3154 339 3192 fieri
374 3167 506 3192 rerum
541 3154 845 3200 considerantes,
874 3162 1090 3203 posuerunt
1125 3166 1208 3191 rem
1243 3154 1326 3191 fieri

255 3210 383 3246 solum
412 3208 631 3245 secundum
659 3208 850 3257 quasdam
879 3207 1130 3244 accidentales
1165 3205 1326 3257 disposi-

254 3261 389 3308 tiones,
409 3270 452 3299 ut
475 3274 620 3307 rarum,
650 3262 816 3307 densum,
839 3268 876 3297 et
899 3260 1137 3306 huiusmodi,
1157 3260 1326 3298 dicentes

254 3327 326 3364 per
353 3327 597 3364 consequens
625 3314 709 3351 fieri
737 3314 832 3351 nihil
851 3326 934 3351 esse
954 3313 1026 3350 nisi
1051 3315 1217 3359 alterari,
1237 3326 1326 3364 pro-

255 3376 340 3417 pter
359 3369 435 3405 hoc
449 3369 557 3418 quod
577 3381 624 3405 ex
639 3376 725 3404 ente
745 3367 785 3404 in
805 3375 892 3404 actu
912 3367 1228 3416 unumquodque
1243 3367 1327 3404 fieri

255 3420 524 3469 intelligebant
545 3444 571 3449 -
590 3421 825 3458 Posteriores
853 3433 959 3466 vero,
980 3420 1102 3468 magis
1125 3420 1327 3457 intrinsece

308 3551 327 3574 4
345 3542 449 3576 positio]
468 3543 558 3576 opinio
575 3543 630 3568 Yz.

257 3586 271 3603 a
289 3578 316 3603 in
337 3586 380 3609 ex;
399 3579 480 3603 etiam
500 3579 543 3604 NZ
562 3579 762 3604 conditionibus.

311 3621 322 3639 1
344 3613 492 3647 factionem]
512 3614 637 3640 factiones
656 3615 736 3640 DEG.

717 3543 730 3568 5
751 3551 782 3568 ex
794 3542 856 3576 quo]
878 3550 908 3568 ex
921 3550 973 3575 qua
987 3543 1078 3568 EGPc.

399 3667 493 3693 Suum
513 3667 623 3692 Con-rm
642 3667 777 3692 Gen-rius
796 3667 827 3692 D.
846 3667 962 3692 'si-ioman
982 3667 1052 3692 Tou.
1072 3666 1090 3691 1.

854 3586 882 3603 ιι
907 3577 1095 3612 perquirentes]
1116 3585 1308 3611 conquerentes
1327 3579 1399 3609 EGb,
1419 3579 1602 3611 conquirentes
1623 3575 1737 3601 NYZsG.

827 3614 842 3639 6
862 3616 928 3639 entis
948 3621 991 3639 om
1011 3614 1096 3645 abW,
1111 3617 1175 3646 post
1193 3615 1355 3647 particularis
1375 3615 1424 3640 Pd.

1384 2421 1515 2445 rerum
1547 2408 1754 2445 factionem
1789 2408 2092 2453 considerantes,
2121 2407 2170 2444 ad
2205 2405 2289 2443 fieri
2321 2417 2451 2442 rerum

1385 2462 1603 2498 secundum
1646 2461 1898 2498 substantiam
1940 2467 2226 2510 processerunt,
2263 2466 2450 2508 ponentes

1383 2516 1492 2564 quod
1527 2527 1608 2552 non
1637 2522 1788 2565 oportet
1824 2514 1967 2564 aliquid
1995 2513 2079 2550 fieri
2107 2526 2153 2550 ex
2182 2520 2268 2549 ente
2296 2512 2335 2548 in
2363 2519 2450 2548 actu

1383 2568 1455 2605 nisi
1484 2580 1554 2619 per
1582 2568 1772 2613 accidens,
1793 2569 1859 2605 sed
1879 2580 1949 2617 per
1969 2580 2008 2604 se
2028 2579 2073 2603 ex
2093 2574 2179 2603 ente
2198 2565 2238 2602 in
2267 2564 2447 2613 potentia.

1350 2640 1359 2659 ς
1384 2623 1471 2658 Hoc
1499 2629 1631 2658 autem
1656 2621 1752 2667 fieri,
1773 2621 1881 2671 quod
1911 2628 1965 2657 est
1993 2619 2088 2656 entis
2110 2631 2154 2655 ex
2175 2618 2449 2667 qualicumque

1384 2683 1482 2721 ente,
1512 2683 1567 2712 est
1594 2675 1707 2712 factio
1737 2675 1833 2711 entis
1866 2672 2117 2723 particularis:
2148 2671 2254 2720 quod
2289 2670 2448 2718 quidem

1383 2728 1426 2765 fit
1454 2728 1688 2778 inquantum
1724 2736 1780 2765 est
1814 2729 1890 2765 hoc
1919 2739 1997 2772 ens,
2027 2734 2068 2763 ut
2103 2726 2223 2761 homo
2252 2725 2312 2759 vel
2341 2721 2446 2769 ignis,

1383 2794 1464 2819 non
1484 2790 1615 2819 autem
1634 2781 1867 2831 inquantum
1884 2788 1938 2817 est
1957 2777 2235 2822 universaliter;
2257 2788 2324 2812 ens
2344 2774 2447 2811 enim

1382 2835 1490 2884 prius
1518 2843 1609 2881 erat,
1629 2835 1738 2884 quod
1758 2835 1797 2871 in
1818 2835 1893 2871 hoc
1921 2846 1989 2870 ens
2008 2837 2290 2869 transmutatur.
2311 2851 2336 2854 —
2355 2829 2446 2864 Pro-

1344 2905 1368 2919 ιο
1382 2888 1540 2926 fundius
1573 2896 1703 2925 autem
1733 2889 1780 2925 ad
1811 2899 1942 2924 rerum
1971 2885 2157 2933 originem
2185 2881 2445 2931 ingredientes,

1382 2941 1727 2979 consideraverunt
1746 2941 1795 2978 ad
1814 2940 1995 2977 ultimum
2014 2938 2129 2975 totius
2148 2935 2242 2973 entis
2261 2933 2374 2971 creati
2397 2933 2446 2969 ab

1382 3007 1462 3032 una
1480 2995 1606 3045 prima
1626 3007 1743 3032 causa
1762 2993 2066 3043 processionem:
2096 2998 2137 3027 ut
2165 3001 2210 3025 ex
2237 2986 2446 3023 rationibus

1383 3050 1458 3086 hoc
1487 3048 1779 3085 ostendentibus
1808 3059 1924 3096 supra
1942 3046 1962 3067 '³‘
1989 3043 2119 3094 positis
2150 3049 2262 3091 patet.
2299 3041 2339 3081 In
2373 3039 2446 3075 hac

1382 3110 1514 3139 autem
1534 3101 1782 3151 processione
1801 3100 1916 3137 totius
1937 3098 2031 3135 entis
2051 3110 2072 3133 a
2087 3097 2170 3132 Deo
2186 3105 2265 3130 non
2285 3099 2339 3128 est
2357 3104 2445 3140 pos-

1343 3172 1365 3191 15
1383 3154 1490 3192 sibile
1509 3155 1594 3192 fieri
1614 3154 1758 3203 aliquid
1779 3166 1823 3190 ex
1844 3153 1974 3201 aliquo
1994 3150 2067 3187 alio
2087 3147 2338 3197 praeiacente:
2365 3156 2445 3181 non

1383 3208 1488 3245 enim
1518 3216 1615 3245 esset
1643 3207 1758 3244 totius
1778 3206 1872 3244 entis
1892 3203 2004 3241 creati
2023 3201 2144 3239 factio.
2381 3249 2387 3255 .
2436 3249 2443 3255 ·

1436 3262 1485 3298 Et
1503 3262 1603 3298 hanc
1623 3260 1782 3310 quidem
1798 3258 2000 3295 factionem
2016 3266 2094 3291 non
2115 3252 2314 3312 attigerunt
2332 3261 2445 3309 pr1m1

1383 3315 1597 3359 Naturales,
1627 3325 1795 3363 quorum
1831 3318 1909 3348 erat
1937 3318 2155 3346 communis
2180 3311 2368 3364 sententia
2397 3315 2447 3339 ex

1384 3368 1497 3404 nihilo
1523 3367 1614 3404 nihil
1625 3368 1729 3415 fieri.
1758 3366 1839 3409 Vel,
1868 3363 1897 3399 si
1918 3361 1983 3411 qui
2012 3372 2097 3396 eam
2127 3364 2336 3405 attigerunt,
2366 3367 2446 3392 non

1343 3437 1369 3451 20
1383 3420 1539 3470 proprie
1565 3431 1711 3457 nomen
1721 3418 1902 3466 factionis
1927 3414 1959 3451 ei
1985 3419 2202 3460 competere
2230 3408 2445 3446 considera-

1166 3551 1181 3576 9
1201 3551 1215 3567 a
1234 3543 1432 3576 particularibus
1451 3540 1710 3573 considerationibus]
1731 3548 1745 3564 a
1764 3536 1954 3571 particularium
1971 3533 2158 3559 conditionibus
2177 3532 2212 3562 D;
2231 3531 2349 3563 scriptor
2360 3533 2448 3555 mutat

1829 3572 1859 3596 15
1879 3569 1975 3603 rerum]
1995 3577 2050 3594 rem
2070 3568 2188 3598 aEWPc,
2207 3575 2250 3591 res
2267 3566 2300 3591 Y.

1515 3622 1529 3646 7
1550 3618 1590 3638 est
1608 3612 1658 3637 hoc
1678 3609 1733 3643 ens]
1754 3613 1794 3633 est
1812 3608 1860 3632 hoc
1880 3611 1919 3630 est
1939 3606 1965 3636 d,
1984 3610 2023 3629 est
2042 3611 2088 3628 ens
2107 3603 2156 3628 hoc
2175 3603 2203 3628 P.

2267 3654 2300 3686 45

2476 1075 2550 1123 415³.
2565 1108 2586 1123 2.

2477 1478 2484 1486 ⁸
2501 1476 2567 1503 lbid.,
2581 1483 2652 1498 n.10.

2472 3050 2482 3059 '¹
2497 3048 2553 3076 Cap.
2565 3054 2612 3069 xv1.

2552 1091 2557 1096 .
2575 1081 2591 1102 1,
2611 1083 2645 1099 υς
2667 1083 2686 1097 5.
