2768 4134
54 537 64 547 ·
78 534 135 562 eep.
151 540 199 556 ιιι.

51 894 62 905 ·
76 893 114 916 ef.
133 892 268 916 commem.

53 926 104 948 up.
119 925 142 947 e,
156 919 208 942 init.

49 1249 61 1262 ³
69 1247 107 1272 α.
116 1251 174 1271 tm.
184 1251 207 1271 et
216 1254 264 1270 var.

865 297 1053 334 SUMMA
1083 299 1303 338 CONTRA
1332 302 1607 350 GENTILES,
1638 304 1748 341 CAP.
1772 305 1830 351 CI,
1853 305 1928 342 Cll.

349 375 565 411 Praeterea.
596 375 688 412 Duo
717 387 873 412 summa
902 376 1006 413 bona
1035 389 1117 415 esse
1147 388 1202 416 est
1229 380 1373 430 impos-

298 427 421 464 sibile:
453 427 484 465 si
513 427 619 465 enim
639 428 785 477 aliquid
804 429 872 465 uni
901 430 1050 467 deesset
1074 433 1182 480 quod
1210 435 1371 471 alterum

297 481 469 528 haberet,
504 489 689 519 neutrum
718 493 921 519 summum
950 491 986 520 et
1015 485 1227 533 perfectum
1263 496 1372 524 esset.

297 535 405 572 Deus
435 543 567 573 autem
597 543 776 572 ostensus
805 543 860 572 est
894 549 1010 585 supra
1029 537 1049 559 ’Β
1078 551 1279 576 summum
1306 541 1374 578 bo-

354 649 368 674 3
388 654 560 675 neutrum...
578 649 679 674 bonum
697 648 768 682 esse]
788 654 910 674 neutrum
930 658 1064 676 summum
1083 651 1168 685 (et...

297 685 396 718 (Deum
415 685 503 719 ow)
520 690 608 710 autem
627 690 766 710 ostensum
785 685 938 711 DEYWZb.

353 728 366 746 2
386 720 550 753 ostendetur}
569 721 716 746 ostenditur
735 720 829 745 NZPd.

1188 661 1322 679 summum
1341 655 1401 680 hom
1421 655 1475 689 om)
1495 656 1593 681 bonum
1614 662 1684 682 esset
1704 657 1756 689 Pd;
1775 665 1835 682 esse
1853 665 1896 682 om
1915 665 1938 683 c.

2421 309 2495 356 267

1429 394 1526 419 num
1569 395 1663 420 esse.
1709 384 1911 422 Beatitudo
1954 385 2070 422 etiam
2111 398 2314 423 summum
2348 387 2498 425 bonum

1429 437 1653 473 ostendetur
1680 449 1762 474 esse
1792 450 1838 475 ex
1874 439 1950 475 hoc
1978 439 2085 487 quod
2114 448 2169 476 est
2203 439 2362 478 ultimus
2396 441 2496 479 finis.

1430 489 1532 536 Ergo
1547 489 1745 527 beatitudo
1761 499 1797 527 et
1811 491 1918 528 Deus
1939 500 2028 528 sunt
2046 491 2162 530 idem.
2180 494 2246 530 Est
2265 492 2498 541 igitur‘Deus

1430 555 1500 579 sua
1528 543 1737 581 beatitudo.

2030 666 2048 689 4
2067 658 2138 683 Deus
2164 664 2250 684 autern
2275 659 2407 694 ostensus]
2426 660 2497 685 Deus

1061 792 1398 828 Commentafia
1427 796 1738 831 Feri-ariensis

372 890 501 911 nan-run
518 880 558 911 ad
574 880 757 911 secundum
774 881 802 917 *‚
818 881 953 921 ponitur
975 881 1054 912 haec
1078 883 1263 914 conclusio:
1284 884 1375 915 Deus

295 942 298 946 ⁴
373 930 421 957 est
442 935 504 957 sua
527 925 704 956 beatitudo.

367 997 374 1003 .
392 971 559 1001 Probatur
575 971 699 1011 primo.
724 970 814 1000 Deus
831 975 878 1000 est
893 980 991 1000 suum
1007 972 1195 1012 intelligere.
1221 973 1284 1003 Sed
1301 974 1374 1004 bea—

293 1017 401 1050 titudo
426 1016 496 1047 eius
519 1021 568 1046 est
590 1016 692 1056 ipsius
715 1015 925 1055 intelligibilis
949 1017 1107 1056 operatio.
1132 1017 1219 1057 Ergo
1244 1023 1303 1048 etc.

350 1060 511 1094 Secundo.
545 1060 634 1091 Deus
662 1059 882 1101 principaliter
909 1060 978 1091 vult
1009 1071 1101 1092 suam
1132 1063 1314 1099 essentiam,
1339 1070 1374 1094 ut

294 1114 462 1139 ostensum
479 1110 527 1136 est
545 1114 652 1146 supra.
669 1104 757 1145 Ergo
775 1105 844 1134 eius
860 1105 998 1135 essentia
1015 1112 1061 1136 est
1078 1107 1146 1137 eius
1163 1107 1338 1138 beatitudo.
1352 1126 1374 1129 —

292 1153 451 1184 Probatur
475 1150 720 1190 consequentia.
753 1148 839 1187 Quia
870 1149 1048 1186 beatitudo,
1073 1160 1149 1181 cum
1173 1152 1213 1182 sit
1240 1152 1374 1183 ultimus

292 1197 378 1235 finis,
403 1201 451 1229 est
473 1194 507 1226 id
531 1194 622 1235 quod
646 1193 784 1235 quilibet
813 1200 907 1225 natus
941 1201 989 1225 est
1018 1196 1146 1232 habere,
1171 1197 1221 1227 vel
1251 1197 1373 1228 habens

291 1240 515 1284 principaliter
536 1239 607 1270 vult
622 1240 649 1270 *.

355 1285 477 1319 Tertio.
497 1284 618 1316 Omnia
641 1284 711 1315 vult
733 1290 867 1324 propter
891 1294 983 1315 suam
1007 1285 1186 1329 bonitatem
1212 1292 1244 1317 et
1266 1296 1373 1317 essen-

290 1333 380 1372 tiam,
399 1332 494 1371 Ergo
517 1334 579 1360 etc.
601 1347 624 1351 -
644 1329 802 1360 Probatur
826 1330 1070 1370 consequentia.
1097 1330 1183 1369 Quia
1207 1331 1373 1363 beatitudo
1399 1335 1401 1365 j

265 1371 341 1408 “e‘st
364 1376 404 1407 ad
434 1384 533 1415 quam
565 1383 681 1405 omnes
712 1379 822 1404 motus
855 1373 1003 1405 desiderii
1033 1385 1136 1406 unum
1165 1375 1373 1407 desiderantis

0 2318 4 2339 ι

0 2351 5 2373 ι

0 2379 5 2407 5

53 3358 64 3369 “
78 3356 138 3386 cap.
151 3363 228 3386 praec.

54 3516 65 3528 ¹*
79 3512 137 3544 Cup.
150 3521 199 3538 xci.

286 2907 305 2922 ¹.

300 2923 323 2937 n
359 2930 407 2945 ‚ff

355 2961 394 2970 -ι

362 2992 371 3003 t
403 2993 434 3005 ‘i

367 2993 433 3045 6³*

284 1427 427 1465 ‚propter
449 1419 537 1450 aliud
560 1420 786 1455 terminantur,
803 1429 845 1450 ne
861 1420 901 1449 sit
924 1419 1069 1450 infinitus
1089 1420 1238 1451 desiderii
1254 1428 1374 1452 motus.

347 1464 595 1498 Advertendum
619 1463 720 1504 quod,
746 1465 830 1495 sicut
852 1470 963 1495 motus
986 1465 1139 1495 naturalis
1160 1466 1193 1496 in
1210 1465 1374 1496 infinitum

283 1521 360 1544 -non
375 1509 535 1553 procedit,
552 1508 609 1540 sed
626 1509 758 1540 cuilibet
781 1515 830 1540 est
853 1508 1084 1540 determinatus
1106 1511 1275 1546 terminus,
1292 1511 1374 1541 sicut

283 1557 441 1598 gravibus
465 1560 615 1585 centrum
638 1553 764 1589 mundi,
789 1554 914 1585 levibus
938 1560 1048 1585 autem
1081 1564 1263 1586 concavum
1288 1556 1374 1586 orbis

289 1601 403 1638 lunae3
426 1601 470 1632 ita
493 1600 658 1640 appetitus
681 1599 852 1629 sensitivus
871 1605 904 1629 et
922 1599 1138 1630 intellectivus
1154 1599 1193 1630 ad
1209 1599 1373 1630 infinitum

289 1655 359 1678 non
374 1645 479 1678 tendit
495 1645 661 1686 privative,
686 1644 761 1674 licet
785 1643 825 1674 ad
849 1642 1013 1674 infinitum
1037 1644 1322 1684 perfectionaliter,
1339 1651 1375 1675 ut
1400 1654 1401 1666 ³

291 1697 340 1723 est
361 1690 463 1726 Deus,
487 1689 591 1731 possit
614 1688 758 1720 tendere.
783 1688 824 1719 Et
848 1688 934 1723 ideo,
951 1688 1026 1718 licet
1043 1698 1080 1719 ex
1101 1699 1168 1719 uno
1193 1689 1373 1720 desiderato

289 1737 324 1768 in
343 1734 437 1777 aliud
459 1735 564 1775 possit
587 1733 672 1769 ferri,
698 1739 746 1764 est
769 1739 877 1764 tamen
902 1733 1018 1773 aliquis
1050 1734 1109 1764 sibi
1141 1739 1278 1764 statutus
1302 1733 1374 1764 finis

278 1776 374 1813 ’ὦπα
396 1789 498 1821 quem
521 1788 588 1810 non
613 1778 755 1819 amplius
778 1777 902 1819 aliquid
918 1777 1098 1809 desiderare
1121 1784 1240 1819 potest.
1265 1778 1306 1809 Et
1322 1779 1374 1809 hic

280 1831 339 1861 «est
362 1826 498 1857 ultimus
521 1823 606 1859 finis,
631 1824 690 1864 qui
713 1829 761 1854 est
783 1822 952 1855 beatitudo
983 1829 1016 1854 et
1045 1833 1212 1854 summum
1237 1824 1373 1859 bonum,

289 1870 332 1903 ad
346 1880 448 1911 quem
468 1878 584 1901 omnes
599 1874 710 1899 motus
725 1868 876 1900 desiderii
892 1868 1008 1899 ultimo
1024 1869 1247 1899 terminantur.
1273 1868 1374 1904 Sicut,

290 1916 317 1948 si
333 1915 450 1956 aliquis
469 1914 601 1954 colligat
620 1912 734 1944 herbas
758 1922 818 1954 pro
843 1913 1047 1944 conficienda
1070 1912 1247 1949 medicina;
1272 1913 1373 1943 medi-

291 1961 406 1993 cinam*
432 1965 542 1990 autem
575 1963 683 1988 sumat
715 1963 848 1998 propter
878 1958 1062 1994 sanitatem;
1089 1958 1174 1988 hanc
1206 1964 1242 1988 ut
1272 1959 1374 1998 possit

290 2014 405 2036 vacare
430 2003 544 2035 litteris
571 2007 716 2043 appetat;
742 2002 886 2033 studium
915 2012 1050 2043 quoque
1077 2008 1212 2043 propter
1235 2003 1373 2032 beatitu-
1398 2019 1400 2022 ⁴

290 2049 402 2081 dinem
427 2053 574 2089 quaerat:
599 2048 711 2078 omnia
726 2047 860 2088 quidem
881 2047 1106 2087 praecedentia
1129 2053 1263 2087 propter
1286 2046 1373 2077 aliud

291 2094 426 2136 appetit,
453 2093 511 2124 sed
539 2093 646 2133 ipsam
676 2092 910 2123 beatitudinem
935 2101 1003 2123 non
1030 2098 1164 2132 propter
1190 2091 1288 2127 aliud,
1317 2091 1372 2122 sed

290 2145 426 2181 propter
447 2148 493 2175 se,
516 2143 673 2178 tanquam
704 2137 857 2168 ultimum
881 2137 921 2168 ad
945 2136 1036 2178 quod
1065 2137 1252 2168 naturaliter
1281 2136 1372 2166 incli-

290 2189 397 2220 natur,
422 2183 559 2224 quaerit.

347 2228 485 2268 Propter
500 2228 565 2258 hoc
582 2227 688 2267 inquit
708 2226 845 2258 Sanctus
861 2226 1008 2257 Thomas
1025 2226 1116 2267 quod
1132 2235 1247 2256 omnes
1263 2231 1372 2255 motus
1398 2258 1400 2263 .

292 2272 440 2304 desiderii
465 2272 680 2303 terminantur
704 2271 743 2302 ad
767 2271 1011 2307 beatitudinem,
1035 2281 1074 2302 ne
1095 2271 1170 2301 talis
1189 2276 1296 2301 motus
1318 2270 1372 2300 de-

1427 885 1540 916 siderii
1554 887 1597 917 sit
1612 887 1767 928 infinitus,
1788 888 1864 918 dum
1889 898 1989 918 unum
2008 893 2146 929 propter
2168 889 2260 919 aliud
2282 890 2494 922 desideratur.

1428 931 1496 960 Nisi
1520 932 1606 961 enirn
1630 938 1805 972 poneretur
1829 933 1950 973 aliquid
1974 933 2064 973 quod
2087 939 2220 974 propter
2243 934 2328 964 aliud
2351 945 2418 965 non
2442 936 2496 967 de-

1400 982 1402 1022 ι
1427 975 1582 1006 sideratur
1606 976 1662 1007 sed
1686 978 1796 1007 omnia
1819 978 1880 1008 alia
1908 983 2042 1018 propter
2070 979 2189 1018 ipsum,
2213 984 2322 1009 motus
2349 979 2496 1011 desiderii

1400 1023 1402 1076 j
1427 1020 1460 1050 in
1484 1019 1647 1050 infinitum
1671 1018 1825 1058 tenderet,
1851 1028 1882 1052 et
1905 1023 1950 1053 sic
1974 1028 2057 1053 esset
2079 1022 2238 1053 infinitus:
2268 1023 2357 1063 quod
2384 1030 2496 1055 natura

1400 1077 1402 1128 ῐ
1427 1065 1589 1104 appetitus
1613 1075 1680 1096 non
1705 1066 1853 1097 admittit.

1400 1130 1401 1157 3
1483 1108 1520 1139 11.
1541 1109 1678 1145 Quarto.
1699 1109 1730 1140 Si
1754 1111 1920 1142 beatitudo
1937 1111 1997 1142 Dei
2014 1121 2081 1142 non
2099 1117 2181 1142 esset
2196 1112 2294 1149 Deus,
2309 1112 2374 1143 duo
2392 1120 2496 1145 essent

1399 1162 1401 1181 l
1427 1162 1554 1184 summe
1571 1155 1670 1184 bona:
1696 1156 1772 1194 quia
1787 1155 1953 1186 beatitudo
1970 1162 2017 1186 est
2032 1166 2197 1187 summurn
2212 1157 2348 1194 bonum,
2365 1167 2441 1188 curn
2457 1159 2496 1188 sit

1426 1197 1559 1228 ultimus
1583 1198 1670 1235 finis3
1696 1206 1727 1229 et
1751 1201 1847 1230 etiarn
1872 1200 1969 1231 Deus.
1995 1201 2069 1232 Hoc
2093 1206 2202 1231 autem
2218 1207 2265 1232 est
2280 1202 2493 1242 impossibile:

1427 1243 1513 1283 quia,
1538 1244 1563 1273 si
1588 1245 1644 1274 uni
1667 1244 1790 1284 aliquid
1813 1244 1902 1275 deest
1925 1245 2016 1285 quod
2045 1246 2181 1276 alterum
2211 1246 2317 1282 habet,
2339 1247 2404 1277 iam
2427 1256 2494 1277 non

1399 1319 1401 1330 Ι
1427 1293 1474 1318 est
1497 1297 1663 1319 summum
1686 1290 1821 1319 bonum.
1847 1289 1932 1329 Ergo
1957 1290 2045 1321 Deus
2069 1296 2116 1320 est
2139 1300 2196 1321 sua
2219 1291 2394 1322 beatitudo.

1399 1369 1401 1373 y
1482 1332 1545 1363 Sed
1568 1333 1694 1364 videtur
1716 1335 1775 1364 ista
1799 1335 1879 1364 ratio
1904 1344 1971 1364 non
1995 1334 2200 1366 concludere.
2223 1335 2283 1365 Per
2306 1336 2389 1366 hanc
2409 1337 2495 1367 enim

1399 1380 1401 1410 ζ
1426 1378 1616 1418 probaretur
1642 1378 1873 1408 beatitudinem
1898 1378 2065 1409 formalem
2093 1386 2254 1410 creaturae
2282 1390 2350 1410 esse
2377 1381 2494 1412 Deum.

1427 1421 1510 1452 Nam
1533 1423 1629 1452 etiam
1652 1423 1819 1453 beatitudo
1844 1429 2006 1454 creaturae
2031 1429 2078 1454 est
2100 1433 2264 1454 summum
2294 1425 2430 1461 bonum,
2455 1435 2494 1455 eo

1427 1465 1518 1507 quod
1543 1468 1584 1496 sit
1607 1467 1740 1497 ultimus
1756 1467 1838 1497 finis.
1864 1468 1904 1498 Et
1927 1469 1972 1498 sic
1997 1477 2069 1498 vera
2093 1475 2175 1499 esset
2190 1469 2303 1508 opinio
2319 1469 2494 1500 dicentium

1399 1494 1401 1552 l
1427 1511 1534 1542 Deum
1561 1521 1630 1542 esse
1660 1511 1892 1542 beatitudinem
1924 1512 2093 1543 formalem
2125 1519 2350 1550 creaturarum,
2374 1520 2406 1544 et
2428 1523 2494 1544 non

1399 1554 1401 1580 ἓ
1426 1561 1552 1586 tantum
1577 1557 1813 1586 obiectivalem.

1400 1618 1401 1634 η
1482 1601 1721 1640 Respondetur‚
1739 1610 1776 1631 ex
1793 1600 1939 1631 doctrina
1954 1601 2062 1632 Sancti
2076 1601 2225 1631 Thomae
2245 1602 2360 1638 Prima,
2373 1612 2403 1643 q.
2412 1612 2494 1637 xxw,

1428 1654 1454 1674 a.
1479 1645 1508 1680 3,
1530 1645 1570 1675 ad
1598 1654 1624 1680 1,
1650 1645 1740 1685 quod
1763 1644 1929 1675 beatitudo
1953 1645 2133 1675 intellectus
2157 1647 2252 1675 creati
2276 1651 2430 1686 quantum
2455 1648 2497 1677 ad

1428 1689 1585 1719 obiectum
1602 1694 1649 1720 est
1663 1699 1823 1720 summum
1847 1690 1966 1719 bonum
1989 1690 2196 1729 simpliciter:
2219 1695 2373 1730 quantum
2390 1695 2496 1721 autem

1427 1733 1471 1764 ad
1494 1734 1597 1774 ipsum
1621 1739 1740 1768 actum,
1766 1739 1813 1764 est
1834 1744 1993 1764 summum
2018 1734 2136 1764 bonum
2155 1734 2186 1763 in
2203 1743 2325 1775 genere
2339 1735 2497 1765 bonorum

1422 1779 1700 1819 participabilium
1725 1788 1744 1808 a
1769 1783 1932 1809 creatura.
1963 1779 2038 1808 Non
2067 1784 2114 1808 est
2137 1784 2244 1809 autem
2268 1779 2498 1809 inconveniens

1400 1829 1401 1864 ᾖ
1427 1833 1497 1854 esse
1521 1823 1639 1864 duplex
1669 1833 1835 1855 summum
1866 1824 2002 1859 bonum,
2027 1832 2130 1854 unum
2153 1823 2274 1854 scilicet
2303 1824 2497 1864 simpliciter,

1399 1867 1401 1904 ἦ
1427 1867 1515 1898 aliud
1538 1878 1615 1899 vero
1646 1869 1679 1899 in
1710 1869 1821 1908 aliquo
1846 1867 1973 1899 ordine:
2005 1867 2061 1898 sed
2085 1869 2167 1898 bene
2191 1869 2422 1898 inconveniens
2452 1874 2498 1898 est

1399 1905 1401 1950 ἓ
1427 1922 1496 1943 esse
1512 1912 1630 1953 duplex
1647 1922 1813 1944 summum
1825 1913 1951 1944 bonum
1967 1913 2162 1952 simpliciter.
2176 1912 2217 1942 Et
2233 1913 2277 1943 sic
2290 1922 2356 1943 non
2370 1918 2498 1953 oportet

1398 1951 1401 2002 ξ
1426 1957 1659 1988 beatitudinem
1683 1957 1852 1988 formalem
1878 1962 2040 1987 creaturae
2065 1966 2133 1987 esse
2156 1957 2263 1998 ipsum
2279 1957 2396 1988 Deum.
2418 1957 2498 1987 Bea-

1398 2029 1400 2049 ί
1426 2001 1531 2032 titudo
1556 2008 1664 2032 autem
1690 2002 1749 2032 Dei
1775 2008 1821 2032 est
1844 2011 2009 2032 summum
2041 2002 2166 2032 bonum
2196 2001 2396 2041 simpliciter:
2421 2001 2497 2041 quia

1398 2055 1400 2068 =
1425 2047 1504 2076 nihil
1528 2047 1682 2077 convenit
1697 2047 1758 2076 sibi
1774 2047 2004 2087 participative.
2030 2045 2118 2082 Ideo,
2135 2055 2211 2076 curn
2226 2055 2294 2076 non
2311 2046 2413 2086 possit
2428 2054 2496 2075 esse

1425 2091 1545 2131 duplex
1569 2092 1694 2122 bonum
1719 2101 1884 2122 summum
1908 2090 2104 2131 simpliciter,
2122 2095 2251 2130 oportet
2274 2096 2309 2121 ut
2332 2089 2496 2120 beatitudo

1425 2135 1486 2166 Dei
1509 2136 1549 2166 sit
1572 2137 1643 2176 ipse
1667 2136 1765 2166 Deus.
1790 2136 1831 2166 Et
1854 2137 1899 2166 sic
1923 2136 2003 2165 ratio
2028 2134 2135 2166 Sancti
2159 2135 2308 2165 Thomae
2331 2133 2497 2165 concludit
2532 2174 2534 2176 Ι

1425 2179 1464 2211 de
1489 2180 1687 2211 beatitudine
1711 2180 1783 2216 Dei,
1807 2190 1875 2210 non
1899 2186 2009 2210 autem
2033 2179 2072 2210 de
2095 2179 2293 2210 beatitudine
2324 2184 2496 2210 creaturae.

1426 2225 1543 2260 Immo,
1568 2225 1748 2255 secundum
1774 2224 1863 2264 quod
1887 2229 1996 2264 posset
2019 2223 2213 2255 concludere
2238 2223 2277 2254 de
2300 2222 2496 2253 beatitudine

1398 2266 1400 2282 ²
1427 2275 1601 2305 creaturae,
1626 2279 1697 2300 eam
1721 2269 1815 2299 solvit
1845 2268 1981 2300 Sanctus
2005 2269 2150 2298 Thomas
2172 2268 2248 2298 loco
2273 2267 2495 2308 praeallegato.

1376 2366 1428 2407 m.
1441 2373 1445 2398 Ξ

619 2499 1107 2558 CAPITULUM
1146 2497 1693 2557 CENTESIMUM
1730 2462 2177 2552 SECUNDUM

1166 2600 1196 2630 A
1229 2610 1269 2640 29
1281 2610 1299 2628 v
1335 2599 1407 2639 a37
1440 2600 1507 2629 sine
1531 2598 1638 2628 titulo.

477 2684 654 2738 QUOD
689 2682 1050 2725 BEATITUDO
1086 2681 1301 2722 DIVINA
1335 2680 1658 2721 PERFECTA
1693 2678 1771 2718 ET
1805 2675 2170 2718 SINGULARIS
2205 2675 2318 2715 EST

741 2745 1070 2787 EXCEDENS
1105 2744 1329 2785 OMNEM
1364 2743 1559 2783 ALIAM
1593 2738 2059 2782 BEATITUDINEM

489 2884 641 2910 uramus
669 2879 801 2909 autem
822 2883 869 2907 ex
889 2867 1110 2919 praemissis
1135 2865 1370 2904 considerari

501 2934 629 2976 potest
663 2923 910 2962 beatitudinis
946 2922 1100 2959 divinae
1136 2918 1369 2957 excellentia.

557 2979 718 3026 Quanto
748 2977 854 3015 enim
874 2976 1018 3026 aliquid
1039 2973 1296 3024 propinquius
1315 2980 1371 3009 est

304 3042 343 3064 ²«
367 3046 371 3049 ·
410 3034 479 3068 <lif
502 3031 744 3078 beatitudini,
773 3039 880 3068 tanto
901 3027 1104 3079 perfectius
1123 3027 1282 3064 beatum
1302 3033 1368 3063 est.

295 3086 422 3134 Unde,
448 3085 517 3124 etsi
545 3085 683 3137 aliquis
711 3092 870 3135 propter
898 3095 1008 3132 spem
1037 3079 1282 3119 beatitudinis
1303 3079 1371 3116 ob-

294 3139 476 3178 tinendae
506 3140 642 3178 beatus
671 3140 830 3185 dicatur,
860 3138 967 3175 nullo
997 3135 1117 3172 modo
1151 3146 1221 3171 sua
1254 3132 1371 3170 beati-

294 3194 392 3231 tudo
421 3202 673 3243 comparatur
700 3193 784 3230 eius
812 3189 1038 3228 beatitudini
1074 3187 1142 3237 qui
1176 3199 1264 3224 eam
1293 3186 1371 3223 iam

295 3255 383 3285 actu
412 3255 646 3285 consecutus
667 3254 732 3284 est.
755 3242 1136 3294 Propinquissimum
1165 3248 1295 3277 autern
1316 3247 1372 3275 est

295 3300 523 3339 beatitudini
561 3301 669 3351 quod
708 3307 763 3337 est
801 3298 883 3348 ipsa
920 3295 1129 3333 beatitudo.
1165 3293 1285 3340 Quod
1323 3292 1371 3329 de

384 2884 393 2897 ’
430 2890 454 2977 l

436 2884 477 2926 ἱ

452 2927 477 2970 5<

296 3354 382 3392 Deo
412 3362 614 3392 ostensum
643 3362 699 3391 est
717 3353 748 3390 ³¹⁶.
778 3354 861 3401 Ipse
898 3349 1010 3399 igitur
1047 3356 1102 3386 est
1135 3345 1373 3395 singulariter
1389 3366 1413 3379 ιο

296 3408 462 3458 perfecte
490 3408 639 3445 beatus.

350 3463 458 3499 Item.
489 3462 594 3498 Cum
622 3459 824 3498 delectatio
853 3470 899 3494 ex
935 3467 1069 3493 amore
1104 3461 1293 3498 causetur,
1331 3459 1372 3488 ut

299 3523 502 3554 ostensum
522 3523 579 3552 est
592 3514 625 3559 ³⁸,
646 3513 714 3551 ubi
735 3521 790 3550 est
809 3511 935 3549 maior
953 3520 1077 3554 amor,
1098 3515 1134 3543 et
1163 3506 1288 3543 maior
1306 3505 1372 3541 de-

354 3630 368 3656 5
389 3630 476 3664 spem]
496 3631 611 3663 speciem
631 3629 664 3660 G,
683 3629 798 3662 aliquam
817 3627 932 3660 speciem
951 3625 981 3656 E,
1001 3625 1115 3656 aliquam
1134 3629 1209 3655 spem
1230 3621 1315 3646 aDPc.

1427 2863 1576 2902 lectatio
1605 2863 1645 2900 in
1674 2861 1948 2900 consecutione
1977 2859 2104 2897 amati.
2136 2859 2212 2896 Sed
2240 2857 2493 2905 unumquod-

1427 2930 1516 2967 que,
1546 2916 1680 2954 ceteris
1708 2915 1878 2965 paribus,
1908 2915 1995 2963 plus
2023 2926 2063 2950 se
2091 2920 2196 2950 amat
2223 2923 2343 2960 quam
2370 2909 2489 2947 aliud:

1427 2971 1537 3008 cuius
1566 2970 1720 3019 signum
1749 2977 1804 3006 est
1832 2968 1952 3018 quod,
1973 2974 2119 3016 quanto
2139 2964 2282 3013 aliquid
2306 2971 2361 3000 est
2379 2962 2491 2999 alicui

1426 3023 1697 3074 propinquiUS,
1724 3022 1844 3070 magis
1873 3020 2094 3058 naturaliter
2121 3025 2281 3055 amatur.
2307 3017 2397 3053 Plus
2426 3015 2491 3063 igi-

1394 3095 1402 3114 s
1426 3086 1489 3115 tur
1516 3077 1726 3115 delectatur
1751 3076 1858 3113 Deus
1884 3074 1923 3111 in
1952 3086 2022 3111 sua
2048 3070 2293 3115 beatitudine,
2313 3080 2413 3118 quae
2437 3076 2492 3105 est

1427 3131 1601 3180 ipsemet,
1631 3142 1751 3179 quarn
1771 3128 1833 3166 alii
1852 3127 1951 3165 beati
1970 3127 2010 3164 in
2029 3123 2262 3162 beatitudine
2282 3134 2382 3171 quae
2411 3133 2491 3180 non

1428 3193 1483 3221 est
1507 3184 1614 3233 quod
1635 3183 1706 3232 ipsi
1726 3190 1824 3219 sunt.
1854 3180 1977 3228 Magis
2001 3179 2113 3227 igitur
2132 3175 2365 3214 desiderium
2384 3186 2491 3223 quie-

1427 3237 1506 3283 scit,
1536 3246 1572 3274 et
1599 3236 1802 3286 perfectior
1829 3242 1884 3271 est
1911 3232 2118 3270 beatitudo.
2359 3280 2366 3287 ·

1481 3292 1693 3327 Praeterea.
1725 3288 1843 3335 Quod
1873 3298 1942 3336 per
1970 3284 2172 3322 essentiam
2202 3290 2268 3326 est,
2289 3289 2417 3330 ponus
2436 3288 2492 3317 est

1427 3357 1475 3381 eo
1504 3343 1612 3393 quod
1641 3355 1711 3392 per
1738 3339 2069 3391 participationem
2103 3335 2256 3373 dicitur:
2294 3333 2391 3371 sicut
2425 3345 2491 3370 na-

1428 3406 1513 3434 tura
1541 3396 1637 3445 ignis
1661 3394 1864 3445 perfectius
1883 3391 2075 3429 invenitur
2103 3389 2142 3426 in
2162 3388 2246 3437 ipso
2265 3387 2351 3446 igne
2371 3398 2491 3435 quam

1428 3451 1467 3487 in
1488 3450 1603 3486 rebus
1623 3448 1757 3497 ignitis.
1787 3448 1893 3483 Deus
1912 3452 2041 3482 autem
2060 3454 2130 3492 per
2149 3448 2352 3478 essentiam
2378 3451 2492 3477 suam

1428 3504 1563 3540 beatus
1578 3502 1671 3539 est*.
1689 3500 1807 3547 Quod
1824 3498 1916 3535 nulli
1932 3496 1991 3534 alii
2007 3502 2227 3544 competere
2241 3500 2380 3543 potest:
2397 3491 2492 3530 nihil

1418 3626 1448 3644 12
1469 3624 1497 3643 ut
1515 3624 1652 3643 ostensum
1671 3622 1711 3641 est
1729 3623 1771 3641 om
1790 3613 1942 3639 EGNWZb.
2041 3610 2072 3636 13
2092 3615 2118 3635 et
2136 3610 2218 3634 maior
2242 3607 2387 3641 delectatio}
2411 3608 2493 3633 maior

300 3667 437 3692 delectatio
456 3673 496 3692 est
514 3666 547 3697 D,
566 3666 643 3690 etiam
663 3664 696 3689 ibi
716 3664 799 3689 maior
818 3661 953 3688 delectatio
972 3661 996 3686 b.
1015 3660 1079 3684 Post
1097 3658 1174 3682 amati
1193 3657 1213 3681 Z
1232 3656 1311 3681 addit
1329 3655 1363 3679 ibi
1383 3660 1422 3679 est
1441 3654 1522 3679 maior
1541 3652 1681 3678 beatitudo.

355 3710 369 3726 2
390 3701 470 3735 aliud]
490 3701 586 3734 aliquid
606 3700 675 3725 aliud
694 3699 787 3724 NZPd.
879 3706 894 3730 7
914 3693 1081 3726 desiderium]
1101 3693 1147 3718 Dei
1167 3692 1272 3717 addunt
1292 3691 1339 3715 Pa.

2520 3494 2528 3502 ”
2544 3492 2600 3520 cap.
2615 3497 2691 3519 praee.
