2768 4134
80 715 90 725 ⁸
103 713 157 735 Did.
172 718 194 740 p.
211 717 257 733 22¹.

77 1417 86 1426 ·
104 1415 160 1443 Cap.
178 1421 203 1441 ιι,
224 1421 246 1437 n.
262 1422 290 1443 93

78 1449 96 1464 s.
108 1442 152 1463 Th.
165 1442 179 1463 l.
190 1449 214 1468 4.

78 1961 88 1971 '
102 1959 173 1982 Num.
188 1960 209 1982 6.

77 2049 87 2059 '
101 2047 171 2070 Num.
189 2054 209 2074 7.

78 2763 87 2773 ’
97 2762 134 2785 Ad
150 2763 234 2786 locum.

78 3019 89 3066 ἑ
102 3018 135 3067 (ἓξ.
153 3034 159 3040 .
174 3026 217 3073 ἷν,7
225 3026 288 3048 sqq.;

324 320 398 355 502

321 409 418 441 quam
443 398 582 428 animam
607 404 675 425 esse
700 402 783 433 quae
806 401 874 422 non
902 391 941 420 sit
969 389 1106 424 omnino
1130 399 1148 419 a
1171 389 1304 419 materia
1335 387 1390 418 de-

784 312 971 356 SUMMA
1001 310 1222 348 CONTRA
1252 308 1527 354 GENTILES,
1556 308 1651 344 LIB.
1672 308 1714 353 II,
1745 307 1856 344 CAP.
1877 309 2050 345 LXXIX.

1446 386 1536 427 quod
1552 387 1654 427 possit
1670 396 1739 417 esse
1755 387 1824 417 sine
1840 387 1903 418 illa.
1921 388 2193 430 Unumquodque
2214 393 2301 423 enim
2324 400 2432 434 potest
2456 405 2525 427 esse

320 443 474 484 pendens,
492 440 548 471 sed
571 440 685 470 habeat
701 438 842 477 aliquam
859 435 1084 476 operationem
1108 434 1160 465 cui
1185 443 1304 474 corpus
1322 442 1391 463 non
1445 432 1514 462 sine
1539 440 1579 461 eo
1604 441 1622 461 a
1645 441 1713 471 quo
1738 431 1920 462 secundum
1943 442 2040 463 suum
2065 443 2134 465 esse
2157 444 2225 466 non
2249 436 2421 477 dependet.

321 486 549 519 communicat.
566 484 660 519 Nam,
674 482 699 512 si
715 492 781 512 non
795 480 907 511 fuisset
918 480 1014 511 huius
1031 480 1207 519 opinionis,
1223 487 1291 508 non
1308 483 1391 508 esset

320 542 397 563 usus
420 532 479 561 hac
503 528 704 563 disiunctiva,
721 526 843 556 scilicet
858 525 949 565 quod
972 525 1096 568 physici
1116 529 1163 554 est
1187 522 1390 573 considerare

320 577 359 607 de
383 576 489 606 anima
512 578 570 604 aut
593 572 683 602 omni
707 576 765 601 aut
787 570 952 606 materiali,
981 571 1047 601 sive
1071 568 1163 599 affixa
1189 577 1319 607 corpori
1342 576 1391 596 se-

321 619 465 652 cundum
489 626 622 648 omnem
646 625 738 646 suam
766 615 963 655 potentiam:
996 615 1052 646 sed
1084 613 1230 644 absolute
1262 611 1391 641 dixisset

321 664 444 706 physici
469 671 538 693 esse
562 660 766 692 considerare
790 659 830 690 de
849 660 938 689 omni
961 661 1082 690 anima.

376 707 605 739 Confirmatur.
631 705 716 743 Quia
739 705 773 734 in
798 704 809 734 1
834 704 873 734 de
896 705 1047 735 Partibus
1070 702 1223 737 Animal„
1245 710 1314 740 cap.
1340 701 1389 736 1³⁶,

318 755 402 784 hanc
426 752 659 783 dubitationem
685 749 910 785 determinans,
931 750 1038 789 inquit
1061 746 1151 788 quod
1170 745 1300 790 physici
1323 754 1389 795 non

320 803 367 829 est
382 797 421 828 de
437 796 527 827 omni
542 795 654 826 anima
669 794 897 829 determinare,
914 794 990 834 quia
1007 799 1084 824 tunc
1104 791 1195 822 nulla
1220 795 1302 820 esset
1316 789 1390 829 phi-

320 842 468 883 losophia
479 845 615 882 praeter
630 839 813 869 naturalem
825 838 1003 868 scientiam.
1020 838 1115 867 Esset
1126 836 1210 866 enim
1228 834 1391 864 naturalis

313 887 523 928 philosophia
547 885 586 916 de
617 884 779 915 omnibus:
808 883 895 923 quia,
921 892 993 912 cum
1023 882 1205 912 intellectus
1227 879 1270 909 sit
1297 879 1390 909 intel-

320 932 494 974 ligibilium
517 930 708 964 intellectus,
732 933 763 958 et
785 927 926 957 eiusdem
946 927 1101 957 scientiae
1116 926 1159 955 sit
1180 925 1220 955 de
1244 924 1284 954 iis
1307 933 1391 964 quae

321 977 456 1007 relative
466 976 620 1006 dicuntur
631 972 858 1006 determinare,
872 971 1035 1001 naturalis
1051 969 1278 1001 determinabit
1293 969 1390 999 etiam

320 1022 360 1052 de
383 1019 648 1061 intelligibilibus.
673 1017 811 1047 Constat
826 1022 935 1046 autem
952 1015 1043 1056 quod
1066 1015 1111 1045 ibi
1135 1014 1175 1045 de
1191 1014 1299 1044 anima
1314 1023 1390 1053 pro-

320 1067 388 1107 prie
405 1071 531 1104 sumpta
555 1063 710 1102 loquitur,
726 1067 762 1091 ut
778 1070 816 1090 ex
833 1066 988 1091 contextu
1004 1060 1127 1090 litterae
1143 1064 1286 1099 apparet.
1303 1058 1390 1099 Ergo

320 1110 509 1141 existimavit
532 1108 673 1147 aliquam
690 1114 758 1135 esse
773 1106 915 1135 animam
932 1115 1016 1145 quae
1032 1105 1200 1135 maten'am
1223 1112 1391 1143 supergre-

319 1155 432 1190 diatur,
458 1159 489 1183 et
510 1161 568 1192 per
592 1159 797 1190 consequens
825 1159 892 1180 non
923 1155 1151 1190 corrumpatur
1181 1148 1221 1179 ad
1245 1149 1392 1189 corporis

319 1199 571 1238 corruptionem.
589 1214 611 1217 —
627 1194 727 1233 Quod
751 1195 865 1235 utique
881 1195 1080 1235 apertissime
1097 1195 1194 1225 etiam
1210 1199 1337 1224 constat
1353 1202 1391 1224 ex

318 1244 441 1274 ratione
465 1243 526 1273 alia
549 1241 588 1271 ab
611 1241 684 1280 ipso
708 1239 829 1270 ibidem
853 1238 1007 1270 adducta:
1034 1239 1120 1280 quia,
1151 1239 1297 1279 inquam,
1323 1248 1391 1269 rem

319 1289 444 1319 nullam
460 1297 481 1318 a
497 1285 635 1317 materia
653 1285 849 1315 abstractam
861 1289 971 1325 potest
984 1284 1120 1315 scientia
1137 1283 1302 1314 naturalis
1313 1293 1391 1314 con-

319 1333 478 1373 templari.
503 1331 590 1371 Ergo
615 1329 702 1370 apud
718 1330 827 1370 ipsum
852 1335 898 1360 est
914 1329 1098 1360 intellectus
1122 1339 1140 1359 a
1162 1329 1297 1359 materia
1320 1329 1391 1358 abs-

317 1384 446 1414 tractus,
470 1382 502 1407 et
525 1385 582 1416 per
605 1383 810 1414 consequens
833 1374 1096 1414 incorruptibilis.

374 1423 412 1453 X.
438 1420 601 1456 Secundo,
622 1419 698 1460 quia
722 1419 749 1449 11
773 1419 813 1450 de
835 1419 966 1455 Anima,
995 1424 1071 1449 text.
1099 1426 1135 1448 21
1160 1419 1187 1455 ὓ,
1215 1423 1391 1458 postquam

319 1467 476 1508 quaesivit
499 1465 539 1496 de
563 1465 632 1495 aliis
655 1465 782 1495 animae
806 1465 961 1504 potentiis
984 1469 1095 1494 utrum
1110 1472 1330 1504 unaquaeque
1353 1464 1393 1493 sit

317 1521 390 1552 pars
414 1511 550 1547 animae,
576 1515 608 1540 et
634 1514 743 1540 utrum
774 1509 814 1539 sit
845 1508 1029 1549 separabilis
1060 1509 1099 1538 ab
1128 1508 1197 1538 aliis
1227 1508 1392 1549 potentiis,

318 1556 484 1596 subiungit
501 1554 592 1595 quod
608 1554 648 1585 de
671 1553 835 1585 intellectu
860 1559 891 1584 et
911 1553 1118 1594 prospectiva
1136 1553 1287 1593 potentia
1311 1553 1394 1583 nihil

318 1602 425 1632 adhuc
448 1605 495 1631 est
518 1599 747 1641 nianisestum:
762 1598 819 1629 sed
834 1599 963 1629 videtur
977 1608 1083 1639 genus
1106 1598 1247 1628 alterum
1264 1598 1394 1629 animae

319 1656 396 1682 esse,
421 1651 451 1676 et
474 1645 535 1675 hoc
564 1644 670 1675 solum
698 1644 890 1684 contingere
919 1643 1071 1684 separari
1093 1642 1177 1673 sicut
1198 1648 1393 1684 perpetuum

319 1701 339 1722 a
363 1689 577 1730 corruptibili.

375 1735 409 1766 Si
434 1733 678 1774 respondeatur,
710 1738 746 1763 ut
773 1732 948 1773 supradicti
977 1731 1187 1772 respondent,
1216 1731 1307 1772 quod
1331 1732 1394 1763 hoc

319 1780 426 1810 solum
450 1779 489 1810 de
519 1777 684 1808 intellectu
715 1782 833 1819 agente
865 1777 1063 1818 verificatur,
1088 1776 1177 1817 apud
1200 1786 1283 1812 eum,
1306 1777 1395 1817 quod

319 1829 494 1865 separatur
515 1824 600 1854 sicut
616 1827 810 1863 perpetuum
834 1831 854 1852 a
877 1821 1092 1862 corruptibili,
1111 1822 1187 1861 quia
1205 1821 1394 1852 Aristoteles

320 1870 427 1900 solum
452 1868 651 1899 intellectum
669 1873 817 1907 agentem
841 1867 952 1906 posuit
974 1875 1044 1896 esse
1068 1866 1279 1896 substantiam
1302 1875 1394 1906 sepa-

320 1920 419 1944 ratam
433 1919 464 1943 et
476 1912 771 1951 incorruptibilem:
785 1929 807 1932 —
820 1917 908 1951 patet
923 1911 987 1948 hoc
1003 1909 1264 1940 manifestissime
1276 1909 1393 1941 falsum

321 1967 388 1989 esse
413 1967 452 1988 ex
474 1958 547 1997 ipso
571 1956 753 1986 Aristotelis
776 1964 942 1995 processu.
973 1954 1057 1984 Nam
1089 1963 1175 1990 cum,
1206 1960 1295 1984 textu
1324 1954 1362 1984 18
1377 1956 1393 1971 ⁴*

320 2002 530 2033 conclusisset
553 2001 696 2031 animam
721 1999 933 2030 determinari
949 1998 1141 2040 vegetativo,
1161 1999 1326 2034 sensitivo,
1344 1999 1393 2029 in-

319 2047 478 2078 tellectivo
495 2050 526 2076 et
548 2049 649 2082 motu,
667 2045 783 2081 statim,
800 2050 876 2074 text.
899 2051 936 2084 ¹9
949 2044 976 2079 *‚
997 2043 1130 2083 quaerit,
1148 2048 1257 2073 utrum
1276 2053 1393 2074 unum-

319 2091 467 2133 quodque
490 2091 607 2121 horum
633 2090 676 2120 sit
695 2090 816 2124 anima,
841 2093 900 2118 aut
917 2097 1001 2128 pars
1027 2088 1176 2118 animae:
1198 2093 1230 2118 et
1251 2088 1280 2118 si
1296 2098 1391 2129 pars,

319 2142 428 2167 utrum
444 2136 487 2166 sit
500 2134 692 2175 separabilis
707 2134 779 2164 sola
796 2133 935 2168 ratione,
949 2137 1008 2163 aut
1022 2133 1119 2162 etiam
1137 2133 1220 2163 loco.
1233 2132 1286 2164 Ad
1302 2134 1393 2174 quod

317 2179 557 2222 respondendo,
582 2189 658 2210 cum
681 2178 810 2209 dixisset
826 2178 866 2208 de
885 2177 1076 2218 quibusdam
1099 2177 1218 2208 horum
1242 2187 1308 2208 non
1325 2187 1394 2209 esse

318 2225 452 2267 difficile
475 2225 595 2260 videre,
619 2223 779 2265 quaedam
803 2228 911 2253 autem
943 2222 1175 2253 dubitationem
1199 2223 1318 2254 habere
1326 2230 1339 2260 ‚·
1361 2230 1393 2254 et

319 2270 510 2301 ostendisset
526 2270 558 2299 in
583 2269 701 2309 quibus
724 2274 772 2299 est
795 2267 888 2298 facile
912 2266 1033 2303 videre;
1052 2267 1219 2308 subiungit
1238 2267 1278 2298 de
1297 2268 1335 2298 iis
1358 2269 1391 2299 in

319 2316 436 2356 quibus
460 2320 507 2345 est
531 2313 677 2350 dubium,
704 2313 855 2354 inquiens
879 2311 970 2352 quod
1000 2312 1040 2342 de
1071 2312 1235 2343 intellectu
1262 2318 1294 2343 et
1310 2323 1392 2354 pro-

318 2360 459 2401 spectiva
476 2359 626 2400 potentia
651 2358 731 2388 nihil
754 2358 860 2388 adhuc
875 2362 923 2387 est
943 2357 1161 2399 manifestum,
1179 2363 1239 2388 etc.
1261 2357 1309 2388 Ex
1328 2358 1391 2389 hoc

319 2411 428 2435 autem
451 2412 605 2443 processu
630 2408 762 2443 apparet
784 2402 874 2443 quod
898 2402 931 2432 in
955 2402 1059 2432 verbis
1075 2401 1222 2433 adductis
1246 2402 1392 2443 loquitur

320 2449 359 2480 de
383 2449 549 2479 intellectu
573 2448 629 2488 qui
654 2453 701 2478 est
716 2448 816 2477 virtus
833 2452 864 2477 et
879 2447 1026 2486 potentia
1042 2447 1178 2484 animae,
1196 2456 1263 2478 non
1281 2453 1389 2478 autem

320 2494 359 2524 de
382 2493 548 2524 intellectu
572 2493 629 2533 qui
652 2493 692 2523 sit
722 2491 898 2522 substantia
925 2497 1080 2532 separata.
1112 2491 1153 2522 Et
1180 2491 1328 2533 loquitur
1350 2493 1390 2524 de

318 2544 386 2568 tota
409 2543 498 2578 parte
520 2537 724 2573 intellectiva,
742 2546 839 2577 quam
857 2536 895 2566 ab
919 2536 988 2566 aliis
1004 2536 1083 2566 dixit
1105 2538 1244 2577 separari
1254 2537 1390 2578 forma-

319 2583 394 2613 liter
418 2582 597 2623 (uteorum
613 2582 717 2612 verbis
737 2580 890 2621 utamur),
915 2586 946 2611 et
970 2580 1010 2612 de
1034 2590 1108 2621 qua,
1124 2591 1166 2612 ne
1186 2582 1231 2612 sic
1251 2583 1389 2623 separari

319 2628 516 2658 existimetur
531 2627 613 2657 sicut
629 2626 788 2662 accidens,
806 2625 907 2666 quod,
924 2634 1000 2664 cum
1017 2632 1181 2666 separatur
1197 2636 1214 2656 a
1231 2627 1389 2664 subiecto,

318 2673 544 2712 corrumpitur,
569 2671 733 2711 subiungit
756 2670 847 2711 quod
870 2676 1035 2710 separatur
1048 2670 1134 2701 sicut
1150 2676 1345 2712 perpetuum
1369 2682 1389 2703 a

318 2717 530 2757 corruptibili.
561 2716 630 2747 Nec
654 2715 734 2747 illud
757 2715 891 2746 verbum
917 2714 1055 2751 videtur,
1088 2721 1124 2746 ut
1151 2716 1258 2757 inquit
1280 2716 1389 2748 Philo-

317 2770 425 2802 ponus
437 2762 464 2798 *‚
481 2761 656 2792 dubitantis
672 2766 729 2797 est,
746 2759 802 2790 sed
819 2760 1005 2800 exponitur:
1030 2759 1123 2797 idest,
1140 2765 1278 2801 apparet
1292 2766 1324 2792 et
1343 2767 1390 2792 est

317 2806 535 2848 manifestum.
559 2806 696 2846 Propter
719 2804 820 2846 quod,
837 2810 874 2835 ut
897 2804 1046 2835 ostendat
1061 2814 1095 2835 se
1114 2805 1207 2846 loqui
1231 2805 1271 2837 de
1294 2806 1389 2837 intel-

317 2851 431 2881 lectiva
455 2860 539 2891 quae
563 2856 610 2881 est
625 2859 698 2890 pars
718 2850 854 2885 animae,
872 2854 984 2880 contra
1003 2849 1080 2880 alias
1100 2855 1206 2890 partes
1229 2850 1388 2888 distincta,

317 2895 357 2926 de
380 2895 448 2926 aliis
472 2895 615 2936 partibus
638 2895 803 2934 subiungit
818 2893 944 2924 dicens:
968 2893 1126 2935 Reliquae
1149 2900 1256 2926 autem
1274 2901 1390 2936 partes

316 2940 445 2971 animae
468 2939 676 2982 manifestum
692 2944 740 2970 est
761 2948 803 2970 ex
827 2938 867 2969 iis
883 2938 971 2979 quod
994 2948 1060 2969 non
1080 2939 1278 2979 separabiles
1299 2946 1387 2978 sunt,

317 2989 352 3015 ut
363 2984 494 3025 quidam
506 2985 635 3015 dicunt:
647 2984 776 3015 ratione
788 2988 896 3014 autem
913 2983 1001 3024 quod
1016 2984 1150 3020 alterae,
1167 2985 1386 3027 manifestum.

368 3029 422 3060 XI.
439 3029 562 3067 Tertio,
580 3029 655 3070 quia
670 3029 703 3059 in
721 3028 762 3059 111
779 3028 818 3059 de
842 3028 970 3064 Anima,
988 3033 1064 3059 text.
1082 3028 1099 3059 3
1114 3030 1141 3066 *,
1158 3029 1265 3070 inquit
1289 3039 1387 3071 opor-

315 3079 381 3104 tere
397 3074 596 3105 intellectum
613 3083 681 3104 esse
698 3073 936 3114 impassibilem,
953 3073 1075 3104 scilicet
1090 3075 1240 3114 passione
1256 3076 1388 3116 proprie

317 3118 416 3154 dicta3
431 3123 462 3148 et
477 3124 553 3149 text.
567 3118 598 3155 6,
614 3118 683 3149 vult
698 3118 898 3149 intellectum
914 3118 1101 3158 possibilem
1118 3128 1187 3149 esse
1204 3119 1386 3151 immixtum

316 3163 458 3203 corpori,
484 3173 549 3193 non
578 3163 758 3203 habereque
787 3172 953 3204 organum
976 3171 1181 3203 corporeum.
1206 3163 1302 3195 Tunc
1330 3165 1386 3196 sic.

317 3207 499 3238 Intellectus
523 3213 570 3238 est
592 3207 806 3247 impassibilis,
827 3213 858 3239 et
873 3213 921 3238 est
936 3207 1082 3247 potentia
1099 3208 1138 3237 ab
1155 3209 1246 3239 omni
1263 3218 1386 3250 organo

317 3260 475 3292 corporeo
499 3258 652 3292 separata.
677 3252 764 3292 Ergo
787 3253 894 3283 anima
920 3251 1115 3282 intellectiva
1141 3262 1208 3283 non
1233 3259 1280 3284 est
1303 3260 1386 3285 tota-

315 3295 385 3326 liter
407 3297 557 3326 immersa
579 3297 740 3333 materiae,
764 3302 919 3337 tanquam
949 3296 988 3326 ab
1015 3296 1085 3336 ipsa
1113 3297 1293 3329 secundum
1317 3308 1386 3329 esse

317 3339 511 3380 dependens.
536 3341 624 3381 Ergo
640 3346 687 3371 est
710 3341 911 3372 immortalis.
927 3359 948 3364 -
964 3340 1123 3371 Probatur
1146 3342 1248 3381 prima
1271 3352 1386 3374 conse-

317 3385 456 3424 quentia.
481 3385 567 3423 Quia
592 3384 729 3415 sormam
760 3386 911 3416 materiae
939 3385 1080 3416 totaliter
1108 3386 1294 3418 immersam
1317 3397 1385 3419 non

317 3434 561 3469 consequuntur
583 3431 747 3469 potentiae
772 3436 803 3461 et
825 3431 958 3461 virtutes
981 3430 1208 3461 immateriales
1230 3441 1299 3462 non
1330 3432 1386 3463 ha-

316 3473 426 3503 bentes
450 3483 607 3514 organum
638 3474 810 3505 materiale.
842 3474 995 3515 Sequitur
1018 3474 1122 3506 enim:
1151 3474 1263 3506 Nullas
1290 3477 1386 3508 habet

315 3517 446 3548 virtutes
470 3518 746 3558 supergredientes
769 3520 934 3550 materiam
960 3525 991 3549 et
1018 3527 1086 3549 non
1115 3519 1294 3559 indigentes
1318 3531 1385 3552 ma-

317 3561 416 3591 teriali
449 3563 605 3599 subiecto,
631 3563 717 3602 Ergo
743 3570 789 3594 est
819 3564 956 3594 omnino
983 3563 1135 3594 materiae
1165 3564 1326 3602 immersa,
1354 3571 1386 3596 et

317 3605 407 3634 nullo
431 3606 530 3636 modo
555 3616 650 3647 supra
674 3608 839 3638 materiam
857 3614 903 3638 est
928 3608 1059 3639 elevata.
1076 3625 1100 3631 -—
1116 3607 1265 3639 Secunda
1289 3611 1385 3641 etiam

319 3651 548 3688 consequentia
572 3651 739 3682 manifesta
763 3658 819 3682 est.
844 3651 929 3690 Quia
953 3653 978 3682 si
1002 3662 1069 3683 non
1091 3652 1252 3693 dependet
1276 3663 1294 3684 a
1317 3663 1385 3685 ma-

318 3692 394 3721 teria
412 3694 588 3724 secundum
607 3705 684 3732 esse,
701 3705 761 3726 nec
786 3703 832 3726 est
848 3696 891 3726 illi
910 3697 1048 3728 totaliter
1062 3698 1223 3734 immersa,
1241 3699 1385 3738 sequitur

1500 475 1569 506 XII.
1595 475 1732 513 Quarto,
1756 481 1846 507 textu
1871 486 1914 507 20
1938 477 2084 509 eiusdem
2109 479 2212 510 Tertii
2223 481 2250 517 *ξ
2275 481 2316 512 de
2338 488 2408 514 tota
2432 490 2523 524 parte

1444 520 1641 550 intellectiva
1664 520 1815 560 loquens,
1840 522 1899 552 ait:
1924 522 2104 563 Separatus
2131 529 2239 555 autem
2263 532 2311 557 est
2332 527 2394 558 hoc
2415 529 2522 560 solum

1445 565 1533 605 quod
1563 574 1638 595 vere
1667 570 1732 596 est:
1762 570 1794 596 et
1822 566 1885 597 hoc
1917 567 2025 598 solum
2053 568 2238 600 immortale
2265 575 2297 601 et
2316 577 2521 612 perpetuum.

1445 609 1532 649 Ergo
1557 613 1618 639 etc.

1503 653 1716 693 Respondent
1731 654 1755 685 ii
1778 654 1868 695 quod
1892 655 1956 686 hoc
1979 666 2048 687 non
2072 657 2112 687 de
2128 663 2196 689 tota
2211 665 2302 699 parte
2317 661 2522 699 intellectiva,

1445 697 1501 728 sed
1518 697 1558 728 de
1573 698 1742 729 intellectu
1761 703 1888 730 tantum
1904 706 2031 740 agente,
2055 701 2144 733 dicit.
2168 702 2270 741 Quod
2292 710 2391 745 patet,
2415 711 2452 737 ut
2474 706 2523 738 di-

1445 748 1534 778 cunt,
1551 751 1590 773 ex
1613 743 1716 774 modo
1740 743 1899 784 loquendi
1911 746 1937 775 *ἢ
1962 745 2050 776 Nam
2066 756 2140 777 cum
2163 749 2314 789 superius
2329 751 2365 767 *⁴*
2387 750 2525 782 dixisset

1444 787 1541 817 etiam
1558 787 1755 819 intellectum
1773 789 1962 828 possibilem
1978 799 2048 821 esse
2065 797 2263 832 separatum,
2279 795 2407 826 addidit
2426 805 2522 833 nunc,

1448 845 1461 857 «
1477 832 1540 862 hoc
1562 832 1650 872 quod
1673 842 1749 863 vere
1771 838 1820 863 est
1834 847 1862 869 ι»,
1888 833 1988 865 idest:
2004 840 2051 865 est
2073 836 2256 869 abstractus
2275 839 2309 870 in
2334 841 2469 872 essendo
2493 846 2524 872 et

1444 876 1713 914 substantialiter,
1738 878 1834 918 quasi
1849 879 1927 909 velit
1940 879 2066 911 dicere:
2089 880 2278 914 Intellectus
2294 885 2463 924 possibilis
2477 891 2525 917 est

1444 926 1617 961 separatus
1638 922 1723 952 sicut
1746 927 1880 958 rectum,
1897 928 1929 954 et
1942 924 2038 955 habet
2053 927 2276 965 operationem
2297 929 2370 960 sine
2384 939 2524 972 corpore

1443 967 1529 997 sicut
1550 967 1691 1007 sphaera
1704 968 1741 997 *.·
1763 967 1821 998 sed
1844 977 1910 999 non
1935 973 1983 1000 est
2004 975 2177 1010 separatus
2193 972 2226 1002 in
2251 972 2314 1004 hoc
2335 975 2425 1015 quod
2447 985 2524 1006 vere

1445 1016 1502 1047 est,
1528 1011 1610 1043 idest
1636 1011 1669 1042 in
1694 1012 1839 1044 essendo.
1870 1013 1937 1044 Iste
1964 1019 2073 1045 autem
2104 1015 2296 1053 intellectus,
2322 1019 2400 1059 quia
2429 1019 2525 1051 habet

1439 1056 1614 1096 propriam
1639 1057 1873 1097 operationem,
1898 1063 1947 1089 est
1967 1064 2141 1099 separatus
2162 1061 2270 1092 solum
2294 1062 2328 1093 in
2351 1063 2415 1095 hoc
2435 1065 2524 1105 quod

1445 1110 1520 1132 vere
1543 1106 1599 1137 est,
1625 1101 1707 1132 idest
1730 1102 1763 1133 in
1787 1103 1934 1134 essendo.

1501 1145 1565 1176 Sed
1589 1146 1680 1186 quod
1703 1147 1763 1177 ista
1785 1148 1956 1188 responsio
1972 1158 2041 1179 non
2057 1149 2098 1179 sit
2114 1149 2155 1180 ad
2169 1156 2315 1182 mentem
2330 1152 2522 1191 Aristotelis,

1446 1191 1589 1230 arguitur
1605 1201 1644 1221 ex
1659 1191 1732 1232 ipso
1748 1192 1851 1222 modo
1868 1192 2036 1234 loquendi.
2061 1193 2137 1225 Non
2161 1195 2260 1233 enim,
2277 1206 2354 1228 cum
2370 1198 2524 1230 volumus

1445 1244 1514 1266 rem
1530 1245 1549 1266 a
1564 1236 1712 1267 subiecto
1728 1235 1912 1268 distinctam
1935 1238 2105 1270 excludere
2121 1249 2140 1270 a
2154 1242 2322 1272 consortio
2337 1242 2523 1282 praedicati,

1445 1281 1569 1311 utimur
1584 1280 1728 1312 dictione
1743 1282 1908 1313 exclusiva
1929 1282 2154 1315 adverbialiter
2169 1293 2208 1316 ex
2225 1291 2317 1326 parte
2333 1286 2521 1327 praedicati:

1446 1324 1502 1355 sed
1525 1325 1614 1356 illam
1639 1335 1677 1356 ex
1692 1331 1784 1366 parte
1799 1327 1948 1365 subiecti,
1963 1329 2146 1360 secundum
2162 1339 2271 1361 veram
2294 1331 2446 1372 logiam,
2461 1341 2524 1373 po-

1446 1370 1565 1400 nimus.
1596 1370 1673 1401 Non
1705 1371 1803 1408 enim,
1836 1381 1913 1403 cum
1943 1373 2098 1404 volumus
2128 1373 2309 1415 significare
2338 1376 2523 1409 albedinem

1445 1415 1527 1446 nulli
1543 1415 1598 1446 alii
1614 1416 1741 1447 homini
1765 1418 1940 1448 convenire
1963 1418 2146 1450 secundum
2169 1418 2287 1451 faciem
2302 1429 2403 1462 quam
2425 1421 2522 1460 Sorfi,

1447 1459 1595 1498 dicimus,
1626 1460 1740 1491 Sortes
1768 1466 1817 1492 est
1841 1462 1936 1493 albus
1958 1463 2066 1494 solum
2095 1464 2273 1495 secundum
2293 1466 2434 1507 faciem,
2457 1467 2523 1498 hoc

1447 1505 1535 1535 enim
1558 1506 1661 1546 magis
1684 1505 1843 1547 significat
1867 1507 1959 1548 quod
1981 1507 2092 1539 Sortes
2121 1518 2191 1540 non
2218 1515 2267 1540 est
2288 1510 2381 1542 albus
2403 1511 2467 1542 nisi
2487 1512 2523 1542 in

1447 1549 1544 1580 facie:
1571 1550 1627 1581 sed
1643 1550 1792 1588 dicimus,
1808 1551 1907 1583 Solus
1922 1552 2036 1584 Sortes
2059 1558 2108 1584 est
2129 1553 2223 1585 albus
2235 1555 2342 1596 jacie.
2367 1555 2432 1587 Sed
2449 1556 2523 1588 Arit-

1447 1594 1579 1625 stoteles
1590 1596 1692 1626 utitur
1703 1595 1846 1627 dictione
1863 1597 2024 1628 exclusiva
2039 1598 2263 1638 adverbialiter
2274 1609 2314 1630 ex
2327 1605 2420 1641 parte
2429 1609 2523 1642 prae-

1447 1638 1553 1676 dicati,
1578 1639 1718 1671 dicendo
1742 1641 1832 1681 quod
1860 1641 2042 1673 intellectus
2065 1648 2114 1674 est
2133 1649 2306 1684 separatus
2331 1646 2439 1676 solum
2460 1645 2524 1677 hoc

1447 1684 1536 1724 quod
1559 1693 1634 1715 vere
1657 1690 1724 1716 est:
1746 1695 1815 1716 non
1838 1691 1948 1717 autem
1972 1686 2063 1727 quod
2085 1689 2178 1719 solus
2201 1689 2254 1720 hic
2277 1686 2460 1721 intellectus
2479 1690 2525 1722 sit

1447 1733 1619 1769 separatus
1636 1729 1699 1761 hoc
1722 1730 1830 1761 modo.
1855 1730 1942 1771 Ergo
1965 1741 2034 1762 non
2051 1732 2190 1764 intendit
2212 1742 2271 1774 per
2293 1734 2378 1765 hanc
2400 1743 2523 1776 propo-

1447 1773 1600 1804 sitionem
1620 1774 1791 1806 excludere
1821 1775 2024 1807 intellectum
2055 1778 2243 1817 possibilem
2275 1779 2314 1809 ab
2336 1779 2396 1810 illo
2418 1779 2522 1811 modo

1448 1819 1658 1858 separationis
1684 1828 1752 1859 quo
1781 1820 1965 1852 intellectus
1996 1831 2095 1862 agens
2123 1828 2171 1853 est
2201 1829 2376 1864 separatus,
2405 1829 2442 1856 ut
2470 1824 2524 1858 isti

1447 1863 1531 1893 male
1554 1863 1764 1895 Aristotelem
1786 1865 2046 1906 interpretantur.

1503 1907 1598 1938 Unde
1622 1908 1713 1938 aliter
1727 1914 1776 1939 est
1797 1909 1858 1940 iste
1880 1914 1986 1940 textus
2009 1910 2248 1951 intelligendus.
2265 1911 2353 1943 Cum
2368 1913 2458 1944 enim
2473 1914 2523 1944 in·-

1447 1951 1593 1982 tellectus
1615 1961 1739 1983 nomen
1763 1952 1883 1994 duplex
1906 1954 2023 1985 habeat
2048 1954 2275 1995 significatum,
2302 1957 2426 1988 scilieet
2445 1966 2524 1999 pro-

1446 1996 1565 2036 prium,
1589 1996 1681 2036 quod
1704 2003 1753 2027 est
1775 1998 1880 2028 virtus
1909 2003 1970 2029 aut
1981 1998 2116 2040 factiva
2141 2005 2202 2031 aut
2223 2001 2386 2042 receptiva
2408 2002 2523 2034 &nona-

1447 2040 1612 2071 terialium
1628 2046 1661 2072 et
1684 2042 1938 2080 universalium,·
1953 2049 1986 2074 et
2000 2044 2229 2085 improprium,
2245 2045 2338 2086 quod
2357 2052 2405 2078 αα
2419 2047 2524 2081 ninus

1446 2085 1626 2126 cogitativa
1651 2086 1768 2127 (ipsam
1792 2088 1880 2118 enim
1903 2087 2038 2119 inferius
2054 2089 2071 2106 “
2093 2095 2191 2121 vocat
2211 2090 2404 2122 Aristoteles
2427 2092 2523 2124 intei-

1447 2130 1563 2161 lectum
1575 2131 1775 2172 passivum);
1791 2141 1834 2162 ne
1849 2132 1966 2173 aliquis
1982 2142 2020 2164 ex
2037 2143 2078 2164 eo
2095 2134 2186 2175 quod
2201 2136 2351 2176 superius
2373 2136 2523 2169 absolute

1446 2180 1479 2205 et
1501 2175 1686 2207 indistincte
1702 2176 1781 2207 dixit
1795 2177 1998 2208 intellectum
2022 2187 2091 2209 esse
2114 2185 2308 2220 separatum,
2331 2183 2523 2222 putaretis-

1446 2219 1611 2252 tellectum
1636 2221 1733 2252 etiam
1757 2222 1939 2253 secundum
1963 2223 2180 2264 improprium
2204 2230 2377 2266 acceptum
2400 2226 2522 2268 dgm‘fi-

1445 2270 1555 2296 catum
1579 2275 1649 2296 esse
1672 2272 1867 2307 separatum,
1894 2267 1947 2298 hic
1970 2276 2005 2298 se
2028 2267 2069 2299 de
2099 2268 2266 2300 intellectu
2298 2276 2459 2311 quantum
2482 2272 2522 2304 ad

1443 2311 1615 2350 proprium
1629 2316 1756 2342 tantum
1772 2310 1988 2352 significatum
2007 2312 2202 2345 intellexisse
2217 2314 2410 2347 manifestat.
2428 2316 2522 2348 Unde

1443 2364 1557 2386 sensus
1581 2362 1642 2386 est:
1669 2356 1857 2387 Intellectus
1871 2361 1980 2388 autem
1996 2362 2045 2388 est
2066 2363 2239 2398 separatus
2257 2364 2384 2390 tantum
2406 2370 2522 2392 seeun-

1444 2399 1521 2430 dum
1529 2401 1703 2441 proprium
1716 2401 1938 2442 significatum
1953 2407 2085 2443 accepto
2099 2403 2231 2435 nomine
2245 2404 2437 2441 intellectus,
2453 2415 2521 2438 non

1444 2450 1552 2475 autem
1577 2446 1647 2486 ipso
1670 2446 1847 2477 secundum
1878 2447 1950 2477 eius
1976 2447 2193 2488 improprium
2220 2449 2444 2491 significatum
2465 2460 2522 2482 ao-

1443 2495 1545 2530 cepto.
1570 2490 1615 2521 Et
1635 2491 1699 2521 hoc
1720 2491 1838 2527 solum,
1856 2492 1979 2523 scilieet
2001 2493 2172 2533 proprium
2188 2493 2406 2534 significatum
2428 2495 2522 2527 intel-

1442 2534 1556 2571 lectus,
1581 2540 1628 2566 est
1660 2536 1847 2567 immortale
1876 2541 1909 2567 et
1924 2542 2142 2578 perpetuum:
2163 2547 2233 2569 non
2265 2544 2375 2570 autem
2397 2540 2522 2582 nupto-

1442 2579 1562 2619 prium.
1587 2580 1688 2618 Quod
1712 2580 1797 2611 clare
1820 2582 1962 2612 ostendit
1983 2582 2204 2623 subiungens:
2232 2583 2387 2615 Passivus
2413 2589 2522 2616 autem

1443 2624 1626 2655 intellectus
1636 2630 1685 2656 est
1695 2626 1927 2666 corruptibilis,
1940 2625 2023 2658 idest
2035 2628 2222 2668 cogitativa:
2235 2637 2322 2668 quae
2331 2638 2401 2660 non
2413 2629 2522 2661 solum

1442 2668 1624 2700 secundum
1647 2669 1948 2710 interpretationem
1971 2671 2081 2703 Sancti
2101 2672 2262 2710 Thomae,
2285 2673 2343 2705 sed
2358 2673 2457 2705 edam
2471 2682 2522 2706 ae-

1442 2714 1589 2745 cundum
1612 2714 1789 2756 Philoponi
1812 2716 2053 2756 expositionem
2069 2718 2096 2753 ’,
2121 2722 2155 2748 et
2176 2718 2360 2750 secundum
2382 2719 2522 2750 Amno-

1442 2759 1534 2790 nium
1557 2759 1592 2790 in
1609 2759 1621 2790 1
1637 2759 1899 2792 perihermenias
1909 2762 1936 2798 ⁹,
1954 2766 2131 2802 antequam
2147 2762 2188 2793 ad
2202 2763 2447 2804 expositionem
2468 2763 2520 2795 lit-

1441 2810 1528 2835 terae
1552 2804 1732 2835 Aristotelis
1756 2805 1898 2843 accedat,
1921 2806 2100 2847 improprie
2122 2806 2240 2838 dicitur
2262 2808 2457 2840 intellectus.

1499 2858 1528 2879 2.
1549 2849 1640 2880 Patet
1656 2854 1766 2880 autem
1784 2850 1869 2881 hanc
1884 2859 1955 2882 esse
1970 2860 2080 2882 veram
2094 2851 2188 2883 istius
2201 2858 2310 2884 textus
2332 2852 2521 2894 interpreta-

1441 2893 1576 2930 tionem,
1600 2894 1627 2925 si
1642 2893 1813 2935 diligenter
1827 2901 1860 2926 et
1873 2901 1980 2927 textus
1995 2896 2188 2934 Aristotelis,
2204 2902 2237 2928 et
2251 2906 2386 2938 graecu·
2398 2897 2521 2929 nodus

1440 2937 1610 2979 loquendi,
1635 2938 1866 2971 consideretur.
1884 2940 1948 2972 Ubi
1964 2941 2051 2972 enim
2067 2946 2174 2973 textus
2189 2947 2299 2973 noster
2321 2942 2420 2974 habet
2431 2942 2522 2984 quod

1441 2992 1517 3014 vere
1528 2988 1587 3021 est,
1600 2989 1707 3014 textus
1718 2993 1853 3024 graecus
1865 2985 1962 3016 habet
1969 2986 2072 3027 hoper
2083 2981 2208 3028 (ὅπερ),
2221 2996 2306 3028 quae
2318 2985 2420 3018 dictio
2431 2987 2519 3028 apud

1438 3037 1573 3068 graecos
1596 3029 1720 3069 proprii
1743 3028 1914 3070 significati
1937 3034 1986 3062 est
2009 3030 2271 3063 demonstrativa.
2291 3031 2346 3063 Sic
2364 3033 2453 3064 enim
2474 3033 2520 3064 ait

1441 3072 1556 3104 Suidas
1571 3073 1602 3103 ’τ
1628 3072 1740 3104 Τοῦτο
1771 3072 1812 3104 τὸ
1844 3071 1906 3105 ὄπι
1963 3074 2027 3107 τοῦ
2054 3085 2096 3106 nu
2116 3075 2172 3112 (ως
2204 3074 2281 3108 iovi.
2307 3070 2514 3116 δηλωτικόν,

1439 3117 1500 3148 καὶ
1525 3115 1549 3157 ᾧ
1576 3115 1635 3148 ὃᾶν
1661 3115 1847 3160 προστεθῇ,
1883 3129 1923 3150 το
1951 3119 2068 3163 κυρίως
2093 3085 2200 3151 ἷκιῐνο
2231 3116 2320 3151 εἶναι
2346 3120 2516 3164 σημᾶναι.

1442 3160 1525 3201 οἷον,
1553 3159 1634 3204 ὅπερ
1662 3160 1850 3205 ἅνθρωπος,
1885 3162 1902 3195 ὀ
1924 3164 2043 3207 κυρίως
2073 3161 2263 3208 ἅνθρωπος,
2286 3165 2346 3196 καὶ
2370 3162 2459 3208 ‘vap‘
2477 3161 2516 3195 ὃν

1439 3206 1496 3237 καὶ
1517 3204 1597 3245 ὅπερ
1624 3204 1769 3251 ἀγαθόν,
1791 3206 1832 3239 τὸ
1857 3209 1972 3250 κυρίως
1995 3206 2145 3255 ἀγαθόνε
2169 3209 2262 3247 idest,
2285 3209 2382 3240 Haec
2402 3209 2516 3246 dictio,

1437 3252 1541 3293 hoper
1557 3249 1679 3295 (ὅπερ),
1697 3252 1779 3284 idest
1797 3266 1812 3280 ε
1827 3253 1916 3295 quod
1930 3263 2006 3285 vere
2024 3266 2053 3291 2,
2060 3253 2194 3295 proprii
2204 3258 2257 3285 eet
2268 3253 2448 3295 significati
2461 3253 2517 3286 de-

1439 3297 1676 3335 monstrativa5
1691 3303 1723 3329 et
1736 3298 1790 3329 cui
1805 3307 1886 3329 sane
1899 3298 2011 3340 fuerit
2025 3299 2186 3340 apposita,
2197 3298 2337 3339 proprie
2350 3298 2435 3330 illud
2449 3308 2518 3331 esse

1438 3341 1623 3384 significat:
1638 3342 1728 3373 verbi
1741 3343 1864 3385 gratia,
1885 3356 1899 3369 α
1915 3343 2004 3384 quod
2018 3351 2094 3374 vere
2110 3343 2208 3374 homo
2222 3355 2238 3370 ι
2258 3342 2427 3384 significat
2435 3353 2517 3384 pro-

1433 3387 1510 3428 prie
1520 3387 1694 3424 hominem,
1708 3392 1740 3418 et
1754 3401 1768 3414 «
1784 3387 1873 3428 quod
1887 3397 1963 3419 vere
1973 3396 2031 3419 ens
2044 3399 2075 3425 ι,
2086 3392 2121 3418 et
2131 3387 2247 3428 «quod
2261 3395 2337 3418 vere
2350 3388 2472 3419 bonum
2487 3401 2516 3424 ι,

1438 3431 1605 3473 significat
1609 3432 1750 3473 proprie
1759 3432 1890 3464 bonum.
1901 3431 2073 3472 Cumergo
2084 3435 2190 3462 textus
2197 3432 2378 3463 Aristotelis
2389 3432 2516 3470 habeat,

1443 3473 1616 3517 Χωρισθεὶς
1644 3470 1752 3508 δ’ἐστὶ
1783 3474 1886 3519 μόνον
1917 3473 2011 3507 τοῦθ’
2035 3473 2119 3518 ὅπερ
2143 3474 2232 3508 ἐστι,
2262 3476 2354 3514 idest,
2382 3486 2515 3519 separa-

1439 3525 1491 3551 tus
1505 3526 1614 3552 autem
1630 3526 1679 3552 est
1693 3525 1818 3552 tantum
1833 3521 1896 3552 hoc
1909 3519 1998 3562 quod
2011 3529 2088 3552 vere
2103 3525 2159 3557 est,
2176 3521 2237 3558 vel,
2254 3521 2432 3553 secundum
2453 3522 2516 3553 hoc

1438 3566 1526 3606 quod
1549 3575 1623 3597 vere
1639 3571 1695 3602 est,
1713 3574 1825 3597 sensus
1849 3570 1897 3596 est
1912 3563 2003 3605 quod
2019 3565 2200 3596 intellectus
2215 3566 2322 3597 solum
2337 3566 2514 3598 mundum

1433 3610 1607 3651 proprium
1633 3610 1775 3641 nominis
1795 3609 2018 3651 significatum
2041 3614 2088 3640 est
2109 3616 2300 3651 separatus:
2315 3620 2382 3642 non
2405 3615 2513 3642 autem

1438 3654 1614 3685 secundum
1640 3654 1854 3696 improprium
1873 3653 2105 3695 significatum,
2125 3660 2230 3695 prout
2251 3655 2431 3698 cogitativa
2455 3655 2514 3686 im-

1435 3699 1571 3739 proprie
1595 3704 1626 3730 et
1647 3697 1914 3729 similitudinarie
1937 3697 2057 3729 dicitur
2081 3699 2270 3731 intellectus.

2549 486 2558 494 ·
2576 484 2609 506 Ca
2628 500 2634 507 .
2652 491 2674 510 v.
2696 490 2722 511 2:
2745 491 2765 507 s.

2550 511 2597 533 Th.
2620 518 2673 534 .ιο.

2552 750 2560 759 ·
2571 749 2643 771 Caiet.
2661 749 2706 772 loc.
2715 750 2766 776 cit..

2552 775 2623 798 Circa
2631 776 2767 804 separatio-

2551 809 2612 824 nem.

2552 831 2571 840 ··
2586 829 2644 857 Cap.
2661 836 2693 857 iv,
2703 836 2724 858 5.

2551 979 2766 1008 'Cf.1deAuima,

2551 1013 2569 1034 1,·
2578 1013 2617 1031 io:
2632 1013 2652 1029 ο.
2662 1006 2708 1029 Th.
2717 1007 2732 1030 1.
2740 1013 2764 1031 2.

2549 2089 2766 2145 zar-..risza

2549 2149 2590 2172 raa

2548 2721 2559 2731 ”
2572 2719 2610 2742 ΑΔ
2625 2719 2712 2743 heum.

2549 2765 2559 2775 ·
2567 2763 2678 2794 Prodat.

2549 2790 2618 2820 ‹vn-
2630 2765 2739 2821 'ssd-fol.
2748 2771 2763 2788 a

2544 3070 2631 3094 ‘Lex-Ic
2687 3071 2768 3095 ἀνω..

2545 3097 2630 3126 (aera.
2646 3097 2718 3127 1⁵4l-
2766 3099 2768 3104 “
