2768 4134
43 371 55 382 ⁸
66 369 102 392 Cf.
110 369 120 391 1
127 369 232 397 Metapln.
244 375 260 396 ι,

11 399 13 401 ’
46 402 83 422 n;
99 402 124 423 n,
139 402 161 423 7.

40 2607 41 2610 =
50 2594 69 2610 ⁴
77 2594 116 2619 Cf.
132 2595 269 2618 Commem-

37 2650 39 2654 .
49 2626 77 2647 c.
85 2626 161 2651 88¹¹,
170 2621 222 2644 init.

236 2817 256 2839 s

126 2844 262 2899 5

40 2972 42 2974 ,
41 2874 118 2929 ξ,
43 2849 55 2859 ,,

62 3314 74 3327 ·
87 3313 145 3337 Luc.
159 3314 198 3336 cit.

38 3531 39 3534 Ἴ
63 3543 75 3555 '
87 3542 123 3566 lu
131 3543 276 3572 Simplicius.

27 3570 30 3571 ⁷
65 3569 103 3592 Cf.
109 3569 227 3592 Valentin.
233 3570 277 3592 Ro·

27 3617 29 3620 .
66 3602 98 3624 ue,
113 3596 143 3619 de
155 3597 231 3619 Arist.
247 3598 278 3619 11·-

65 3622 161 3645 bmrum
185 3623 278 3646 Ordine

65 3653 87 3672 et
132 3656 155 3678 p.
172 3656 216 3680 ¹33.

21 3694 25 3703 ,,
64 3677 86 3687 ·’·
134 3683 157 3705 ρ.
167 3683 193 3704 ιι,
202 3683 224 3704 7.

758 290 948 328 SUMMA
977 291 1199 330 CONTRA
1227 292 1503 343 GENTILES,
1534 296 1645 334 CAP.
1666 298 1839 345 XXXIV,
1861 298 2016 335 XXXV.
2416 308 2487 346 109

287 369 377 400 Deus
393 368 569 400 altissimas
593 368 781 400 considerat
803 377 920 399 causas
932 370 958 405 ³⁶,
976 369 1032 400 sed
1055 380 1115 401 suo
1138 371 1251 408 modo,
1267 374 1310 403 ita
1330 379 1361 404 et
1415 375 1495 405 alius
1519 386 1537 406 a
1561 382 1724 416 conceptu
1754 377 1887 417 proprio
1918 378 2092 417 sapientiae
2123 377 2263 408 divinae:
2293 378 2385 414 sicut,
2411 387 2488 408 cum

287 418 432 444 creatura
455 423 516 443 suo
539 414 641 444 modo
671 422 729 453 per
759 422 851 443 suam
881 415 1071 453 sapientiam
1103 416 1230 447 easdem
1255 419 1360 448 consi-
1413 419 1614 459 praedicatur
1645 420 1684 451 de
1714 421 1857 457 homine,
1882 422 1951 451 eius
1979 427 2157 462 conceptus
2187 432 2254 452 non
2287 427 2334 452 est
2363 421 2448 453 alius'
2466 432 2486 452 a

287 458 386 510 derat.
411 457 564 508 Similiter
586 457 731 488 diversos
754 463 933 497 conceptus
949 459 1114 496 mentales,
1132 470 1274 500 quorum
1290 464 1361 502 qui·
1413 470 1576 504 conceptu
1599 465 1774 504 sapientiae
1797 465 1967 496 humanae.
2000 465 2094 497 Unde
2117 466 2231 502 Prima,
2256 475 2287 506 q.
2308 477 2373 503 xm,
2399 476 2427 497 a.
2454 467 2483 502 5³,

286 503 366 555 libet
395 511 454 533 uni
474 503 730 554 ’ana-logatorum
761 501 958 542 adaequatus
989 509 1080 540 esset,
1111 505 1307 545 importaret,
1335 508 1361 537 si
1413 508 1521 548 inquit
1551 509 1687 539 Sanctus
1716 509 1860 539 Thomas
1891 509 1991 549 quod,
2024 519 2096 540 cum
2124 511 2185 541 hoc
2215 520 2331 541 nomen
2359 511 2488 551 sapiens

286 556 391 599 ipsam
415 552 604 588 sapientiam
629 546 772 597 divinam
795 547 976 578 secundum
1000 548 1091 588 quod
1113 550 1147 580 in
1170 560 1203 581 se
1220 557 1267 582 est
1282 561 1361 582 con·
1415 551 1535 583 dicitur
1557 553 1597 583 de
1619 553 1760 590 homine,
1777 553 1943 594 significat
1957 554 2101 594 aliquam
2116 555 2351 596 petfectionem
2374 555 2487 586 distin-

287 601 396 643 cipere
410 601 592 632 possemus.
617 590 681 622 Sed
704 600 782 631 qma
804 591 868 621 hoc
891 601 958 622 non
982 602 1167 632 possumus,
1184 594 1361 626 formamus
1415 601 1499 627 ctam
1523 598 1564 628 ab
1594 597 1732 628 essentia
1763 597 1904 628 hominis
1927 603 1958 628 et
1980 607 2001 628 a
2026 599 2174 638 potentia
2197 604 2229 629 et
2250 600 2290 629 ab
2313 609 2381 630 esse
2405 600 2485 636 eius,

287 636 423 677 quidem
437 641 636 678 conceptum
650 641 935 687 unumcreaturae
951 637 1177 677 adaequatum,
1191 639 1246 670 sed
1262 640 1361 670 alium
1414 646 1446 671 et
1468 642 1508 672 ab
1532 642 1679 672 omnibus
1702 642 1905 672 huiusmodi:
1927 642 1984 673 sed
2013 652 2085 672 cum
2114 643 2176 673 hoc
2207 653 2321 673 nomen
2351 644 2487 674 dicimus

286 680 467 732 formamus
479 680 520 732 de
531 679 604 711 Deo
620 680 908 732 propomonaliter
923 681 963 711 ad
979 689 1176 722 conceptum
1188 690 1360 721 creaturae,
1415 685 1455 716 de
1469 686 1553 723 Deo,
1576 696 1641 716 non
1663 686 1859 716 intendimus
1881 683 2070 728 significare
2093 687 2218 727 aliquid
2240 688 2423 718 distinctum
2447 689 2487 718 ab

287 734 345 766 qui
360 725 407 756 1111
423 731 471 756 est
485 724 729 777 madaequatus.
754 725 795 756 Et
811 725 955 762 ulterius,
971 731 1104 767 propter
1120 728 1361 760 similitudinem
1415 731 1554 761 essentia
1570 731 1622 761 vel
1638 731 1787 771 potentia
1811 731 1862 761 uel
1884 740 1952 762 esse
1976 731 2085 771 ipsius.
2111 731 2174 762 Sed
2194 741 2307 762 verum
2327 738 2374 762 est
2397 732 2487 772 quod

286 774 467 821 conceptus
489 774 665 810 sapientiae
688 775 817 801 nostrae
841 770 881 801 ad
904 777 1102 811 conceptum
1126 773 1299 812 sapientiae
1315 774 1362 804 di-
1415 775 1594 815 sapientiae
1617 785 1739 806 nomen
1755 785 1823 806 non
1840 775 1917 806 dicit
1931 776 2035 815 ipsam
2059 776 2248 815 sapientiam
2271 776 2411 806 divinam
2426 777 2487 807 nisi

285 823 390 866 vinae,
407 814 587 845 formamus
603 823 816 846 communem
839 825 943 846 unum
967 822 1166 856 conceptum
1189 819 1362 858 sapientiae
1415 825 1452 849 ut
1479 829 1583 850 unum
1617 819 1901 860 proportionaliter
1934 829 2011 850 cum
2037 820 2192 860 sapientia
2219 826 2338 851 creata:
2366 830 2487 851 nomen

285 858 414 911 divinae
445 864 478 890 et
506 859 668 890 humanae
700 860 961 896 convenientem,
990 860 1048 891 sed
1077 861 1304 901 imperfectum
1332 869 1364 894 et
1415 869 1525 894 autem
1547 864 1622 900 hoc,
1642 864 1802 904 sapientia
1829 863 1951 900 divina,
1975 863 2132 904 significat
2158 865 2262 904 ipsam
2288 864 2433 895 absolute
2457 871 2488 895 et

285 903 539 955 madaequatum
561 904 703 955 utrique,
727 905 761 934 in
792 914 860 945 quo
891 909 1029 945 utraque
1059 906 1214 946 sapientia
1242 907 1363 937 assimi—
1417 918 1481 938 una
1505 909 1628 939 ratione
1651 909 1848 949 simpliciter.
1880 908 1926 939 Ita
1949 907 2040 948 quod
2063 908 2177 939 eadem
2207 918 2266 945 res,
2291 914 2328 939 ut
2350 908 2488 939 fundans

286 948 379 979 latur.
403 948 446 979 Et
468 958 514 979 εις
537 948 615 979 d1c1t
637 948 701 979 tale
723 958 848 980 nomen
872 954 1070 991 conceptum
1099 959 1205 981 unum
1234 951 1363 982 inadae—
1416 952 1660 983 similitudinem
1682 958 1714 983 et
1737 953 1998 983 convenientiam
2020 953 2338 993 proportionalitatis,
2355 953 2488 983 nomine

285 998 424 1044 quatum
455 999 487 1024 et
515 992 754 1044 imperfectum,
778 1003 847 1024 non
878 994 1113 1038 exprimentem
1143 994 1284 1026 divinam
1315 1006 1363 1026 sa-
1416 997 1555 1037 analogo
1579 996 1788 1037 significatur:
1814 1002 1850 1028 ut
1872 1002 1981 1028 autem
2004 996 2118 1028 fundat
2141 997 2321 1028 distantiam
2345 1002 2376 1028 et
2399 996 2488 1027 dissi-

285 1043 443 1078 pientiam
465 1037 609 1078 perfecte
632 1043 828 1078 inquantum
851 1044 899 1069 est
921 1039 1088 1079 sapientia,
1113 1039 1169 1070 sed
1192 1045 1362 1080 utramque
1416 1041 1643 1077 militudinem,
1673 1041 1870 1082 significatur
1899 1042 2034 1072 nomine
2057 1042 2201 1082 proprio.
2235 1042 2369 1082 Propter
2399 1041 2489 1082 quod

285 1082 478 1123 sapientiam
505 1088 542 1113 ut
568 1083 688 1113 similes
718 1088 794 1113 sunt
823 1088 1134 1123 repraesentantem:
1165 1090 1362 1125 conceptum
1415 1085 1531 1116 dicitur
1561 1093 1683 1116 nomen
1715 1086 1889 1126 analogum
1921 1085 2099 1126 significare
2130 1096 2233 1117 unum
2261 1086 2486 1126 proportione:

285 1132 398 1158 autem
420 1136 526 1158 unum
549 1127 730 1167 praecisum
754 1126 935 1168 perfectum
959 1133 991 1158 et
1014 1128 1231 1168 adaequatum
1253 1130 1363 1160 analo-
1415 1136 1491 1160 sunt
1515 1131 1602 1160 enim
1625 1131 1736 1160 omnia
1759 1130 1936 1170 analogata,
1958 1139 2139 1171 omnesque
2163 1140 2277 1161 eorum
2300 1136 2487 1171 conceptus,

286 1172 367 1216 gatis
390 1181 459 1202 non
483 1171 570 1202 dicit.
595 1171 701 1208 Unde,
725 1181 802 1202 cum
825 1172 955 1212 sapiens
977 1172 1017 1203 de
1048 1173 1120 1203 Deo
1151 1173 1361 1214 praedicatur,
1415 1174 1502 1205 idem
1526 1174 1734 1205 similitudine
1759 1180 1791 1205 et
1809 1175 2036 1215 proportione;
2061 1180 2094 1205 et
2117 1175 2162 1206 sic
2189 1181 2367 1216 conceptus
2391 1175 2488 1206 unius

286 1221 468 1257 conceptus
491 1217 560 1247 eius
584 1215 783 1257 adaequatus
799 1222 835 1247 ut
850 1216 890 1247 de
906 1218 978 1257 ipso
1002 1217 1213 1258 praedicatur,
1230 1228 1298 1249 non
1315 1224 1362 1249 est
1417 1224 1464 1249 est
1487 1224 1666 1259 conceptus
1690 1219 1818 1250 alterius
1841 1219 2134 1260 proportionaliter.

1123 1297 1660 1331 *Λὶψ-

660 1398 1147 1456 CAPITULUM
1184 1366 1707 1457 TRIGEsmUM
1743 1400 2122 1473 QUINTUM

1277 1491 1307 1522 A
1323 1492 1371 1522 8r
1405 1502 1423 1522 a
1442 1501 1459 1522 2
1487 1516 1494 1522 .

425 1553 601 1608 QUOD
636 1554 843 1596 PLURA
876 1555 1119 1596 NOMINA
1154 1555 1344 1596 DICTA
1378 1502 1483 1597 DE9
1495 1556 1622 1597 DEO
1657 1556 1786 1597 NON
1820 1556 1982 1597 SUNT
2017 1556 2359 1598 SYNONYMA

349 1686 379 1725 s.-
419 1678 472 1708 z
506 1679 710 1706 STENDrrUR
730 1667 846 1705 etiam
862 1681 909 1706 ex
923 1667 1033 1706 dictis
1049 1669 1170 1718 quod,
1186 1669 1368 1719 quamvis
1423 1669 1515 1719 quia
1543 1669 1637 1707 illud
1666 1669 1828 1719 simplex
1856 1681 1939 1706 esse
1968 1669 2146 1706 divinum
2175 1668 2402 1706 huiusmodi
2437 1676 2492 1706 est

337 1745 343 1752 ψ
372 1722 455 1753 ‘xl
475 1715 493 1739 ἰ
523 1721 688 1759 nomina
710 1721 759 1759 de
783 1721 870 1759 Deo
894 1721 994 1759 dicta
1023 1722 1191 1760 eandem
1219 1735 1301 1760 rem
1322 1722 1368 1760 si·
1423 1731 1465 1760 ut
1493 1722 1528 1760 ei
1556 1723 1775 1760 secundum
1802 1723 1947 1760 formas
1974 1722 2202 1772 multiplices
2230 1722 2358 1772 aliqua
2389 1721 2492 1759 simi-

393 1825 403 1832 „
523 1774 718 1823 gnificent,
739 1787 821 1813 non
848 1783 981 1813 tamen
1009 1783 1100 1813 sunt
1127 1788 1366 1826 synonyma:
1424 1776 1491 1813 lari
1515 1775 1675 1826 possint,
1696 1784 1738 1813 ut
1756 1788 1874 1825 supra
1891 1775 1912 1798 *
1939 1783 2140 1813 ostensum
2168 1783 2235 1812 est.
2266 1775 2493 1813 Secundum

428 1860 445 1864 „
460 1850 468 1853 -
524 1828 618 1878 quia
636 1840 718 1866 non
737 1828 954 1878 significant
972 1829 1163 1866 rationem
1187 1830 1366 1867 eandem.
1423 1837 1555 1867 autem
1583 1830 1756 1867 diversas
1784 1829 2057 1879 conceptiones
2085 1829 2238 1866 diversa
2255 1828 2417 1866 nomina
2437 1828 2493 1865 in-

299 1895 322 1899 ··
343 1881 451 1919 Nam
479 1881 578 1919 sicut
605 1881 781 1920 diversae
810 1894 870 1919 res
898 1882 967 1920 uni
997 1882 1160 1932 simplici
1187 1883 1243 1920 rei
1265 1894 1368 1932 quae
1391 1897 1400 1917 ς
1422 1884 1593 1920 tellectus
1613 1883 1811 1921 adinvenit
1828 1894 1929 1932 quae
1948 1883 2034 1920 Deo
2053 1882 2231 1920 attribuit.
2254 1883 2302 1919 Et
2320 1877 2381 1929 ita,
2402 1894 2493 1919 cum

290 1935 399 1978 Deus
428 1942 484 1972 est
513 1934 730 1973 similantur
756 1947 828 1986 per
854 1935 998 1974 formas
1026 1936 1210 1983 diversas,
1235 1936 1286 1973 ita
1312 1936 1368 1973 in·
1423 1948 1504 1974 non
1541 1936 1760 1974 secundum
1797 1936 1963 1974 eandem
1999 1935 2190 1973 rationem
2227 1934 2491 1981 attribuantur,

290 1988 463 2026 tellectus
491 1997 623 2026 noster
649 2000 721 2039 per
748 1988 920 2026 diversas
948 1989 1223 2039 conceptiones
1250 1989 1284 2026 ei
1303 1989 1368 2027 ali·
1422 1997 1571 2027 constat
1608 2002 1654 2027 ea
1690 2002 1771 2027 non
1807 2001 1890 2027 esse
1928 2001 2157 2039 synonyma,
2193 1987 2372 2038 quamvis
2410 2000 2493 2026 rem

291 2041 457 2093 qualiter
483 2041 683 2090 similatur,
713 2041 948 2092 inquantum
980 2055 1051 2092 per
1082 2042 1254 2080 diversas
1311 2055 1368 2080 er-
1423 2042 1587 2080 omnino
1616 2055 1738 2080 unam
1766 2041 1995 2091 significent:
2025 2054 2106 2079 non
2134 2041 2239 2078 enim
2267 2049 2323 2078 est
2355 2041 2493 2078 eadem

291 2094 476 2134 sectiones
508 2103 773 2134 creaturarum
810 2095 850 2133 in
887 2096 1018 2146 ipsum
1051 2055 1368 2144 cognoscentium
1424 2095 1594 2133 nominis
1622 2095 1860 2145 significatio,
1889 2107 1980 2132 cum
2010 2107 2157 2133 nomen
2179 2107 2250 2144 per
2271 2094 2378 2143 prius
2401 2106 2492 2131 con-

291 2148 529 2199 perducitur.
573 2150 622 2187 Et
658 2149 748 2187 ideo
785 2149 833 2187 de
870 2162 952 2187 uno
990 2149 1203 2187 intellectus
1240 2157 1371 2187 noster
1385 2171 1411 2186 ,ο
1424 2149 1645 2199 ceptionem
1673 2149 1883 2187 intellectus
1917 2161 2037 2198 quam
2072 2160 2155 2185 rem
2189 2148 2418 2185 intellectam
2445 2147 2493 2184 si-

292 2203 416 2246 multa
450 2203 675 2253 concipiens
710 2215 792 2241 non
827 2211 883 2240 est
918 2203 1035 2240 falsus
1069 2215 1198 2253 neque
1226 2215 1368 2240 vanus:
1424 2202 1590 2252 gnificet.

315 2344 318 2347 ,
348 2317 365 2343 8
383 2317 566 2352 perfectiones]
587 2318 772 2352 conceptiones
792 2318 847 2343 sive
866 2317 1040 2351 perfectiones
1058 2317 1088 2347 Z,
1106 2318 1219 2342 rationes
1237 2318 1294 2342 sive
1312 2317 1485 2350 perfectiones
1505 2317 1548 2342 Pc.

350 2361 364 2379 2
385 2353 492 2381 similari
511 2354 593 2387 DNZ3
613 2353 759 2379 assimilari.
850 2352 866 2378 6
886 2361 938 2378 non
957 2361 1000 2379 om
1021 2353 1123 2384 EFGX,
1141 2356 1206 2378 ante
1224 2361 1284 2378 cum
1304 2354 1342 2384 Η;
1361 2361 1421 2378 cum
1441 2361 1494 2377 non
1513 2360 1555 2378 om
1575 2352 1605 2377 C.

1061 2423 1396 2456 Commentaria
1427 2423 1738 2455 Fer-ramensis

352 2549 472 2587 ficatas,
487 2552 552 2591 agit
564 2550 701 2582 Sanctus
713 2550 860 2581 Thomas
881 2549 920 2580 de
941 2549 1184 2589 comparatione
1200 2549 1372 2579 nominum
1426 2548 1514 2578 mine
1538 2552 1569 2577 et
1593 2545 1743 2577 differunt
1766 2546 1899 2581 ratione,
1916 2545 1968 2575 illa
1991 2554 2068 2575 vero
2092 2551 2167 2575 sunt
2190 2554 2273 2585 quae
2298 2546 2496 2575 conveniunt

296 2596 380 2627 inter
403 2604 437 2625 se
453 2596 480 2625 ³.
1426 2592 1460 2622 in
1483 2592 1606 2622 ratione
1623 2596 1655 2621 et
1670 2589 1820 2621 differunt
1842 2589 2038 2620 nominibus.
2062 2606 2086 2611 —
2109 2589 2143 2619 In
2167 2589 2308 2620 secunda
2324 2595 2431 2619 autem
2454 2589 2495 2618 si-

353 2640 376 2670 1.
401 2640 443 2670 Et
464 2640 598 2680 ponitur
620 2640 701 2670 haec
724 2640 909 2670 conclusio:
937 2638 1094 2675 Quamvis
1113 2638 1246 2668 nomina
1262 2637 1374 2668 huius·
1425 2635 1632 2676 gnificatione
1660 2635 1737 2675 ipsis
1765 2639 1978 2674 opponuntur
2004 2634 2228 2674 heteronyma,
2255 2643 2337 2673 quae
2360 2643 2420 2663 nos
2447 2633 2494 2663 di-

297 2685 386 2716 modi
402 2685 489 2716 dicta
505 2684 544 2715 de
559 2684 630 2715 Deo
647 2684 782 2715 eandem
799 2694 867 2715 rem
883 2684 1079 2725 significent,
1094 2692 1159 2713 non
1176 2687 1282 2712 tamen
1299 2686 1375 2712 sunt
1426 2690 1498 2711 cere
1522 2689 1695 2720 possumus
1718 2679 1945 2719 alteronyma:
1967 2678 2046 2708 haec
2070 2679 2157 2707 enim
2185 2677 2335 2708 differunt
2361 2678 2494 2707 nomine

297 2739 496 2772 srnorytma.
1426 2731 1458 2755 et
1473 2725 1606 2759 ratione,
1632 2730 1667 2754 ut
1689 2724 1785 2753 homo
1810 2729 1841 2753 et
1864 2729 1981 2763 equus;
2003 2722 2056 2752 illa
2079 2732 2155 2752 vero
2173 2722 2370 2752 conveniunt
2385 2722 2418 2751 in
2434 2731 2494 2751 no-

354 2775 417 2805 Pro
434 2774 526 2805 cuius
543 2773 759 2804 declaratione
775 2772 954 2808 sciendum,
968 2778 1004 2803 ut
1019 2771 1115 2803 refert
1129 2770 1323 2811 Simplicius,
1339 2770 1374 2799 in
1426 2770 1513 2800 mine
1537 2774 1569 2799 et
1592 2769 1726 2804 ratione,
1751 2773 1787 2798 ut
1809 2767 1918 2798 Sortes
1942 2772 1973 2796 et
1996 2766 2087 2796 Plato
2110 2767 2144 2796 in
2167 2767 2300 2796 nomine
2321 2771 2353 2796 et
2370 2766 2493 2796 ratione

298 2818 586 2854 Praedicamentis,
608 2827 678 2858 cap.
703 2817 743 2848 de
770 2817 924 2848 Univocis
935 2818 962 2853 *,
980 2816 1070 2857 quod
1094 2817 1157 2846 hoc
1176 2814 1373 2845 vocabulum
1425 2813 1566 2844 hominis
1589 2813 1798 2843 conveniunt.

299 2515 410 2582 Posi·
434 2507 713 2547 comparationem
737 2506 911 2536 nominum
935 2505 1120 2535 divinorum
1146 2503 1186 2534 ad
1211 2514 1261 2534 res
1276 2504 1374 2543 signi·
1398 2503 1402 2635 l
1427 2502 1605 2544 aequivoca
1629 2501 1779 2532 dicimus:
1805 2502 1863 2531 ista
1878 2501 1965 2531 enim
1981 2506 2056 2531 sunt
2071 2510 2154 2540 quae
2171 2501 2369 2531 conveniunt
2384 2501 2418 2530 in
2436 2510 2495 2530 no-

298 2874 488 2907 ynonyma
512 2863 676 2904 duplicem
700 2861 787 2902 apud
814 2861 956 2892 Graecos
975 2862 1071 2891 habet
1094 2859 1372 2900 significationem.
1482 2858 1544 2888 Hic
1561 2867 1637 2898 ergo
1654 2857 1855 2897 accipiuntur
1870 2865 2051 2896 synonyma
2074 2856 2107 2885 in
2130 2856 2232 2895 prima
2250 2853 2492 2895 significatione,

299 2908 487 2950 Aliquando
503 2909 590 2939 enim
611 2906 769 2947 significat
787 2906 1002 2946 pluralitatem
1021 2905 1194 2936 nominum
1211 2913 1286 2934 cum
1302 2903 1374 2933 uni·
1425 2902 1607 2933 secundum
1626 2901 1717 2942 quod
1731 2901 1791 2932 hac
1807 2900 1949 2931 dictione
1972 2905 2107 2930 utuntur
2130 2900 2218 2929 latini
2241 2899 2447 2939 grammatici.

299 2959 365 2985 tate
377 2953 509 2984 rationis
528 2958 560 2984 et
575 2953 621 2982 rei
637 2951 843 2992 significatae,
857 2960 940 2991 quae
957 2950 1157 2990 Speusippus
1164 2949 1374 2989 polyonyma
1483 2947 1519 2977 11.
1544 2947 1701 2977 Probatur
1724 2951 1843 2981 autem,
1867 2945 1984 2985 primo,
2009 2944 2192 2980 conclusio3
2213 2942 2366 2979 secundo,
2386 2951 2493 2973 remo-

299 2998 447 3034 vocabat,
465 3007 548 3038 quae
565 3002 597 3027 et
615 3006 703 3027 nunc
720 2996 816 3026 etiam
832 3005 849 3025 a
866 2995 987 3025 Latinis
1008 2994 1158 3024 dicuntur
1173 3002 1373 3034 synonyma,
1427 2997 1542 3022 ventur
1566 2990 1724 3032 quaedam
1748 2990 1845 3020 dubia
1856 2990 1882 3019 ’ἃ

301 3048 338 3074 ut
360 3043 457 3073 Paris
473 3048 504 3073 et
520 3041 720 3077 Alexander,
739 3050 822 3081 quae
840 3039 970 3070 fuerunt
985 3039 1120 3069 nomina
1136 3037 1193 3068 filii
1209 3037 1336 3067 Priami.
1353 3054 1376 3058 —
1483 3036 1652 3074 Quantum
1682 3034 1721 3065 ad
1751 3035 1902 3075 primum,
1931 3034 2073 3074 arguitur
2098 3033 2152 3063 sic.
2182 3032 2243 3062 Ista
2268 3032 2401 3062 nomina
2426 3040 2494 3061 non

301 3086 488 3128 Aliquando
503 3096 581 3117 vero
595 3085 753 3126 significat
765 3084 922 3115 unitatem
935 3083 1076 3114 nominis
1089 3082 1165 3112 dicti
1178 3081 1217 3112 de
1229 3081 1375 3121 pluribus
1428 3080 1608 3121 significant
1632 3079 1768 3110 eandem
1791 3079 1959 3109 rationem.
1984 3078 2070 3117 Ergo
2094 3087 2162 3107 non
2180 3082 2254 3107 sunt
2269 3085 2458 3116 synonyma.
2471 3094 2494 3097 -

302 3142 379 3164 cum
395 3132 518 3163 unitate
535 3132 631 3161 etiam
647 3130 793 3160 rationis:
811 3134 842 3159 et
858 3129 937 3159 haec
953 3137 1041 3158 nunc
1057 3126 1208 3157 dicuntur
1225 3126 1374 3156 univoca.
1429 3125 1518 3155 Patet
1541 3124 1783 3165 consequentia.
1808 3123 1894 3161 Quia
1923 3131 2103 3164 synonyma
2134 3121 2251 3151 debent
2281 3119 2415 3150 eandem
2445 3129 2493 3148 ra-

358 3177 547 3208 Aristoteles
573 3176 609 3206 in
635 3174 765 3205 diversis
788 3174 869 3204 locis
900 3171 1114 3204 diversimode
1145 3180 1222 3201 usus
1246 3175 1294 3200 est
1315 3171 1376 3200 hac
1428 3170 1552 3200 tionem
1577 3170 1712 3199 omnino
1740 3169 1924 3208 importare.
1947 3186 1970 3189 -
1991 3165 2194 3196 Antecedens
2224 3174 2302 3194 vero
2330 3164 2492 3203 probatur.

295 3222 456 3254 dictione.
472 3221 557 3252 Nam
580 3220 637 3250 ubi
652 3220 716 3260 agit
732 3218 772 3249 de
790 3218 971 3259 generibus,
991 3217 1058 3247 sive
1074 3215 1114 3246 de
1129 3215 1264 3246 vocibus
1280 3215 1376 3255 signi·
1429 3214 1580 3244 Diversae
1604 3223 1653 3244 res
1677 3213 1749 3243 Deo
1772 3222 1830 3253 per
1853 3212 1990 3242 diversas
2013 3210 2131 3240 formas
2155 3208 2376 3240 assimilantur.
2407 3207 2493 3247 Ergo

302 3266 474 3298 ficantibus
497 3275 626 3306 genera,
649 3273 727 3294 usus
751 3269 798 3293 est
820 3263 889 3303 ipsa
913 3263 946 3293 in
966 3260 1107 3292 secunda
1131 3258 1375 3300 significatione,
1429 3264 1462 3289 et
1483 3258 1664 3288 intellectus
1687 3263 1797 3288 noster
1819 3266 1876 3297 per
1899 3256 2036 3286 diversas
2059 3254 2289 3294 conceptiones
2311 3252 2358 3282 illi
2373 3252 2494 3282 assimi-

303 3317 340 3342 ut
350 3316 439 3352 patet
451 3311 486 3341 in
497 3308 773 3340 Praedicamentis
785 3309 811 3343 ’ἱ
826 3308 881 3338 ubi
894 3316 977 3347 quae
990 3306 1090 3336 nostri
1103 3304 1214 3335 dicunt
1226 3304 1375 3339 univoca,
1429 3303 1525 3333 latur:
1550 3303 1627 3343 quia
1649 3311 1707 3342 per
1730 3301 1867 3332 diversas
1890 3301 2028 3331 rationes
2052 3299 2117 3329 sive
2140 3297 2353 3338 perfectiones
2372 3301 2494 3326 creatu-

302 3356 374 3397 ipse
388 3365 579 3397 synonyma
596 3353 777 3395 appellavit.
794 3352 836 3383 Et
847 3352 911 3382 hoc
927 3350 1170 3381 convenienter:
1188 3349 1264 3389 quia
1279 3357 1376 3378 voces
1429 3357 1536 3377 rarum
1553 3348 1586 3377 in
1602 3347 1710 3388 ipsum
1730 3344 1994 3386 cognoscendum
2012 3342 2206 3384 perducitur.
2231 3340 2293 3372 Sed
2316 3340 2495 3371 secundum

303 3410 461 3441 generum
477 3405 553 3430 sunt
568 3407 750 3440 synonyma
766 3398 799 3427 in
815 3397 875 3427 hac
891 3395 1032 3426 secunda
1047 3392 1292 3434 significatione,
1308 3402 1377 3422 non
1431 3391 1569 3422 diversas
1593 3391 1824 3431 conceptiones
1840 3389 1961 3420 diversa
1976 3388 2108 3418 nomina
2131 3386 2310 3417 intellectus
2333 3384 2496 3415 adinvenit

305 3451 414 3476 autem
438 3446 472 3475 in
496 3445 610 3485 prima.
626 3461 650 3466 —
664 3443 729 3474 Ubi
752 3447 861 3472 autem
880 3440 920 3471 de
943 3439 1178 3479 multiplicitate
1201 3447 1323 3467 vocum
1346 3442 1378 3467 et
1431 3445 1516 3476 quae
1539 3436 1610 3466 Deo
1634 3435 1785 3465 attribuit.
1810 3435 1895 3474 Ergo
1914 3434 1987 3463 talia
2002 3432 2134 3462 nomina
2149 3440 2217 3461 non
2233 3429 2344 3460 dicunt
2360 3428 2495 3459 eandem

305 3499 416 3521 earum
439 3489 611 3529 multiplici
634 3486 868 3528 significatione
889 3491 925 3516 ut
948 3485 992 3515 sic
1023 3483 1125 3513 voluit
1155 3481 1376 3517 determinare,
1431 3481 1600 3511 rationem.

304 3544 383 3565 usus
407 3539 455 3565 est
477 3535 537 3564 hac
561 3533 703 3564 dictione
725 3533 760 3562 in
783 3532 885 3571 prima
908 3528 1151 3570 significatione,
1174 3532 1212 3556 ut
1234 3531 1321 3567 patet
1343 3526 1378 3555 in
1487 3525 1538 3555 111.
1552 3524 1720 3562 Quantum
1732 3523 1771 3554 ad
1783 3522 1972 3556 secundum,
1988 3525 2132 3550 removet
2147 3518 2213 3549 duo
2227 3518 2337 3549 dubia.
2351 3518 2495 3548 Primum

304 3579 437 3610 Poetica
461 3589 519 3609 sua
534 3579 551 3595 ⁴*
575 3583 607 3608 et
629 3578 662 3608 in
687 3576 730 3607 111
753 3575 1002 3606 Rhetoricorum
1019 3574 1063 3603 **.
1430 3574 1494 3599 est:
1515 3587 1539 3591 -
1561 3569 1673 3609 Posset
1688 3568 1775 3598 enim
1790 3567 1904 3607 aliquis
1921 3565 2038 3596 dicere:
2064 3564 2165 3594 Multa
2181 3562 2220 3594 de
2236 3573 2303 3593 uno
2325 3563 2497 3602 concipere

361 3624 411 3654 Ex
434 3633 502 3664 quo
526 3628 615 3663 patet
638 3621 738 3662 quod,
764 3630 803 3651 ex
826 3625 915 3660 parte
939 3617 1116 3658 significati,
1133 3614 1329 3657 synonymis
1344 3615 1378 3644 in
1430 3614 1526 3644 habet
1541 3614 1574 3643 in
1591 3623 1624 3643 se
1641 3612 1810 3643 falsitatem
1825 3616 1879 3641 aut
1894 3610 2075 3640 vanitatem.
2096 3608 2183 3648 Ergo
2199 3607 2342 3638 similiter
2358 3606 2398 3638 de
2413 3607 2496 3642 Deo,

306 3669 410 3709 prima
444 3666 679 3708 significatione
712 3670 926 3706 opponuntur
959 3664 1169 3702 homonyma,
1201 3668 1285 3699 quae
1317 3669 1378 3689 nos
1433 3659 1490 3698 qui
1513 3657 1766 3697 simplicissimus
1790 3661 1846 3686 est.

2520 1775 2530 1785 '
2539 1775 2594 1803 Cap.
2601 1781 2731 1800 κιιιμιιιι.

2521 2980 2530 2988 ·
2544 2977 2614 2999 Num.
2622 2983 2672 3005 seq.
