2768 4134
69 1553 81 1601 ζ
94 1552 212 1601 0τῖΐῇἛὶ
224 1557 246 1573 ¹¹·
258 1557 283 1580 ³³

78 3318 87 3326 ·
105 3316 141 3338 cf.
158 3316 289 3339 Comment.

79 3349 130 3391 3¹5².
137 3348 221 3371 praec„
228 3349 252 3366 n.
260 3349 291 3371 iv,

311 319 389 356 422
821 300 1009 338 SUMMA
1039 297 1262 335 CONTRA
1289 295 1566 339 GENTILES,
1595 294 1690 331 LIB.
1711 294 1753 339 ΙΙ,
1783 293 1894 330 CAP.
1915 293 1997 330 LX.

312 384 479 435 speciem
507 394 530 418 a
558 377 890 429 phantasmatibus
919 376 1160 420 abstractam,
1180 385 1281 423 quae
1301 386 1382 411 non
1438 384 1539 418 rum,
1559 371 1676 409 aliam
1704 383 1727 408 a
1755 371 1932 408 sensibus
1960 380 2170 422 acceptam.
2192 373 2374 420 Quarum
2393 375 2509 411 altera

312 444 400 474 sunt
428 435 509 472 sine
529 444 703 482 corpore.
725 430 840 479 Igitur
858 429 1070 466 intellectus
1089 426 1282 477 possibilis
1302 438 1382 464 non
1439 425 1706 475 superflueret.

311 497 367 527 est
394 486 557 525 omnino
586 497 608 522 a
636 495 800 533 corpore
829 490 1039 532 separatus.
1492 480 1706 516 Praeterea.
1738 479 1954 514 Intellectus
1981 477 2173 526 possibilis
2196 486 2252 515 est
2281 491 2352 529 quo
2381 480 2511 517 intelli·

362 539 551 589 Amplius.
583 537 830 586 Cuicumque
858 535 1043 585 competit
1062 535 1191 585 aliqua
1210 533 1382 584 operatio
1437 533 1492 582 git
1519 533 1661 577 anima,
1681 538 1724 568 ut
1752 530 1891 568 dicitur
1913 530 1953 567 in
1973 532 2019 568 111
2045 532 2090 568 de
2111 532 2254 569 Anima
2267 531 2299 569 ²⁸.
2331 532 2371 570 Si
2399 533 2513 582 igitur

310 594 528 632 secundum
557 598 747 637 naturam,
786 597 875 627 sunt
910 589 945 626 ei
981 601 1003 626 a
1031 596 1169 626 natura
1204 587 1383 625 attributa
1406 602 1415 622 ς
1438 585 1650 622 intellectus
1677 584 1870 634 possibilis
1897 584 2066 632 intelligit
2094 585 2326 623 substantias
2360 597 2512 636 separa-

310 660 355 685 ea
383 647 465 684 sine
485 644 629 695 quibus
657 643 719 681 illa
738 642 912 693 operatio
931 642 1119 692 compleri
1138 653 1220 679 non
1239 648 1380 690 potest:
1438 647 1506 685 tas,
1535 646 1573 676 et
1600 649 1673 675 nos
1702 637 1947 686 intelligimus
1976 650 2051 676 eas.
2074 638 2195 686 Quod
2214 647 2318 689 patet
2346 650 2430 676 esse
2448 640 2514 677 fal-

221 714 235 729 ιι
276 714 282 734 ;
309 700 406 738 sicut
433 698 655 736 Aristoteles
686 697 836 747 probat,
870 696 909 733 in
938 697 968 733 ΙΙ
996 695 1116 732 Libro
1145 696 1191 732 de
1222 694 1337 731 Caelo
1351 694 1382 740 ³¹²,
1439 704 1546 729 sum:
1577 691 1771 728 habemus
1799 690 1905 728 enim
1924 703 1997 728 nos
2017 692 2066 729 ad
2086 704 2152 729 eas
2177 694 2271 730 sicut
2290 693 2420 730 oculus
2447 705 2513 731 no-

310 753 429 803 quod,
450 751 482 789 si
501 753 629 788 stellae
655 757 908 787 moverentur
930 756 1041 785 motu
1069 747 1314 798 progressivo
1333 747 1383 784 ad
1439 752 1546 783 ctuae
1573 745 1625 782 ad
1649 745 1778 791 solem,
1808 752 1850 781 ut
1877 744 2098 782 Aristoteles
2125 745 2217 783 dicit
2229 746 2261 783 ²²⁸.

308 806 476 844 modum
503 803 742 849 animalium,
771 803 878 852 quod
898 810 1035 839 natura
1054 801 1221 838 dedisset
1248 800 1303 837 eis
1322 812 1383 837 or·
1493 799 1564 836 His
1592 806 1724 836 autem
1744 798 2012 848 respondetur,
2032 799 2251 837 secundum
2279 800 2514 851 positionem

309 871 408 908 gana
436 866 568 896 motus
595 856 837 907 progressivi.
869 855 946 892 Sed
970 854 1142 904 operatio
1172 854 1383 891 intellectus
1399 872 1424 887 m
1437 852 1675 902 praedictam
1694 851 1725 888 ³¹⁶.
1763 851 1979 889 Intellectus
2011 851 2117 889 enim
2149 852 2352 902 possibilis,
2380 865 2515 891 secun-

309 911 501 963 possibilis
519 911 737 960 completur
754 921 825 959 per
852 919 995 956 organa
1015 919 1214 958 corporea,
1238 907 1278 944 in
1298 907 1382 956 qui·
1439 906 1535 943 dum
1551 905 1659 955 quod
1675 913 1730 942 est
1744 904 1782 941 in
1803 917 1844 942 se
1864 904 2086 951 subsistens,
2101 904 2272 955 intelligit
2285 906 2516 945 substantias

310 967 385 1003 bus
412 976 567 1002 necesse
597 971 653 1000 est
680 975 763 999 esse
791 963 1071 1011 phantasmata.
1092 961 1243 998 Natura
1271 960 1384 1008 igitur
1439 967 1650 1009 separatas:
1681 966 1718 995 et
1737 966 1793 995 est
1812 957 1852 995 in
1879 958 2052 1008 potentia
2070 958 2119 996 ad
2148 970 2214 996 eas
2233 959 2331 997 sicut
2357 960 2515 1010 diapha-

311 1019 546 1057 intellectum
574 1015 798 1066 possibilem
826 1013 1023 1063 corporeis
1057 1013 1182 1050 univit
1217 1013 1381 1062 organis.
1439 1024 1538 1050 num
1566 1012 1615 1050 ad
1644 1013 1784 1050 lucem.
1823 1012 2052 1050 Secundum
2087 1019 2219 1049 autem
2251 1013 2361 1063 quod
2395 1014 2515 1052 conti-

311 1073 405 1110 Non
424 1079 480 1108 est
498 1070 610 1118 igitur
624 1068 843 1106 secundum
858 1078 940 1104 esse
955 1079 978 1104 a
992 1078 1156 1116 corpore
1171 1074 1381 1116 separatus.
1439 1074 1582 1104 nuatur
1595 1065 1720 1112 nobis,
1736 1077 1759 1102 a
1773 1064 1964 1115 principio
1984 1073 2040 1103 est
2054 1064 2094 1102 in
2113 1065 2285 1115 potentia
2303 1066 2352 1104 ad
2371 1066 2517 1104 formas

364 1127 470 1162 Item.
502 1123 542 1161 Si
571 1122 617 1159 sit
651 1121 869 1159 secundum
905 1132 988 1157 esse
1023 1133 1046 1158 a
1081 1132 1246 1170 corpore
1274 1132 1384 1170 sepa·
1400 1135 1422 1156 ις
1439 1131 1462 1156 a
1489 1118 1824 1169 phantasmatibus
1853 1119 2071 1156 abstractas.
2102 1119 2215 1157 Unde
2243 1131 2317 1157 nos
2335 1132 2359 1157 a
2376 1119 2517 1170 princi-

311 1186 426 1223 ratuS‚
464 1175 586 1224 magis
622 1174 801 1223 intelliget
838 1173 1068 1211 substantias
1105 1186 1206 1223 quae
1235 1181 1325 1211 sunt
1361 1185 1384 1211 a
1439 1172 1506 1222 pio
1521 1184 1603 1209 non
1617 1171 1864 1220 intelligimus
1877 1184 1948 1222 per
1960 1184 2055 1210 eum
2070 1172 2301 1210 substantias
2310 1181 2516 1223 separatas.

310 1230 471 1269 materia
498 1236 696 1279 separatae
724 1239 845 1277 quam
873 1227 1017 1265 formas
1045 1227 1261 1264 sensibiles:
1291 1226 1385 1276 quia
1451 1228 1454 1229 ⁷
1495 1225 1573 1263 Sed
1592 1226 1670 1262 hoc
1689 1233 1788 1263 stare
1807 1237 1889 1263 non
1907 1233 2044 1276 potest.
2065 1227 2281 1264 Intellectus
2300 1226 2406 1264 enim
2429 1238 2519 1277 pos-

311 1292 399 1322 sunt
427 1283 549 1331 magis
577 1281 838 1330 intelligibiles,
867 1288 904 1318 et
932 1280 1054 1329 magis
1081 1280 1117 1317 ei
1149 1280 1381 1318 conformes.
1441 1278 1558 1316 sibilis
1587 1291 1633 1316 ex
1663 1279 1740 1316 hoc
1767 1277 1917 1326 dicitur,
1947 1280 2166 1318 secundum
2193 1291 2272 1326 eOS,
2301 1279 2518 1318 continuari

311 1339 405 1375 Non
432 1344 558 1386 potest
586 1342 718 1373 autem
745 1333 951 1383 intelligere
971 1334 1202 1372 substantias
1221 1332 1385 1371 omnino
1441 1331 1565 1378 nobis,
1595 1332 1702 1382 quod
1731 1331 1931 1382 perficitur
1956 1345 2028 1383 per
2050 1333 2198 1383 species
2226 1333 2477 1383 intelligibiles
2495 1346 2519 1371 a

311 1403 333 1429 a
361 1389 521 1428 materia
540 1396 744 1439 separatam,
764 1387 857 1438 quia
876 1399 1015 1425 eorum
1035 1399 1116 1424 non
1145 1395 1234 1424 sunt
1257 1386 1387 1436 aliqua
1401 1398 1428 1414 ²⁰
1442 1385 1777 1435 phantasmatibus
1805 1386 2024 1424 abstractas.
2054 1387 2167 1425 Prius
2195 1386 2309 1436 igitur
2335 1394 2393 1424 est
2426 1397 2518 1424 con-

310 1445 598 1494 phantasmata:
637 1441 700 1479 hic
734 1449 866 1479 autem
899 1441 1111 1478 intellectus
1149 1452 1386 1490 nequaquam
1442 1439 1611 1477 siderare
1630 1438 1865 1477 intellectum
1885 1447 1928 1478 ut
1955 1439 1995 1477 in
2023 1440 2196 1489 potentia
2214 1441 2264 1478 ad
2289 1439 2519 1479 huiusmodi

310 1500 391 1535 sine
412 1499 676 1547 phantasmate
703 1495 884 1545 intelligit,
913 1502 957 1531 ut
975 1494 1197 1532 Aristoteles
1224 1493 1326 1540 dicit,
1346 1493 1386 1530 in
1442 1492 1590 1543 species
1617 1504 1739 1542 quam
1767 1500 1811 1530 ut
1837 1493 2087 1531 continuetur
2121 1494 2246 1532 nobis.
2284 1494 2378 1531 Non
2406 1492 2520 1543 igitur

311 1552 357 1588 III
386 1552 431 1588 de
457 1549 653 1594 Anima³⁸;
683 1556 773 1585 sunt
801 1548 906 1585 enim
934 1548 970 1585 ei
997 1549 1268 1597 phantasmata
1294 1549 1388 1584 sicut
1441 1558 1513 1596 per
1540 1547 1617 1583 hoc
1645 1546 1754 1596 quod
1782 1546 2031 1584 continuatur
2050 1547 2175 1595 nobis,
2195 1555 2252 1586 est
2279 1546 2320 1585 in
2347 1545 2519 1597 potentia

310 1604 496 1642 sensibilia
523 1605 658 1648 sensui,
688 1601 770 1639 sine
803 1601 947 1651 quibus
979 1613 1116 1638 sensus
1148 1613 1229 1638 non
1262 1600 1384 1638 sentit.
1442 1600 1491 1637 ad
1520 1599 1747 1637 huiusmodi
1775 1599 1934 1650 species.

311 1659 405 1696 Non
433 1664 489 1694 est
517 1656 630 1705 igitur
657 1654 868 1692 substantia
887 1667 910 1692 a
937 1666 1102 1704 corpore
1126 1662 1301 1704 separata
1329 1666 1387 1691 se·
1401 1666 1425 1687 ²5
1496 1654 1708 1690 Praeterea.
1739 1653 1967 1691 Secundum
1986 1654 2074 1700 hoc,
2094 1665 2178 1691 esse
2206 1653 2247 1691 in
2275 1653 2447 1704 potentia'
2468 1653 2519 1691 ad

312 1710 487 1748 cundum
517 1721 611 1746 esse.
1441 1706 1656 1756 praedictas
1674 1706 1822 1756 species
1840 1718 1922 1744 non
1941 1715 2040 1744 esset
2058 1707 2093 1744 ei
2122 1707 2341 1744 secundum
2366 1717 2408 1744 se
2426 1717 2520 1744 con-

366 1764 518 1800 Adhuc.
548 1764 591 1800 In
628 1761 737 1799 omni
774 1772 914 1809 genere
951 1768 1103 1798 tanturn
1140 1773 1181 1798 se
1218 1759 1387 1797 extendit
1441 1759 1613 1806 veniens,
1643 1760 1710 1797 sed
1730 1771 1801 1809 per
1828 1759 1944 1798 aliud.
1975 1761 2051 1797 Per
2077 1772 2124 1798 ea
2147 1768 2279 1798 autem
2307 1772 2409 1810 quae
2436 1770 2519 1798 non

312 1816 483 1867 potentia
510 1815 664 1865 passiva
697 1822 890 1864 quantum
924 1814 1095 1864 potentia
1130 1813 1254 1851 activa
1286 1813 1386 1851 illius
1442 1812 1681 1850 conveniunt
1708 1812 1822 1850 alicui
1851 1813 2070 1851 secundum
2103 1825 2156 1860 se,
2194 1825 2276 1851 non
2303 1813 2420 1852 debet
2452 1813 2519 1852 ali-

312 1869 478 1919 generis:
508 1869 614 1906 unde
642 1879 723 1905 non
752 1875 808 1904 est
835 1867 964 1916 aliqua
983 1867 1155 1916 potentia
1173 1866 1327 1916 passiva
1346 1866 1386 1903 in
1442 1866 1536 1915 quid
1557 1865 1722 1903 definiri.
1739 1866 1833 1903 Non
1848 1865 1962 1915 igitur
1979 1865 2076 1904 ratio
2095 1866 2308 1905 intellectus
2326 1866 2520 1917 possibilis

312 1930 449 1960 natura
477 1921 540 1959 cui
568 1933 649 1958 non
669 1920 902 1969 respondeat
919 1920 1049 1969 aliqua
1067 1919 1239 1969 potentia
1261 1919 1386 1957 activa
1402 1931 1428 1952 ³⁰
1441 1927 1498 1956 est
1526 1931 1573 1956 ex
1601 1920 1678 1956 hoc
1705 1919 1814 1968 quod
1833 1919 2026 1969 possibilis
2044 1927 2101 1956 est
2118 1919 2167 1957 ad
2191 1919 2407 1970 praedictas

311 1974 505 2021 naturalis.
527 1975 605 2012 Sed
633 1973 846 2010 intellectus
865 1984 982 2021 agens
1001 1985 1082 2010 non
1102 1972 1189 2010 facit
1216 1972 1386 2021 intelligi-
1441 1972 1528 2018 cies,
1544 1979 1587 2009 ut
1610 1971 1747 2008 definit
1765 1971 1894 2021 ipsum
1915 1972 2137 2010 Aristoteles
2155 1972 2195 2010 in
2210 1973 2257 2010 111
2276 1974 2322 2010 de
2335 1972 2517 2011 Anima*.

311 2024 401 2066 bilia
419 2027 491 2065 nisi
514 2028 797 2077 phantasmata.
818 2027 922 2073 Ergo
941 2038 1014 2062 nec
1032 2025 1244 2063 intellectus
1263 2025 1386 2075 possi·
1495 2025 1648 2062 Adhuc.
1679 2024 1919 2075 Impossibile
1947 2033 2004 2063 est
2030 2025 2266 2064 intellectum
2293 2025 2519 2077 possibilem

311 2081 396 2119 bilis
424 2088 606 2118 movetur
620 2079 669 2117 ab
689 2079 771 2116 aliis
790 2078 1087 2127 intelligibilibus
1107 2079 1179 2116 nisi
1198 2091 1222 2116 a
1241 2078 1386 2128 specie·
1442 2078 1558 2116 simul
1586 2079 1708 2116 multa
1736 2078 1943 2128 intelligere
1972 2078 2045 2116 nisi
2073 2091 2201 2117 unum
2229 2091 2301 2130 per
2327 2079 2432 2118 aliud
2461 2079 2518 2119 in-

310 2136 384 2172 bus
399 2147 422 2172 a
436 2132 771 2185 phantasmatibus
790 2131 998 2170 abstractis.
1014 2133 1062 2170 Et
1082 2133 1135 2170 sic
1155 2132 1386 2170 substantias
1441 2131 1597 2181 telligat:
1629 2143 1710 2169 non
1739 2131 1845 2169 enim
1865 2143 1944 2170 una
1972 2132 2145 2182 potentia
2162 2132 2341 2183 pluribus
2368 2132 2519 2171 actibus

311 2196 504 2238 separatas
532 2186 739 2235 intelligere
768 2197 849 2222 non
878 2194 1014 2236 potest.
1402 2197 1424 2218 τε
1442 2185 1558 2223 simul
1581 2185 1781 2235 perficitur
1799 2184 1872 2223 nisi
1891 2186 2110 2223 secundum
2130 2185 2322 2224 ordinem.
2345 2185 2386 2225 Si
2404 2186 2519 2236 igitur

365 2242 555 2291 Amplius.
585 2242 628 2278 In
657 2238 877 2277 substantiis
905 2238 1089 2289 separatis
1117 2248 1206 2276 sunt
1239 2239 1395 2288 species·
1442 2239 1654 2277 intellectus
1682 2238 1875 2289 possibilis
1903 2238 2084 2288 intelligat
2112 2239 2343 2277 substantias
2363 2250 2518 2290 sepam-

312 2307 444 2332 rerum
463 2293 703 2332 sensibilium
722 2292 1012 2341 intelligibiliter,
1027 2304 1097 2342 per
1115 2305 1214 2342 quas
1232 2293 1282 2330 de
1301 2305 1386 2330 sen·
1441 2301 1498 2330 tas
1518 2301 1554 2330 et
1578 2292 1726 2342 species
1744 2304 1766 2330 a
1785 2292 2121 2342 phantasmatibus
2139 2299 2345 2343 separatas,
2365 2300 2518 2343 oportet

312 2347 485 2385 sibilibus
523 2346 722 2385 scientiam
761 2346 915 2383 habent.
952 2346 991 2384 Si
1029 2346 1143 2395 igitur
1174 2346 1387 2384 intellectus
1442 2347 1550 2396 quod
1578 2347 1642 2383 vel
1670 2345 1851 2394 intelligat
1883 2357 1955 2395 per
1986 2345 2134 2396 species
2165 2346 2394 2384 huiusmodi
2428 2346 2517 2384 sub-

312 2401 504 2451 possibilis
523 2399 692 2448 intelligit
711 2398 941 2437 substantias
960 2407 1163 2449 separatas,
1193 2399 1232 2437 in
1252 2399 1306 2436 eis
1325 2411 1386 2437 ac·
1442 2399 1598 2448 stantias
1626 2407 1830 2449 separatas,
1856 2401 1919 2436 vel
1947 2411 1968 2436 e
1997 2411 2200 2437 converso.
2221 2399 2518 2451 Quodcumque

313 2454 456 2504 ciperet
484 2453 723 2491 sensibilium
752 2452 1026 2501 cognitionem.
1047 2453 1140 2490 Non
1169 2464 1261 2501 ergo
1289 2452 1387 2490 acci·
1401 2468 1428 2489 ⁴⁰
1442 2461 1574 2490 autem
1593 2452 1716 2499 detur,
1737 2451 1912 2502 sequitur
1929 2453 2039 2502 quod
2057 2464 2132 2490 nos
2149 2452 2406 2502 intelligamus
2428 2453 2517 2491 sub-

313 2515 420 2557 peret
454 2519 542 2545 eam
577 2519 600 2544 a
634 2505 984 2556 phantasmatibus:
1023 2506 1116 2555 quia
1145 2512 1282 2543 natura
1311 2518 1384 2543 non
1443 2506 1598 2543 stantias
1617 2513 1822 2555 separatas.
1839 2505 1944 2553 Quia
1958 2505 1989 2543 si
2009 2517 2082 2544 nos
2101 2505 2346 2555 intelligimus
2360 2513 2518 2544 naturas

313 2562 478 2598 abundat
503 2562 712 2611 superfluis.
1442 2558 1682 2596 sensibilium
1720 2557 1954 2608 inquantum
1992 2558 2163 2608 intelligit
2198 2570 2264 2597 eas
2305 2558 2518 2598 intellectus

368 2614 409 2652 Si
428 2621 559 2651 autem
578 2613 728 2652 dicatur
742 2613 850 2662 quod
866 2612 1087 2650 substantiis
1102 2612 1285 2662 separatis
1304 2624 1385 2650 non
1442 2611 1649 2662 possibilis;
1670 2611 1883 2649 intellectus
1897 2620 2028 2649 autern
2047 2611 2240 2662 possibilis
2264 2612 2434 2661 intelligit
2451 2622 2520 2652 eas

313 2667 420 2704 adest
447 2666 615 2716 cognitio
644 2666 895 2713 sensibilium,
931 2667 1065 2703 saltem
1101 2665 1294 2715 oportebit
1330 2666 1386 2703 di-
1441 2677 1512 2716 per
1539 2666 1615 2702 hoc
1643 2665 1753 2715 quod
1781 2664 1950 2713 intelligit
1977 2665 2208 2703 substantias
2240 2673 2451 2716 separatas3
2478 2673 2519 2704 et

313 2732 400 2758 cere
428 2721 536 2770 quod
556 2721 611 2758 eis
630 2720 727 2758 adsit
745 2719 857 2757 altior
879 2719 1060 2768 cognitio.
1081 2719 1215 2767 Quam
1235 2726 1387 2769 oportet
1401 2734 1425 2755 ις
1442 2717 1614 2756 similiter
1650 2730 1724 2755 nos
1760 2717 2027 2767 intelligemus.
2063 2718 2112 2756 Et
2146 2718 2319 2756 similiter
2351 2719 2382 2756 si
2415 2718 2463 2756 sit
2492 2730 2518 2757 e

313 2785 393 2811 non
413 2774 546 2811 deesse
575 2773 782 2812 intellectui
804 2773 988 2823 possibili,
1013 2773 1043 2810 si
1063 2773 1277 2822 praedictas
1296 2772 1386 2810 sub·
1441 2783 1645 2810 converso.
1666 2772 1754 2809 Hoc
1782 2778 1914 2809 autern
1933 2779 1989 2809 est
2017 2771 2218 2809 manifeste
2244 2772 2396 2810 falsum.
2421 2772 2517 2810 Non

314 2827 469 2864 stantias
497 2827 677 2876 intelligit.
708 2827 876 2864 Habebit
904 2826 1016 2875 igitur
1039 2826 1236 2876 duplicem
1265 2825 1387 2863 scien·
1442 2825 1554 2874 igitur
1579 2825 1792 2862 intellectus
1810 2824 2003 2875 possibilis
2022 2824 2191 2874 intelligit
2209 2824 2440 2863 substantias
2458 2836 2518 2863 se·-

314 2880 424 2917 tiam:
446 2893 568 2918 unam
588 2893 659 2930 per
684 2881 850 2918 modurn
871 2879 1171 2918 substantiarum
1196 2888 1386 2929 separata·
1441 2886 1604 2929 paratas
1634 2879 1728 2916 Non
1757 2886 1813 2915 est
1841 2877 1954 2927 igitur
1981 2877 2194 2931 substantia
2222 2886 2407 2928 separata.

368 3002 384 3027 7
405 2995 437 3019 de
455 2993 544 3028 Caelo]
565 2993 598 3019 de
617 2993 696 3019 Caelo
715 2998 741 3018 et
758 2993 856 3019 Mundo
875 2993 987 3020 NWYZ.
1066 2992 1082 3018 8
1101 2994 1172 3027 quod
1191 3000 1235 3019 οηι
1254 2993 1282 3020 P.
1363 2993 1394 3019 25
1414 3001 1430 3019 a
1448 3000 1559 3027 corpore
1573 2995 1639 3026 post
1657 2996 1777 3026 separata
1795 2991 1940 3019 aWXYPc.
2022 2991 2055 3018 30
2073 2991 2189 3026 potentin
2206 2990 2297 3025 κείνα]
2317 2992 2398 3018 activa
2417 2991 2518 3019 eowe-

315 3030 347 3055 32
366 3029 556 3064 phantasmata]
576 3037 623 3062 per
640 3029 820 3062 phantasmata
838 3029 902 3055 de.
995 3027 1026 3054 35
1047 3029 1190 3062 intelligere
1203 3033 1268 3062 post
1286 3037 1340 3054 non
1358 3029 1444 3055 «WX.
1533 3036 1566 3061 4¹
1589 3036 1642 3054 non
1660 3035 1704 3054 om
1723 3027 1758 3055 G.

369 3073 379 3090 1
404 3064 531 3100 Quarum]
552 3063 671 3095 Quorum
691 3064 797 3090 aXsGb.
890 3071 904 3089 2
924 3064 1105 3098 superflueret]
1130 3064 1272 3097 supet-fluet
1295 3064 1353 3090 DY.
1446 3063 1478 3090 30
1497 3064 1632 3098 possibilis
1652 3064 1695 3090 Ita
1714 3063 1843 3094 ENXYZ;
1862 3064 1904 3090 Iac
1922 3063 1955 3095 G,
1974 3063 2000 3088 in
2024 3062 2140 3097 potentia
2162 3062 2252 3091 ceteri.
2344 3061 2379 3094 34
2397 3060 2516 3096 pluribu·

315 3102 415 3126 actibus
433 3104 498 3134 post
520 3101 599 3126 simul
622 3100 769 3126 aDWXPc.
870 3099 902 3133 37
921 3099 1062 3134 separatas]
1082 3100 1226 3126 abstracta·
1244 3101 1292 3126 Pa.
1391 3108 1427 3132 40
1446 3100 1623 3133 intelligamus
1642 3099 1686 3126 lta
1703 3099 1824 3131 EGNZb3
1845 3099 2015 3132 intelligimus
2032 3099 2124 3125 ceteri.
2223 3106 2260 3130 44
2278 3103 2305 3124 et
2324 3097 2446 3124 similitu·
2466 3105 2518 3123 noc

315 3135 499 3171 intelligemus]
519 3136 639 3162 similiter
657 3141 682 3161 et
700 3143 750 3161 nos
769 3136 944 3169 intelligemus
963 3134 1141 3169 (intelligimus
1160 3136 1192 3171 P)
1212 3136 1256 3162 Pc.

1077 3224 1414 3258 Commentaria
1444 3224 1755 3258 Ferrea-tensis

382 3325 403 3345 n
427 3316 483 3346 has
506 3315 646 3346 rationes
662 3315 679 3331 θ
706 3314 887 3345 secundum
910 3320 1053 3345 mentem
1078 3314 1229 3345 Averrois
1255 3323 1390 3355 respon-
1444 3315 1483 3345 ab
1499 3314 1665 3345 intellectu
1689 3319 1803 3354 agente
1826 3312 1905 3344 fiant
1929 3319 2002 3344 actu
2017 3311 2238 3353 intelligibilia.
2262 3310 2311 3341 Ex
2327 3320 2395 3352 quo
2419 3311 2517 3342 habet

384 3359 486 3390 detur.
1234 3374 1237 3377 ·
1443 3365 1480 3390 ut
1502 3365 1638 3390 vocetur
1664 3359 1799 3389 nomine
1828 3358 2008 3389 intellectus
2031 3362 2063 3388 et
2091 3355 2240 3391 rationis,
2263 3360 2300 3386 ut
2324 3355 2446 3387 scilicet
2469 3355 2517 3387 di-

375 3404 396 3434 1.
421 3404 462 3434 Et
489 3403 605 3434 dicitur
631 3403 749 3444 primo,
781 3403 871 3443 quod
899 3403 1000 3434 homo
1025 3401 1129 3434 differt
1151 3412 1169 3433 a
1193 3403 1293 3434 brutis
1321 3413 1389 3434 non
1445 3409 1534 3435 catur
1565 3403 1745 3434 intellectus
1761 3403 1914 3444 passivus
1937 3407 1970 3433 et
1993 3397 2079 3432 ratio
2095 3399 2322 3441 particularis.
2339 3399 2397 3430 Est
2420 3400 2518 3431 etiam

320 3457 377 3488 per
390 3448 589 3478 intellectum
605 3447 804 3488 possibilem,
829 3447 884 3478 sed
907 3457 965 3488 per
987 3447 1188 3478 intellectum
1209 3448 1388 3487 passivum,
1444 3449 1544 3488 ipsius
1568 3448 1733 3488 acquirere
1757 3448 1817 3478 sibi
1840 3456 1902 3478 usu
1926 3452 1957 3476 et
1980 3445 2132 3476 exercitio
2155 3444 2282 3474 habitus
2299 3444 2514 3475 scientiarum.

321 3493 377 3531 qui
393 3498 439 3522 est
458 3493 504 3522 vis
528 3493 699 3532 cogitativa
722 3493 756 3522 in
779 3493 923 3529 homine,
941 3493 1034 3523 cuius
1056 3491 1132 3522 Ioco
1157 3492 1248 3522 bruta
1272 3492 1390 3523 habent
1501 3492 1627 3523 Dicitur
1650 3492 1755 3528 tertio,
1773 3491 1864 3532 quod
1886 3491 1940 3522 hic
1955 3489 2136 3520 intellectus
2151 3489 2296 3529 passivus
2318 3498 2336 3519 a
2354 3489 2516 3529 principio

322 3537 560 3567 aestimativam.
1445 3535 1534 3567 adest
1557 3545 1670 3577 puero,
1702 3545 1760 3576 per
1791 3536 1965 3576 ipsumque
1996 3533 2126 3564 sortitur
2156 3533 2298 3573 speciem
2328 3533 2516 3570 humanam,

378 3580 501 3611 Dicitur
524 3580 679 3618 secundo,
693 3580 783 3621 quod
800 3581 897 3611 huius
911 3581 1036 3611 virtutis
1061 3585 1108 3611 est
1131 3579 1326 3621 distinguere
1342 3581 1390 3611 in·
1445 3582 1542 3611 etiam
1566 3586 1740 3621 antequam
1764 3585 1838 3610 actu
1860 3577 2026 3618 intelligat.

323 3624 481 3654 tentiones
494 3625 699 3664 particulares
712 3631 743 3656 et
756 3635 808 3655 eas
821 3625 860 3656 ad
876 3625 1015 3656 invicem
1029 3634 1230 3666 comparare3
1248 3630 1279 3655 et
1295 3625 1390 3656 simul
1501 3625 1564 3656 Sed
1588 3623 1819 3655 attendendum
1835 3621 1925 3663 quod
1940 3621 2074 3652 nomine
2095 3621 2309 3652 intentionum
2334 3619 2518 3652 individua·

323 3677 398 3698 cum
414 3668 616 3708 imaginativa
633 3675 663 3700 et
675 3670 896 3706 memorativa,
913 3679 1100 3710 praeparare
1119 3669 1340 3709 phantasmata
1356 3675 1391 3700 ut
1415 3639 1418 3706 i
1446 3669 1524 3700 lium
1548 3669 1770 3709 intelliguntur
1785 3666 1908 3698 formae
1931 3665 2137 3706 particulares
2165 3665 2345 3697 secundum
2370 3665 2460 3706 quod
2483 3665 2517 3697 in

2539 538 2613 593 ἷῦῚερ.
2620 544 2652 566 iv,
2657 545 2669 568 3
2676 545 2681 565 ;
2688 538 2754 560 ⁸.‘1'h.

2542 746 2551 755 '
2560 744 2707 794 „affin”
2716 744 2755 771 Ῑα,

2541 777 2567 798 ²3
2582 778 2601 794 ε.
2667 771 2696 800 n,
2711 771 2756 794 ιι.

2542 859 2641 882 Ἀνεπ.
2652 866 2693 888 op.
2707 858 2756 886 dt,

2543 892 2632 909 comm.
2656 902 2663 914 ,
2672 892 2711 914 ao,
2733 886 2757 914 6,

2542 913 2558 935 ἰ.
2571 919 2617 942 ¹52,
2629 918 2637 934 ι
2676 919 2699 942 v,
2710 920 2718 936 ι
2749 929 2758 936 .

2545 1969 2764 2025 {Qun-rh.
