2768 4134
44 1523 117 1541 «vnn
172 1525 175 1530 ι

44 1550 66 1565 a!
81 1549 104 1565 ΑΙ
133 1548 191 1565 ‘nm-¹
214 1548 253 1561 w·

48 2855 249 2884 ‘Cf-nadair.

49 3482 67 3496 ⁸·
76 3482 162 3511 cates.
171 3482 216 3505 loc.
224 3482 264 3505 cit.

846 273 1035 310 SUMMA
1065 273 1287 311 CONTRA
1315 275 1591 325 GENTILES,
1622 279 1733 317 CAP.
1753 281 1906 319 XXXII.

279 354 414 385 homine
437 354 477 384 sit
500 353 708 386 essentialiter
730 351 914 393 perfectior,
938 361 1015 384 cum
1039 352 1080 386 sit,
1101 353 1237 385 essentia
1260 354 1357 385 etiam

280 398 407 430 animae
441 398 668 435 intellectivae,
694 396 787 438 quod
820 397 850 428 ei
885 406 970 437 quae
1004 402 1052 427 est
1085 396 1119 428 in
1153 397 1255 428 brutis
1289 407 1357 428 non

281 443 445 475 convenit.

337 486 389 518 111.
414 486 510 518 Circa
531 486 623 518 illam
643 485 914 528 propositionem,
929 485 1075 527 Effectus
1090 485 1146 526 qai
1163 494 1228 516 non
1246 486 1360 526 recipit

271 531 425 572 formam
455 531 635 567 secundum
663 531 800 571 speciem
829 530 966 561 similem
990 530 1021 563 ei
1038 539 1102 571 per
1131 539 1229 571 quam
1256 540 1360 572 agens

281 575 362 617 agit,
388 585 506 607 nonsen
529 575 569 607 ab
593 575 655 609 illa
666 575 788 617 forma
810 580 971 616 sumptum
991 574 1169 608 secundum
1188 575 1360 607 univocam

275 620 559 661 praedicationem
581 620 726 662 recipere
749 629 815 650 non
833 625 952 660 potest,
977 620 1117 651 occurrit
1140 619 1277 652 dubium
1301 619 1360 652 du·

281 665 366 706 plex.
389 664 536 697 Primum
558 670 618 701 est,
640 665 718 705 quia
740 665 939 701 univocatio,
960 665 1072 696 saltem
1095 664 1212 706 logica,
1228 674 1299 696 non
1313 670 1361 697 est

281 709 391 742 solum
413 709 448 740 in
470 709 591 749 specie,
613 708 670 741 sed
694 709 791 740 etiam
814 710 848 740 in
871 719 1000 750 genere.
1024 709 1112 745 ldeo,
1128 709 1204 743 licet
1227 709 1360 741 effectus

281 763 351 784 non
383 754 521 794 accipiat
551 753 692 785 formam
725 753 863 785 eandem
894 754 1076 788 secundum
1108 754 1252 794 speciem
1284 763 1361 785 cum

282 797 388 829 forma
402 799 537 839 agentis,
553 798 580 829 si
595 799 728 839 recipiat
744 798 881 830 eandem
904 798 1087 831 secundum
1107 807 1222 838 genus,
1237 807 1360 829 nomen

281 842 368 874 illius
383 842 508 875 formae
523 844 692 883 genericae
707 842 749 874 de
763 844 842 884 ipsis
857 844 999 877 univoce
1013 842 1260 884 praedicabitur.
1276 842 1361 874 Nam

283 897 404 928 corpus
432 888 574 919 univoce
604 887 721 920 dicitur
749 887 791 920 de
821 888 1014 929 corporibus
1041 887 1232 919 caelestibus
1262 892 1294 918 et
1321 887 1362 918 de

283 932 557 973 corruptibilibus,
581 932 763 964 secundum
781 933 957 973 Logicum:
982 937 1015 963 et
1037 937 1146 965 tamen
1162 931 1268 964 forma
1290 942 1361 963 cor-

282 977 450 1018 poreitatis
465 987 484 1008 a
500 978 590 1009 caelo
606 978 640 1008 in
655 977 724 1008 istis
738 976 945 1009 inferioribus
957 982 1085 1008 causata
1100 986 1169 1008 non
1185 982 1233 1007 est
1249 976 1362 1008 eadem

283 1021 465 1054 secundum
495 1023 648 1062 speciem,
679 1021 737 1053 sed
769 1027 896 1053 tantum
928 1021 1110 1054 secundum
1140 1030 1254 1062 genuS,
1286 1030 1362 1053 cum

283 1065 389 1100 forma
412 1067 637 1107 corporeitatis
659 1066 751 1098 caeli.

340 1110 530 1143 Secundum
553 1116 611 1148 est,
635 1111 712 1151 quia
734 1115 814 1141 tunc
836 1109 946 1142 nullus
970 1109 1104 1143 effectus
1127 1111 1186 1144 erit
1201 1111 1362 1144 univocus

284 1165 362 1188 suae
385 1165 511 1187 musae.
535 1155 644 1196 lnquit
667 1155 756 1188 enim
778 1154 915 1187 Sanctus
939 1155 1084 1186 Thomas
1108 1156 1150 1187 11⁸
1170 1156 1234 1193 11⁹0,
1258 1165 1290 1196 q.
1312 1166 1361 1192 ex,

284 1210 314 1232 a.
334 1208 362 1237 ι,
379 1199 420 1232 ad
435 1200 468 1237 3,
483 1199 575 1240 quod
590 1200 702 1233 nullus
716 1199 850 1240 effectus
865 1199 960 1231 habet
973 1200 1109 1241 speciem
1132 1211 1213 1233 suae
1232 1211 1361 1233 causae.

343 1254 374 1277 a.
397 1244 451 1276 Ad
473 1245 617 1285 primum
639 1245 759 1276 horum
781 1244 997 1285 respondetur
1012 1245 1103 1286 quod
1125 1255 1195 1277 non
1218 1246 1363 1287 loquitur

284 1288 423 1324 Sanctus
438 1288 641 1324 Thomande
657 1298 870 1330 quocumque
885 1291 1021 1323 nomine
1039 1290 1172 1323 effectus
1188 1297 1220 1322 et
1235 1301 1361 1327 causae,

247 1369 260 1371 A
275 1333 559 1373 ‚sed-drumm
580 1339 710 1375 sumpto
733 1343 754 1364 a
768 1334 889 1376 forma
913 1335 1056 1376 effectus,
1076 1342 1113 1368 ut
1135 1342 1224 1377 patet
1239 1345 1277 1368 ex
1293 1337 1363 1370 eius

284 1379 400 1413 verbis.
430 1378 562 1411 Nomen
592 1384 703 1411 autem
732 1380 871 1411 sumitur
892 1389 911 1410 a
934 1379 1039 1412 forma
1069 1380 1202 1413 effectus
1230 1381 1362 1422 quando

285 1422 452 1464 meat-
466 1424 573 1464 ipsam
597 1423 737 1456 formam
767 1423 952 1464 specificam
982 1426 1042 1457 sub
1073 1427 1204 1467 propria
1227 1428 1361 1463 ratione,

284 1477 359 1503 non.
377 1474 488 1501 autem
511 1468 644 1509 quando
666 1469 772 1509 ipsam
795 1470 856 1500 sub
871 1470 995 1501 ratione
1018 1471 1168 1510 generice
1189 1471 1361 1511 significat:

285 1513 370 1547 dant
391 1522 515 1547 nomen
537 1512 638 1546 calidi
659 1519 830 1554 sumptum
851 1524 870 1544 a
894 1514 1001 1547 calore
1028 1515 1190 1555 producto
1214 1516 1253 1547 ab
1278 1517 1362 1556 igne,

216 1578 237 1597 ,ις
284 1566 355 1593 mn
377 1557 537 1599 significat
557 1563 707 1590 naturam
724 1559 908 1599 genericam
931 1559 1047 1592 caloris
1061 1560 1219 1597 absolute,
1235 1561 1293 1592 sed
1307 1570 1363 1592 na-

285 1607 396 1638 turam
415 1601 601 1644 specificam

285 1645 428 1683 benum
447 1648 575 1688 generis
597 1648 798 1684 abstractam,
823 1647 880 1680 sed
903 1649 944 1680 ad
966 1648 1106 1681 formam
1121 1649 1365 1682 determinatam

285 1690 328 1726 ad
349 1692 504 1733 speciem.
528 1692 571 1724 Et
583 1691 670 1729 ideo,
687 1693 714 1724 si
728 1693 799 1733 ipsa
814 1691 920 1724 forma
934 1703 1004 1725 non
1019 1699 1068 1726 est
1083 1693 1231 1726 eiusdem
1244 1695 1364 1735 speciei

285 1737 444 1773 'assensa
464 1743 497 1769 et
518 1736 648 1774 effectu,
671 1747 797 1770 nomen
817 1736 900 1769 illud
921 1748 992 1770 non
1010 1738 1128 1770 dicitur
1149 1738 1191 1770 de
1213 1749 1311 1771 causa
1334 1745 1366 1770 et

286 1779 405 1816 &ectu
420 1781 575 1815 univoce:
597 1782 675 1823 quia
688 1782 770 1814 ratio
785 1782 959 1822 importata
973 1792 1032 1824 per
1045 1793 1170 1815 nomen
1185 1784 1366 1816 secundum

286 1825 381 1868 qlod
401 1825 518 1859 dieitur
541 1825 583 1858 de
605 1825 734 1863 effectu,
750 1832 783 1859 et
804 1827 886 1858 ratio
910 1837 968 1868 per
990 1828 1099 1869 ipsum
1121 1828 1296 1870 importata
1318 1838 1367 1860 se-

285 1869 435 1905 ondum
457 1870 550 1912 quod
572 1870 689 1903 dicitur
711 1870 752 1902 de
776 1881 883 1908 causa,
905 1882 975 1904 non
1003 1878 1080 1905 sunt
1108 1883 1175 1904 una
1198 1879 1230 1904 et
1253 1873 1366 1905 eadem

285 1916 379 1953 ratio,
402 1915 495 1957 quaed
516 1916 690 1956 requiritur
711 1915 753 1948 ad
775 1917 1052 1949 univocationem.
1082 1917 1132 1948 Ex
1153 1918 1220 1949 hoc
1243 1919 1367 1959 optime

285 1961 433 2002 sequimi·
456 1960 550 2001 quod
570 1960 699 1992 nullum
722 1970 846 1993 nomen
868 1961 992 1994 dictum
1015 1962 1057 1993 de
1079 1962 1152 1993 Deo
1169 1968 1201 1994 et
1223 1969 1368 1994 creatura

286 2006 429 2038 univoce
452 2004 582 2038 dicitur:
608 2005 685 2046 quia
707 2015 808 2038 omne
830 2006 893 2038 tale
916 2016 1039 2039 nomen
1062 2007 1200 2038 sumitur
1222 2018 1240 2038 a
1262 2007 1368 2039 forma

287 2059 374 2091 quae
387 2050 542 2090 recipitur
555 2050 592 2081 in
607 2049 740 2087 effectm
756 2060 842 2091 quae
853 2052 931 2091 quia
944 2061 1014 2083 non
1026 2057 1076 2083 est
1089 2051 1236 2083 eiusdem
1247 2053 1367 2093 speciei

286 2095 323 2127 in
345 2094 418 2126 Deo
441 2100 474 2126 et
495 2095 532 2126 in
553 2100 708 2131 creatura,
724 2094 800 2127 ideo
823 2105 948 2128 nomen
970 2105 1040 2127 non
1063 2096 1245 2128 secundum
1268 2107 1367 2128 unam

287 2139 433 2172 nominis
461 2139 621 2171 rationem
652 2139 768 2171 dicitur
791 2139 832 2171 de
855 2140 928 2172 Deo
952 2146 984 2172 et
1007 2146 1160 2172 creatura.
1188 2141 1266 2173 Non
1290 2151 1366 2182 ergo

287 2184 358 2216 vult
380 2183 518 2217 Sanetus
541 2183 687 2215 Thomas
709 2194 768 2225 per
790 2184 880 2216 illam
908 2186 1171 2226 propositionem
1198 2186 1368 2218 excludere

288 2237 390 2261 omne
404 2229 585 2260 univocum
601 2229 918 2270 quomodocumque
934 2229 976 2261 ad
994 2239 1125 2261 causam
1149 2236 1182 2261 et
1199 2230 1366 2262 effectum:

288 2272 347 2306 sed
367 2273 636 2305 univocationem
665 2274 808 2305 nominis
838 2273 1047 2315 significantis
1077 2274 1216 2306 formam
1245 2277 1368 2316 agentis

287 2319 353 2351 suh
372 2318 506 2360 propria
526 2318 653 2350 ratione
676 2323 708 2349 et
730 2319 876 2350 similiter
898 2318 1039 2351 formam
1062 2319 1206 2351 effectus.
1224 2339 1248 2344 -
1267 2320 1369 2359 Quod

287 2368 400 2396 auten
422 2362 594 2395 adducitur
616 2362 657 2394 de
680 2372 829 2403 corpore,
845 2373 915 2395 non
930 2369 978 2395 est
993 2363 1034 2395 ad
1048 2365 1270 2405 propositum:
1293 2366 1369 2406 quia

289 2417 414 2439 nomen
428 2407 580 2449 corporis
593 2417 664 2439 non
680 2413 727 2440 est
741 2417 865 2439 nomen
887 2414 1058 2449 sumptum
1075 2419 1094 2440 a
1107 2409 1213 2440 forma
1237 2410 1370 2442 effectus

287 2452 376 2485 illius
398 2457 435 2484 ut
457 2453 514 2490 sic,
537 2451 720 2484 secundum
743 2454 910 2494 propriam
935 2454 1095 2485 rationem
1118 2460 1151 2485 et
1173 2454 1368 2495 specificam.

346 2497 378 2529 3.
401 2496 456 2528 Ad
477 2496 660 2529 secundum
683 2496 800 2529 dicitur
823 2497 915 2539 quod
936 2498 1074 2530 Sanctus
1089 2498 1236 2530 Thomas
1258 2501 1294 2530 in
1313 2500 1370 2531 Se·

290 2541 399 2575 cunda
413 2541 583 2575 Secundae
605 2551 675 2574 non
697 2542 844 2583 loquitur
859 2542 900 2574 de
916 2542 1033 2574 effectu
1056 2553 1076 2574 a
1098 2553 1195 2575 causa
1210 2550 1368 2585 separato,

289 2586 348 2619 sed
362 2586 404 2618 de
419 2585 538 2619 effectu
553 2587 726 2619 essentiam
737 2597 854 2619 causae
869 2589 1111 2620 concomitante
1127 2589 1161 2619 in
1176 2590 1246 2630 ipsa
1261 2599 1368 2627 causa,

290 2631 376 2663 sictut
397 2640 468 2663 esse
490 2631 644 2664 deorsum
667 2637 716 2663 est
737 2631 871 2664 effectus
893 2633 1008 2673 gravis,
1033 2639 1065 2664 et
1087 2643 1157 2664 esse
1179 2634 1299 2665 risibile
1323 2640 1370 2665 est

291 2675 425 2708 effectus
447 2676 600 2708 hominis.
631 2675 721 2708 Talis
751 2677 839 2709 enim
869 2677 1002 2708 effectus
1031 2684 1158 2709 constat
1188 2679 1279 2719 quod
1300 2689 1369 2710 non

290 2721 388 2752 habet
403 2721 547 2761 speciem
562 2730 639 2751 suae
655 2730 780 2752 causae.
803 2722 869 2753 Hic
884 2728 994 2753 autem
1009 2732 1116 2754 sermo
1133 2729 1180 2754 eet
1196 2723 1236 2754 de
1253 2723 1370 2754 effectu

291 2766 333 2798 ab
354 2766 425 2806 ipsa
447 2775 546 2796 causa
559 2770 718 2806 separato,
743 2771 776 2797 et
797 2775 856 2807 per
877 2776 988 2798 veram
1011 2773 1043 2798 et
1065 2768 1183 2798 realem
1207 2768 1370 2798 actionem

290 2809 466 2852 producto,
482 2819 551 2841 non
574 2815 685 2841 autem
705 2820 745 2841 ex
759 2811 897 2842 naturali
913 2813 1166 2843 concomitantia
1185 2813 1368 2843 resultante.

347 2855 403 2886 IV.
427 2854 578 2886 Secundo
601 2855 760 2896 arguitur
773 2856 800 2886 *.
831 2856 908 2892 Res,
938 2857 1110 2897 supposito
1134 2857 1231 2887 etiam
1265 2857 1370 2898 (quod

290 2905 401 2932 tamen
424 2905 473 2931 est
494 2899 626 2940 falsum)
651 2899 742 2940 quod
764 2900 904 2931 similem
926 2900 1066 2932 formam
1093 2901 1274 2932 secundum
1297 2911 1369 2943 spe-

291 2945 377 2976 ciem
400 2949 677 2985 consequerentur
692 2955 712 2975 a
726 2944 810 2981 Deo,
834 2945 940 2976 adhuc
962 2947 997 2976 in
1020 2946 1092 2977 Deo
1116 2946 1217 2976 alium
1231 2946 1370 2978 modum

291 2988 418 3020 mendi
429 2989 550 3020 habent
561 2998 661 3029 quam
676 2990 711 3020 in
727 2990 889 3020 creaturis.
906 2990 993 3030 Ergo
1009 3000 1078 3021 non
1090 2991 1230 3022 univoce
1245 3001 1370 3022 nomen

291 3042 404 3064 earum
426 3033 544 3065 dicitur
559 3034 600 3065 de
615 3034 689 3065 Deo
712 3040 745 3065 et
767 3035 930 3065 creaturis.
945 3053 970 3058 -
983 3035 1142 3066 Probatur
1164 3036 1368 3067 antecedens.

291 3077 379 3116 Quia
398 3078 435 3109 in
457 3078 530 3110 Deo
553 3083 630 3110 sunt
651 3079 761 3119 ipsum
784 3089 863 3115 esse,
887 3089 956 3109 non
979 3085 1089 3110 autem
1111 3080 1146 3110 in
1169 3082 1331 3112 creaturis.
1346 3099 1370 3104 —

291 3121 538 3163 Consequentia
560 3132 638 3154 vero
661 3123 827 3164 probatur.
851 3123 948 3162 Quia,
972 3125 999 3154 si
1022 3124 1156 3155 effectus
1171 3124 1212 3155 ad
1226 3126 1369 3166 speciem

290 3177 408 3199 causae
430 3169 600 3209 pertingat,
624 3168 686 3199 nisi
709 3168 846 3199 eandem
869 3168 1008 3200 formam
1031 3169 1212 3200 secundum
1228 3170 1370 3202 eundem

289 3211 430 3246 modum
452 3212 579 3244 essendi
601 3213 744 3253 recipiat,
767 3212 1042 3253 praedicationem
1064 3215 1207 3245 nominis
1228 3216 1370 3246 univoce

290 3266 360 3289 non
383 3258 608 3298 consequitur:
632 3267 702 3288 non
725 3258 813 3288 enim
837 3258 952 3289 dicitur
981 3259 1122 3290 univoce
1146 3259 1264 3291 domus
1285 3269 1369 3300 quae

292 3306 340 3332 est
361 3302 396 3333 in
418 3307 540 3339 mente,
564 3308 596 3333 et
619 3302 738 3333 domus
753 3312 837 3343 quae
853 3309 901 3334 est
914 3304 948 3333 in
971 3304 1113 3340 materia,
1130 3310 1263 3345 propter
1279 3304 1369 3335 dissi-

290 3345 404 3378 nxilem
423 3346 564 3378 modum
588 3347 728 3384 essendi;
751 3357 829 3378 nam
851 3348 886 3378 in
908 3353 1017 3379 mente
1041 3348 1137 3379 habet
1160 3358 1229 3380 esse
1254 3350 1369 3380 imma-

291 3390 412 3427 teriale,
435 3391 470 3422 in
491 3392 626 3423 materia
647 3402 726 3423 vero
751 3401 820 3423 esse
842 3393 1017 3423 materiale.

347 3435 538 3468 Notandum
552 3436 654 3477 quod,
671 3446 710 3467 ex
725 3437 764 3467 iis
780 3446 864 3477 quae
887 3437 964 3468 dicit
986 3438 1039 3468 hic
1059 3438 1196 3469 Sanctus
1211 3438 1367 3475 Thomas,

292 3489 370 3510 cum
398 3480 516 3511 dicitur
544 3481 584 3511 ab
613 3481 786 3512 Aristotele
802 3483 820 3499 ⁴*
842 3483 983 3512 univoca
1014 3492 1083 3513 esse
1112 3493 1252 3523 quorum
1282 3484 1367 3514 ratio

291 3524 492 3556 substantiae
514 3530 562 3556 est
584 3525 706 3562 eadem,
730 3526 918 3566 intelligitur
941 3527 1032 3567 quod
1054 3528 1136 3558 ratio
1153 3528 1192 3558 sit
1208 3527 1321 3558 eadem
1337 3533 1369 3558 et

291 3568 474 3600 secundum
496 3569 635 3601 formam
659 3576 691 3601 et
713 3570 894 3602 secundum
917 3571 1043 3602 essendi
1062 3571 1209 3603 modum.
1234 3573 1369 3612 Propter

291 3613 385 3653 quod
407 3613 474 3645 duo
498 3615 592 3655 ponit
615 3615 752 3646 Sanctus
767 3616 913 3646 Thomas
931 3617 1012 3652 Ver„
1030 3626 1061 3656 q.
1078 3627 1174 3653 xxvrr,
1198 3627 1226 3647 a.
1240 3627 1272 3657 7,
1289 3627 1369 3648 con—

291 3658 401 3688 venire
425 3657 554 3690 effectui
576 3660 737 3690 univoco:
762 3660 884 3691 scilicet
913 3660 1004 3701 quod
1033 3661 1212 3692 similitudo
1236 3662 1369 3703 effectus

608 1613 616 1635 :
644 1603 731 1635 actio
754 1603 843 1635 enim
865 1605 990 1643 agentis
1015 1614 1086 1636 non
1111 1605 1301 1636 terminatur
1323 1605 1364 1637 ad

2426 297 2477 334 99

1411 356 1454 387 sit
1475 357 1508 387 in
1535 367 1635 389 causa
1651 363 1682 389 et
1696 360 1872 391 secundum
1896 371 1964 392 esse
1987 363 2148 401 naturale,
2165 370 2197 395 et
2214 366 2390 397 secundum
2405 378 2482 399 ean-

1413 401 1484 431 dem
1508 402 1680 432 rationem.
1812 428 1815 430 .

1469 444 1534 476 Sed
1548 451 1627 476 tunc
1643 447 1783 478 occurrit
1798 447 1943 480 dubium.
1967 451 2051 482 Nam
2067 462 2185 493 corpus
2201 454 2316 486 dicitur
2331 457 2481 494 univoce,

1414 489 1526 539 saltem
1557 489 1736 540 secundum
1759 491 1929 531 Logicum,
1952 494 1992 525 de
2015 498 2213 537 corruptibili
2237 505 2267 530 et
2289 500 2482 542 incorrupti-

1414 533 1480 564 bili.
1505 533 1547 564 Et
1569 539 1677 565 tamen
1701 535 1755 565 illa
1777 535 1895 567 habent
1919 537 2079 570 diversum
2102 542 2238 572 modum
2261 545 2396 576 essendi.

1469 577 1595 608 Dicitur
1618 578 1710 618 quod
1731 579 1791 610 ista
1813 581 1894 611 ratio
1918 583 2082 614 concludit
2104 590 2230 617 tantum
2258 588 2297 618 de
2327 591 2482 621 univoca·

1414 622 1504 652 tione
1527 622 1660 662 physica
1683 628 1715 653 et
1737 624 1884 660 naturali,
1900 625 1934 655 in
1954 635 2018 665 qua
2041 629 2259 661 consideratur
2273 642 2341 663 non
2356 639 2482 665 tantum

1414 666 1507 702 ratio,
1524 666 1580 697 sed
1596 667 1692 698 etiam
1707 677 1776 698 esse
1792 669 1852 699 rei:
1869 678 1937 699 non
1953 676 2061 701 autem
2072 672 2112 703 de
2124 675 2350 708 univocatione
2366 678 2482 719 logica,

1414 712 1448 742 in
1459 720 1524 750 qua
1535 711 1604 742 sola
1616 711 1662 742 rei
1674 712 1754 742 ratio
1768 712 1998 751 consideratur,
2011 721 2047 746 ut
2058 717 2183 748 videtur
2195 719 2256 749 dici
2268 721 2337 751 Pot.
2347 731 2377 762 q.
2386 733 2440 759 vn,
2450 733 2482 763 7,

1415 755 1456 787 ad
1485 763 1496 785 ι
1524 755 1558 786 in
1582 757 1783 796 oppositum.

1471 799 1512 830 V.
1532 801 1652 831 Tertio.
1669 801 1719 831 De
1734 801 1807 832 Deo
1822 801 1902 832 nihil
1921 803 2120 842 praedicatur
2142 812 2180 836 ut
2202 816 2302 846 genus
2325 810 2376 839 vel
2396 810 2484 841 diffe-

1415 845 1526 880 rentia,
1551 850 1588 876 ut
1610 855 1706 886 supra
1729 852 1777 878 est
1799 851 1981 884 ostensum
2005 858 2067 880 nec
2096 855 2133 880 ut
2162 852 2295 890 species,
2319 862 2394 883 cum
2417 855 2486 894 ipsa

1416 894 1542 920 constet
1558 899 1596 920 ex
1612 899 1728 930 genere
1755 897 1786 922 et
1810 891 2000 929 differentia;
2025 903 2085 924 nec
2101 900 2137 924 ut
2154 897 2323 935 proprium
2338 898 2389 928 vel
2404 900 2486 929 acci-

1416 933 1506 970 dens,
1531 935 1607 974 quia
1630 936 1709 966 nihil
1732 935 1773 967 de
1795 945 1913 976 genere
1929 937 2144 969 accidentium
2168 945 2215 970 est
2237 941 2270 970 in
2294 941 2376 972 Deo.
2400 943 2486 983 Ergo

1415 979 1495 1010 nihil
1518 979 1705 1019 simpliciter
1727 980 1768 1012 de
1790 982 1862 1021 ipso
1885 982 2026 1013 univoce
2055 983 2265 1023 praedicatur.
2287 1003 2311 1009 -
2332 986 2488 1018 Probatur

1416 1025 1659 1064 consequentia.
1683 1025 1770 1063 Quia
1793 1035 1893 1057 omne
1915 1027 2006 1067 quod
2038 1029 2179 1059 univoce
2208 1029 2417 1070 praedicatur,
2441 1037 2488 1062 est

1416 1068 1540 1108 aliquid
1563 1069 1694 1100 horum.

1473 1122 1502 1145 2.
1527 1113 1579 1144 Ad
1602 1114 1685 1146 hanc
1708 1115 1877 1152 rationem,
1903 1122 2034 1157 negaret
2064 1116 2180 1148 Scotus
2211 1122 2486 1160 consequentiam.

1415 1156 1467 1189 Ad
1490 1158 1719 1198 probationem
1745 1169 1834 1196 vero,
1858 1167 1988 1201 negaret
2015 1169 2228 1203 assumptum.
2259 1164 2358 1204 Apud
2379 1166 2487 1206 ipsum

1416 1203 1514 1238 enim,
1534 1203 1548 1234 Ι
1566 1203 1665 1239 Sent„
1681 1204 1712 1236 d.
1729 1214 1774 1241 111,
1791 1214 1822 1245 q.
1839 1216 1875 1236 nr
1886 1207 1913 1242 ⁴²,
1931 1212 1962 1237 et
1977 1206 2008 1237 d.
2023 1216 2090 1243 vm,
2107 1217 2139 1248 q.
2155 1218 2188 1244 11,
2213 1218 2270 1239 ens
2291 1210 2432 1243 univoce
2447 1209 2488 1241 de

1416 1247 1488 1279 Deo
1512 1253 1543 1278 et
1567 1255 1710 1280 creatura
1732 1250 1946 1290 praedicatur:
1971 1257 2003 1282 et
2025 1257 2133 1282 tamen
2162 1262 2271 1294 neque
2301 1260 2348 1284 est
2373 1264 2487 1295 genus,

1415 1301 1523 1332 neque
1547 1294 1680 1334 species,
1703 1304 1812 1335 neque
1835 1294 2022 1332 differentia,
2045 1305 2154 1337 neque
2177 1299 2356 1338 proprium,
2379 1309 2487 1340 neque

1416 1337 1575 1369 accidens.
1605 1339 1682 1370 Non
1712 1340 1800 1370 enim
1830 1345 1878 1370 est
1904 1350 2017 1380 genus,
2043 1359 2066 1364 -
2090 1341 2123 1372 id
2153 1342 2244 1382 quod
2270 1344 2409 1374 maxime
2439 1345 2487 1374 vi·

1416 1381 1545 1413 deretur
1564 1401 1589 1407 -
1611 1385 1687 1424 quia
1710 1390 1842 1425 propter
1872 1386 1922 1416 sui
1950 1386 2123 1418 maximam
2154 1389 2420 1419 communitatem
2446 1388 2487 1419 de

1416 1427 1576 1467 aliquibus
1592 1428 1787 1465 differentiis,
1803 1430 1879 1460 licet
1896 1440 1964 1460 non
1977 1430 2017 1461 de
2028 1431 2159 1467 ultimis,
2173 1431 2381 1472 quidditative
2396 1442 2487 1473 prae-

1417 1471 1554 1503 dicatur:
1578 1482 1682 1513 genus
1704 1479 1813 1504 autem
1836 1484 1905 1505 non
1928 1475 2129 1515 praedicatur
2148 1476 2356 1516 quidditative
2371 1477 2412 1507 de
2427 1477 2487 1508 dif-

1416 1514 1568 1548 ferentiis.
1582 1518 1624 1548 Et
1638 1519 1683 1548 sic
1700 1524 1747 1549 est
1759 1519 1948 1556 univocum,
1962 1525 1993 1550 et
2005 1520 2132 1551 nullum
2149 1526 2196 1550 est
2211 1520 2251 1551 de
2265 1521 2326 1551 illis
2342 1522 2488 1562 quinque

1417 1561 1696 1601 praedicabilibus.

1475 1606 1505 1636 3.
1529 1606 1595 1637 Sed
1616 1607 1675 1638 ista
1705 1606 1794 1638 Scoti
1823 1609 1992 1648 responsio
2022 1609 2180 1639 rationem
2210 1609 2318 1640 Sancti
2341 1610 2489 1643 Thomas

1417 1660 1487 1681 non
1510 1657 1654 1682 evacuat.
1677 1651 1779 1689 Quod
1801 1657 1839 1682 ut
1861 1653 1945 1683 clare
1968 1658 2084 1693 pateat,
2108 1653 2276 1684 sciendum
2300 1654 2400 1695 quod,
2415 1655 2491 1685 licet

1419 1705 1458 1725 ex
1481 1696 1664 1732 Aristotele,
1689 1696 1730 1726 111
1748 1697 1900 1737 Metaph„
1922 1702 1998 1728 text.
2015 1707 2135 1728 comm.
2157 1699 2234 1735 10*‚
2258 1699 2412 1730 habeatur
2434 1709 2491 1730 ens

1418 1750 1488 1771 non
1511 1750 1607 1780 posse
1635 1750 1705 1771 esse
1727 1750 1830 1780 genus
1853 1742 1930 1781 quia
1953 1741 2144 1772 differentias
2160 1743 2276 1773 habere
2291 1753 2359 1774 non
2375 1750 2490 1784 potest,

1420 1794 1496 1816 cum
1511 1785 1593 1816 nihil
1611 1786 1652 1816 sit
1667 1785 1708 1816 de
1723 1786 1816 1816 cuius
1837 1786 2003 1817 intellectu
2022 1796 2091 1817 non
2114 1787 2154 1817 sit
2177 1797 2244 1823 ens,
2260 1797 2362 1827 genus
2385 1795 2492 1821 autem

1419 1839 1488 1861 non
1519 1830 1560 1860 sit
1587 1829 1627 1861 de
1649 1830 1815 1861 intellectu
1843 1830 2108 1868 differentiarum
2132 1832 2159 1862 si
2185 1837 2293 1862 tamen
2319 1841 2493 1873 poneretur

1419 1875 1599 1906 univocum
1622 1884 1702 1911 esse,
1726 1880 1891 1916 oporteret
1910 1876 2019 1916 ipsum
2042 1885 2111 1906 esse
2126 1886 2239 1917 genus,
2255 1882 2287 1907 et
2303 1876 2494 1910 differentias

1420 1920 1538 1950 habere
1554 1919 1595 1951 de
1610 1928 1749 1960 quarum
1771 1920 1938 1951 intellectu
1960 1930 2029 1951 non
2046 1926 2137 1951 esset.
2162 1920 2246 1951 Nam
2262 1921 2326 1952 hoc
2342 1922 2432 1963 quod
2447 1928 2495 1954 est

1420 1973 1489 1995 non
1513 1974 1583 1995 esse
1605 1964 1646 1995 de
1667 1964 1834 1995 intellectu
1857 1964 2119 2002 differentiarum,
2142 1975 2211 1996 non
2234 1971 2281 1997 est
2303 1965 2343 1996 de
2372 1968 2494 1998 ratione

1420 2010 1557 2049 generis,
1573 2008 1630 2040 sed
1646 2010 1886 2040 concomitatur
1899 2011 2025 2050 generis
2041 2011 2210 2047 rationem,
2226 2011 2400 2052 ipsumque
2416 2022 2494 2043 con-

1421 2055 1568 2095 sequitur
1582 2059 1619 2085 ut
1634 2055 1827 2095 proprietas:
1848 2064 1951 2095 genus
1967 2056 2055 2086 enim
2071 2054 2257 2086 affirmative
2273 2055 2396 2093 dicitur,
2412 2058 2495 2088 sicut

1422 2104 1454 2130 et
1468 2099 1602 2140 species,
1619 2104 1652 2129 et
1667 2099 1701 2130 in
1717 2108 1778 2130 suo
1793 2105 1958 2140 conceptu
1973 2099 2188 2140 quidditativo
2206 2101 2411 2141 negationem
2426 2111 2494 2133 non

1420 2143 1567 2180 includit,
1580 2149 1617 2175 ut
1633 2153 1671 2174 ex
1686 2144 1812 2184 generis
1829 2150 1860 2175 et
1874 2145 1994 2185 speciei
2010 2144 2253 2176 definitionibus
2268 2151 2354 2185 patet
2365 2147 2396 2183 *;
2413 2147 2496 2177 sicut

1422 2195 1454 2219 et
1479 2198 1548 2219 non
1576 2188 1753 2229 praedicari
1776 2188 1987 2229 quidditative
2017 2189 2057 2220 de
2085 2190 2237 2229 qualitate
2261 2191 2495 2222 concomitatur

1421 2233 1616 2264 substantiae
1638 2234 1809 2270 rationem,
1826 2243 1895 2264 non
1911 2239 2020 2265 tamen
2042 2234 2146 2274 ipsam
2170 2235 2327 2265 rationem
2351 2236 2495 2266 substan-

1421 2279 1485 2309 tiae
1504 2277 1692 2318 ingreditur.
1712 2277 1789 2308 Ideo
1806 2278 1846 2309 ad
1861 2278 2038 2309 videndum
2054 2289 2095 2310 an
2111 2288 2168 2309 ens
2184 2279 2224 2310 sit
2239 2288 2351 2319 genus,
2368 2285 2496 2320 oportet

1421 2324 1528 2364 primo
1544 2323 1703 2363 respicere
1722 2322 1763 2353 ad
1786 2332 1823 2353 ea
1847 2332 1932 2363 quae
1954 2324 2080 2363 generis
2103 2325 2261 2354 rationem
2285 2325 2494 2361 constituunt,

1421 2377 1491 2398 non
1506 2367 1547 2399 ad
1562 2376 1600 2398 ea
1619 2376 1704 2407 quae
1725 2368 1830 2408 ipsam
1854 2373 2113 2409 consequuntur:
2130 2369 2216 2409 quia,
2233 2369 2258 2398 si
2274 2369 2327 2399 illa
2342 2370 2401 2400 sibi
2417 2379 2495 2401 con-

1422 2413 1568 2448 veniunt,
1588 2417 1719 2452 oportet
1741 2417 1774 2443 et
1797 2412 1889 2452 quod
1911 2413 2123 2453 consequitur
2142 2413 2329 2450 convenire;
2353 2414 2495 2455 implicat

1423 2458 1511 2488 enim
1533 2457 1694 2487 rationem
1724 2457 1859 2488 alicuius
1889 2457 1947 2487 uni
1977 2458 2161 2494 convenire,
2186 2463 2218 2488 et
2246 2467 2313 2488 non
2343 2457 2377 2488 id
2405 2458 2495 2498 quod

1421 2502 1526 2542 ipsam
1557 2501 1598 2532 de
1627 2502 1817 2532 necessitate
1848 2503 2067 2542 consequitur.
2099 2502 2201 2539 Sicut,
2233 2503 2308 2542 quia
2338 2503 2494 2533 risibilitas

1422 2547 1582 2577 rationem
1604 2546 1746 2577 hominis
1770 2547 1990 2587 consequitur,
2014 2556 2082 2577 non
2106 2552 2244 2588 oportet,
2261 2546 2301 2577 ad
2318 2547 2493 2578 videndum

1423 2601 1465 2622 an
1487 2591 1598 2622 Sortes
1619 2591 1660 2621 sit
1691 2591 1804 2627 homo,
1827 2591 1986 2631 respicere
2010 2591 2117 2631 primo
2144 2601 2184 2622 an
2211 2592 2250 2621 sit
2275 2591 2410 2628 risibilis,
2438 2591 2493 2622 sed

1423 2645 1464 2666 an
1487 2636 1528 2666 sit
1555 2635 1674 2666 animal
1700 2635 1869 2666 rationale:
1900 2645 1968 2676 quo
1999 2637 2148 2680 constito,
2177 2641 2308 2676 apparet
2337 2635 2426 2675 quod
2453 2636 2493 2666 sit

1422 2680 1559 2717 risibilis,
1577 2689 1654 2711 cum
1670 2689 1709 2710 ex
1724 2689 1793 2711 uno
1809 2680 1946 2711 alterum
1969 2686 2130 2721 sequatur.
2154 2681 2180 2711 F
2181 2686 2293 2711 atuum
2309 2681 2395 2710 enim
2411 2685 2492 2710 esset

1423 2724 1539 2761 dicere,
1563 2725 1703 2756 constito
1735 2724 1826 2765 quod
1857 2725 1965 2757 Sortes
1994 2726 2034 2756 sit
2060 2726 2176 2755 animal
2199 2724 2361 2760 rationale,
2384 2725 2491 2764 ipsum

1422 2779 1492 2800 non
1507 2778 1577 2800 esse
1592 2770 1761 2800 hominem
1777 2771 1854 2811 quia
1868 2780 1936 2801 non
1953 2775 2000 2800 est
2022 2770 2157 2800 risibilis.
2178 2770 2281 2799 Immo
2295 2778 2364 2799 non
2384 2773 2492 2808 potest

1422 2823 1491 2845 non
1514 2814 1641 2845 risibilis
1665 2824 1734 2845 esse
1757 2815 1783 2845 si
1807 2820 1854 2845 est
1876 2815 1994 2845 animal
2017 2815 2183 2850 rationale3
2209 2819 2240 2844 et
2257 2814 2282 2843 si
2304 2822 2416 2843 verum
2430 2822 2490 2853 po-

1422 2864 1518 2889 natur
1539 2860 1649 2900 ipsum
1670 2869 1740 2890 non
1759 2869 1828 2891 esse
1842 2860 2006 2896 risibilem,
2031 2860 2172 2899 arguitur
2187 2868 2204 2888 a
2220 2859 2311 2898 signo
2333 2866 2401 2888 non
2423 2866 2490 2887 esse

1423 2903 1541 2934 animal
1568 2904 1724 2934 rationale
1757 2910 1789 2936 et
1810 2905 1918 2945 ipsum
1950 2914 2017 2935 non
2051 2913 2118 2934 esse
2159 2903 2334 2933 hominem.
2365 2901 2489 2932 Eodem

1422 2948 1536 2985 modo,
1551 2949 1579 2979 si
1594 2949 1661 2980 enti
1682 2949 1763 2980 ratio
1786 2950 1911 2990 generis
1934 2949 2114 2984 conveniat,
2139 2957 2206 2978 non
2230 2951 2357 2987 oportet
2375 2955 2489 2986 negare

1421 2993 1531 3033 ipsum
1561 3002 1630 3024 esse
1659 3003 1762 3034 genus
1795 2995 1872 3034 quia
1905 2993 2104 3034 praedicatur
2134 2991 2340 3032 quidditative
2369 2990 2408 3021 de
2435 2989 2489 3020 ali-

1423 3038 1541 3079 quibus
1565 3037 1759 3074 differentiis,
1784 3038 1875 3079 quod
1897 3043 2054 3078 repugnat
2081 3037 2110 3067 ei
2143 3035 2231 3077 quod
2258 3037 2413 3066 rationem
2435 3044 2489 3074 ge-

1422 3082 1508 3113 neris
1531 3083 1778 3114 concomitatur.
1804 3083 1908 3114 Immo
1933 3092 1971 3113 ex
1993 3083 2057 3113 hoc
2081 3081 2170 3122 quod
2194 3080 2252 3111 sibi
2272 3081 2350 3110 ratio
2366 3079 2488 3119 generis

1423 3128 1598 3158 convenire
1626 3127 1815 3164 ostenditur,
1845 3128 2046 3158 convincitur
2075 3126 2164 3166 quod
2193 3134 2260 3155 non
2290 3123 2488 3164 praedicatur

1423 3171 1464 3202 de
1487 3171 1687 3208 differentiis;
1712 3178 1743 3202 et
1759 3173 1785 3202 si
1800 3172 2010 3212 praedicatur,
2026 3181 2044 3201 a
2059 3169 2227 3210 posteriori
2243 3169 2383 3208 arguitur
2398 3166 2488 3207 quod

1422 3226 1492 3247 non
1516 3222 1563 3247 est
1585 3225 1697 3256 genus,
1722 3221 1754 3247 et
1777 3216 1867 3257 quod
1896 3225 1963 3246 non
1994 3221 2040 3245 est
2068 3213 2147 3244 illud
2171 3213 2210 3243 ad
2233 3212 2321 3253 quod
2345 3211 2488 3251 sequitur

1422 3261 1531 3302 ipsum
1555 3270 1624 3291 esse
1647 3270 1760 3301 genus.

1478 3314 1510 3344 4.
1535 3305 1635 3343 Quod
1659 3310 1767 3336 autem
1790 3305 1914 3345 generis
1937 3305 2017 3334 ratio
2041 3302 2209 3333 conveniat
2229 3301 2294 3330 enti
2313 3301 2339 3330 si
2361 3300 2400 3329 sit
2415 3299 2487 3330 uni-

1422 3359 1554 3385 vocum,
1571 3349 1751 3380 ostenditur
1774 3355 1805 3380 et
1825 3359 1863 3379 ex
1877 3348 2087 3379 fundamento
2106 3345 2301 3380 intentionis,
2318 3349 2350 3374 et
2365 3353 2403 3374 ex
2418 3344 2487 3384 ipsa

1423 3394 1584 3424 secundae
1613 3394 1800 3424 intentionis
1830 3393 2026 3424 definitione.
2058 3391 2105 3421 Ex
2137 3389 2346 3420 fundamento
2380 3393 2487 3418 osten-

1423 3438 1518 3469 ditur.
1542 3439 1626 3469 Nam
1648 3448 1760 3478 genus,
1784 3443 1862 3478 puta
1892 3436 2024 3470 animal,
2048 3435 2124 3465 dicit
2152 3439 2298 3463 naturam
2325 3431 2487 3473 quandam

1423 3484 1462 3513 ab
1485 3482 1690 3513 inferioribus
1719 3483 1785 3512 suis
1814 3491 1871 3522 per
1900 3481 2096 3511 intellectum
2127 3477 2362 3508 abstrahibilem
2394 3481 2426 3507 et
2447 3477 2486 3506 ab

1423 3528 1514 3558 omni
1537 3528 1696 3567 principio
1724 3526 1888 3560 limitante‚
1914 3533 1995 3563 quae
2024 3532 2081 3562 per
2110 3521 2320 3552 differentiam
2352 3520 2486 3551 eandem

1422 3573 1484 3612 ipsi
1507 3572 1631 3602 realiter
1653 3570 1693 3601 ad
1716 3571 1856 3610 speciem
1885 3568 2090 3602 contrahitur,
2115 3567 2156 3596 ita
2181 3565 2271 3606 quod
2299 3566 2369 3606 ipsa
2398 3564 2488 3595 diffe-

1422 3617 1523 3647 rentia
1539 3621 1586 3646 est
1598 3615 1638 3646 de
1653 3615 1823 3645 intrinseca
1839 3612 2067 3643 constitutione
2083 3611 2237 3641 essentiae
2253 3611 2381 3650 speciei.
2397 3610 2487 3640 Patet

1423 3660 1513 3700 quod
1536 3660 1652 3690 dicitur
1674 3660 1706 3689 in
1731 3657 1874 3689 animali.
1907 3657 1955 3686 Ex
1984 3656 2052 3695 ipsa
2083 3655 2169 3685 enim
2197 3655 2341 3685 animalis
2364 3654 2486 3684 ratione

2514 1210 2523 1220 ·
2540 1209 2576 1231 Cf.
2588 1209 2656 1231 etiam
2667 1216 2689 1238 q.
2700 1215 2726 1232 u.

2517 1702 2526 1711 ·
2537 1700 2612 1723 S.Th.
2622 1700 2665 1727 1.8;
2675 1700 2728 1722 Did.

2518 1728 2546 1755 11,
2558 1733 2591 1754 ιιι,
2601 1727 2622 1749 8.

2521 2145 2531 2155 ·
2555 2143 2592 2165 ef.
2610 2143 2731 2171 Isagogen

2521 2169 2652 2198 Porphyrii.
