2768 4134
69 592 78 601 ·
93 590 128 612 Cf.
140 589 168 610 de
184 588 278 613 Causis,

70 618 106 641 §n
118 615 277 642 tFreib.¹882);

69 649 87 665 s.
103 642 147 664 Th.
163 643 177 662 Ι.
190 647 220 663 12.

66 1282 75 1291 ·
90 1280 126 1303 Cf.
138 1286 187 1307 cap.
204 1286 227 1301 se

66 2297 73 2306 ·
81 2295 116 2319 ef.
123 2302 174 2324 cap.
182 2303 277 2318 11111111

63 2620 72 2629 '
87 2619 118 2641 111
135 2619 164 2641 de
181 2620 274 2646 Anima,

64 2652 76 2667 c
136 2652 158 2667 ni
189 2654 194 2658 -

230 1286 253 1307 q.

309 298 384 343 462
769 290 956 328 SUMMA
985 288 1207 325 CONTRA
1235 285 1511 330 GENTILES,
1539 285 1634 322 LIB.
1660 285 1701 330 II,
1732 283 1843 321 CAP.
1872 284 2042 320 LXXIII.

309 374 543 422 recipiuntur
562 368 708 419 species
736 367 775 404 in
794 367 985 404 intellectu
1005 363 1188 414 possibili.
1219 364 1375 400 Frustra
1430 362 1622 412 possibilis
1642 362 1691 399 ad
1711 363 1945 411 phantasma
1964 374 2045 411 quo
2064 361 2219 411 indiget,
2234 372 2322 401 ante
2337 365 2508 414 speciem

307 427 419 476 igitur
445 436 515 474 per
542 423 776 460 intellectum
796 428 974 468 agentem
1001 418 1102 455 fiunt
1130 415 1375 464 intelligibilia
1430 415 1721 464 intelligibilem:
1744 423 1780 452 et
1800 415 1875 452 alio
1896 415 2018 452 modo
2034 422 2245 464 postquam
2260 417 2404 467 recepit
2423 431 2507 468 spe-

307 488 394 517 actu
422 485 553 515 nostra
580 476 861 525 phantasmata.
1430 469 1531 506 ciem
1560 468 1848 517 intelligibilem.
1873 469 1973 505 Ante
1992 468 2111 515 enim,
2139 468 2284 517 indiget
2312 483 2360 508 eo
2387 479 2431 508 ut
2458 472 2508 509 ab

360 533 465 568 Item.
494 532 694 578 Receptum
713 533 763 565 est
783 529 819 564 in
841 527 1040 576 recipiente
1053 537 1126 574 per
1144 523 1297 560 modum
1317 534 1375 559 re·
1431 535 1478 559 eo
1507 522 1669 571 accipiat
1697 521 1868 571 speciem
1887 521 2179 570 intelligibilem:
2201 523 2307 560 unde
2327 535 2368 560 se
2392 525 2509 562 habet

306 586 469 635 czjn'entis
488 583 518 620 ²¹⁴.
541 582 618 619 Sed
637 581 848 619 intellectus
868 578 1087 616 secundum
1114 589 1154 614 se
1179 585 1234 615 est
1258 587 1376 625 supra
1398 598 1407 618 ς
1430 576 1480 613 ad
1508 575 1744 612 intellectum
1772 574 1999 624 possibilem
2026 582 2070 613 ut
2098 575 2296 613 obiectum
2328 588 2506 615 movens.

306 645 470 675 motum.
493 637 595 684 Ergo
615 635 723 684 quod
743 633 924 683 recipitur
942 633 983 669 in
1011 644 1070 677 eo,
1100 629 1281 680 recipitur
1298 629 1375 666 fixe
1432 629 1508 666 Sed
1524 637 1612 678 post
1631 628 1802 678 speciem
1821 628 1863 665 in
1882 640 1929 665 eo
1949 637 2158 678 receptam,
2174 629 2318 677 indiget
2332 642 2380 667 eo
2396 631 2508 680 quasi

306 699 341 728 et
370 689 628 727 immobiliter.
1431 682 1689 719 instrumento
1719 682 1800 719 sive
1819 681 2076 719 fundamento
2097 694 2191 720 suae
2219 683 2380 732 speciei:
2401 685 2508 723 unde

359 745 572 781 Praeterea.
605 742 708 779 Cum
736 741 947 778 intellectus
976 739 1021 776 sit
1050 737 1228 786 superior
1255 736 1375 773 virtus
1431 748 1472 773 se
1501 736 1618 773 habet
1646 736 1694 773 ad
1723 736 1997 785 phantasmata
2030 735 2127 773 sicut
2162 749 2280 774 causa
2315 737 2507 783 efficiens;

306 809 425 846 quam
454 802 783 844 sensus,foportet
811 793 919 843 quod
948 792 994 828 sit
1030 790 1152 839 magis
1185 789 1305 827 unita:
1339 796 1376 825 et
1431 789 1650 826 secundum
1686 788 1790 826 enim
1827 788 2038 838 imperium
2074 789 2286 827 intellectus
2318 791 2510 829 formatur

306 863 351 887 ex
371 851 447 887 hoc
466 849 646 886 videmus
666 848 773 897 quod
789 859 892 883 unus
911 845 1122 882 intellectus
1141 843 1258 880 habet
1277 842 1375 880 iudi·
1391 867 1417 882 ,ο
1431 843 1470 879 in
1499 842 1773 890 imaginatione
1802 843 2035 891 phantasma
2063 843 2303 880 conveniens
2330 844 2394 882 tali
2423 857 2509 894 spe-

306 903 411 940 cium
439 903 487 940 de
517 901 677 939 diversis
695 900 899 950 generibus
928 897 1180 943 sensibilium,
1205 908 1306 946 quae
1326 896 1375 933 ad
1432 896 1502 933 ciei
1531 895 1764 944 intelligibili,
1794 895 1835 932 in
1863 907 1944 945 quo
1974 896 2192 945 resplendet
2220 897 2368 946 species
2401 898 2509 936 intel-

306 957 476 994 diversas
504 955 693 1005 potentias
731 952 928 990 sensitivas
962 950 1137 1001 pertinet.
1168 950 1281 987 Unde
1315 961 1375 986 ac-
1431 949 1581 998 ligibilis
1600 949 1698 986 sicut
1717 950 1916 998 exemplar
1943 949 1983 986 in
2003 951 2223 999 exemplato
2243 950 2325 987 sive
2354 951 2393 988 in
2411 951 2509 990 ima-

306 1010 433 1060 cipere
468 1020 679 1058 possumus
717 1006 823 1055 quod
861 1004 1106 1054 operationes
1142 1002 1376 1053 pertinentes
1431 1003 1530 1052 gine.
1545 1003 1585 1041 Si
1600 1015 1691 1051 ergo
1707 1002 1920 1040 intellectus
1933 1002 2126 1052 possibilis
2142 1015 2298 1053 semper
2311 1004 2510 1043 habuisset

306 1064 354 1101 ad
374 1063 543 1100 diversas
562 1060 750 1110 potentias
774 1058 983 1104 sensitivas,
1013 1057 1053 1094 in
1073 1069 1154 1094 uno
1182 1056 1376 1094 intellectu
1432 1057 1591 1106 species,
1613 1068 1820 1106 nunquam
1847 1065 2142 1106 compararetur
2161 1057 2211 1094 ad
2238 1058 2510 1107 phantasmata

306 1117 535 1154 adunantur.
549 1113 813 1151 Potentiarum
829 1120 960 1149 autem
976 1110 1530 1159 sensitivarumquae-15sicut
1557 1110 1746 1160 recipiens
1774 1110 1824 1147 ad
1853 1109 2052 1147 obiectum
2084 1110 2292 1148 motivum.
2486 1143 2489 1145 Α

305 1170 396 1207 dam
425 1167 613 1217 recipiunt
640 1174 802 1211 tantum,
832 1173 874 1202 ut
902 1177 1056 1202 sensus:
1087 1164 1283 1213 quaedam
1309 1175 1377 1200 au·
1485 1165 1593 1201 Item.
1623 1164 1840 1201 Intellectus
1877 1163 2070 1213 possibilis
2107 1172 2164 1201 est
2201 1177 2274 1214 quo
2310 1167 2441 1203 anima
2476 1178 2498 1203 e

304 1231 382 1259 tem
403 1221 576 1266 retinent,
596 1228 638 1257 ut
666 1218 888 1268 imaginatio
917 1226 954 1255 et
981 1216 1189 1263 memoria;
1211 1217 1316 1254 unde
1341 1224 1377 1253 et
1432 1219 1544 1254 homo
1565 1218 1746 1267 intelligit,
1768 1217 1988 1254 secundum
2006 1217 2254 1255 Aristotelem
2263 1218 2294 1255 ²¹².
2317 1218 2358 1256 Si
2377 1227 2511 1257 autem

304 1277 468 1312 thesauri
493 1274 675 1311 dicuntur
693 1273 724 1309 ²¹⁶.
757 1273 921 1322 Oportet
949 1271 1062 1320 igitur
1094 1271 1203 1320 quod
1232 1270 1376 1307 intelle·
1433 1271 1647 1308 intellectus
1675 1270 1870 1320 possibilis
1899 1279 1954 1308 est
1983 1283 2088 1308 unus
2107 1271 2289 1309 omnium
2318 1284 2363 1310 ac
2391 1280 2511 1310 aeter·

305 1337 387 1366 ctus
414 1327 605 1378 possibilis
633 1335 670 1363 et
698 1325 865 1376 recipiat,
895 1333 931 1362 et
959 1325 1119 1362 retineat
1148 1332 1312 1374 recepta.
1433 1337 1519 1371 nus,
1558 1332 1711 1374 oportet
1747 1324 1857 1374 quod
1894 1324 1935 1361 in
1977 1324 2062 1374 ipso
2100 1325 2179 1362 iam
2222 1324 2297 1362 sint
2333 1334 2510 1376 receptae

358 1381 548 1431 Amplius.
579 1382 620 1418 ln
651 1380 767 1417 rebus
795 1378 1035 1416 naturalibus
1058 1390 1208 1416 vanum
1236 1386 1292 1415 est
1320 1377 1376 1414 di-
1393 1403 1419 1417 ,ο
1433 1391 1572 1416 omnes
1600 1378 1748 1428 species
1776 1377 2029 1427 intelligibiles
2057 1390 2197 1416 eorum
2232 1391 2335 1428 quae
2370 1392 2393 1417 a
2425 1380 2511 1430 qui-

305 1447 391 1472 cere
419 1435 527 1484 quod
556 1434 594 1471 id
623 1434 672 1470 ad
701 1433 809 1483 quod
842 1432 1068 1482 pervenitur
1105 1444 1175 1481 per
1210 1439 1377 1477 motum,
1433 1432 1599 1469 buslibet
1627 1431 1856 1470 hominibus
1884 1440 1976 1469 sunt
2003 1432 2095 1470 scita
2122 1434 2185 1470 vel
2213 1432 2380 1471 fuerunt.
2411 1433 2510 1482 Qui-

305 1501 385 1526 non
415 1495 650 1537 permaneat,
680 1487 748 1524 sed
768 1486 894 1524 statim
918 1498 1001 1523 esse
1026 1485 1190 1523 desinat:
1220 1492 1379 1535 propter
1434 1485 1524 1523 libet
1551 1486 1666 1535 igitur
1693 1494 1884 1532 nostrum,
1913 1485 1982 1535 qui
2017 1498 2088 1536 per
2122 1485 2359 1524 intellectum
2388 1487 2511 1537 possi-

305 1542 412 1592 quod
432 1540 657 1592 repudiatur
675 1540 815 1590 positio
839 1539 1052 1577 dicentium
1071 1538 1205 1576 omnia
1224 1550 1380 1588 semper
1433 1539 1552 1577 bilem
1581 1539 1762 1588 intelligit,
1791 1539 1917 1577 immo
1937 1539 2048 1577 cuius
2067 1539 2276 1589 intelligere
2293 1539 2352 1578 'est
2379 1540 2512 1591 ipsum

305 1595 474 1641 moveri3
504 1602 657 1644 oportet
684 1593 791 1631 enim
825 1602 979 1631 motum
1015 1593 1064 1630 ad
1099 1592 1271 1642 quietem
1303 1601 1377 1629 ter·
1433 1593 1641 1642 intelligere
1674 1593 1886 1630 intellectus
1923 1593 2127 1642 possibilis,
2162 1593 2343 1643 intelliget
2377 1595 2513 1633 omnia

306 1648 455 1686 minari.
485 1649 611 1685 Multo
640 1647 754 1696 igitur
781 1647 912 1684 minus
940 1646 1024 1684 dici·
1038 1654 1164 1696 potest
1192 1646 1301 1695 quod
1321 1658 1378 1683 re·
1393 1670 1417 1690 ,ς
1434 1659 1535 1696 quae
1555 1655 1645 1684 sunt
1664 1649 1726 1684 vel
1745 1647 1901 1684 fuerunt
1929 1659 1952 1684 a
1971 1647 2290 1697 quibuscumque
2309 1647 2510 1686 intellecta.

306 1710 464 1752 ceptum
491 1701 532 1738 in
564 1701 756 1738 intellectu
793 1700 965 1750 possibili
999 1711 1080 1737 non
1113 1707 1375 1737 conservetur.
1434 1701 1554 1747 Quod
1583 1708 1687 1750 patet
1716 1712 1799 1737 esse
1827 1700 1979 1737 falsum.
2413 1733 2416 1736 .

361 1755 513 1792 Adhuc.
553 1754 593 1792 Si
629 1767 675 1791 ex
710 1753 1045 1804 phantasmatibus
1081 1765 1182 1802 quae
1217 1761 1305 1790 sunt
1337 1753 1378 1790 in
1486 1755 1548 1791 Ad
1584 1755 1661 1791 hoc
1695 1761 1828 1791 autem
1864 1754 2162 1791 Commentator
2198 1754 2419 1803 praedictus
2453 1767 2512 1793 re-

307 1809 420 1846 nobis
459 1808 671 1845 intellectus
708 1807 900 1857 possibilis
937 1819 1018 1844 non
1062 1806 1194 1856 recipit
1229 1806 1378 1856 aliquas
1433 1808 1614 1857 spondet,
1653 1807 1786 1845 dicens
1814 1807 1923 1856 quod
1951 1819 2024 1844 nos
2058 1819 2140 1844 non
2168 1807 2414 1857 intelligimus
2442 1821 2514 1859 per

307 1862 454 1911 species
482 1861 743 1909 intelligibiles,
774 1861 866 1910 quia
893 1860 971 1898 iam
996 1860 1138 1909 recepit
1166 1872 1188 1896 a
1216 1861 1377 1909 phanta-
1433 1860 1668 1898 intellectum
1688 1860 1914 1910 possibilem
1942 1860 2015 1897 nisi
2035 1861 2255 1898 secundum
2279 1862 2388 1911 quod
2418 1874 2511 1900 con-

307 1914 494 1951 smatibus
522 1927 660 1951 eorum
690 1914 757 1963 qui
786 1915 940 1951 fuerunt
968 1921 1056 1950 ante
1085 1925 1173 1958 nos;
1203 1913 1284 1962 pari
1319 1925 1378 1950 ra-
1394 1928 1419 1947 ιο
1433 1913 1605 1951 tinuatur
1632 1914 1746 1951 nobis
1774 1925 1845 1963 per
1871 1921 2004 1951 nostra
2031 1914 2316 1963 phantasmata.
2346 1916 2396 1952 Et
2418 1916 2512 1966 quia

305 1968 420 2013 tione,
450 1979 472 2004 a
504 1969 703 2004 nullorum
738 1966 1074 2016 phantasmatibus
1109 1965 1243 2015 recipit
1277 1978 1378 2015 quos
1433 1978 1514 2004 non
1548 1975 1638 2004 sunt
1665 1967 1805 2004 eadem
1837 1967 2110 2016 phantasmata
2138 1968 2246 2017 apud
2271 1980 2411 2006 omnes
2439 1981 2514 2007 nec

305 2020 366 2058 alii
393 2027 696 2070 praecesserunt.
729 2020 806 2057 Sed
826 2019 1019 2069 quoslibet
1037 2019 1153 2068 aliqui
1175 2019 1237 2056 alii
1266 2031 1375 2068 prae·
1433 2020 1574 2057 eodem
1613 2020 1735 2057 modo
1773 2019 1969 2070 disposita,
2008 2032 2081 2058 nec
2117 2020 2307 2071 quicquid
2342 2021 2514 2073 intelligit

306 2081 512 2120 cesserunt,
551 2073 582 2110 si
617 2074 792 2111 mundus
828 2082 882 2110 est
917 2081 1108 2118 aeternus,
1138 2080 1179 2110 ut
1210 2080 1375 2122 ponunt.
1432 2086 1547 2120 unuS,
1577 2073 1748 2122 intelligit
1775 2073 1884 2111 alius.
1919 2074 1968 2111 Et
1995 2073 2151 2112 videtur
2182 2075 2281 2113 haec
2308 2076 2512 2126 responsio

306 2129 523 2177 Nunquam
551 2126 663 2175 igitur
690 2127 902 2164 intellectus
930 2125 1122 2177 possibilis
1151 2125 1284 2176 recipit
1312 2126 1377 2164 ali-
1432 2139 1649 2165 consonare
1680 2127 1916 2177 praemissis.
1950 2128 2066 2174 Nam,
2096 2127 2213 2166 etiam
2241 2129 2273 2167 si
2300 2128 2513 2169 intellectus

305 2194 402 2231 quas
421 2180 568 2230 species
591 2193 614 2218 a
632 2180 978 2231 phantasmatibus.
1000 2181 1157 2217 Frustra
1175 2179 1290 2228 igitur
1307 2193 1377 2231 po·
1394 2199 1416 2219 ις
1432 2180 1625 2231 possibilis
1648 2193 1730 2218 non
1750 2189 1806 2218 est
1823 2193 1939 2227 unus,
1964 2193 2046 2218 non
2072 2180 2320 2231 intelligimus
2343 2195 2390 2221 ea
2413 2196 2512 2234 quo.-

305 2234 407 2272 nitur
448 2234 659 2272 intellectus
697 2247 814 2283 agens
851 2234 900 2271 ab
938 2233 1150 2280 Aristotele,
1188 2242 1230 2271 ut
1266 2234 1377 2272 faciat
1432 2247 1522 2272 rum
1551 2234 1699 2285 species
1727 2242 1817 2272 sunt
1845 2234 1885 2272 in
1914 2234 2107 2272 intellectu
2135 2236 2309 2286 possibili
2338 2236 2412 2275 nisi
2433 2238 2511 2276 ad·-

304 2289 575 2338 phantasmata
603 2300 685 2325 esse
713 2287 959 2337 intelligibilia
987 2295 1074 2325 actu
1089 2287 1119 2324 *.
1433 2289 1507 2326 sint
1534 2290 1806 2339 phantasmata
1834 2289 1884 2326 ad
1912 2289 1990 2326 hoc
2017 2288 2214 2339 disposita.
2422 2324 2424 2327 ,

359 2343 570 2379 Praeterea.
602 2342 660 2379 Ex
689 2342 765 2379 hoc
784 2341 937 2379 videtur
965 2341 1076 2391 sequi
1095 2341 1203 2390 quod
1232 2341 1376 2379 intelle·
1488 2343 1565 2380 Sed
1594 2342 1703 2392 quod
1732 2342 1832 2380 dicta
1860 2342 2062 2392 responsio
2090 2355 2172 2381 non
2200 2343 2321 2394 possit
2348 2344 2513 2384 totaiioer

305 2404 388 2432 ctus
420 2394 611 2444 possibilis
644 2407 724 2432 non
756 2395 923 2444 indigeat
959 2394 1294 2444 phantasmatibus
1327 2395 1376 2432 ad
1432 2395 1713 2434 inconveniens
1747 2396 1902 2443 evitare,
1931 2396 1986 2434 sic
2013 2404 2128 2446 patet.
2159 2396 2264 2435 Cum
2298 2397 2512 2437 intellectus

303 2448 604 2497 intelligendum.
622 2449 706 2486 Nos
725 2457 856 2486 autem
876 2461 947 2498 per
960 2448 1195 2486 intellectum
1215 2448 1376 2498 possibi-
1391 2449 1625 2499 mpossibilis
1652 2450 1773 2487 factus
1811 2458 1867 2487 est
1904 2458 1993 2488 actu
2025 2462 2096 2500 per
2132 2450 2304 2500 speciem
2338 2451 2511 2502 intelligi-

304 2503 380 2539 lem
400 2502 656 2550 intelligimus.
678 2503 819 2552 Neque
838 2502 950 2551 igitur
969 2514 1042 2539 nos
1061 2515 1177 2540 sensu
1197 2510 1234 2539 et
1252 2503 1376 2552 phan-
1432 2503 1550 2541 bilem
1571 2511 1777 2554 receptam,
1792 2510 1913 2554 potest
1931 2516 2050 2554 agere
2066 2516 2140 2554 per
2161 2506 2335 2555 seim-um,
2355 2513 2399 2543 ut
2421 2505 2512 2544 dicit

303 2563 462 2593 tasmate
491 2555 750 2604 indigebimus
779 2556 827 2593 ad
847 2556 1149 2604 intelligendum.
1180 2557 1300 2603 Quod
1321 2565 1377 2594 est
1432 2556 1667 2604 Aristoteles,
1683 2557 1723 2594 in
1739 2558 1785 2595 111
1801 2558 1847 2594 de
1863 2559 2005 2595 Anima
2019 2557 2051 2595 *ἢ
2074 2558 2186 2596 Unde
2205 2558 2388 2596 videmus
2401 2560 2510 2609 quod

302 2608 501 2646 manifeste
515 2609 666 2655 falsum,
682 2618 718 2646 et
733 2618 866 2647 contra
881 2609 1110 2647 sententiam
1122 2609 1333 2647 Aristotelis
1343 2610 1374 2648 ²⁸.
1431 2610 1524 2648 illud
1544 2610 1656 2648 cuius
1675 2610 1875 2648 scientiam
1895 2612 2016 2648 semel
2035 2611 2269 2661 accepimus,
2291 2620 2349 2650 est
2371 2612 2411 2650 in
2438 2625 2510 2667 po-

357 2661 397 2699 Si
425 2670 557 2700 autem
585 2662 735 2700 dicatur
762 2664 882 2713 quod,
911 2663 994 2713 pari
1023 2663 1182 2710 ratione,
1208 2676 1290 2701 non
1319 2664 1374 2701 in·
1431 2672 1564 2702 testate
1592 2672 1724 2702 nostra
1752 2664 1894 2702 iterum
1921 2664 2168 2702 considerare
2191 2677 2284 2703 cum
2307 2667 2508 2708 volumus.

302 2715 521 2763 digeremus
558 2717 826 2765 phantasmate
869 2717 918 2754 ad
960 2716 1291 2755 considerandum
1329 2730 1375 2755 ea
1389 2732 1413 2753 ις
1431 2718 1516 2756 Nec
1551 2717 1792 2768 impedimur
1828 2726 1987 2768 propter
2020 2719 2309 2768 phantasmata:
2343 2719 2438 2770 quia
2466 2720 2510 2764 in

302 2781 473 2818 quorum
509 2770 655 2819 species
692 2769 942 2819 intelligibiles
980 2779 1069 2808 sunt
1105 2771 1145 2808 in
1181 2771 1374 2809 intellectu
1429 2779 1617 2821 potestate
1645 2779 1777 2809 nostra
1799 2779 1857 2809 est
1878 2771 2046 2809 formare
2065 2773 2337 2822 phantasmata
2354 2783 2510 2812 acoom'-

302 2830 566 2869 conservatae,
603 2823 718 2860 etiam
753 2823 784 2861 si
818 2823 1029 2861 intellectus
1063 2823 1266 2874 possibiles
1300 2824 1374 2862 sint
1431 2825 1551 2863 moda
1579 2825 1878 2863 considerationi
1913 2837 2035 2875 quam
2063 2827 2265 2872 volumus;
2302 2825 2375 2864 nisi
2411 2827 2509 2865 sorte

301 2877 431 2924 plures
459 2876 499 2913 in
527 2876 704 2913 diversis:
735 2878 843 2926 quod
872 2886 927 2914 est
955 2885 1089 2915 contra
1117 2878 1373 2925 Aristotelem,
1429 2887 1529 2916 esset
1557 2878 1886 2928 impedimentum
1914 2891 1961 2916 ex
1989 2887 2099 2928 parte
2131 2879 2265 2928 organi
2300 2879 2413 2918 cuius
2439 2888 2507 2928 est,

235 2945 274 2966 vn,
302 2929 368 2978 qui
396 2929 520 2967 dicit*
548 2931 656 2979 quod
686 2943 922 2980 nequaquam
941 2932 1022 2968 sine
1035 2933 1299 2980 phantasmate
1317 2934 1373 2969 in·
1429 2932 1526 2970 sicut
1542 2932 1692 2970 -accidit
1711 2932 1750 2970 in
1770 2932 2005 2982 phreneticis
2025 2940 2062 2970 et
2080 2932 2306 2982 lethargicis,
2328 2933 2508 2984 qui-non

301 2983 430 3032 telligit
458 2985 605 3020 anima.-
623 3006 648 3011 -
668 2992 771 3033 patet
799 2985 908 3033 quod
937 2996 1017 3021 non
1047 2993 1102 3021 est
1135 2986 1373 3023 conveniens
1389 3003 1414 3023 so
1428 2994 1593 3036 possunt
1612 2986 1757 3023 habere
1776 2985 1944 3023 liberum
1968 2993 2099 3024 actum
2119 2986 2345 3036 phantasiae
2364 2994 2403 3025 et
2423 2996 2508 3026 me*-

302 3036 483 3074 obviatio.
506 3037 720 3074 Intellectus
739 3036 844 3074 enim
863 3037 1066 3087 possibilis,
1082 3038 1179 3075 sicut
1199 3047 1235 3076 et
1254 3051 1372 3088 quae·
1428 3040 1654 3077 morativae.
1690 3040 1739 3077 Et
1770 3048 1930 3089 propter
1966 3040 2043 3077 hoc
2075 3039 2299 3078 Aristoteles
2331 3039 2433 3087 dicit,
2448 3059 2450 3061 >
2465 3040 2507 3079 in

301 3089 391 3126 libet
410 3090 632 3136 substantia,
653 3098 836 3140 operatur
854 3091 1072 3128 secundum
1092 3092 1257 3130 modum
1278 3105 1371 3130 suae
1427 3094 1513 3130 Vlll
1543 3094 1659 3142 Phys.
1680 3093 1711 3139 ³⁸,
1741 3093 1849 3143 quod
1878 3092 1940 3130 ille
1968 3092 2036 3142 qui
2064 3092 2143 3130 iam
2177 3093 2294 3131 habet
2326 3093 2505 3132 habitum

301 3151 471 3180 naturae.
513 3144 741 3181 Secundum
778 3152 911 3181 autem
949 3157 1061 3182 suam
1098 3154 1278 3183 naturam
1316 3155 1372 3184 est
1427 3146 1619 3193 scientiae,
1649 3146 1735 3184 licet
1767 3146 1814 3184 sit
1850 3146 2020 3196 potentia
2047 3146 2310 3193 considerans,
2338 3158 2420 3184 non
2447 3146 2505 3184 in-

301 3195 425 3233 forma
453 3196 638 3246 corporis.
669 3198 781 3235 Unde
810 3197 978 3246 intelligit
1006 3197 1167 3247 quidem
1195 3198 1370 3237 immate-
1427 3200 1528 3249 diget
1560 3208 1713 3238 motore
1747 3199 1815 3249 qui
1851 3200 2010 3237 reducat
2046 3212 2140 3237 eum
2177 3200 2226 3238 de
2259 3199 2432 3250 potentia
2463 3199 2503 3238 in

302 3249 417 3295 rialia‚
447 3250 515 3287 sed
544 3250 695 3300 inspicit
723 3263 768 3288 ea
796 3251 835 3288 in
860 3251 990 3300 aliquo
1018 3251 1216 3289 materiali.
1248 3253 1370 3291 Cuius
1386 3274 1409 3295 55
1426 3262 1569 3300 actum,
1589 3253 1662 3291 nisi
1685 3261 1914 3291 removente
1937 3253 2160 3303 prohibens,
2184 3253 2253 3290 sed
2275 3260 2402 3302 potest
2419 3252 2504 3303 ipse

302 3301 454 3350 signum
474 3311 541 3349 est,
557 3304 665 3353 quod
684 3304 723 3341 in
738 3304 922 3342 doctrinis
937 3304 1220 3342 universalibus
1240 3318 1369 3344 exem·
1426 3307 1529 3344 exire
1557 3307 1598 3345 in
1621 3314 1752 3344 actum
1779 3306 2100 3344 considerationis
2121 3313 2166 3344 ut
2187 3307 2280 3343 vult.
2306 3305 2347 3344 Si
2370 3313 2503 3349 autem

301 3356 363 3404 pla
382 3356 623 3405 particularia
642 3366 853 3407 ponuntur,
883 3357 922 3395 in
942 3357 1085 3407 quibus
1104 3359 1212 3407 quod
1232 3359 1370 3397 dicitur
1425 3360 1464 3398 in
1499 3360 1691 3398 intellectu
1728 3360 1901 3410 possibili
1938 3368 2028 3398 sunt
2064 3358 2212 3409 species
2250 3358 2503 3408 intelligibiles

302 3408 533 3457 inspiciatur.
564 3410 650 3447 Alio
679 3423 770 3459 ergo
799 3411 920 3449 modo
943 3423 984 3448 se
1015 3411 1130 3448 habet
1157 3411 1368 3450 intellectus
1425 3414 1607 3451 omnium
1635 3413 1894 3459 scientiarum,
1919 3413 2026 3462 quod
2056 3419 2209 3462 oportet
2236 3412 2364 3450 dicere
2388 3412 2420 3450 si
2446 3422 2503 3451 est

357 3512 389 3538 29
408 3505 512 3539 recepit]
532 3507 622 3539 recipit
641 3506 762 3532 aEGXY.
851 3507 878 3532 31
903 3515 916 3532 a
935 3507 979 3533 hic
997 3507 1132 3538 NYZde,
1150 3511 1215 3533 ante
1232 3508 1457 3541 phantasmatibus
1477 3510 1600 3540 ‹zDWXc‚
1619 3517 1662 3536 om
1682 3510 1738 3535 EG.
1821 3508 1921 3542 recipit]
1940 3507 2037 3541 recepit
2055 3507 2103 3533 Nb.
2188 3516 2256 3542 quos
2277 3509 2319 3535 Ita
2338 3510 2499 3541 munzun

303 3547 367 3580 quas
386 3542 473 3566 ceteri.
549 3541 580 3566 32
600 3548 798 3583 praecesserunt
806 3550 852 3584 pr.
866 3542 932 3577 loco]
952 3548 1107 3585 receperunt
1126 3543 1244 3569 oeWXcd.
1319 3545 1351 3586 {4
1370 3545 1469 3579 recipit]
1489 3546 1586 3579 recepit
1604 3546 1657 3571 DZ.
1733 3545 1765 3571 36
1784 3545 1931 3570 intellectus
1949 3550 1992 3569 om
2011 3543 2104 3574 «Dw;
2123 3550 2202 3578 agens
2221 3551 2264 3569 om
2284 3545 2313 3571 P.
2384 3553 2419 3579 47
2439 3552 2501 3580 pos-

304 3575 1103 3647 δώ,Ιῗηιέὲρὶῗῆΐζαρῧῶῧῗςιῗὲὲρξῐεῖἓζὲὲνῗνῖεὲπὲὃὲηοῖι.
1115 3614 1177 3640 hom
1195 3579 1223 3640 {i
1241 3579 1591 3650 ‘fitigatinfirssfflggffiss-om
1611 3581 1656 3642 11³5
1657 3579 1838 3648 ῦοξέιναιὶειῗέ]
1855 3581 2009 3646 Segi-afficias:
2019 3584 2147 3639 gat-unm
2155 3579 2363 3650 ιαιῠιζζζῗὲηάεῐ]
2381 3617 2501 3655 resplenf

305 3645 825 3717 ῗῗέῐγξᾳῗέῐίἧονοῃξιῒιῗὲῐὶτῖρὲῗει-ζὲιὲτὲ
838 3650 1337 3718 cprppizzgqrpqfftxzizgzzpnreretur
1356 3652 1380 3677 b.
1464 3652 1496 3686 39
1515 3652 1562 3685 εἰς]
1581 3653 1648 3678 sicut
1665 3651 1764 3676 nDGx.
1837 3649 1873 3682 48
1892 3651 1965 3675 cuius
1985 3655 2025 3675 est
2043 3657 2086 3675 om
2107 3650 2215 3676 aDwx.
2297 3651 2501 3679 55 removent=

410 3699 416 3710 ν
669 3703 676 3715 ,
722 3702 729 3709 ι
1206 3704 1212 3710 .

2539 1223 2548 1233 ·
2562 1222 2595 1245 111
2613 1222 2644 1244 de
2658 1222 2754 1250 Anima,

2539 1255 2570 1274 iv.
2589 1256 2608 1276 ι,
2622 1255 2648 1278 33
2667 1255 2687 1272 ι.
2704 1249 2754 1272 Th.

2539 1276 2578 1304 l.7

2537 2566 2616 2617 ἶξιρ.
2627 2573 2662 2593 tv:
2678 2566 2753 2590 scrin.

2532 3098 2666 3150 '‘rffl‘sff
2679 3099 2710 3148 ⁶³.
2726 3105 2750 3146 ’ἶ

2739 3451 2746 3458 ι
2739 3412 2748 3419 ι

2764 3759 2768 3794 .—
2761 3571 2768 3750 ..-4.Α-ῥ-
2749 3496 2768 3564 -..ι’-ι.
2762 3451 2768 3485 —
2760 3406 2768 3442 -n
2763 3355 2768 3395 „2—
