2768 4134
50 1603 59 1612 '
78 1601 169 1624 Poster.
185 1602 237 1623 Ana
239 1602 255 1623 Ι.

51 1628 256 1656 I,n,¹;s.'1'h.l.4

302 278 373 314 142

297 355 301 363 ·
352 343 527 375 Sciendum
550 341 651 393 quod,
676 349 751 371 cum
780 349 846 370 una
872 338 1051 370 intellectio
1075 337 1116 369 ad
1138 337 1242 369 multa
1264 337 1367 378 possit

295 389 390 420 simul
405 387 567 418 terminari
583 384 765 416 secundum
781 383 873 425 quod
887 393 992 414 unum
1007 383 1043 414 in
1054 382 1154 414 altero
1171 382 1366 417 continetur,

294 433 374 464 illud
397 437 505 462 tamen
529 430 620 471 quod
642 430 750 471 primo
770 434 803 460 et
819 428 1007 460 irmnediate
1026 437 1084 469 per
1105 428 1250 468 speciem
1272 426 1367 458 intel·

294 476 448 517 ligibilem
470 481 627 516 tanquam
650 484 708 516 per
730 474 898 526 propriam
927 473 1071 514 speciem
1099 477 1366 513 repraesentatur,

294 521 440 553 absolute
455 520 572 551 dicitur
587 520 659 551 talis
675 519 874 560 operationis
889 518 1057 549 obiectum
1073 523 1106 548 et
1128 517 1235 558 primo
1259 522 1291 547 et
1310 525 1368 556 per

293 575 327 596 se
350 565 530 606 cognitum,
546 574 616 596 non
639 570 749 595 autem
773 573 857 604 quae
879 567 1160 604 repraesentantur
1174 561 1366 593 secundario

293 616 449 651 tanquam
473 615 626 641 contenta
650 610 683 640 in
706 609 814 650 primo
846 613 878 639 et
905 607 1075 649 principali
1099 607 1240 638 obiecto.
1265 606 1366 642 Sicut,

293 655 319 686 si
343 655 459 696 aliquis
482 654 589 686 videat
612 654 783 695 speculum
806 654 840 684 in
865 663 933 694 quo
957 653 1078 684 multae
1094 652 1251 692 imagines
1267 660 1367 691 appa·

779 260 968 298 SUMMA
997 258 1221 296 CONTRA
1248 257 1527 305 GENTILES,
1557 256 1670 295 CAP.
1691 258 1859 304 XLVIII,
1878 258 2013 295 XLIX.

1421 342 1503 372 rent,
1526 336 1634 377 primo
1658 342 1690 368 et
1712 346 1771 378 per
1792 347 1828 369 se
1850 338 2020 378 cognitum
2041 342 2075 368 et
2097 337 2203 367 visum
2226 341 2274 368 est
2296 337 2406 377 ipsum
2429 345 2502 377 spe-

1421 381 1545 417 culum,
1563 390 1634 412 non
1652 387 1764 413 autem
1785 392 1825 414 ea
1839 392 1926 424 quae
1941 383 1976 414 in
1998 382 2056 413 illo
2071 381 2237 412 videntur:
2258 386 2292 412 et
2306 381 2348 412 ab
2363 391 2406 412 eo
2428 390 2502 421 spe-

1421 424 1579 462 cificatur,
1607 435 1676 457 non
1704 436 1723 457 a
1749 426 1825 458 visis
1850 427 1885 459 in
1909 436 1964 464 eo;
1989 427 2106 458 dicitur
2136 426 2225 457 enim
2248 426 2396 458 absolute
2419 426 2501 457 visio

1421 470 1555 511 speculi,
1579 469 1719 501 aliorum
1749 477 1859 502 autem
1887 471 2004 503 dicitur
2031 471 2114 502 visio
2139 470 2171 501 in
2195 471 2338 511 speculo.
2366 470 2503 511 Propter

1420 515 1485 546 hoc
1500 515 1608 555 inquit
1623 515 1761 547 Sanetus
1777 515 1923 548 Thmnas
1942 516 2199 548 intellectionem
2222 516 2340 546 habere
2358 515 2502 556 speciem

1422 565 1453 591 et
1476 559 1680 591 nobilitatem
1704 560 1886 592 secundum
1909 561 2055 602 primum
2079 567 2111 592 et
2133 570 2191 602 per
2215 569 2249 591 se
2273 560 2444 601 cognitum
2462 569 2502 591 eo

1421 604 1509 645 quod
1532 604 1615 635 illud
1636 604 1680 635 sit
1701 605 1862 636 obiectum
1883 615 1989 643 sum,
2005 605 2098 647 quod
2121 606 2244 638 scilicet
2263 605 2453 646 simpliciter
2470 609 2503 635 et

1422 649 1570 680 absolute
1593 648 1711 680 dicitur
1733 649 1964 683 intellectionis
1986 651 2164 682 obiectum.

1369 773 1423 816 ψ.
1436 781 1445 807 ἓ

605 942 1093 1002 CAPITULUM
1130 937 1858 1016 QUADRAGEsmuM
1893 903 2185 1035 Nonum

1166 1053 1197 1083 Α
1225 1052 1290 1083 ι3ι
1327 1061 1400 1083 a2o
1424 1052 1496 1083 sine
1518 1051 1625 1084 titulo.

759 1135 951 1188 QUOD
996 1134 1175 1177 DEUS
1219 1133 1615 1176 COGNOSCIT
1662 1126 1821 1175 ALIA
1867 1134 1909 1175 A
1954 1133 2035 1176 SE

480 1288 524 1314 x
553 1277 630 1314 hoc
657 1283 790 1314 autem
822 1275 932 1326 quod
960 1275 1069 1313 Deus
1101 1275 1275 1325 seipsum
1303 1287 1368 1314 co·

317 1355 328 1363 2
363 1353 367 1359 «
457 1328 487 1377 f
516 1329 665 1379 gnoscit
692 1329 823 1380 primo
851 1337 889 1367 et
920 1341 992 1379 per
1018 1341 1071 1377 se,
1101 1329 1211 1379 quod
1243 1327 1318 1367 alia
1345 1340 1369 1366 a

314 1391 333 1429 ι,
364 1370 432 1434 „3⁴-
437 1378 478 1433 ’.ἶῑ
516 1395 557 1421 se
581 1382 622 1421 in
645 1381 774 1433 seipso
798 1390 1007 1432 cognoscat
1029 1393 1177 1443 ponere
1202 1390 1366 1434 oportet.

324 1436 331 1448 ‘
377 1435 403 1457 ‘-
418 1425 484 1458 ω’
572 1437 746 1475 Effectus
782 1436 890 1475 enim
926 1435 1095 1486 cognitio
1134 1435 1370 1474 sufficienter

1422 1282 1588 1325 possunt
1621 1273 1698 1312 dici
1731 1282 1770 1312 et
1805 1285 1908 1324 quae
1941 1273 1978 1312 ei
2011 1273 2253 1312 conveniunt
2285 1273 2505 1313 secundum

1424 1339 1539 1366 suam
1562 1336 1756 1366 naturam.
1786 1327 1874 1366 Deo
1897 1335 2031 1366 autem
2055 1327 2276 1365 secundum
2305 1338 2419 1365 suam
2437 1338 2505 1365 na·

1423 1390 1554 1420 turam
1587 1381 1773 1420 convenit
1805 1381 1916 1442 quod
1949 1380 1997 1419 sit
2029 1380 2198 1419 aliorum
2230 1391 2360 1419 causa.
2400 1380 2506 1418 Cum

1426 1435 1540 1485 igitur
1571 1435 1738 1486 perfecte
1772 1435 1948 1486 seipsum
1979 1442 2201 1484 cognoscat,
2230 1433 2430 1495 cognoscit
2463 1444 2506 1473 se

292 1491 458 1528 habetur
484 1503 555 1541 per
586 1490 851 1540 cognitionem
882 1502 978 1528 suae
1010 1502 1167 1529 causae:
1197 1490 1304 1528 unde
1333 1498 1370 1528 et
1393 1505 1403 1527 ς
1425 1501 1511 1528 esse
1538 1501 1711 1528 musm.
1742 1489 1864 1537 Quod
1885 1501 1970 1527 esse
1994 1501 2078 1528 non
2104 1495 2232 1540 potest
2259 1486 2334 1526 nisi
2360 1499 2505 1538 cogno·

291 1546 387 1581 scire
415 1545 577 1582 dicimur
604 1545 895 1595 unumquodque
921 1556 1007 1582 cum
1040 1556 1195 1582 causam
1227 1556 1370 1595 cogno·

249 1617 264 1629 υ
291 1599 429 1635 scimus
441 1597 580 1649 *.1pse
599 1606 731 1636 autem
745 1598 854 1636 Deus
873 1605 930 1636 est
945 1609 1017 1648 per
1034 1610 1148 1636 suam
1162 1597 1369 1636 essentiam

294 1663 412 1689 causa
439 1650 593 1690 essendi
621 1651 714 1690 aliis.
746 1652 851 1690 Cum
878 1650 993 1700 igitur
1019 1663 1133 1690 suam
1163 1651 1370 1690 essentiam

294 1704 517 1755 plenissime
537 1713 755 1754 cognoscat,
777 1713 930 1756 oportet
956 1717 1104 1756 ponere
1124 1705 1233 1755 quod
1253 1704 1371 1744 etiam

294 1758 368 1797 alia
395 1767 614 1808 cognoscat.

349 1812 503 1850 Adhuc.
525 1812 667 1851 Omnis
686 1813 847 1851 effectus
866 1813 906 1850 in
930 1825 1002 1850 sua
1020 1825 1139 1850 causa
1157 1812 1372 1863 aliqualiter

295 1866 514 1916 praeexistit
534 1866 762 1905 similitudo:
787 1878 880 1904 cum
903 1877 1023 1904 omne
1051 1878 1169 1916 agens
1195 1874 1281 1916 agat
1299 1866 1371 1904 sibi

297 1918 431 1956 simile.
463 1919 595 1958 Omne
623 1928 755 1958 autern
783 1920 892 1970 quod
921 1927 978 1958 est
1005 1919 1046 1957 in
1074 1919 1216 1970 aliquo,
1247 1928 1304 1957 est
1331 1920 1371 1958 in

295 1984 343 2010 eo
371 1984 442 2022 per
469 1973 636 2010 modurn
665 1972 749 2011 eius
777 1973 816 2010 in
844 1985 927 2023 quo
955 1980 1023 2011 est.
1053 1972 1095 2011 Si
1123 1972 1236 2022 igitur
1263 1973 1371 2012 Deus

1426 1551 1506 1582 seat
1523 1542 1739 1594 aliqualiter
1757 1550 1974 1582 causatum.
1995 1542 2119 1591 Quod
2137 1550 2194 1580 est
2207 1541 2315 1581 aliud
2331 1541 2412 1580 ab
2402 1553 2504 1592 ipso:

1426 1597 1522 1635 nihil
1549 1597 1657 1635 enim
1689 1596 1750 1634 sui
1779 1596 1900 1647 ipsius
1927 1608 2046 1635 eausa
2073 1605 2141 1635 est.
2171 1597 2276 1645 Ergo
2305 1596 2414 1634 Deus
2440 1606 2506 1634 oo—

1426 1650 1575 1700 gnoscit
1603 1650 1678 1689 alia
1705 1663 1728 1689 a
1756 1663 1810 1688 se.

1483 1704 1715 1754 Colligentes
1744 1703 1858 1754 igitur
1886 1704 1956 1743 has
1974 1703 2074 1743 duas
2092 1702 2364 1743 conclusiones
2377 1702 2409 1751 *,
2439 1711 2507 1755 ap-
2534 1704 2544 1713 '

1387 1767 1536 1810 mparet
1563 1758 1696 1797 Deum
1723 1769 1959 1807 cognoscere
1982 1757 2157 1808 seipsum
2179 1756 2293 1818 quasi
2319 1756 2450 1808 primo
2470 1765 2508 1796 et

1427 1825 1498 1863 per
1515 1824 1558 1850 se
1576 1820 1730 1858 notum,
1749 1811 1824 1850 alia
1842 1823 1939 1850 vero
1957 1811 2056 1850 sicut
2074 1811 2116 1849 in
2134 1810 2300 1850 essentia
2317 1823 2390 1849 sua
2410 1822 2506 1852 vsa.

1481 1866 1616 1913 Quam
1644 1865 1807 1916 quidem
1842 1864 2045 1903 veritatem
2082 1876 2263 1915 expresse
2295 1863 2508 1915 Dionysius

1426 1919 1550 1967 tradit,
1580 1919 1620 1957 in
1648 1931 1695 1957 vu
1723 1930 1807 1969 cap.
1841 1919 1892 1957 de
1919 1919 2006 1957 Div.
2036 1919 2154 1956 Nom.
2167 1918 2201 1965 *,
2235 1917 2385 1956 dicens:
2413 1916 2545 1957 Non

1425 1973 1630 2011 secundum
1667 1973 1847 2011 visionem
1884 1972 2044 2024 singulis
2078 1983 2120 2010 se
2154 1972 2327 2019 immittat,
2359 1970 2429 2010 sed
2451 1982 2507 2011 se-

295 2025 516 2075 aliquarum
541 2038 673 2064 rerum
694 2035 751 2064 est
776 2038 906 2074 causa,
927 2039 1021 2064 eum
1048 2025 1130 2076 ipse
1158 2025 1206 2064 sit
1234 2039 1371 2065 secun·
1386 2048 1410 2068 ις
1425 2026 1591 2064 cundum
1624 2038 1742 2064 unam
1775 2037 1913 2064 causae
1948 2027 2215 2065 continentiam
2256 2026 2323 2064 scit
2363 2026 2505 2065 omnia.

294 2080 392 2116 dum
414 2091 527 2117 suam
551 2087 731 2118 naturam
753 2079 1028 2127 intellectualis,
1048 2079 1261 2118 similitudo
1279 2093 1370 2119 cau·

295 2132 363 2170 sati
383 2133 443 2171 sui
462 2133 502 2171 in
526 2145 575 2171 eo
601 2133 672 2171 erit
696 2133 987 2183 intelligibiliter.
1012 2134 1136 2182 Quod
1158 2142 1291 2172 autern
1314 2143 1371 2172 est

294 2186 333 2224 in
353 2187 484 2237 aliquo
506 2199 578 2237 per
596 2188 764 2226 modum
787 2187 1074 2236 intelligibilem,
1094 2187 1144 2225 ab
1163 2199 1212 2226 eo
1235 2187 1370 2227 intelli-

294 2239 405 2290 gitur.
426 2240 535 2278 Deus
553 2240 667 2289 igitur
686 2253 747 2279 res
765 2241 858 2280 alias
877 2253 900 2279 a
919 2253 959 2279 se
978 2241 1020 2279 in
1039 2240 1168 2292 seipso
1187 2241 1367 2291 intelligit.

1426 2080 1475 2118 Et
1511 2079 1624 2118 inira:
1669 2081 1809 2118 Divina
1849 2081 2032 2130 sapientia
2072 2082 2235 2130 seipsam
2275 2090 2509 2129 cognoscem·

1424 2135 1687 2225 saiZiiilztiam
1706 2187 1918 2226 sententiae
1931 2186 2098 2225 attestari
2115 2186 2271 2226 videtur
2286 2187 2507 2239 Scripturae

1425 2239 1567 2280 Sacrae
1590 2240 1810 2280 auctoritas.
1838 2241 1946 2280 Nam
1973 2239 2015 2279 in
2043 2240 2202 2280 Psalmo
2215 2239 2237 2264 '⁵
2263 2241 2313 2280 de
2337 2241 2425 2280 Deo
2452 2239 2506 2280 di·
2534 2238 2545 2248 '

349 2293 541 2344 Amplius.
572 2294 827 2344 Quicumque
861 2294 1059 2343 cognoscit
1090 2294 1256 2344 perfecte
1285 2307 1367 2334 rem
1384 2293 1537 2333 „eitun-2
1566 2295 1765 2344 Prospexa
1793 2295 1839 2333 de
1866 2295 2014 2334 excelso
2045 2300 2175 2334 sancto
2205 2307 2287 2343 suo,
2317 2294 2430 2346 quasi
2456 2294 2506 2334 de

296 2346 480 2396 aliquam,
509 2347 706 2396 cognoscit
739 2347 873 2385 omnia
902 2360 1003 2398 quae
1038 2348 1087 2385 de
1116 2360 1156 2385 re
1185 2347 1247 2386 illa
1276 2360 1367 2386 vere

350 2469 364 2487 2
385 2462 434 2488 alia
447 2470 462 2488 a
475 2470 506 2488 se
518 2463 544 2488 in
556 2462 593 2488 sei
595 2470 644 2496 pso
658 2464 681 2488 A
693 2463 779 2494 solus;
793 2463 841 2489 alia
854 2470 869 2488 a
881 2463 980 2497 seipso.

1073 2462 1087 2489 3
1107 2463 1217 2498 ponere}
1237 2463 1316 2490 etiam
1334 2470 1434 2506 ponere
1445 2464 1515 2490 GPc.

1423 2347 1551 2399 seipso
1580 2350 1732 2387 excelso
1761 2348 1835 2387 alia
1863 2348 2011 2388 videns.

1608 2463 1623 2490 5
1643 2472 1678 2490 un
1662 2465 1713 2490 nde
1726 2470 1751 2490 et
1765 2465 1786 2490 A
1799 2464 1886 2496 solusg
1900 2465 1978 2490 unde.
2070 2463 2087 2490 6
2105 2464 2223 2499 eausam]
2242 2464 2300 2491 eius
2312 2465 2421 2492 adam
2435 2462 2506 2492 de.

298 2505 329 2523 12
350 2498 500 2530 similitudo,
519 2506 579 2524 cum
598 2505 678 2524 omne
697 2506 779 2532 agens
797 2504 856 2532 agat
874 2499 924 2525 sibi
942 2499 1029 2524 simile
1046 2499 1085 2531 (in
1106 2500 1129 2525 A
1146 2506 1231 2533 supra
1250 2499 1414 2534 marginem)
1432 2500 1469 2531 Ν;
1488 2507 1531 2526 oni
1550 2500 1684 2534 WYpr;
1703 2500 1855 2532 similitudo,
1873 2500 1946 2534 quod
1956 2507 2000 2526 οιιι
2014 2501 2062 2534 ΡΖ,
2074 2501 2102 2526 in
2117 2501 2256 2534 principio
2269 2504 2335 2534 poss
2352 2501 2446 2528 Adhuc
2455 2508 2508 2535 po-

296 2538 364 2560 nunt
382 2534 419 2559 sN
439 2537 466 2560 et
482 2534 697 2560 ceteri-15
717 2542 778 2560 cum
797 2535 853 2568 ipse
872 2534 914 2568 sit]
934 2542 994 2561 etun
1012 2535 1070 2569 ipse
1088 2534 1184 2568 ΕΡΡΗ,
1203 2543 1247 2562 on
1266 2537 1298 2562 Β.

1390 2536 1770 2578 t7estomAcaquetG

1863 2536 2133 2578 i9uiaseipso(pA;
2150 2537 2442 2570 ine-sensianum,
2459 2537 2509 2565 ud

296 2577 391 2596 rursus
411 2571 529 2600 demur,-
546 2571 643 2597 ductus
661 2571 762 2597 calami
780 2570 896 2597 delenti
888 2579 914 2596 ιιι
933 2571 1023 2604 seipso
1041 2571 1159 2602 raditur,
1151 2572 1264 2634 ,qiuari
1281 2572 1308 2598 in
1326 2579 1357 2598 se
1375 2579 1428 2598 non
1442 2573 1576 2607 perfecte)
1566 2571 1606 2607 )]'
1599 2580 1659 2606 ipso
1671 2572 1875 2605 DEGWXYsN,
1895 2573 1901 2598 i
1923 2580 1954 2599 so
1971 2580 2034 2599 vere
2051 2574 2100 2605 (an
2113 2580 2175 2599 vere
2188 2576 2230 2599 est
2248 2580 2296 2599 sua
2313 2573 2447 2600 nundus
2465 2579 2508 2600 n-

296 2605 428 2632 ductionis
436 2605 465 2639 9)
483 2606 602 2638 osGch,
622 2608 647 2632 ιιι
662 2606 775 2632 essentia
794 2614 843 2632 sua
861 2606 936 2640 ΡΝ,ι
930 2607 955 2632 ιιι
975 2615 1024 2633 sua
1041 2607 1156 2633 essentia

295 2640 409 2675 perfecte
427 2641 456 2667 Z.

349 2684 360 2702 ι
383 2677 407 2702 ei
426 2684 468 2703 om
489 2685 515 2703 α.

294 2720 311 2747 9
331 2713 489 2746 Colligentes
508 2714 547 2739 sIc
566 2715 587 2739 A
606 2717 634 2740 et
651 2721 751 2740 omnes.

294 2749 490 2782 continentiam}
509 2750 716 2776 convenientiam
735 2750 813 2776 GYZ.

1293 2607 1423 2642 intelligit]
1442 2608 1563 2642 intelligit
1580 2609 1648 2642 apud
1662 2616 1692 2634 se
1705 2608 1735 2639 Ν,
1749 2616 1816 2642 cogn
1817 2616 1873 2634 osci
1866 2608 1885 2633 it
1917 2615 1941 2635 c.

2033 2615 2067 2633 ιο
2086 2608 2221 2642 cognoscit
2238 2616 2282 2635 oin
2300 2608 2430 2643 vaot,
2444 2612 2509 2642 pose

607 2685 621 2703 ι
642 2685 718 2704 suam
738 2684 856 2704 naturam
876 2678 924 2709 sz-
943 2684 1064 2704 natursm
1082 2679 1209 2711 aDsGPc,
1228 2678 1317 2713 (susm
1336 2679 1392 2715 ΝΖ)
1412 2684 1532 2705 naturam
1550 2679 1686 2714 cognoscit
1704 2679 1875 2713 Euvazs,
1899 2685 2018 2706 neutram
2043 2681 2153 2711 (ceteris
2171 2680 2290 2714 omissis)
2315 2680 2438 2707 convenit
2453 2680 2508 2715 Ρῦ.

845 2714 876 2740 ι3
897 2714 975 2741 Nom.
993 2715 1122 2741 addimus
1144 2722 1206 2741 cum
1231 2715 1463 2744 traditionum
1487 2717 1511 2741 A
1533 2723 1607 2746 casu,
1631 2716 1695 2749 quia
1717 2719 1816 2742 contra
1839 2719 2008 2742 constantem
2033 2723 2122 2743 mni.

2213 2716 2246 2743 ι5
2265 2723 2347 2743 unani
2371 2716 2430 2749 ΝΖ,
2451 2723 2506 2745 σοι.

1058 2839 1398 2875 Commentariis
1427 2840 1740 2875 Formi-tensis

298 2946 498 3010 posrouan
515 2937 739 2969 determinavit
751 2937 888 2970 Sanctus
904 2938 1051 2970 Thomas
1073 2938 1115 2970 de
1135 2939 1244 2980 primo
1264 2945 1296 2971 et
1313 2948 1371 2980 per

351 2991 385 3012 se
415 2982 547 3013 obiecto
576 2982 703 3014 divinae
734 2983 943 3024 cognitionis,
975 2992 1065 3015 nunc
1100 2983 1141 3015 de
1175 2984 1370 3016 secundario

54 3026 246 3081 ἀξξ-’Ὴςῗᾞῗξθη
233 3030 264 3048 ¹¹-¹
294 3027 426 3058 obiecto
450 3026 643 3058 determinat
656 3029 683 3059 ⁹.
701 3027 796 3059 Circa
819 3028 884 3059 hoc
907 3033 1017 3060 autem
1041 3028 1109 3060 duo
1131 3027 1226 3060 facit:
1250 3030 1370 3071 primo,

294 3070 487 3102 determinat
511 3072 551 3103 de
573 3072 629 3103 tali
653 3073 785 3104 obiecto
813 3073 846 3104 in
874 3073 1032 3114 generali3
1055 3074 1213 3111 secundo,
1237 3075 1270 3105 in
1298 3084 1370 3116 spe—

295 3116 376 3153 ciali,
401 3124 580 3157 cap.1.xm.
606 3117 701 3149 Circa
724 3118 868 3159 primum
891 3118 959 3150 duo
983 3117 1074 3149 facit.
1098 3119 1217 3160 primo,
1241 3120 1307 3160 agit
1329 3119 1370 3152 de

295 3161 426 3192 obiecto
449 3163 583 3203 cognito
607 3171 666 3203 per
680 3171 729 3199 se;
746 3162 893 3195 secundo
914 3162 956 3194 de
971 3163 1104 3195 obiecto
1128 3165 1370 3196 concomitante

296 3207 461 3237 obiectum
485 3207 664 3248 cognitum,
689 3208 812 3239 scilicet
834 3207 876 3239 de
898 3208 1041 3245 veritate,
1065 3217 1136 3249 cap.
1162 3218 1223 3240 ux.

351 3250 445 3282 Circa
467 3252 612 3292 primurn
639 3251 707 3284 duo
731 3252 822 3284 facit:
847 3253 966 3294 primo,
996 3254 1062 3294 agit
1089 3253 1130 3284 de
1158 3255 1289 3285 obiecto
1313 3263 1370 3285 co—

296 3295 401 3334 gnito;
412 3296 568 3334 secundo,
581 3296 622 3328 de
638 3296 740 3328 modo
757 3297 954 3338 cognitionis
966 3298 1079 3339 ipsius,
1091 3299 1197 3339 capite
1209 3300 1368 3339 sequenti.

342 3339 364 3370 l.
389 3340 558 3379 Quantum
582 3341 622 3373 ad
646 3343 800 3383 primum,
817 3343 952 3384 ponitur
974 3343 1055 3374 haec
1079 3343 1262 3376 conclusio:
1281 3344 1371 3376 Deus

297 3386 466 3425 cognoscit
489 3386 557 3417 alia
580 3396 600 3417 a
623 3396 668 3418 se.

352 3428 393 3459 Et
415 3431 570 3470 probatur
579 3432 691 3472 primo
707 3432 763 3463 sic.
786 3432 876 3463 Deus
892 3433 1061 3474 cognoscit
1082 3442 1174 3464 suam
1198 3435 1369 3465 essentiam

297 3472 491 3511 plenissime.
516 3475 603 3517 Ergo
632 3477 803 3517 cognoscit
833 3477 894 3508 alia
917 3486 935 3508 a
958 3486 1003 3509 se.
1025 3495 1047 3500 —
1069 3477 1228 3509 Probatur
1255 3487 1369 3510 conse—

298 3519 437 3556 quentia.
463 3519 548 3558 Quia
565 3520 697 3552 effectus
717 3522 861 3562 cognitio
877 3521 1074 3554 sufficienter
1089 3523 1224 3554 habetur
1239 3533 1297 3564 per
1313 3533 1369 3555 co·

297 3562 476 3600 gnitionem
499 3574 576 3596 suae
593 3575 722 3597 causae:
747 3566 835 3598 unde
854 3567 993 3598 dicimur
1007 3568 1090 3598 scire
1105 3568 1369 3609 unumquodque

298 3614 374 3636 cum
397 3615 526 3639 causam
543 3610 612 3640 eius
628 3613 868 3651 cognoscimus.
885 3611 975 3643 Deus
990 3618 1100 3644 autem
1116 3621 1174 3654 per
1197 3614 1369 3644 essentiam

299 3658 389 3681 suam
415 3657 461 3682 est
485 3661 579 3683 causa
604 3655 728 3686 essendi
753 3656 832 3687 aliis.
856 3656 944 3697 Ergo
968 3662 1030 3689 etc.

1478 2939 1726 2972 Advertendum
1749 2939 1842 2981 quod
1863 2941 1899 2972 in
1926 2941 1986 2972 ista
2014 2940 2229 2973 conclusione
2257 2949 2329 2972 non
2351 2939 2503 2973 determi-

1423 2990 1520 3016 natur
1542 2985 1662 3016 modus
1685 2985 1894 3026 cognitionis,
1918 2995 1959 3017 an
1990 2986 2114 3018 scilicet
2140 2984 2284 3027 perfecte
2307 2985 2361 3016 vel
2382 2985 2503 3027 Imp*

1424 3029 1508 3061 fecte
1531 3030 1622 3062 Deus
1645 3030 1706 3062 alia
1729 3035 1922 3072 cognoscat3
1947 3030 2004 3062 sed
2027 3030 2175 3062 absolute
2199 3031 2303 3072 agitur
2325 3029 2367 3062 de
2389 3030 2504 3072 cogn*

1422 3075 1514 3106 tione
1535 3075 1687 3112 aliorum,
1710 3075 1778 3107 sive
1794 3074 1938 3117 perfecte
1953 3076 2021 3108 sive
2035 3074 2226 3117 imperfecte
2251 3080 2501 3116 cogamo-mm

1423 3119 1519 3151 Unde
1535 3129 1575 3151 ex
1597 3121 1657 3151 ista
1679 3121 1806 3152 ratione
1823 3121 1973 3153 absolute
1988 3119 2197 3152 concluditur
2218 3119 2311 3162 quod
2333 3119 2424 3152 Deus
2441 3119 2503 3152 alis

1423 3174 1442 3196 a
1463 3174 1499 3196 se
1522 3165 1701 3206 cognoscit.
1720 3165 1762 3197 Et
1777 3165 1870 3206 quod
1883 3166 1991 3207 inquit
2006 3165 2146 3198 Sanctus
2168 3164 2326 3201 Thomas,
2343 3164 2502 3206 quoniam

1423 3219 1466 3241 ex
1480 3210 1671 3252 cognitione
1689 3219 1810 3242 came
1827 3210 2030 3252 sufficienter
2044 3209 2258 3252 cognoscitur
2271 3208 2418 3251 optans,
2434 3208 2502 3241 suf-

1422 3254 1565 3287 ficientia
1580 3255 1634 3286 illa
1649 3264 1718 3287 non
1735 3255 1813 3287 dicit
1827 3254 2065 3297 perfectionem
2079 3254 2286 3296 cognitionis,
2311 3253 2368 3286 sed
2391 3254 2501 3286 exclu-

1423 3300 1552 3331 sionem
1566 3300 1764 3332 necessitatis
1780 3300 1925 3332 alterlus:
1939 3300 2018 3342 quia
2027 3299 2070 3332 ad
2080 3298 2267 3331 habendum
2279 3298 2429 3330 absolute
2444 3308 2501 3331 co-

1422 3345 1604 3385 gnitionem
1621 3344 1764 3382 effectus,
1781 3346 1809 3376 si
1824 3355 1922 3377 eausa
1934 3348 2153 3386 cognoscatur
2175 3344 2374 3385 inquantum
2393 3353 2500 3381 causa.

1423 3390 1490 3421 sive
1507 3395 1667 3431 quantum
1684 3389 1724 3421 ad
1741 3391 1895 3422 virtutem
1910 3389 2090 3421 secundum
2107 3397 2208 3430 quam
2231 3394 2279 3421 est
2297 3398 2405 3426 causa,
2420 3388 2501 3420 nihil

1424 3434 1511 3466 aliud
1534 3435 1719 3476 requiritur.

1481 3479 1640 3511 Secundo.
1666 3478 1768 3519 Quod
1782 3485 1831 3510 est
1848 3479 1883 3510 in
1906 3478 2018 3519 aliquo
2038 3478 2221 3510 secundum
2244 3477 2383 3511 modum
2405 3477 2500 3511 insel-

1423 3524 1590 3565 ligibilem,
1606 3525 1646 3556 ab
1663 3533 1704 3556 eo
1721 3523 1918 3564 intelligitur.
1934 3522 1999 3555 Sed
2014 3529 2145 3555 causata
2160 3533 2179 3555 a
2194 3522 2267 3555 Deo
2283 3529 2360 3555 sunt
2375 3523 2411 3555 in
2426 3523 2499 3564 ipso

1422 3569 1673 3610 intelligibiliter.
1690 3569 1777 3610 Ergo
1793 3573 1855 3599 etc.
1871 3585 1895 3591 -
1910 3567 2015 3599 Maior
2037 3568 2237 3609 supponitur
2250 3577 2336 3601 vera.
2351 3585 2375 3592 -
2391 3567 2500 3599 Minor

1422 3622 1501 3644 vero
1524 3614 1690 3655 probatur,
1707 3611 1817 3655 quoad
1839 3613 1978 3654 primam
2002 3612 2135 3654 quidem
2158 3618 2296 3654 partem,
2319 3612 2406 3655 quia,
2423 3621 2499 3644 cum

1423 3667 1522 3689 omne
1558 3667 1656 3700 agens
1686 3663 1758 3699 agat
1787 3657 1846 3688 sibi
1871 3657 1989 3694 simile,
2021 3658 2199 3689 similitudo
2231 3657 2340 3689 omnis
2366 3655 2499 3690 effectus

2560 1914 2702 1944 s.·n=.1.3.
