2768 4134
36 363 47 372 ¹
57 360 143 388 capa,
152 360 252 387 1;s.Th.

37 387 91 413 ΧΠ,
106 387 121 408 1.
140 393 170 408 12.

34 2759 48 2769 ⁴
63 2758 100 2781 Cf.
117 2758 252 2790 comment.

0 2788 7 2813 ὶ,
34 2790 90 2814 mp-
104 2790 190 2813 praec„
200 2787 252 2807 mit.

0 2896 6 2944 ἐἰ

0 3018 5 3030 'r

0 3034 6 3067 Ξ

767 282 955 320 SUMMA
985 284 1207 322 CONTRA
1236 285 1510 332 GENTILES,
1539 287 1633 323 LIB.
1659 288 1699 332 II,
1731 287 1842 324 CAP.
1864 288 1994 325 XXIII.

279 359 566 409 Philosophum
581 368 695 410 patet,
711 360 751 398 in
766 362 817 398 XI
826 364 1113 411 Metaphysicae
1122 363 1152 400 *.
1174 363 1352 401 Primum

279 420 411 451 autem
430 425 547 461 agens
561 421 721 463 propter
739 413 860 451 finem
875 423 1027 464 oportet
1046 428 1128 453 esse
1148 428 1264 465 agens
1283 429 1354 466 per

279 466 514 504 intellectum
547 474 583 503 et
615 468 872 504 voluntatem:
909 480 954 505 ea
983 469 1088 506 enim
1116 481 1217 518 quae
1245 469 1352 507 intel-

279 521 379 557 lectu
407 527 549 565 carent,
569 528 687 567 agunt
714 528 873 570 propter
899 520 1021 558 finem
1051 522 1148 559 sicut
1171 522 1211 559 in
1229 522 1353 559 finem

278 572 328 610 ab
363 572 438 610 alio
475 572 629 610 directa.
669 573 789 621 Quod
819 573 979 623 quidem
1017 574 1056 612 in
1094 575 1352 613 artificialibus

277 633 396 676 patet:
426 636 520 663 nam
549 625 703 674 sagittae
732 634 863 664 motus
892 636 947 664 est
975 628 1024 665 ad
1053 628 1352 665 determinatum

278 679 434 728 signum
472 691 519 716 ex
556 678 766 716 directione
802 680 1020 728 sagittantis.
1052 680 1185 718 Simile
1221 689 1352 719 autem

279 744 362 770 esse
382 739 535 782 oportet
554 740 591 769 et
610 732 649 770 in
669 733 918 770 naturalibus.
941 734 1002 771 Ad
1022 735 1099 771 hoc
1118 734 1224 771 enim
1244 734 1352 784 quod

279 784 423 834 aliquid
453 785 594 822 directe
623 785 663 823 in
690 786 812 824 finem
846 787 1022 824 debitum
1055 787 1264 833 ordinetur,
1295 799 1351 824 re-

279 838 444 888 quiritur
472 838 638 887 cognitio
668 839 787 889 ipsius
815 839 916 886 finis,
937 848 974 876 et
997 839 1080 877 eius
1099 840 1208 889 quod
1228 847 1284 878 est
1303 840 1351 877 ad

278 890 412 938 finem,
442 900 478 929 et
506 892 657 929 debitae
685 893 948 942 proportionis
986 893 1084 930 inter
1120 901 1350 942 utrumque:

278 946 387 994 quod
407 946 535 982 solum
555 945 795 994 intelligentis
823 954 890 983 est.
922 946 1026 983 Cum
1049 945 1162 994 igitur
1180 946 1287 983 Deus
1307 946 1353 983 sit

277 998 452 1048 primum
471 1011 599 1047 agens,
615 1011 696 1036 non
715 999 790 1048 agit
808 1012 879 1048 per
897 998 1162 1036 necessitatem
1181 1007 1351 1045 naturae,

278 1052 348 1089 sed
375 1064 445 1101 per
473 1051 709 1090 intellectum
738 1060 774 1089 et
802 1054 1055 1090 voluntatem.

332 1106 545 1143 Praeterea.
576 1106 696 1152 Quod
720 1117 791 1155 per
809 1118 850 1142 se
869 1105 955 1154 agit,
974 1105 1082 1155 prius
1102 1113 1158 1143 est
1177 1118 1224 1143 eo
1244 1106 1353 1155 quod

277 1170 349 1208 per
377 1158 482 1196 aliud
511 1158 600 1206 agit:
632 1170 750 1196 omne
778 1159 884 1196 enim
913 1159 1021 1208 quod
1055 1167 1110 1196 est
1137 1171 1208 1208 per
1236 1159 1351 1205 aliud,

278 1212 412 1249 reduci
435 1219 587 1261 oportet
614 1212 654 1248 in
682 1211 721 1248 id
750 1212 859 1261 quod
885 1224 955 1261 per
974 1225 1013 1249 se
1034 1220 1100 1258 est,
1121 1224 1170 1249 ne
1199 1212 1238 1249 in
1267 1212 1352 1249 infi-

278 1264 405 1304 nitum
424 1265 666 1315 procedatur.
689 1265 808 1312 Quod
829 1273 961 1302 autem
981 1278 1073 1303 suae
1093 1265 1253 1303 actionis
1272 1278 1354 1303 non

279 1326 335 1367 est
363 1318 560 1363 dominus,
590 1330 671 1355 non
700 1331 770 1368 per
798 1331 838 1355 se
875 1318 966 1366 agit:
997 1318 1072 1367 agit
1108 1318 1214 1356 enim
1243 1319 1354 1368 quasi

278 1371 328 1408 ab
347 1371 422 1409 alio
443 1379 561 1417 actus,
581 1383 663 1408 non
691 1371 803 1422 quasi
831 1371 1003 1421 seipsum
1032 1384 1160 1420 agens.
1190 1372 1354 1421 Oportet

278 1424 392 1473 igitur
418 1424 592 1474 primum
621 1437 737 1473 agens
767 1426 842 1462 hoc
870 1425 992 1462 modo
1021 1437 1132 1473 agere
1157 1426 1265 1474 quod
1294 1425 1354 1462 sui

278 1484 386 1515 actus
414 1478 599 1515 dominus
634 1477 691 1515 sit.
728 1479 821 1515 Non
860 1486 916 1514 est
952 1486 1084 1515 autem
1119 1478 1257 1527 aliquis
1295 1478 1354 1515 sui

277 1530 463 1568 dominus
483 1539 590 1568 actus
609 1531 682 1568 nisi
700 1543 771 1580 per
789 1532 1043 1568 voluntatem.
1061 1531 1224 1580 Oportet
1243 1531 1356 1578 igitur

277 1584 421 1629 Deum,
451 1583 519 1632 qui
548 1592 604 1620 est
631 1583 805 1633 primum
840 1595 972 1632 agens,
1009 1595 1080 1633 per
1113 1585 1354 1621 voluntatem

276 1648 402 1686 agere,
432 1649 514 1674 non
542 1649 613 1686 per
640 1645 800 1674 naturae
829 1636 1109 1674 necessitatem.

331 1690 484 1728 Adhuc.
501 1690 636 1728 Primo
651 1689 776 1739 agenti
795 1690 960 1727 debetur
978 1689 1105 1739 prima
1119 1689 1235 1726 actio:
1258 1689 1355 1726 sicut

276 1750 315 1780 et
341 1743 470 1793 primo
499 1743 635 1780 mobili
663 1743 814 1793 primus
847 1750 989 1780 motuS.
1028 1743 1105 1780 Sed
1133 1742 1356 1780 naturaliter

276 1796 377 1835 actio
413 1796 621 1834 voluntatis
657 1805 712 1834 est
748 1795 856 1846 prior
890 1809 1011 1846 quam
1044 1796 1143 1833 actio
1181 1803 1352 1833 naturae.

276 1850 374 1888 Illud
403 1850 508 1887 enirn
538 1849 760 1887 naturaliter
787 1849 895 1899 prius
924 1858 980 1887 est
1007 1850 1115 1899 quod
1145 1857 1200 1886 est
1233 1850 1354 1898 perfe-

276 1903 391 1943 ctius:
413 1903 498 1941 licet
517 1903 557 1940 in
576 1915 658 1940 uno
678 1903 853 1953 quodam
880 1902 926 1939 sit
954 1911 1130 1952 tempore
1149 1902 1352 1951 posterius.

277 1956 389 1994 Actio
424 1964 555 1994 autem
591 1956 735 2004 agentis
770 1968 841 2005 per
868 1957 1110 1993 voluntatem
1145 1963 1201 1992 est
1232 1955 1353 2004 perfe-

277 2009 390 2047 ctior:
421 2010 529 2059 quod
559 2022 604 2047 ex
634 2010 710 2047 hoc
738 2017 841 2059 patet
869 2009 977 2058 quod
1005 2008 1232 2058 perfectiora
1264 2016 1354 2045 sunt

278 2075 324 2101 ea
352 2064 458 2113 apud
488 2075 560 2100 nos
589 2075 690 2112 quae
718 2075 789 2112 per
816 2064 1057 2100 voluntatem
1083 2069 1211 2110 agunt,
1231 2074 1352 2111 quam

277 2129 380 2166 quae
408 2129 479 2166 per
513 2124 672 2154 naturae
709 2115 987 2154 necessitatem.
1018 2116 1120 2164 Ergo
1156 2115 1253 2160 Deo,
1283 2114 1350 2164 qui

335 2239 347 2257 ι
369 2237 439 2266 patet
457 2238 500 2257 om
521 2232 553 2262 G,
570 2234 633 2263 post
648 2237 678 2256 ut
690 2231 829 2256 «owPc.

278 2267 330 2299 Qui
350 2267 524 2292 aDXYsEPc.
610 2274 643 2292 20
661 2272 735 2292 actus
754 2267 826 2297 GW;
846 2272 942 2292 actum.

910 2230 926 2256 8
945 2236 971 2256 et
989 2231 1014 2255 in
1033 2231 1056 2255 Α
1074 2231 1159 2261 solus;
1179 2231 1204 2255 in

278 2339 339 2364 dam
357 2337 488 2372 (tempore
507 2338 551 2372 sit)
570 2338 602 2363 Y.

333 2381 345 2399 1
367 2373 478 2407 primus]
498 2374 612 2407 primum
632 2373 795 2399 DGNYZPc.

278 2410 385 2443 aliquod
410 2410 511 2434 bonum
537 2410 568 2440 N,
593 2409 690 2442 aliquid
715 2409 815 2434 bonum
835 2409 867 2434 Y.

277 2445 368 2471 ceteri.
462 2452 495 2477 24
514 2445 592 2470 etiam
611 2445 659 2475 Pc;
678 2450 775 2470 autem.

281 2480 312 2506 32
333 2480 431 2512 autem}
452 2480 528 2505 etiam
550 2480 593 2505 Pe.

888 2380 922 2405 ¹4
941 2373 1002 2398 boni
1018 2376 1083 2405 post
1100 2372 1228 2397 rationem
1246 2372 1351 2397 WYPc.

868 2452 899 2477 ²7
920 2443 1093 2477 propositum]
1114 2443 1252 2468 consilium
1272 2443 1315 2468 Pe.

1288 2236 1320 2262 17
1340 2229 1428 2254 reduci
1447 2228 1560 2262 oportet]
1580 2229 1711 2254 reducitur
1728 2228 1850 2253 WYch.

1029 2266 1147 2299 seipsum
1167 2265 1288 2296 EGNZb;
1307 2273 1355 2298 per
1373 2264 1499 2298 seipsum.

277 2307 352 2328 actus
371 2303 445 2333 (32⁶3
465 2307 539 2327 actus
559 2303 682 2327 dominus
701 2303 732 2334 E,
750 2302 791 2327 sui
810 2307 883 2327 actus
903 2303 1024 2327 dominus
1042 2302 1113 2333 XsN,
1132 2301 1255 2326 dominus
1274 2300 1316 2325 sui
1335 2306 1408 2325 actus
1427 2300 1518 2325 ceteri.

2403 287 2476 324 325

1408 372 1464 414 est
1491 364 1642 414 primus
1670 377 1798 414 agens,
1818 365 1981 403 debetur
2008 366 2106 404 actio
2125 379 2227 416 quae
2247 375 2302 405 est
2319 380 2391 418 per
2408 381 2478 407 vo-

1407 418 1605 455 luntatem.

1409 522 1416 528 .
1462 470 1651 519 Amplius
1682 471 1741 507 Ex
1760 471 1836 507 hoc
1857 470 1961 508 idem
1980 480 2139 521 apparet
2157 474 2276 522 quod,
2297 475 2364 512 ubi
2384 487 2477 512 con-

1408 523 1577 571 iungitur
1603 530 1767 572 utraque
1796 523 1906 569 actio,
1935 525 2111 573 superior
2145 534 2200 563 est
2228 527 2347 564 virms
2375 540 2476 577 quae

1375 591 1385 611 5
1407 575 1482 623 agit
1509 587 1579 624 per
1607 577 1849 612 voluntatem
1878 588 1923 613 ea
1951 589 2051 626 quae
2080 578 2154 626 agit
2181 591 2251 628 per
2285 588 2475 627 naturam,

1408 636 1444 665 et
1467 627 1587 665 utitur
1614 640 1660 665 ea
1688 628 1799 677 quasi
1826 628 2098 667 instrumento:
2128 643 2220 669 nam
2248 632 2287 669 in
2316 634 2476 671 homine

1407 681 1585 731 superior
1613 689 1668 718 est
1696 681 1917 727 intellectus,
1937 682 2004 731 qui
2032 683 2106 731 agi-t
2133 696 2203 733 per
2225 687 2475 732 voluntatem,

1407 746 1529 783 quam
1563 733 1694 771 anima
1721 734 1953 782 vegetabilis,
1983 747 2084 784 quae
2113 737 2187 785 agit
2221 750 2291 787 per
2318 747 2476 777 naturae

1407 787 1684 824 necessitatem.
1722 787 1864 824 Divina
1892 795 2024 825 autem
2051 788 2172 826 virtus
2208 799 2263 827 est
2295 803 2477 841 suprema

1369 859 1394 874 ιο
1407 839 1447 876 in
1475 840 1658 877 omnibus
1688 840 1850 878 entibus.
1881 841 1984 889 Ergo
2009 841 2092 890 ipsa
2110 842 2185 890 agit
2204 842 2243 880 in
2262 855 2322 880 res
2341 857 2477 882 omnes

1406 905 1478 942 per
1495 894 1748 939 voluntatem,
1768 905 1850 931 non
1869 906 1939 943 per
1957 902 2118 932 naturae
2146 896 2422 934 necessitatem.

1461 947 1568 983 Item.
1598 947 1787 983 Voluntas
1816 947 1932 984 habet
1958 959 2031 996 pro
2060 947 2212 986 obiecto
2241 949 2393 987 bonum
2421 962 2477 987 se-

1408 1000 1584 1036 cundum
1599 999 1788 1037 rationem
1807 999 1919 1037 boni:
1941 1008 2078 1038 natura
2092 1009 2224 1039 autem
2239 1014 2320 1039 non
2335 1003 2479 1052 attingit

1408 1053 1457 1089 ad
1477 1064 1732 1090 communem
1747 1052 1840 1090 boni
1860 1053 2060 1100 rationem,
2076 1054 2144 1091 sed
2163 1055 2212 1092 ad
2232 1056 2308 1093 hoc
2326 1057 2478 1093 bonum

1369 1124 1391 1143 ις
1408 1106 1516 1155 quod
1545 1114 1600 1142 est
1627 1118 1698 1143 sua
1725 1106 1918 1156 perfectio.
1949 1107 2052 1144 Cum
2081 1107 2194 1155 igitur
2218 1121 2336 1146 omne
2362 1121 2479 1158 agens

1408 1166 1493 1207 agat
1521 1159 1738 1196 secundum
1774 1160 1882 1208 quod
1916 1160 1966 1197 ad
1999 1159 2151 1198 bonum
2187 1161 2358 1208 intendit,
2387 1162 2479 1212 quia

1408 1211 1496 1249 finis
1516 1220 1649 1249 movet
1668 1219 1863 1261 agentem;
1890 1221 2041 1262 oportet
2060 1215 2167 1262 quod
2186 1226 2302 1263 agens
2321 1228 2391 1264 per
2408 1228 2477 1253 vo-

1409 1267 1595 1303 luntatem
1615 1266 1665 1302 ad
1684 1277 1800 1314 agens
1819 1278 1890 1315 per
1907 1266 2174 1304 necessitatem
2192 1275 2351 1305 naturae
2371 1281 2477 1306 com-

1408 1326 1565 1368 paretur
1592 1318 1689 1355 sicut
1717 1330 1832 1367 agens
1861 1319 2077 1357 universale
2097 1321 2145 1357 ad
2170 1333 2286 1369 agens
2313 1321 2478 1371 particu—

1369 1373 1498 1408 2⁰Iare.
1528 1373 1657 1420 Agens
1676 1379 1807 1409 autem
1835 1372 2062 1421 particulare
2091 1385 2130 1410 se
2159 1374 2275 1411 habet
2293 1375 2342 1412 ad
2362 1386 2478 1422 agens

1410 1424 1626 1462 universale
1656 1425 1752 1462 sicut
1771 1437 1818 1462 eo
1838 1425 2039 1474 posterius,
2060 1434 2095 1463 et
2114 1426 2211 1463 sicut
2230 1427 2312 1464 eius
2340 1427 2477 1465 instru-

1409 1485 1599 1515 mentum.
1616 1479 1718 1526 Ergo
1734 1486 1885 1527 oportet
1899 1479 2007 1527 quod
2026 1479 2199 1528 primum
2214 1492 2330 1528 agens
2349 1480 2395 1517 sit
2408 1493 2477 1518 vo-

1410 1530 1632 1576 luntarium,
1649 1539 1684 1568 et
1703 1543 1784 1568 non
1802 1543 1873 1580 per
1892 1531 2156 1569 necessitatem
2175 1540 2334 1570 naturae
2349 1546 2475 1582 agens.

1463 1584 1576 1620 Hanc
1594 1583 1711 1620 etiam
1730 1584 1928 1621 veritatem
1948 1584 2078 1622 divina
2098 1585 2293 1635 Scriptura
2311 1598 2383 1623 nos
2408 1587 2477 1624 do—

1370 1653 1392 1673 ²5
1410 1644 1479 1673 cet.
1500 1636 1649 1674 Dicitur
1668 1636 1773 1673 enim
1793 1636 1833 1673 in
1848 1637 2049 1674 Psalmo*:
2076 1638 2211 1675 Omnia
2226 1651 2479 1689 quaecumque

1409 1690 1523 1727 voluit
1554 1691 1736 1727 Dominus
1753 1690 1867 1737 fecit,·
1894 1698 1931 1726 et
1958 1691 2091 1739 Ephes.
2114 1696 2174 1727 1¹¹:
2203 1693 2278 1734 Qui
2303 1698 2480 1741 operatur

1411 1744 1539 1779 omnia
1567 1743 1770 1779 secundum
1793 1744 2027 1792 propositum
2057 1744 2253 1781 voluntatis
2270 1757 2370 1782 suae.

1464 1796 1513 1833 Et
1527 1795 1706 1841 Hilarius,
1722 1795 1762 1832 in
1781 1795 1878 1832 libro
1893 1796 1939 1833 de
1953 1797 2115 1845 Synodis
2124 1797 2158 1834 *z
2180 1797 2360 1835 Omnibus
2374 1810 2478 1835 crea-

1409 1851 1500 1886 turis
1517 1851 1759 1886 substantiam
1779 1850 1949 1886 voluntas
1967 1850 2042 1886 Dei
2058 1851 2184 1887 attulit.
2207 1851 2255 1887 Et
2274 1851 2384 1888 infra:
2408 1853 2478 1888 Ta-

1371 1919 1395 1939 3⁰
1409 1902 1460 1939 lia
1488 1904 1587 1938 enim
1616 1908 1749 1939 cuncta
1777 1908 1903 1939 creata
1930 1909 2025 1948 sunt,
2057 1904 2181 1952 qualia
2209 1905 2311 1940 Deus
2335 1916 2379 1941 ea
2403 1916 2480 1941 esse

1408 1956 1533 1992 voluit.

1462 2009 1536 2045 Per
1563 2008 1660 2044 haec
1688 2015 1819 2044 autem
1848 2016 2071 2045 removetur
2098 2020 2206 2045 error
2228 2009 2478 2058 quorundam

1406 2060 1735 2111 philosophorum
1755 2060 1822 2110 qui
1842 2060 2020 2098 dicebant
2044 2061 2175 2099 Deum
2194 2073 2304 2110 agere
2323 2075 2394 2112 per
2411 2075 2478 2100 na—

1406 2122 1514 2151 turae
1542 2113 1808 2151 necessitatem
1827 2114 1857 2150 ²¹⁸.

1931 2236 1978 2260 per
1996 2236 2025 2253 se
2039 2232 2104 2260 post
2116 2234 2157 2253 est
2170 2229 2259 2255 DZPc.
2342 2229 2375 2255 18
2392 2229 2478 2262 Quod}

1586 2271 1618 2289 22
1638 2268 1725 2289 autem
1740 2263 1842 2296 aliquis]
1862 2269 1948 2288 tamen
1964 2264 2081 2294 eDXsN;
2101 2264 2150 2289 lac.
2166 2265 2214 2297 pN.
2298 2265 2339 2289 sui
2359 2265 2481 2290 dominus

1611 2299 1644 2324 30
1662 2307 1715 2324 uno
1734 2298 1858 2332 quodam]
1877 2306 1930 2323 uno
1948 2299 2041 2324 eodem
2060 2299 2092 2330 D,
2110 2307 2271 2333 unoquoque
2290 2300 2343 2331 NP,
2361 2308 2481 2333 unoquo-

1443 2370 1477 2396 16
1495 2371 1641 2396 secundum
1660 2370 1741 2403 quod]
1766 2370 1838 2403 quod
1862 2377 1902 2395 αε.
1992 2371 2025 2394 ad
2043 2370 2142 2395 bonum
2161 2377 2204 2395 om
2222 2371 2266 2402 W,
2286 2371 2384 2395 bonum
2410 2371 2480 2402 EGb,

965 2415 993 2433 2ι
1016 2415 1049 2433 eo
1067 2408 1199 2441 posterius
1218 2408 1242 2432 Α
1259 2408 1344 2439 solun
1370 2414 1401 2432 ea
1424 2414 1454 2431 se
1476 2406 1574 2431 habent
1592 2413 1661 2439 quae
1683 2406 1814 2438 posterius
1832 2411 1894 2430 sunt
1917 2405 1948 2436 D,
1968 2413 1998 2430 ea
2017 2413 2085 2438 quae
2110 2406 2240 2438 posterius
2264 2405 2337 2439 (sunt
2353 2406 2433 2431 addit
2451 2406 2481 2439 Ρ)

1409 2441 1441 2467 30
1460 2442 1533 2467 Deus
1552 2449 1583 2466 ea
1601 2449 1661 2466 esse
1675 2441 1698 2466 A
1710 2441 1795 2472 solu-53
1814 2442 1871 2473 ipse
1883 2441 1914 2471 N,
1927 2448 1958 2466 ea
1971 2440 2038 2475 (eius
2051 2442 2084 2471 X,
2098 2449 2141 2466 om
2156 2441 2189 2474 D)
2202 2442 2274 2466 Deus
2288 2441 2372 2467 facere
2389 2442 2481 2467 ceteri.

1040 2567 1377 2600 Commentario»
1405 2566 1717 2598 Fer-ramensis

364 2680 478 2702 smuso
511 2669 655 2701 divinam
685 2671 849 2701 actionem
873 2669 1080 2709 divinamque
1110 2669 1291 2709 potentiam
1314 2666 1355 2697 ad
1378 2666 1382 2719 Ι
1409 2672 1522 2697 contra
1551 2665 1689 2696 formam
1720 2665 1975 2705 cognoscibilem
2004 2664 2219 2704 distinguitur.
2243 2665 2285 2695 Et
2313 2666 2358 2696 sic
2387 2675 2479 2705 agere

282 2682 475 2747 Oomnia
498 2715 664 2756 possibilia
687 2715 805 2745 habere
829 2714 1063 2749 extensionem,
1092 2718 1188 2743 restat
1210 2721 1298 2742 nunc
1314 2711 1355 2742 de

279 2760 382 2792 modo
401 2760 502 2800 ipsius
522 2759 658 2789 actionis
677 2759 804 2789 divinae
824 2758 1037 2788 determinare
1052 2758 1079 2787 ’ἢ
1101 2756 1194 2787 Circa
1215 2757 1278 2786 hoc
1298 2765 1355 2786 au-

279 2811 346 2836 tem
363 2805 430 2835 duo
454 2803 529 2834 facit
553 2803 689 2834 Sanctus
704 2803 866 2833 Thomas:
891 2802 998 2842 primo
1015 2801 1102 2832 enim
1118 2801 1182 2840 agit
1197 2800 1237 2830 de
1252 2799 1354 2830 modo

281 2850 417 2881 actionis
440 2858 474 2878 se
497 2853 629 2878 tenente
660 2857 698 2877 ex
728 2852 818 2887 parte
845 2847 984 2886 agentis;
1010 2844 1165 2881 secundo,
1181 2844 1230 2885 ,ἀεὶ
1253 2844 1354 2874 modo

281 2904 315 2925 se
338 2898 469 2924 tenente
493 2902 532 2923 ex
555 2897 645 2932 parte
668 2892 715 2921 rei
738 2890 925 2932 productae,
951 2890 1055 2930 capite
1077 2899 1160 2919 xxxx.

337 2938 508 2976 Quantum
537 2936 577 2967 ad
606 2937 759 2976 primum,
784 2940 925 2975 quatuor
954 2934 1048 2964 facit:
1073 2934 1191 2973 primo,
1216 2932 1357 2963 ostendit

281 2984 390 3014 Deum
412 2991 482 3012 non
505 2980 686 3021 producere
701 2989 751 3010 res
768 2989 806 3010 ex
822 2979 1010 3009 necessitate
1026 2983 1175 3013 naturae;
1200 2976 1355 3012 secundo,

280 3037 348 3058 non
373 3036 412 3057 ex
435 3026 625 3056 necessitate
647 3025 839 3060 intellectus,
865 3023 969 3063 capite
991 3032 1081 3058 xxvx;
1105 3022 1211 3057 tertio,
1227 3031 1296 3051 non
1318 3031 1356 3051 ex

280 3071 470 3103 necessitate
494 3070 679 3105 voluntatis,
704 3069 809 3109 capite
832 3077 934 3103 xxvm
959 3072 1085 3107 quarto,
1102 3076 1169 3096 non
1191 3075 1229 3095 ex
1245 3075 1356 3096 neces-

282 3117 373 3147 sitate
396 3115 546 3150 iustitiae,
570 3113 674 3154 capite
698 3123 804 3143 xxvm.

339 3160 434 3191 Circa
456 3159 599 3199 primum
623 3158 690 3188 duo
713 3157 806 3187 facit:
831 3157 948 3196 primo,
971 3154 1112 3185 ostendit
1135 3155 1355 3194 propositum3

282 3204 439 3240 secundo,
463 3203 530 3233 duo
555 3203 722 3233 corollaria
745 3203 778 3231 in
794 3201 931 3231 -duobus
962 3200 1119 3239 capitibus
1147 3199 1357 3238 sequentibus

284 3249 424 3280 deducit.

340 3294 362 3323 1.
387 3293 557 3332 Quantum
573 3291 613 3322 ad
631 3292 784 3331 primum,
808 3290 942 3329 ponitur
961 3289 1041 3318 haec
1058 3287 1243 3318 conclusio:
1268 3286 1358 3316 Deus

284 3338 357 3379 agit
371 3338 404 3368 in
422 3337 583 3367 creaturis
599 3346 664 3366 non
683 3345 724 3366 ex
741 3334 927 3365 necessitate
947 3338 1095 3368 naturae,
1112 3331 1168 3362 sed
1185 3340 1249 3371 per
1271 3331 1357 3360 arbi-

285 3383 384 3413 trium
409 3381 596 3412 voluntatis.

339 3426 392 3457 Ad
415 3427 508 3457 cuius
532 3425 736 3460 evidentiam,
760 3422 929 3454 sciendum
953 3420 1043 3461 quod
1066 3419 1188 3460 aliquid
1208 3428 1301 3459 agere
1318 3418 1358 3449 de

284 3471 474 3502 necessitate
502 3476 549 3500 est
578 3470 621 3500 ita
652 3478 721 3499 esse
745 3468 993 3498 determinatum
1023 3464 1062 3495 ad
1092 3463 1255 3504 agendum
1277 3463 1358 3494 illud

285 3521 322 3546 ut
344 3516 379 3546 in
401 3514 553 3545 facultate
577 3514 699 3554 agentis
722 3522 790 3543 non
814 3513 853 3542 sit
882 3521 950 3541 non
980 3519 1082 3550 agere.
1114 3507 1177 3539 Sed
1201 3517 1293 3548 agere
1318 3507 1358 3537 de

285 3560 475 3590 necessitate
497 3565 629 3589 naturae
653 3563 761 3597 potest
785 3556 954 3596 dupliciter
978 3564 1056 3585 esse.
1087 3553 1162 3583 Uno
1186 3551 1298 3588 modo,
1323 3557 1358 3582 ut

286 3604 458 3635 necessitas
482 3609 614 3634 naturae
638 3602 722 3632 dicat
745 3601 957 3631 necessariam
976 3598 1219 3629 inclinationem
1235 3596 1360 3626 formae

287 3649 438 3678 naturalis
469 3647 510 3678 ad
540 3646 711 3687 agendum,
743 3645 924 3676 secundum
954 3642 1044 3684 quod
1074 3641 1178 3672 forma
1207 3640 1358 3671 naturalis

1407 2720 1465 2751 per
1487 2710 1710 2740 necessitatem
1734 2715 1866 2739 naturae
1889 2714 1936 2739 est
1960 2718 2028 2739 esse
2051 2708 2298 2739 determinatum
2322 2709 2361 2739 ad
2384 2719 2479 2749 agen-

1408 2754 1487 2785 dum
1510 2753 1691 2784 secundum
1713 2754 1956 2784 inclinationem
1980 2753 2102 2783 formae
2125 2763 2183 2793 per
2206 2763 2304 2793 quam
2320 2763 2417 2793 agens
2433 2759 2480 2784 est

1408 2799 1594 2829 naturaliter
1608 2799 1642 2828 in
1659 2803 1732 2828 actu
1748 2797 1929 2828 secundum
1953 2807 2020 2828 esse
2043 2803 2185 2828 naturae.
2210 2797 2251 2827 Et
2274 2797 2479 2837 distinguitur

1409 2849 1521 2874 contra
1544 2852 1637 2882 agere
1661 2851 1719 2882 pet
1749 2843 1971 2882 cognitionem
2001 2847 2033 2872 et
2063 2842 2243 2882 appetitum
2272 2851 2342 2872 eam
2366 2851 2478 2872 conse-

1409 2893 1574 2928 quentem.
1591 2905 1611 2909 -
1629 2887 1704 2917 Alio
1725 2886 1836 2922 modo,
1854 2892 1890 2916 ut
1906 2887 2077 2916 necessitas
2096 2892 2227 2916 naturae
2244 2885 2327 2916 dicat
2342 2886 2479 2916 modum

1408 2937 1541 2962 naturae
1563 2931 1597 2961 in
1621 2930 1757 2971 agendo.
1782 2931 1824 2961 Et
1847 2931 1891 2961 sic
1915 2940 2007 2970 agere
2031 2940 2089 2970 per
2111 2931 2332 2961 necessitatem
2348 2936 2478 2960 naturae

1410 2982 1457 3007 est
1479 2977 1661 3006 necessario
1685 2975 1832 3005 inclinari
1855 2974 1895 3005 ad
1918 2974 2096 3015 agendum:
2121 2976 2203 3005 sicut
2226 2980 2338 3004 natura
2356 2975 2389 3004 in
2406 2983 2478 3004 suas

1409 3021 1615 3061 operationes
1638 3020 1818 3050 necessario
1842 3019 2022 3049 inclinatur.
2047 3019 2142 3049 Tunc
2166 3028 2258 3058 agere
2281 3027 2339 3058 per
2367 3028 2478 3049 neces-

1410 3066 1535 3095 sitatem
1558 3069 1691 3094 naturae
1722 3063 1926 3103 distinguitur
1956 3069 2067 3093 contra
2099 3072 2191 3103 agere
2221 3072 2278 3102 per
2300 3062 2479 3092 libertatem

1410 3109 1539 3140 arbitrii.

1466 3152 1647 3191 Quomodo
1671 3153 1710 3182 sit
1733 3151 1978 3191 intelligendum
2002 3160 2096 3190 agere·
2114 3160 2172 3190 per
2186 3151 2406 3181 necessitatem
2422 3159 2478 3180 na-

1410 3204 1500 3228 turae
1523 3198 1557 3227 in
1581 3198 1639 3227 hac
1664 3197 1885 3232 conclusione,
1911 3195 2046 3225 dubium
2069 3201 2126 3225 est.
2151 3195 2198 3225 Ex
2222 3204 2261 3224 eo
2286 3195 2373 3224 enim
2389 3193 2479 3234 quod

1410 3242 1585 3281 subiungit,
1608 3241 1665 3272 sed
1682 3251 1746 3281 per
1768 3240 1939 3270 arbitrium
1963 3239 2148 3274 voluntatis,
2165 3238 2289 3269 videtur
2312 3238 2415 3278 accipi
2429 3248 2478 3268 se-

1411 3285 1520 3317 cundo
1536 3285 1653 3316 modo:
1671 3290 1702 3315 et
1718 3285 1815 3315 etiam
1831 3294 1868 3314 ex
1885 3284 2046 3323 aliquibus
2062 3283 2238 3313 rationibus
2249 3283 2283 3312 in
2298 3283 2362 3312 hoc
2375 3283 2478 3322 capite

1410 3331 1534 3371 positis.
1550 3348 1573 3352 —
1588 3330 1636 3360 Ex
1660 3339 1700 3360 eo
1725 3338 1801 3359 vero
1819 3327 1908 3368 quod
1931 3327 2063 3357 inferius
2079 3328 2095 3343 ἕ
2119 3327 2234 3366 probat
2255 3335 2363 3366 neque
2386 3326 2479 3356 intel-

1410 3375 1531 3406 lectum
1554 3383 1663 3414 neque
1686 3373 1887 3403 voluntatem
1914 3371 2055 3402 divinam
2085 3370 2125 3401 ad
2153 3370 2380 3401 determinatos
2403 3370 2479 3401 effe-

1411 3425 1482 3450 ctus
1505 3419 1669 3454 coarctari,
1693 3417 1819 3447 videtur
1841 3417 1946 3456 primo
1969 3415 2070 3445 modo
2093 3414 2348 3454 intelligendum.

1468 3463 1548 3493 Mihi
1563 3461 1698 3498 videtur,
1712 3460 1914 3492 considerato
1930 3469 2083 3500 processu
2100 3459 2207 3489 Sancti
2217 3458 2375 3494 Thomae,
2389 3458 2479 3498 quod

1411 3507 1450 3536 sit
1473 3507 1579 3547 primo
1595 3505 1697 3536 modo
1714 3504 1948 3545 accipiendum.
1965 3503 2087 3533 Volens
2103 3503 2190 3532 enim
2207 3502 2376 3533 ostendere
2392 3512 2479 3533 crea-

1411 3557 1496 3581 turas
1512 3561 1530 3580 a
1546 3551 1618 3581 Deo
1634 3560 1702 3580 non
1719 3549 1758 3580 de
1774 3549 1961 3579 necessitate
1984 3547 2157 3587 productas
2178 3556 2256 3582 esse,
2273 3556 2331 3586 per
2346 3556 2479 3577 omnem

1411 3595 1548 3626 modum
1571 3594 1767 3625 necessitatis
1790 3592 1949 3622 discurrit:
1975 3591 2096 3621 scilicet
2119 3590 2209 3631 quod
2224 3600 2332 3630 neque
2347 3596 2480 3631 propter

1410 3640 1622 3670 necessariam
1644 3638 1887 3668 inclinationem
1911 3636 2105 3666 substantiae
2129 3641 2161 3665 et
2183 3634 2309 3665 divinae
2332 3640 2478 3671 naturae;

2506 1651 2515 1660 ·
2530 1650 2567 1672 Ps.
2578 1655 2671 1676 cxxxiv,
2681 1650 2704 1671 6.

2506 1810 2515 1818 ·
2530 1807 2601 1829 Num.
2615 1807 2650 1835 58.

2506 2097 2568 2128 [ef.
2582 2097 2658 2124 Avic„
2673 2097 2719 2119 loc.

2506 2127 2544 2145 cit.
2560 2130 2611 2152 cap.
2626 2129 2701 2152 praec.

2506 3332 2515 3340 ·
2530 3330 2567 3352 cf.
2582 3330 2632 3353 init.
2649 3330 2721 3352 Com·

2506 3360 2577 3380 ment.
