2768 4134
849 260 1038 298 SUMMA
1068 258 1292 296 CONTRA
1320 257 1598 304 GENTILES,
1629 258 1741 296 CAP.
1763 259 1898 297 XLIV.

269 359 340 398 per
371 345 536 383 modurn
572 341 833 379 universalem
866 351 947 376 non
976 337 1173 375 invenitur
1205 336 1279 373 nisi
1307 336 1345 373 in
1403 335 1496 373 ralia
1523 344 1657 374 autem
1684 338 1850 376 tendunt
1878 339 1918 376 in
1946 338 2046 376 fines
2075 336 2368 375 determinatos:
2399 349 2481 375 non

270 400 472 438 intellectu.
499 397 663 445 Oportet
691 394 805 443 igitur
832 392 1006 442 primum
1035 403 1213 437 movens,
1237 390 1347 439 quod
1402 389 1509 426 enim
1528 402 1551 427 a
1570 402 1664 428 casu
1684 393 1877 430 naturales
1896 391 2075 430 utilitates
2091 398 2406 440 consequuntur;
2427 391 2481 428 sic

269 454 376 490 Deus
404 458 472 497 est,
501 461 584 486 esse
614 447 838 496 intelligens.
1402 442 1509 480 enim
1542 455 1624 480 non
1659 453 1787 482 essent
1823 457 1980 496 semper
2013 453 2079 483 aut
2113 444 2154 481 in
2188 443 2378 493 pluribus,
2412 444 2481 482 sed

322 503 512 554 Amplius.
535 503 577 539 In
597 503 704 539 nullo
725 500 861 538 ordine
882 497 1130 536 moventium
1150 496 1347 534 invenitur
1402 508 1508 542 raro;
1529 497 1676 534 horum
1694 497 1801 535 enim
1821 506 1878 536 est
1903 511 2028 538 casus,
2051 499 2156 536 Cum
2183 509 2275 546 ergo
2294 497 2379 547 ipsa
2398 510 2481 536 non

269 558 376 608 quod
405 568 572 594 movens
600 567 671 606 per
699 554 936 592 intellectum
965 551 1012 588 sit
1040 551 1346 588 instrumentum
1369 563 1378 583 ς
1401 548 1654 599 praestituant
1681 550 1754 587 sibi
1781 551 1916 600 finem,
1940 552 2034 602 quia
2061 551 2254 589 rationem
2281 550 2371 588 finis
2399 563 2481 588 non

269 612 351 649 eius
376 610 485 661 quod
513 617 648 647 movet
676 609 825 658 absque
849 606 1053 652 intellectu,
1079 603 1148 641 sed
1177 603 1300 653 magis
1324 616 1346 641 e
1402 611 1662 651 cognoscunt,
1679 611 1832 654 oportet
1845 606 1955 655 quod
1970 606 2025 644 eis
2039 605 2314 656 praestituatur
2327 604 2416 642 finis
2431 604 2481 642 ab

268 677 471 703 converso.
498 663 645 702 Omnia
673 670 805 700 autem
834 658 1033 697 moventia
1062 669 1163 707 quae
1193 664 1283 694 sunt
1306 656 1347 694 in
1401 655 1490 702 alio,
1515 656 1584 706 qui
1608 656 1655 694 sit
1677 664 1840 695 naturae
1859 657 2064 697 institutor.
2085 659 2161 697 Hic
2184 666 2317 698 autem
2337 666 2393 696 est
2412 657 2481 708 qui

268 718 432 765 mundo,
458 723 737 767 comparantur
760 715 810 752 ad
839 712 1014 763 primum
1037 723 1215 758 movens,
1237 711 1346 761 quod
1401 709 1562 759 praebet
1583 709 1771 748 omnibus
1789 723 1886 758 esse,
1906 719 1944 749 et
1962 719 2019 749 est
2036 724 2107 762 per
2125 712 2302 762 seipsum
2322 723 2482 750 necesse

267 773 376 809 Deus
400 778 465 818 est,
491 771 589 808 sicut
616 770 872 807 instrumenta
900 767 948 804 ad
978 777 1095 814 agens
1120 764 1344 814 principale.
1402 775 1498 809 esse,
1528 775 1650 813 quem
1678 764 1810 802 Deum
1838 764 2017 812 dicimus,
2046 773 2090 802 ut
2117 778 2164 804 ex
2192 778 2312 816 supra
2325 765 2346 788 ’¹‘
2371 765 2481 803 dictis

270 826 374 863 Cum
403 824 516 874 igitur
553 823 592 861 in
629 822 782 860 mundo
820 819 1069 859 inveniantur
1106 819 1229 855 multa
1261 829 1346 855 mo·
1363 829 1388 844 ¹⁰
1401 824 1516 866 patet.
1547 818 1642 854 Non
1670 825 1803 855 autem
1831 826 1964 867 posset
1990 825 2152 856 naturae
2179 819 2303 857 finem
2322 819 2481 869 praesti-

267 879 399 917 ventia
421 890 492 929 per
512 877 759 923 intellectum,
785 872 1023 924 impossibile
1052 878 1108 909 est
1136 871 1246 922 quod
1269 871 1346 922 pri·
1402 878 1511 908 tuere
1539 870 1613 908 nisi
1640 871 1875 921 intelligeret.
1905 871 2014 909 Deus
2042 870 2158 920 igitur
2179 880 2237 909 est
2254 872 2479 922 intelligens.

268 945 382 971 mum
401 943 567 969 movens
587 938 744 968 moveat
763 928 911 977 absque
937 927 1144 964 intellectu.
1175 925 1346 963 Necesse
1455 923 1648 974 Amplius.
1681 925 1812 963 Omne
1841 925 1951 974 quod
1979 932 2036 962 est
2067 923 2352 975 imperfectum,
2381 926 2481 964 deri-

269 994 325 1024 est
354 985 466 1035 igitur
493 985 624 1022 Deum
654 996 737 1021 esse
765 980 1050 1030 intelligentem.
1401 985 1517 1015 vatur
1544 977 1594 1015 ab
1622 978 1755 1028 aliquo
1790 978 1979 1028 perfecto:
2009 991 2104 1016 nam
2131 978 2301 1029 perfecta
2328 987 2482 1018 natura-

323 1042 429 1077 Item.
460 1039 519 1076 Ex
548 1039 624 1075 hoc
652 1037 781 1086 aliqua
814 1047 874 1072 res
907 1042 963 1071 est
997 1032 1210 1080 intelligens
1237 1033 1346 1083 quod
1402 1030 1486 1068 liter
1514 1039 1604 1069 sunt
1625 1031 1756 1082 priora
1780 1031 2025 1082 imperfectis,
2048 1032 2148 1070 sicut
2170 1039 2278 1071 actus
2296 1033 2480 1082 potentia.

269 1101 324 1130 est
353 1093 434 1130 sine
459 1091 634 1129 materia:
661 1090 772 1128 cuius
800 1088 956 1137 signum
980 1095 1037 1124 est
1059 1086 1168 1137 quod
1197 1086 1347 1124 formae
1363 1102 1385 1122 ις
1403 1085 1481 1122 Sed
1500 1084 1649 1123 formae
1663 1085 1704 1123 in
1724 1086 1841 1124 rebus
1859 1085 2375 1136 particularibusexistentes
2393 1094 2485 1124 sunt

267 1146 368 1184 fiunt
409 1145 620 1183 intellectae
663 1144 702 1181 in
745 1150 832 1180 actu
874 1154 946 1192 per
987 1139 1287 1178 abstractionem
1324 1152 1347 1178 a
1402 1138 1666 1189 imperfectae:
1697 1139 1790 1190 quia
1821 1139 2042 1190 partialiter,
2078 1147 2116 1177 et
2148 1151 2230 1178 non
2262 1140 2484 1178 secundum

267 1199 439 1237 materia.
470 1198 582 1237 Unde
612 1205 649 1234 et
677 1197 889 1234 intellectus
918 1202 974 1232 est
1002 1193 1284 1232 universalium
1311 1201 1348 1231 et
1402 1193 1730 1231 communitatem
1749 1205 1843 1232 suae
1864 1192 2034 1232 rationis.
2057 1194 2223 1244 Oportet
2241 1191 2357 1244 igitur
2374 1193 2484 1244 quod

268 1266 348 1291 non
369 1252 637 1301 singularium:
664 1250 756 1300 quia
771 1249 933 1288 materia
953 1256 1009 1286 est
1027 1247 1348 1286 individuationis
1402 1245 1629 1285 deriventur
1656 1247 1706 1285 ab
1734 1246 1930 1298 aliquibus
1964 1247 2100 1286 formis
2132 1246 2310 1298 perfectis
2337 1255 2375 1285 et
2402 1249 2484 1286 non

266 1306 513 1357 principium.
553 1306 721 1343 Formae
761 1312 894 1342 autem
931 1302 1143 1340 intellectae
1181 1301 1221 1339 in
1258 1309 1347 1339 actu
1402 1299 1649 1351 particulatis.
1679 1301 1797 1339 Tales
1829 1309 1963 1340 autem
1994 1301 2256 1350 formae-esse
2283 1313 2366 1339 non
2394 1313 2484 1352 pos-

266 1361 367 1398 fiunt
381 1372 509 1398 unum
524 1371 617 1396 cum
637 1359 831 1396 intellectu
850 1365 939 1395 actu
958 1355 1202 1405 intelligente.
1219 1355 1346 1403 Unde,
1363 1368 1390 1383 ²⁰
1403 1362 1493 1392 sunt
1521 1354 1594 1392 nisi
1622 1354 1853 1393 intellectae:
1883 1367 1977 1393 cum
2000 1367 2084 1393 non
2106 1354 2328 1393 inveniatur
2355 1354 2486 1406 aliqua

268 1414 299 1451 si
328 1426 374 1451 ex
404 1414 481 1451 hoc
510 1420 600 1451 sunt
626 1413 775 1450 formae
809 1411 1022 1449 intellectae
1051 1409 1091 1447 in
1120 1417 1209 1448 actu
1238 1409 1347 1459 quod
1402 1409 1529 1447 forma
1557 1408 1597 1446 in
1626 1421 1697 1447 sua
1725 1409 2012 1447 universalitate
2035 1408 2110 1448 nisi
2137 1409 2177 1447 in
2205 1408 2411 1448 intellectu.
2436 1409 2486 1447 Et

268 1476 358 1505 sunt
386 1467 468 1505 sine
497 1465 669 1514 materia,
699 1473 853 1516 oportet
881 1477 962 1502 rem
994 1463 1167 1514 aliquam
1196 1476 1243 1502 ex
1271 1463 1349 1500 hoc
1403 1474 1474 1513 per
1501 1474 1748 1514 consequens
1777 1470 1931 1514 oportet
1958 1475 2024 1502 eas
2051 1474 2136 1501 esse
2165 1462 2428 1512 intelligentes,
2453 1462 2486 1501 si

269 1534 352 1559 esse
381 1520 655 1569 intelligentem
679 1519 787 1569 quod
814 1526 869 1556 est
893 1517 975 1556 sine
1004 1517 1176 1556 materia.
1209 1517 1348 1555 Osten-
1405 1516 1480 1554 sint
1508 1516 1776 1555 subsistentes:
1807 1516 1862 1555 sic
1894 1516 2001 1556 enim
2036 1518 2167 1556 solum
2199 1525 2366 1568 possunt
2400 1529 2486 1556 esse

269 1588 359 1613 sum
388 1582 444 1612 est
472 1583 604 1612 autem
633 1585 751 1624 supra
765 1573 786 1596 ²¹²
814 1574 946 1610 Deum
975 1584 1058 1609 esse
1082 1571 1248 1609 omnino
1277 1571 1348 1609 im-
1405 1578 1623 1621 operantes,
1644 1571 1778 1609 Deum
1796 1570 1921 1620 igitur,
1937 1571 2006 1621 qui
2025 1579 2082 1609 est
2099 1578 2208 1609 aetus
2221 1570 2374 1622 primus
2393 1570 2485 1609 sub-

270 1628 521 1667 materialem.
553 1629 621 1666 Est
648 1627 762 1676 igitur
789 1626 1013 1675 intelligens.
1365 1636 1388 1656 ²⁵
1405 1624 1553 1673 sistens,
1574 1637 1596 1662 a
1623 1637 1704 1675 quo
1724 1624 1859 1663 omnia
1877 1624 1952 1663 alia
1970 1624 2207 1672 derivantur,
2227 1632 2382 1676 oportet
2398 1636 2485 1663 esse

324 1682 477 1720 Adhuc.
494 1683 580 1720 Deo
596 1683 702 1719 nulla
717 1680 900 1731 perfectio
915 1680 1023 1717 deest
1041 1691 1143 1729 quae
1163 1678 1203 1716 in
1217 1677 1350 1728 aliquo
1406 1677 1692 1727 intelligentem.

277 269 349 306 130

2508 762 2518 772 ·
2533 761 2592 790 Cap.
2602 767 2656 784 ιιιι.

26 1582 35 1591 ·
51 1580 108 1608 Cap.
124 1585 181 1606 xvu,
201 1585 241 1605 xx,

27 1613 99 1629 xxvu.

28 1742 37 1750 '
52 1740 205 1767 (Ἀρ-*Νη
270 1748 410 1785 genere
439 1735 587 1774 entium
626 1734 857 1781 inveniatur,
887 1741 930 1771 ut
958 1745 1077 1783 supra
1098 1732 1120 1755 ’¹‘
1148 1739 1351 1770 ostensum
1460 1732 1574 1770 Hanc
1601 1740 1734 1770 autem
1761 1731 1965 1770 veritatem
2002 1732 2119 1770 etiam
2155 1731 2254 1770 fides
2283 1730 2485 1772 Catholica

271 1798 345 1827 est:
380 1802 453 1827 nec
485 1802 532 1827 ex
566 1790 642 1826 hoc
675 1788 804 1839 aliqua
836 1786 1069 1837 compositio
1104 1786 1143 1824 in
1177 1799 1225 1824 eo
1258 1798 1351 1823 con·
1406 1785 1625 1824 confitetur.
1653 1785 1806 1824 Dicitur
1828 1785 1935 1824 enim
1953 1788 2024 1825 Iob
2043 1791 2103 1824 1x⁴
2126 1786 2175 1824 de
2202 1786 2306 1824 Deo:
2328 1787 2485 1838 Sapiens

28 1848 37 1857 '
53 1846 111 1874 0⁸⁹·
125 1852 189 1868 ¹¹¹¹·
272 1843 458 1893 sequitur,
488 1851 531 1881 ut
559 1842 676 1881 etiam
700 1855 747 1879 ex
776 1840 1043 1891 superioribus
1057 1840 1078 1862 '¹‘
1105 1847 1219 1890 patet.
1250 1841 1352 1877 Inter
1405 1840 1521 1878 corde
1544 1846 1596 1877 est
1614 1845 1648 1877 et
1656 1841 1774 1889 sortis
1794 1842 1941 1878 robore.
1963 1840 2012 1878 Et
2030 1852 2076 1877 ΧΠ
2089 1837 2133 1877 ¹⁶:
2154 1840 2270 1890 Apud
2293 1843 2415 1891 ipsum
2433 1845 2486 1878 est

271 1897 526 1947 perfectiones
546 1904 679 1934 autem
699 1908 832 1933 rerum
851 1894 1053 1945 potissima
1077 1901 1133 1931 est
1156 1893 1265 1943 quod
1285 1893 1350 1931 ali·
1367 1893 1583 1942 wsortitudo
1612 1899 1646 1931 et
1672 1895 1866 1944 sapientia.
1906 1894 1955 1931 Et
1983 1892 2023 1931 in
2056 1894 2213 1931 Psalmo
2227 1893 2264 1931 *z
2293 1894 2486 1932 Mrabilis
2511 1893 2726 1921 ⁸¹²⁸·0‘¹¹'¹¹¹·⁶·

272 1950 368 2000 quid
401 1950 447 1988 sit
480 1949 773 1988 intellectivum:
803 1961 897 1986 nam
926 1960 997 1997 per
1029 1949 1106 1985 hoc
1134 1947 1265 1997 ipsum
1294 1955 1351 1984 est
1394 1948 1506 1996 facta
1525 1953 1578 1984 est
1594 1948 1748 1985 scientia
1766 1953 1831 1985 tua
1859 1959 1910 1985 ex
1927 1959 1998 1984 me.
2020 1948 2070 1985 Et
2087 1948 2201 1986 Rom.
2221 1951 2315 1985 x1³³z
2349 1947 2382 1986 Ο
2404 1947 2486 1986 alti-

28 2006 37 2015 ‘
52 2004 83 2026 ¹¹¹
103 2004 132 2026 ‘¹²
149 2005 242 2031 ‘⁴'1‘m02
271 2004 570 2054 quodammodo
590 2003 725 2042 omnia
733 2003 765 2050 ²⁸³,
782 2002 931 2040 habens
946 2001 986 2039 in
1001 2013 1042 2038 se
1061 2000 1244 2039 omnium
1263 2013 1349 2051 per-
1404 2001 1494 2039 tudo
1521 2001 1742 2039 divitiarum·
1762 2002 1969 2052 sapientiae
1995 2007 2029 2039 et
2054 2003 2232 2040 scientiae
2258 2000 2351 2039 Dei!

29 2037 79 2057 vni,
91 2039 110 2054 ι.

33 2811 42 2819 '
60 2809 96 2831 cf.
111 2809 245 2840 Comum-ent.

33 2842 52 2857 c.
64 2842 152 2863 xxxvu,
168 2840 218 2858 init.

36 3352 44 3361 ·
61 3351 119 3379 Cap.
134 3357 196 3373 xcvi.

38 3530 47 3538 ·
62 3528 99 3550 Cf.
115 3534 138 3550 n.
150 3534 174 3555 x,
189 3528 238 3550 init.

37 3574 46 3582 ”
62 3572 98 3595 Cf.
113 3578 190 3601 supra,
201 3578 254 3600 cap.

38 3605 90 3626 xiii,
107 3599 169 3628 Quia
187 3605 254 3621 vero.

270 2058 488 2095 sectionem.
519 2059 628 2095 Deus
656 2057 771 2106 igitur
798 2064 855 2094 est
883 2054 1107 2104 intelligens.

324 2113 431 2149 Item.
468 2112 599 2149 Omne
633 2111 742 2161 quod
778 2109 899 2148 tendit
932 2108 1186 2147 determinate
1215 2107 1255 2146 in
1284 2107 1349 2145 ali-

1459 2053 1589 2092 Huius
1608 2062 1740 2093 autem
1768 2053 1862 2092 fidei
1879 2053 2021 2093 veritas
2049 2053 2089 2093 in
2107 2062 2262 2094 tantum
2289 2054 2397 2106 apud
2415 2055 2486 2094 ho-

1406 2107 1533 2146 mines
1553 2107 1715 2146 invaluit
1733 2116 1776 2146 ut
1804 2108 1854 2146 ab
1874 2107 2121 2158 intelligendo
2149 2121 2298 2147 nornen
2321 2108 2395 2147 Dei
2414 2108 2486 2148 im-

271 2178 393 2215 quem
421 2165 555 2212 finem,
594 2172 661 2203 aut
696 2164 827 2215 ipsum
862 2162 1077 2214 praestituit
1105 2161 1178 2199 sibi
1213 2161 1347 2210 finem,
1366 2175 1389 2194 ³5
1405 2170 1615 2212 ponerent:
1651 2174 1742 2200 nam
1777 2163 1889 2210 theos,
1919 2163 2030 2213 quod
2064 2162 2285 2202 secundum
2314 2163 2487 2202 Graecos

272 2227 339 2256 aut
366 2219 628 2269 praestituitur
647 2218 681 2256 ei
705 2218 795 2256 finis
823 2217 873 2255 ab
893 2217 983 2255 alio:
1015 2216 1106 2255 alias
1126 2227 1208 2253 non
1228 2215 1351 2265 magis

272 2273 312 2310 in
346 2274 453 2310 hunc
486 2285 608 2323 quam
642 2272 681 2310 in
715 2272 825 2310 illum
858 2271 980 2308 finem
1008 2270 1192 2308 tenderet.
1227 2270 1350 2307 Natu-

326 2394 343 2421 9
362 2386 434 2412 Deus
453 2387 496 2411 hic
515 2386 566 2415 Db;
583 2389 647 2418 post
665 2390 716 2410 est.
808 2383 840 2409 18
860 2383 977 2417 material
997 2383 1024 2408 in
1048 2383 1157 2408 materia
1182 2383 1232 2408 «Y.

274 2423 308 2449 26
326 2423 397 2448 nulla
414 2429 479 2448 casu
499 2422 539 2447 bis
557 2421 637 2446 habet
654 2422 687 2446 A.
780 2420 812 2445 32
832 2420 921 2445 omnia
939 2419 1012 2450 YPc;
1031 2419 1127 2445 anime.

327 2466 343 2492 7
363 2463 469 2484 natiuae
487 2456 580 2491 (totius
599 2461 630 2482 ne
645 2457 696 2490 pA)
717 2456 828 2488 DEch3
848 2461 876 2481 ut
895 2455 1024 2486 GWYsZ,
1043 2461 1151 2481 naturae
1170 2460 1199 2480 ut
1217 2455 1288 2480 «Nz.

273 2494 344 2520 niam
363 2494 394 2525 D,
414 2493 620 2519 determinentur
638 2493 668 2518 Z.
770 2499 802 2526 ¹9
821 2490 991 2525 particulatis]
1021 2491 1218 2524 particularibus
1236 2491 1266 2517 Z.

275 2530 308 2556 28
326 2529 406 2563 enim]
426 2530 505 2555 etiam
523 2538 550 2560 a,
568 2536 612 2555 om
631 2529 660 2554 Z.
751 2535 776 2554 rx
795 2529 842 2559 Pc;
861 2535 885 2553 x.
978 2535 1011 2561 ²9
1030 2527 1063 2553 Et
1081 2526 1126 2560 ¹¹¹1
1147 2527 1180 2552 Et
1196 2527 1266 2553 idem
1286 2527 1315 2552 Z.

1218 2389 1551 2452 perfeffizzegpoxtegidn
1569 2419 1753 2452 perfectiones.

1381 2454 1414 2481 16
1434 2456 1575 2489 parti-liter
1593 2456 1656 2487 Hx;
1674 2456 1872 2490 particulariter.

1367 2499 1398 2516 22
1419 2496 1523 2525 oportet
1541 2497 1584 2518 om
1604 2499 1630 2522 α,
1649 2497 1769 2526 oporteat
1788 2492 1819 2524 D,
1841 2497 1946 2526 oportet
1964 2493 2042 2526 igitur
2058 2497 2124 2519 ante
2147 2497 2174 2519 et
2197 2501 2246 2527 per
2270 2501 2438 2529 consequens
2450 2493 2489 2521 Ε.

1405 2216 1538 2254 Deum
1563 2215 1762 2266 significat,
1787 2216 1928 2254 dicitur
1948 2228 1973 2255 a
1995 2218 2143 2263 theaste,
2175 2217 2285 2267 quod
2313 2225 2370 2255 est
2397 2229 2486 2256 con-

1404 2270 1574 2308 siderare
1601 2271 1663 2307 vel
1691 2270 1827 2308 videre.

1551 2385 1607 2409 sine
1632 2385 1739 2410 materia
1767 2385 1829 2410 hom
1853 2390 1897 2410 om
1917 2384 1966 2411 αΖ.
2058 2383 2090 2410 25
2110 2385 2268 2420 intelligens]
2293 2386 2441 2413 intellectus
2459 2394 2487 2413 e.

1845 2420 1879 2446 36
1898 2421 1921 2447 ei
1939 2421 1964 2446 Α
1981 2421 2068 2452 solun
2086 2428 2130 2446 om
2150 2421 2182 2452 N.
2200 2421 2250 2447 sibi
2268 2421 2361 2451 ceteri.

1965 2457 1998 2483 18
2017 2457 2176 2492 deriventur]
2199 2458 2347 2487 detinentiu-
2364 2465 2390 2490 α,
2408 2457 2488 2485 deve-

1408 2527 1440 2553 33
1460 2527 1486 2553 in
1504 2527 1615 2561 tantum)
1636 2528 1730 2554 iterum
1748 2528 1791 2559 W,
1811 2534 1911 2554 tantum
1931 2529 1980 2555 Pa.

1039 2616 1380 2651 Commentario
1408 2617 1722 2651 Fax-ariensis

329 2727 476 2749 osrouan
489 2717 713 2749 determinavit
725 2717 862 2749 Sanctus
873 2717 1020 2749 Thomas
1039 2716 1080 2748 de
1098 2716 1352 2759 perfectionibus

278 2729 445 2794 pdivinis
476 2761 517 2794 ad
553 2768 702 2794 naturam
728 2763 976 2804 pertinentibus,
1004 2771 1093 2794 nunc
1122 2761 1161 2793 de
1195 2763 1232 2794 iis
1268 2771 1352 2804 quae

273 2809 436 2849 pertinent
459 2807 500 2838 ad
524 2808 751 2848 operationem
775 2806 968 2839 determinat
984 2808 1011 2839 ⁸¹.
1037 2805 1132 2838 Circa
1155 2807 1219 2838 hoc
1243 2813 1353 2839 autem

274 2853 341 2884 duo
369 2852 459 2884 facit:
485 2853 592 2893 primo
622 2853 711 2883 enim
739 2851 933 2884 determinat
960 2852 1001 2884 de
1029 2851 1285 2893 perfectionibus
1314 2862 1353 2884 ex

274 2898 394 2938 quibus
418 2898 627 2938 cognoscitur
649 2897 773 2938 aliquid
797 2907 866 2929 esse
887 2898 1014 2934 vivens;
1039 2897 1195 2934 secundo,
1221 2897 1261 2928 de
1284 2898 1354 2938 ipsa

273 2943 348 2980 vita,
374 2952 444 2983 cap.
468 2952 562 2973 xcvn.
588 2941 683 2973 Circa
706 2943 849 2983 primum
874 2942 941 2974 duo
966 2941 1055 2973 facit:
1081 2943 1199 2983 primo,
1225 2943 1290 2983 agit
1313 2942 1353 2974 de

273 2988 351 3028 ipsis
374 2986 644 3028 perfectionibus3
662 2987 819 3024 secundo,
840 2987 880 3019 de
900 2987 1104 3028 passionibus
1129 2993 1160 3018 et
1183 2988 1354 3019 virtutibus

274 3032 315 3063 ad
337 3032 407 3063 illas
431 3031 648 3073 perfectiones
673 3033 918 3073 pertinentibus,
943 3042 1014 3074 cap.
1031 3042 1154 3063 Lxxxxx.
1178 3032 1272 3064 Circa
1290 3033 1354 3074 pri-

274 3086 366 3108 mum
383 3076 450 3108 duo
467 3076 557 3108 facit:
575 3077 693 3118 primo,
711 3078 775 3118 agit
791 3076 831 3108 de
848 3076 1048 3118 perfectione
1066 3086 1149 3118 quae
1166 3082 1214 3108 est
1230 3078 1354 3109 intelle-

276 3127 360 3158 ctus3
377 3121 534 3159 secundo,
552 3121 593 3153 de
608 3121 810 3163 perfectione
827 3131 912 3163 quae
931 3127 978 3153 est
993 3122 1154 3158 voluntas,
1172 3131 1241 3163 cap.
1258 3132 1352 3154 Lxxn.

331 3166 427 3198 Circa
449 3167 591 3208 primum
616 3167 683 3198 duo
708 3166 796 3198 facit:
815 3168 933 3208 primo,
954 3168 1018 3208 agit
1038 3167 1078 3199 de
1102 3168 1290 3208 cognitione
1307 3167 1355 3199 di-

276 3212 350 3242 vina
373 3222 412 3243 ex
435 3218 525 3253 parte
548 3212 772 3253 intelligentis;
797 3211 955 3249 secundo,
980 3222 1018 3243 ex
1042 3218 1132 3253 parte
1155 3213 1274 3244 obiecti
1299 3222 1355 3244 co-

276 3257 365 3296 gniti,
382 3266 451 3298 cap.
469 3267 563 3288 xnvn.
580 3275 599 3279 —
619 3256 715 3288 Circa
739 3257 881 3297 primurn
905 3256 972 3288 duo
990 3256 1079 3288 facit:
1097 3257 1214 3298 primo,
1231 3258 1295 3298 agit
1315 3257 1354 3289 de

277 3302 345 3341 ipsa
369 3302 555 3342 cognitione
579 3301 761 3333 secundum
785 3310 833 3339 se;
865 3301 1022 3339 secundo,
1048 3301 1087 3333 de
1110 3303 1179 3343 ipsa
1203 3312 1241 3333 ex
1266 3308 1354 3344 parte

278 3345 376 3376 medii
400 3346 621 3387 cognoscendi
638 3347 664 3376 θ.
686 3365 709 3369 -
729 3345 825 3377 Circa
849 3347 992 3388 primum
1022 3346 1089 3378 duo
1120 3346 1210 3378 facit:
1236 3348 1354 3388 primo,

279 3390 419 3421 ostendit
431 3391 522 3432 quod
535 3391 624 3423 Deus
636 3396 684 3422 est
699 3391 897 3432 intelligens;
911 3391 1069 3429 secundo,
1087 3391 1178 3433 quod
1195 3397 1242 3423 est
1258 3401 1355 3423 suum

279 3435 465 3475 intelligere,
490 3437 596 3477 capite
619 3437 779 3478 sequenti.

337 3479 358 3509 Ι.
382 3480 500 3511 Probat
527 3491 604 3521 ergo
633 3482 750 3522 primo,
776 3481 866 3522 quod
895 3481 985 3512 Deus
1014 3486 1061 3512 est
1090 3481 1286 3523 intelligens.
1315 3481 1356 3512 Et

281 3524 383 3563 arguit
394 3526 502 3565 primo
516 3526 543 3562 *‚
560 3527 731 3567 supposito
749 3525 840 3567 quod
857 3531 1007 3567 oporteat
1028 3525 1178 3557 devenire
1195 3525 1235 3556 ad
1252 3535 1356 3557 unum

280 3568 422 3608 primum
445 3579 581 3601 movens
605 3571 758 3611 seipsum,
783 3576 819 3602 ut
842 3570 1034 3602 Aristoteles
1058 3569 1189 3602 deducit
1201 3571 1228 3601 ³.

337 3613 425 3644 Deus
449 3620 496 3644 est
519 3615 662 3654 primum
686 3615 871 3656 appetibile,
897 3621 933 3646 ut
951 3616 1095 3657 primum
1115 3614 1317 3646 intellectum
1339 3625 1356 3646 a

280 3658 387 3698 primo
411 3664 563 3689 movente
588 3660 741 3699 seipsum.
766 3661 853 3700 Ergo
878 3666 926 3691 est
950 3660 1142 3701 intelligens.
1159 3677 1182 3682 -
1200 3660 1358 3691 Probatur

1409 2718 1653 2758 consequentia.
1678 2716 1765 2756 Quia
1788 2722 1945 2759 appetens
1967 2718 2076 2758 ipsum
2092 2716 2128 2748 fit
2143 2716 2325 2759 intelligens
2339 2723 2414 2750 actu
2429 2727 2488 2760 per

1406 2762 1471 2793 hoc
1488 2761 1579 2804 quod
1596 2762 1626 2793 ei
1642 2766 1798 2804 tanquam
1813 2761 2007 2803 intelligibili
2022 2762 2147 2794 unitur:
2174 2771 2251 2794 cum
2270 2763 2359 2795 enim
2378 2763 2487 2806 ipsum

1407 2807 1447 2838 sit
1474 2806 1686 2843 intellectum,
1713 2812 1844 2848 oportet
1868 2811 1906 2838 ut
1928 2807 2130 2849 intelligibile
2158 2807 2199 2839 sit
2221 2807 2405 2849 intelligens
2419 2809 2448 2841 ⁹.
2464 2822 2486 2832 -
2513 2809 2523 2819 '

1407 2851 1614 2884 Antecedens
1629 2861 1766 2894 quoque
1788 2852 1945 2893 probatur
1959 2853 2015 2884 sic.
2041 2852 2180 2884 Movens
2194 2853 2350 2894 seipsum,
2365 2852 2488 2885 scilicet

1407 2903 1502 2929 motu
1525 2897 1633 2934 locali,
1656 2902 1768 2929 movet
1791 2906 1826 2928 se
1849 2906 1908 2938 per
1930 2898 2113 2939 appetitum
2128 2902 2161 2928 et
2176 2898 2486 2939 apprehensionem

1409 2943 1485 2984 quia
1501 2942 1691 2974 huiusmodi
1707 2942 1776 2974 sola
1794 2941 1915 2974 habent
1937 2943 1971 2974 in
1995 2943 2109 2984 seipsis
2131 2943 2257 2974 moveri
2275 2948 2308 2974 et
2330 2952 2398 2974 non
2414 2952 2487 2975 mo-

1407 2988 1484 3019 veri.
1503 2987 1590 3028 Ergo
1605 2997 1679 3028 pars
1701 2996 1838 3019 movens
1855 2993 1903 3018 est
1918 2993 2075 3029 appetens
2092 2993 2124 3019 et
2146 2986 2404 3029 apprehendens.
2424 2986 2488 3021 Sed

1407 3038 1565 3074 appetens
1589 3038 1620 3063 et
1643 3031 1890 3074 apprehendens
1913 3037 1962 3063 est
1983 3041 2121 3064 movens
2143 3037 2289 3064 motum:
2313 3032 2488 3075 appetibile

1408 3082 1517 3109 autem
1533 3086 1670 3108 movens
1685 3086 1754 3109 non
1770 3082 1910 3108 motum.
1927 3076 2016 3118 Ergo
2031 3077 2174 3118 primum
2192 3086 2330 3109 movens
2349 3078 2487 3109 omnino

1408 3131 1476 3154 non
1493 3127 1633 3159 motum,
1647 3123 1704 3163 qui
1719 3127 1767 3154 est
1779 3122 1879 3159 Deus,
1892 3128 2099 3163 comparatur
2109 3119 2152 3154 ad
2162 3127 2287 3163 partem
2298 3126 2487 3153 moventem

1408 3169 1492 3199 sicut
1515 3167 1700 3208 appetibile.
1732 3167 1809 3198 Non
1832 3172 1942 3199 autem
1962 3167 2046 3199 sicut
2069 3167 2244 3209 appetibile
2266 3166 2408 3198 sensuali
2430 3176 2487 3208 ap·

1408 3213 1528 3254 petitu:
1553 3213 1629 3254 quia
1653 3212 1707 3244 ille
1733 3222 1803 3244 non
1827 3218 1875 3244 est
1898 3212 1978 3243 boni
2001 3211 2199 3253 simpliciter,
2222 3210 2279 3243 sed
2302 3211 2399 3242 huius
2414 3220 2487 3252 par·

1408 3257 1549 3289 ticularis
1573 3257 1652 3288 boni
1675 3256 1715 3288 ad
1738 3257 1791 3288 hic
1808 3263 1840 3289 et
1862 3266 1951 3288 nunc
1974 3255 2191 3293 determinem
2210 3255 2353 3297 primum
2377 3262 2487 3288 autem

1409 3311 1546 3333 movens
1570 3307 1700 3343 oportet
1730 3311 1799 3333 esse
1827 3302 1954 3333 bonum
1976 3300 2174 3343 simpliciter,
2199 3309 2276 3332 eum
2305 3300 2432 3332 bonum
2455 3307 2488 3333 et

1409 3346 1584 3389 appetibile
1600 3346 1789 3388 simpliciter
1803 3347 1844 3378 sit
1866 3347 1956 3388 prius
1978 3345 2068 3377 bono
2085 3350 2122 3376 ut
2144 3344 2197 3376 hic
2221 3351 2252 3376 et
2274 3354 2373 3377 nunc.
2398 3345 2486 3388 Ergo

1409 3393 1552 3434 primum
1575 3401 1714 3423 movens
1738 3397 1786 3423 est
1808 3392 1952 3432 primum
1974 3389 2150 3431 appetibile
2173 3394 2206 3420 et
2228 3390 2440 3422 intellectum.

1466 3437 1503 3468 ll.
1525 3436 1620 3468 Circa
1643 3436 1731 3468 illam
1751 3436 2022 3478 propositionem,
2041 3434 2092 3465 Ea
2111 3444 2196 3475 quae
2217 3435 2323 3476 seipsa
2344 3441 2484 3472 movent,

1409 3482 1527 3513 habent
1550 3482 1582 3512 in
1606 3482 1720 3522 seipsis
1743 3480 1868 3512 moveri
1886 3485 1917 3511 et
1939 3488 2005 3510 non
2030 3479 2165 3515 moveri,
2183 3489 2267 3520 quae
2291 3485 2339 3511 est
2362 3481 2486 3512 Aristo-

1410 3526 1492 3563 telis,
1516 3526 1589 3557 VIII
1602 3526 1700 3567 Pnys.
1713 3527 1741 3563 θ,
1766 3531 1798 3557 et
1821 3533 1921 3576 quam
1936 3523 2074 3575 intendit
2092 3524 2145 3555 hic
2168 3523 2305 3556 Sanctus
2328 3524 2485 3562 Thomas,
2512 3527 2725 3577 {Gna-wazuh·

1410 3570 1592 3602 notandum
1616 3581 1655 3602 ex
1671 3570 1817 3610 doctrina
1835 3578 1905 3600 elus
1930 3568 2039 3605 Verit„
2060 3577 2092 3609 q.
2108 3579 2192 3606 xx1v,
2209 3579 2238 3600 a.
2257 3579 2287 3606 2,
2311 3569 2403 3611 quod
2425 3579 2485 3611 po·
2523 3572 2528 3578 “
2555 3572 2561 3578 ·

1410 3617 1509 3646 tentia
1532 3616 1654 3647 motiva
1677 3615 1711 3646 in
1734 3614 1835 3646 brutis
1858 3613 2030 3654 dupliciter
2052 3618 2160 3654 potest
2179 3613 2392 3646 considerari:
2416 3623 2486 3646 uno

1410 3659 1522 3697 modo,
1547 3658 1729 3692 secundum
1752 3668 1786 3690 se
1810 3663 1842 3689 et
1872 3658 2036 3695 absolute3
2070 3658 2134 3690 alio
2166 3658 2280 3696 modo,
2305 3659 2338 3690 in
2371 3658 2486 3691 ordine
