2768 4134
276 301 349 338 292

272 368 441 400 relationis
464 376 529 396 non
554 363 732 395 attenditur
754 361 930 392 secundum
955 361 1120 396 terminos,
1144 360 1202 391 sed
1231 369 1345 390 secun-

271 415 347 445 dum
370 420 503 443 causam
519 414 550 440 et
563 408 749 439 subiectum.
775 407 872 446 Ergo,
890 410 1194 446 quantumcumque
1217 405 1345 436 numeri

270 460 332 489 sint
356 455 471 487 infiniti
496 454 612 494 quibus
637 452 778 483 binarius
794 456 842 482 est
858 451 956 491 prior,
972 459 1041 480 non
1058 455 1188 490 oportet
1204 448 1345 480 infinitas

270 504 302 533 in
325 503 396 542 ipso
421 500 592 530 relationes
609 506 687 533 esse,
705 495 761 527 sed
777 496 873 526 unica
897 494 1052 525 relatione
1075 494 1152 525 reali
1175 500 1286 535 posset
1304 493 1344 525 ad

269 555 383 578 omnes
407 543 529 575 referri:
555 543 638 573 sicut
661 541 783 572 docens
807 539 1049 581 philosophiam
1073 539 1169 569 unica
1187 538 1343 570 relatione

269 591 308 622 ad
331 599 446 621 omnes
470 597 554 629 quos
577 586 820 627 philosophiam
845 584 941 615 docet
963 582 1109 614 refertur.

322 633 551 675 Respondetur
574 631 664 672 quod
695 631 800 662 unitas
831 635 862 660 et
893 628 1057 670 pluralitas
1087 628 1252 659 relationis
1275 638 1343 659 non

268 679 441 711 attenditur
457 676 591 719 quidem
607 675 788 707 secundum
805 675 961 705 unitatem
974 673 1025 704 vel
1042 673 1258 714 pluralitatem
1275 683 1343 704 ma-

267 724 410 756 terialem
434 723 657 757 terminorum,
681 719 737 751 sed
761 720 843 750 bene
867 717 1042 749 attenditur
1064 717 1246 749 secundum
1270 719 1342 750 uni-

266 776 364 800 tatem
388 774 420 799 et
443 766 658 808 pluralitatem
682 764 862 800 formalem,
887 764 940 794 cui
964 763 1069 793 unitas
1093 768 1148 793 aut
1178 763 1342 803 pluralitas

266 813 470 845 fundamenti
493 809 735 851 correspondet.
760 808 854 840 Unde
870 809 904 838 in
921 808 1001 838 locis
1017 807 1238 848 praeallegatis
1254 813 1342 839 tenet

265 859 402 890 Sanctus
423 858 568 888 Thomas
599 854 699 895 quod,
724 855 750 884 si
779 853 866 884 idem
897 853 1046 893 magister
1076 852 1203 893 aliquos
1227 852 1342 884 doceat

265 903 517 944 grammaticam,
541 901 621 931 alios
645 909 722 930 vero
747 898 998 939 philosophiam,
1024 907 1089 927 una
1111 896 1268 928 relatione
1292 907 1341 928 re-

266 948 365 979 fertur
395 947 435 978 ad
458 955 573 977 omnes
603 954 680 975 suos
708 942 885 983 discipulos
914 942 1153 982 grammaticae,
1178 942 1240 973 alia
1263 952 1341 973 vero

266 993 306 1024 ad
329 992 506 1033 discipulos
530 988 770 1031 philosophiae:
797 993 844 1017 est
868 987 955 1017 enim
979 987 1023 1017 ibi
1047 985 1168 1027 duplex
1183 988 1341 1018 terminus

266 1037 418 1073 formalis,
444 1037 637 1076 inquantum
665 1033 711 1064 illi
740 1038 814 1063 sunt
842 1032 1070 1072 grammaticae
1100 1031 1261 1072 discipuli,
1290 1033 1341 1063 isti

264 1092 340 1113 vero
357 1080 593 1122 philosophiae.
612 1079 647 1109 In
663 1078 833 1118 proposito
850 1085 939 1117 ergo,
955 1077 1032 1117 quia
1049 1077 1191 1108 binarius
1207 1076 1342 1108 refertur

264 1127 303 1158 ad
327 1135 441 1157 omnes
465 1125 544 1156 alios
567 1132 722 1154 numeros
746 1127 902 1162 tanquam
926 1121 967 1152 ad
990 1122 1147 1152 terminos
1178 1121 1340 1158 formales,

263 1182 331 1202 non
348 1176 456 1201 autem
475 1175 630 1209 tanquam
654 1167 694 1198 ad
717 1166 911 1202 materiales;
933 1175 1010 1197 cum
1026 1175 1112 1197 unus
1127 1176 1283 1197 numerus
1301 1167 1341 1198 sit

264 1216 303 1247 ad
327 1216 487 1247 binarium
511 1213 641 1254 duplus,
665 1212 746 1243 alius
769 1221 847 1242 vero
875 1211 998 1252 triplus,
1023 1211 1104 1242 alius
1128 1211 1339 1252 quadruplus,

263 1267 295 1292 et
310 1262 355 1291 sic
371 1260 412 1291 de
428 1259 496 1290 aliis
519 1259 553 1289 in
576 1257 757 1288 infinitum:
783 1262 814 1287 et
837 1265 895 1297 per
913 1265 1119 1297 consequens
1143 1257 1286 1287 binarius
1301 1257 1341 1287 sit

263 1307 351 1347 prior
373 1305 430 1335 illo
458 1313 597 1334 numero
624 1308 660 1333 ut
691 1301 887 1342 subduplus,
911 1301 969 1331 illo
992 1311 1070 1332 vero
1094 1307 1130 1332 ut
1153 1301 1340 1342 subtriplus,

263 1357 295 1382 et
310 1351 355 1381 sic
371 1350 433 1380 alia
448 1354 479 1380 et
495 1348 556 1379 alia
571 1348 696 1378 ratione
716 1346 936 1387 proportionis
956 1346 996 1376 ad
1019 1345 1163 1377 diversos
1186 1356 1340 1378 numeros

262 1395 425 1431 referatur,
450 1394 578 1434 sintque
602 1393 635 1423 in
659 1393 731 1432 ipso
756 1391 880 1423 diversa
904 1390 1116 1422 fundamenta
1146 1390 1339 1422 formaliter:

262 1441 288 1471 si
312 1449 426 1471 omnes
450 1444 557 1470 essent
579 1437 679 1468 reales
698 1436 880 1472 relationes,
898 1442 1064 1476 oporteret
1082 1435 1224 1467 infinitas
1240 1436 1340 1467 reales

262 1485 432 1516 relationes
456 1489 531 1514 actu
554 1492 623 1513 esse
646 1482 680 1513 in
704 1482 840 1512 binario.

319 1540 348 1561 2.
365 1530 398 1561 Si
423 1534 532 1559 autem
555 1528 673 1558 iterum
697 1527 867 1557 instaretur
883 1525 974 1565 quod
998 1526 1061 1556 hoc
1078 1535 1145 1556 non
1162 1531 1209 1557 est
1225 1527 1340 1557 incon-

261 1576 393 1606 veniens
417 1573 504 1614 apud
527 1577 687 1613 ponentes
714 1571 906 1602 relationem
930 1581 948 1601 a
971 1569 1187 1602 fundamento
1215 1571 1341 1602 realiter

261 1630 329 1651 non
353 1619 522 1658 distingui:
548 1617 691 1648 dicerent
714 1617 802 1647 enim
826 1615 927 1657 quod,
951 1616 1035 1646 sicut
1061 1625 1129 1646 non
1155 1622 1202 1646 est
1225 1617 1340 1647 incon-

261 1665 393 1696 veniens
410 1672 509 1694 unam
525 1668 557 1693 et
573 1661 710 1692 eandem
729 1660 913 1692 albedinem
937 1668 1006 1691 esse
1030 1660 1274 1692 similitudinem
1291 1670 1339 1692 re-

261 1715 375 1750 spectu
399 1708 528 1739 alterius
556 1707 619 1738 albi
643 1712 675 1737 et
699 1705 993 1737 dissimilitudinem
1023 1711 1173 1746 respectu
1203 1706 1340 1737 alicuius

261 1755 353 1795 nigri,
377 1754 420 1784 ita
443 1762 511 1784 non
535 1758 583 1783 est
606 1751 840 1782 inconveniens
863 1751 895 1780 in
921 1759 989 1781 uno
1013 1750 1138 1781 binario
1170 1760 1240 1782 esse
1267 1749 1340 1781 infi—

262 1800 343 1830 nitas
367 1798 538 1829 relationes
562 1796 662 1827 reales
685 1795 850 1827 distinctas
880 1801 1007 1826 tantum
1037 1794 1219 1826 secundum
1243 1796 1340 1826 ratio-

261 1853 352 1879 nem;
377 1844 421 1874 sic
446 1843 533 1874 enim
557 1851 625 1872 non
648 1841 783 1881 ponitur
806 1839 971 1871 infinitum
994 1841 1028 1870 in
1052 1846 1127 1871 actu
1157 1840 1339 1871 secundum

261 1897 445 1924 numerum,
470 1896 545 1918 cum
570 1895 638 1917 non
662 1886 725 1916 sint
748 1886 791 1915 ibi
815 1885 916 1916 multa
945 1884 1071 1915 realiter
1100 1884 1258 1922 distincta,
1283 1885 1339 1916 sed

261 1943 325 1964 una
348 1932 514 1964 dumtaxat
537 1931 662 1966 entitas,
680 1940 718 1961 ex
734 1939 768 1960 se
784 1930 817 1960 in
833 1928 978 1960 infinitos
1001 1930 1158 1960 terminos
1182 1929 1338 1966 ordinata,

260 1983 291 2008 et
315 1976 496 2008 secundum
519 1976 678 2006 rationem
706 1975 868 2005 distincta:
893 1992 915 1996 -
938 1974 1173 2014 responderent
1196 1974 1339 2005 fortassis

258 2022 347 2053 illam
362 2022 554 2062 opinionem
578 2025 725 2050 tenentes
741 2018 832 2059 quod
849 2017 936 2059 apud
952 2018 1108 2050 Sanctum
1124 2018 1290 2049 Thomam
1307 2024 1339 2050 et

258 2067 492 2097 inconveniens
508 2065 604 2096 estin
621 2073 690 2095 uno
715 2073 784 2094 esse
807 2063 949 2094 infinitas
972 2063 1147 2094 relationes
1171 2063 1338 2104 specificas

258 2111 326 2142 sola
346 2111 469 2142 ratione
493 2109 669 2145 distinctas,
693 2109 849 2139 habentes
878 2114 987 2138 tamen
1016 2114 1103 2138 extra
1137 2108 1338 2140 intellectum

258 2155 415 2197 quicquid
432 2154 471 2186 ad
487 2155 646 2186 rationem
659 2159 691 2184 et
707 2153 879 2184 essentiam
896 2153 1158 2194 uniuscuiusque
1173 2154 1338 2185 relationis

258 2202 412 2242 pertinet;
438 2205 485 2231 est
509 2200 597 2230 enim
620 2199 790 2240 proprium
814 2198 941 2229 divinae
958 2198 1116 2229 essentiae
1132 2197 1258 2229 infinita
1274 2199 1338 2230 hoc

258 2245 359 2277 modo
384 2246 551 2276 continere
575 2245 607 2275 in
633 2253 698 2275 una
721 2243 859 2284 simplici
884 2243 1033 2274 essentia.

315 2290 345 2321 3.
370 2290 418 2321 Ex
442 2290 508 2320 istis
539 2294 627 2330 patet
656 2288 778 2319 solutio
808 2287 978 2319 cuiusdam
1011 2287 1102 2318 dubii
1130 2288 1163 2318 in
1191 2287 1338 2319 doctrina

259 2335 367 2366 Sancti
390 2335 554 2365 Thomae:
580 2332 752 2374 quomodo
783 2333 907 2363 scilicet
935 2332 1021 2363 filius
1053 2333 1149 2363 unica
1182 2333 1338 2364 relatione

259 2379 413 2411 referatur
436 2378 476 2410 ad
500 2384 624 2419 patrem
648 2383 679 2408 et
702 2383 849 2413 matrem,
874 2377 932 2418 qui
957 2376 997 2408 ad
1020 2378 1128 2418 ipsum
1146 2377 1272 2408 duabus
1290 2387 1339 2409 re-

260 2424 433 2456 lationibus
456 2423 594 2454 realibus
623 2422 775 2463 specifice
805 2421 973 2458 distinctis,
997 2422 1186 2462 paternitate
1217 2423 1340 2454 scilicet

261 2475 293 2501 et
314 2469 526 2504 maternitate,
550 2467 748 2499 referuntur:
774 2476 860 2503 cum,
885 2466 972 2507 apud
990 2466 1146 2498 Sanctum
1163 2467 1339 2504 Thomam,

213 2549 217 2552 ,
260 2514 376 2550 Prima,
401 2523 433 2554 q.
450 2522 544 2549 xxxii,
569 2522 596 2543 a.
615 2522 644 2548 2,
669 2511 795 2543 duabus
818 2511 1029 2542 relationibus
1052 2511 1204 2552 specifice
1227 2512 1339 2543 distin-

260 2559 319 2589 ctis
343 2568 410 2589 non
435 2558 536 2598 possit
559 2557 656 2588 unica
679 2556 792 2588 relatio
816 2555 1023 2597 respondere.
1045 2575 1067 2579 —
1091 2557 1217 2588 Dicitur
1241 2558 1338 2594 enim,

260 2604 348 2634 iuxta
371 2601 543 2644 praedicta,
564 2601 655 2642 quod
670 2602 703 2632 in
720 2600 789 2632 filio
806 2607 854 2632 est
869 2602 966 2632 unica
985 2602 1099 2632 relatio
1123 2602 1339 2639 materialiter,

259 2649 343 2679 sicut
358 2647 608 2679 fundamentum
619 2645 786 2677 filiationis
801 2647 833 2677 in
852 2647 924 2687 ipso
938 2652 985 2677 est
997 2646 1203 2678 materialiter
1218 2656 1338 2679 unum:

260 2698 335 2724 sunt
350 2698 459 2723 autern
475 2691 559 2723 duae
575 2691 747 2723 relationes
770 2690 957 2728 formaliter,
974 2692 1057 2722 sicut
1073 2697 1105 2722 et
1127 2691 1341 2723 fundamenta

260 2737 437 2769 formaliter
452 2742 528 2768 sunt
543 2736 646 2777 plura.
670 2735 962 2775 Quemadmodum
978 2737 1067 2767 enirn
1083 2742 1175 2777 pater
1190 2742 1222 2768 et
1237 2743 1340 2769 mater

261 2783 320 2814 alia
344 2788 375 2814 et
398 2782 459 2813 alia
482 2782 607 2813 ratione
630 2787 706 2813 sunt
729 2781 928 2822 principium
958 2782 1176 2822 generationis
1204 2781 1272 2819 filii,
1297 2783 1340 2814 ita

260 2827 321 2858 alia
344 2827 468 2858 ratione
492 2825 577 2858 filius
600 2827 718 2867 accipit
741 2836 759 2857 a
782 2831 873 2867 patre
896 2831 1045 2857 naturam
1069 2832 1100 2857 et
1125 2827 1184 2858 alia
1214 2828 1339 2859 ratione

261 2882 278 2903 a
301 2877 412 2903 matre.
442 2871 483 2902 Et
511 2870 597 2907 ideo,
629 2871 704 2902 licet
735 2880 802 2902 uno
834 2871 980 2908 nomine,
1003 2871 1126 2902 scilicet
1147 2872 1339 2914 filiationis,

260 2916 459 2957 significetur
481 2916 594 2947 relatio
617 2915 676 2946 filii
703 2915 744 2947 ad
775 2921 900 2956 patrem
924 2921 955 2947 et
978 2916 1090 2947 relatio
1115 2917 1185 2947 eius
1208 2917 1248 2949 ad
1271 2927 1340 2949 ma-

261 2967 352 2998 trem,
377 2966 452 2992 sunt
475 2966 584 2992 tamen
609 2960 718 3002 plures
741 2959 914 2991 filiationes
945 2961 978 2991 in
1006 2962 1130 2992 ratione
1158 2962 1339 2994 relationis:

261 3007 410 3047 quamvis
425 3006 459 3037 in
475 3006 600 3037 ratione
623 3006 669 3036 rei
693 3006 756 3036 sint
780 3014 894 3036 unum.
920 3005 1014 3036 Unde
1031 3005 1121 3046 quod
1137 3007 1243 3048 inquit
1260 3007 1339 3039 San-

262 3056 331 3081 ctus
347 3051 503 3086 Thomas,
528 3050 686 3091 quoniam
717 3049 842 3081 duabus
873 3050 1083 3082 relationibus
1113 3051 1264 3092 specifice
1292 3052 1340 3084 di-

788 282 977 320 SUMMA
1007 281 1230 318 CONTRA
1258 280 1535 326 GENTILES,
1565 282 1659 319 LIB.
1681 283 1722 328 ΙΙ,
1754 283 1865 320 CAP.
1887 284 1966 321 XII.

1400 362 1523 391 stinctis
1547 371 1616 392 non
1640 367 1748 402 potest
1771 363 1867 394 unica
1890 363 2003 394 relatio
2027 373 2066 395 ex
2090 366 2245 406 opposito
2271 368 2477 408 respondere,

1400 405 1588 446 intelligitur
1618 405 1658 437 de
1690 407 1813 438 unitate
1843 407 1972 439 formali
1998 409 2173 446 relationis,
2198 411 2264 442 sive
2288 411 2328 443 de
2355 414 2477 445 unitate

1400 451 1469 481 eius
1484 451 1518 481 in
1534 451 1659 482 ratione
1675 451 1854 483 relationis:
1875 462 1944 483 non
1967 458 2077 484 autem
2101 453 2142 485 de
2166 455 2288 486 unitate
2311 458 2476 494 materiali,

1398 495 1465 526 sive
1489 495 1529 527 de
1553 496 1676 527 unitate
1700 497 1734 527 in
1760 497 1886 528 ratione
1912 498 1968 529 rei.
2001 498 2092 529 Patet
2121 505 2231 530 autem
2260 500 2324 531 hoc
2345 510 2414 532 esse
2437 502 2477 533 de

1398 545 1508 571 mente
1533 540 1641 572 Sancti
1661 541 1821 578 Thomae‚
1846 551 1885 573 ex
1908 543 1946 573 iis
1970 552 2054 584 quae
2078 542 2155 574 dicit
2177 544 2211 575 in
2240 544 2316 575 loco
2339 545 2476 587 allegato

1398 584 1438 616 de
1455 585 1564 616 Tertia
1579 586 1683 622 Parte,
1708 586 1741 617 in
1764 588 1977 628 responsione
2001 587 2041 619 ad
2064 588 2216 620 ultimum
2237 595 2476 630 argumentum.

1455 630 1508 660 Vl.
1529 630 1657 667 Quarto
1674 632 1700 661 ’ἃ
1722 631 1756 662 Si
1773 637 1879 663 essent
1894 633 2021 664 realiter
2035 633 2069 664 in
2086 634 2169 670 Deo,
2187 639 2353 675 oporteret
2369 635 2477 666 Deum

1398 676 1526 711 mutari,
1543 681 1598 706 aut
1613 685 1672 716 per
1690 685 1725 707 se
1741 682 1796 707 aut
1811 686 1869 717 per
1893 677 2053 709 accidens.
2077 677 2142 710 Sed
2164 679 2262 710 huius
2285 681 2476 720 oppositum

1398 725 1566 751 ostensum
1595 726 1643 751 est
1673 721 1707 751 in
1738 721 1858 752 Primo.
1890 722 1977 763 Ergo
2008 728 2069 754 etc.
2091 741 2116 746 —
2143 724 2302 755 Probatur
2333 726 2475 765 sequela.

1397 764 1483 803 Quia
1499 765 1627 806 aliquae
1643 766 1816 797 relationes
1832 766 1872 798 de
1888 776 1977 798 novo
1994 767 2039 798 illi
2059 767 2246 800 adveniunt.
2267 769 2476 811 Cuicumque

1397 815 1507 840 autem
1531 810 1654 851 aliquid
1678 810 1718 841 de
1741 813 1830 841 novo
1855 810 1994 848 advenit,
2018 821 2150 844 necesse
2179 819 2227 844 est
2256 813 2336 845 illud
2358 815 2476 845 mutari

1397 854 1448 885 vel
1471 864 1529 895 per
1553 864 1585 886 se
1609 855 1661 886 vel
1684 865 1743 896 per
1766 855 1926 887 accidens.

1445 897 1517 930 'Sed
1540 897 1617 931 non'
1633 899 1759 931 videtur
1782 901 1932 941 probatio
1955 901 2052 932 huius
2080 904 2333 943 consequentiae
2364 903 2475 934 efficax

1397 953 1476 975 esse.
1501 944 1534 976 Si
1559 946 1646 976 enim
1671 945 1892 977 universaliter
1914 946 2091 986 accipiatur
2114 947 2228 983 maior,
2244 953 2281 978 ut
2301 948 2334 989 ly
2349 948 2476 990 aliquid

1395 998 1430 1020 se
1455 989 1597 1020 extendit
1621 990 1660 1021 ad
1684 990 1870 1021 absolutum
1894 996 1926 1022 et
1948 990 2129 1028 relativum,
2146 991 2223 1022 falsa
2247 997 2304 1023 est.
2327 992 2422 1029 Nam,
2440 999 2476 1024 ut

1396 1032 1513 1065 dicitur
1529 1034 1558 1064 V
1574 1035 1672 1076 Phys.
1690 1036 1716 1071 *ζ
1742 1035 1855 1066 relatio
1879 1035 1976 1067 alicui
1996 1035 2126 1066 advenit
2147 1036 2188 1067 de
2213 1046 2303 1068 novo
2326 1047 2395 1068 non
2418 1047 2476 1078 per

1395 1079 1542 1115 subiecti,
1567 1079 1623 1110 sed
1647 1089 1704 1120 per
1728 1080 1858 1111 alterius
1881 1081 2111 1111 mutationem:
2136 1082 2229 1118 sicut,
2246 1091 2299 1112 me
2318 1091 2387 1113 non
2402 1091 2475 1113 mu-

1396 1128 1473 1160 tato,
1498 1124 1621 1164 incipio
1645 1124 1742 1156 alicui
1765 1125 1878 1156 similis
1902 1135 1971 1156 esse
1994 1131 2129 1166 propter
2152 1127 2222 1158 eius
2247 1127 2475 1163 mutationem,

1396 1177 1462 1209 qua
1477 1169 1594 1209 accipit
1610 1168 1747 1200 eandem
1763 1179 1862 1210 quam
1886 1180 1948 1211 ego
1972 1171 2077 1201 habeo
2094 1170 2294 1211 qualitatem.
2309 1189 2332 1194 -
2348 1171 2382 1203 Si
2397 1181 2475 1203 vero

1396 1213 1572 1254 accipiatur
1595 1214 1628 1244 in
1653 1214 1818 1251 absolutis,
1835 1219 1883 1246 est
1906 1214 2040 1256 quidem
2055 1225 2140 1252 vera,
2157 1215 2214 1247 sed
2229 1221 2309 1247 tunc
2324 1218 2475 1247 commit-

1395 1259 1472 1289 titur
1503 1257 1628 1289 fallacia
1647 1259 1790 1301 figurae
1814 1259 1977 1296 dictionis,
2001 1260 2169 1301 arguendo
2193 1261 2248 1298 sic,
2275 1261 2476 1303 Cuicumque

1395 1303 1522 1345 aliquid
1550 1303 1591 1334 de
1619 1313 1704 1334 novo
1734 1304 1855 1335 accidit
1883 1304 1967 1336 iuud
1994 1310 2149 1341 mutatur,
2174 1305 2239 1336 Sed
2260 1306 2332 1337 Deo
2363 1307 2475 1348 aliqua

1396 1348 1514 1379 relatio
1531 1348 1571 1379 de
1587 1358 1673 1379 novo
1690 1349 1831 1385 advenit,
1847 1349 1943 1391 Ergo
1960 1354 2125 1381 mutatur:
2143 1351 2203 1381 sub
2218 1351 2370 1382 absoluto
2387 1352 2475 1382 enim

1395 1394 1596 1424 subsumitur
1619 1393 1799 1424 relativum.

1450 1437 1680 1479 Respondetur
1709 1438 1802 1480 quod
1831 1439 1936 1470 maior
1965 1440 2149 1481 propositio
2178 1445 2226 1471 est
2255 1441 2476 1472 universaliter

1396 1491 1479 1513 vera.
1504 1483 1545 1514 Et
1568 1483 1758 1524 intelligitur
1780 1482 1872 1524 quod
1895 1484 2094 1525 cuicumque
2114 1484 2238 1526 aliquid
2253 1485 2389 1522 realiter,
2408 1486 2475 1517 sive

1394 1527 1576 1559 secundum
1601 1529 1768 1559 entitatem
1791 1528 1931 1565 advenit,
1955 1534 2109 1560 mutatur.
2135 1529 2223 1561 Cum
2245 1531 2334 1561 enim
2357 1531 2475 1562 mutari

1394 1573 1473 1603 nihil
1498 1572 1586 1604 aliud
1609 1574 1650 1604 sit
1673 1583 1772 1614 quam
1797 1573 1888 1604 aliter
1917 1583 1951 1605 se
1982 1574 2100 1605 habere
2127 1584 2216 1606 nunc
2243 1584 2343 1615 quam
2369 1576 2474 1616 prius;

1394 1623 1426 1648 et
1450 1617 1482 1648 id
1509 1618 1562 1648 cui
1590 1618 1713 1659 aliquid
1733 1618 1818 1649 reale
1842 1618 1972 1650 advenit
1994 1619 2034 1650 de
2055 1628 2156 1656 novo,
2184 1619 2275 1651 aliter
2301 1629 2335 1650 se
2360 1620 2476 1651 habeat

1394 1671 1493 1702 quarn
1511 1663 1615 1703 prius:
1639 1672 1772 1694 necesse
1789 1668 1836 1694 est
1856 1663 1909 1694 cui
1926 1663 2049 1705 aliquid
2065 1664 2150 1695 reale
2174 1664 2304 1696 advenit
2318 1663 2359 1696 de
2374 1674 2474 1702 novo,

1394 1713 1547 1738 mutetur.

1450 1751 1537 1783 Cum
1554 1753 1689 1784 instatur
1704 1753 1791 1793 quia,
1808 1762 1866 1794 per
1882 1752 2131 1794 Philosophum,
2144 1753 2257 1784 relatio
2273 1753 2403 1785 advenit
2418 1754 2475 1785 ali·

1393 1797 1446 1827 cui
1463 1797 1584 1838 absque
1609 1797 1658 1828 sui
1682 1798 1876 1834 mutatione,
1893 1802 1926 1829 et
1940 1797 2087 1839 loquitur
2110 1798 2150 1829 de
2174 1798 2332 1830 relatione
2347 1799 2475 1830 reali:—

1393 1841 1510 1873 dicitur
1533 1841 1624 1882 quod
1649 1842 1795 1883 loquitur
1818 1842 1858 1873 de
1883 1842 2039 1874 relatione
2063 1843 2141 1874 reali
2164 1848 2325 1884 quantum
2341 1843 2381 1875 ad
2397 1852 2474 1874 suae

1392 1887 1525 1917 rationis
1549 1886 1841 1927 complementum,
1857 1896 1926 1918 non
1942 1893 2052 1918 autem
2076 1894 2236 1928 quantum
2253 1887 2294 1919 ad
2309 1897 2403 1919 suam·
2417 1897 2474 1920 en-

1392 1931 1527 1961 titatem.
1553 1929 1724 1972 Contingit
1747 1932 1836 1962 enim
1859 1931 2036 1972 aliquando
2061 1931 2152 1973 quod
2174 1932 2289 1964 relan’o
2305 1933 2401 1964 estin
2418 1932 2475 1964 ali-

1393 1984 1461 2016 quo
1477 1975 1660 2006 secundum
1683 1976 1851 2007 entitatem
1866 1985 1970 2013 suam,
1986 1985 2055 2007 non
2071 1982 2181 2007 tamen
2197 1977 2295 2008 habet
2310 1976 2475 2019 complete

1393 2020 1552 2051 rationem
1583 2020 1758 2057 relationis,
1787 2021 1864 2061 quia
1893 2021 2051 2052 terminus
2080 2022 2153 2052 non'
2180 2022 2358 2053 co-existit:
2389 2020 2474 2053 facto

1393 2070 1503 2096 autem
1532 2066 1684 2102 termino,
1715 2066 1831 2106 incipit
1860 2066 1980 2097 habere
2010 2066 2175 2107 complete
2205 2067 2364 2098 rationem
2395 2067 2475 2098 rela-

1392 2110 1501 2146 tionis,
1525 2115 1558 2141 et
1581 2110 1645 2141 hoc
1670 2115 1718 2141 est
1741 2111 1863 2151 absque
1887 2111 2069 2142 mutatione
2093 2111 2163 2142 eius
2186 2111 2241 2143 cui
2264 2112 2310 2143 sic
2333 2111 2473 2143 advenit.

1393 2155 1521 2186 Relatio
1545 2160 1655 2186 autem
1679 2164 1764 2196 quae
1788 2155 1828 2186 de
1851 2165 1940 2187 novo
1965 2155 2095 2187 advenit
2117 2156 2202 2193 Deo,
2217 2157 2245 2188 si
2269 2162 2353 2188 esset
2371 2156 2474 2193 realis,

1392 2199 1557 2231 adveniret
1573 2200 1603 2230 ei
1619 2199 1802 2231 secundum
1826 2209 1918 2231 suam
1942 2201 2127 2232 entitatem:
2153 2202 2230 2242 quia
2245 2202 2278 2232 in
2295 2211 2329 2233 re
2345 2206 2475 2232 aeterna

1393 2254 1460 2276 non
1485 2250 1532 2275 est
1556 2244 1678 2286 aliquid
1702 2245 1787 2277 reale
1810 2245 1850 2276 ab
1874 2251 2006 2277 aeterno
2030 2255 2089 2287 per
2111 2245 2203 2287 quod
2230 2245 2270 2278 ad
2300 2255 2369 2278 rem
2392 2251 2476 2278 tem-

1393 2290 1540 2331 poralem
1555 2289 1723 2321 ordinetur
1747 2296 1779 2321 et
1802 2290 1842 2321 ab
1865 2291 1935 2331 ipsa
1953 2290 2136 2333 dependeat
2152 2300 2190 2322 ex
2207 2300 2252 2322 se.
2268 2309 2290 2314 —
2308 2291 2363 2328 lta,
2380 2297 2474 2332 puto,

1393 2334 1626 2376 responderent
1655 2340 1803 2366 tenentes
1834 2335 2025 2367 relationem
2049 2346 2066 2366 a
2090 2335 2304 2367 fundamento
2334 2345 2403 2367 non
2426 2335 2474 2367 di-

1394 2380 1524 2420 stingui.

1449 2424 1639 2455 Secundum
1655 2430 1765 2455 autern
1781 2430 1943 2466 ponentes
1959 2434 2030 2456 eam
2043 2424 2197 2466 distingui
2212 2434 2231 2456 a
2246 2424 2472 2462 fundamento,

1393 2469 1555 2500 diceretur
1577 2469 1669 2510 quod
1693 2469 1806 2500 relatio
1825 2479 1893 2501 non
1909 2469 2040 2502 advenit
2054 2469 2197 2501 totaliter
2211 2475 2244 2501 et
2258 2470 2384 2501 ratione
2400 2469 2474 2502 fian-

1394 2514 1536 2545 damenti
1567 2513 1607 2545 de
1635 2523 1724 2545 novo
1755 2515 1877 2555 absque
1905 2515 2042 2546 subiecti
2071 2515 2267 2546 mutatione:
2292 2514 2359 2552 sed,
2382 2524 2475 2556 prae·

1394 2559 1549 2590 existente
1580 2557 1805 2596 fundamento,
1837 2559 1921 2591 bene
1952 2565 2062 2601 potest
2093 2559 2291 2600 completive
2323 2559 2474 2592 advenire

1393 2603 1516 2644 absque
1539 2604 1674 2634 subiecti
1692 2604 1883 2641 mutatione,
1900 2613 1959 2646 per
1977 2604 2141 2646 quandam
2157 2604 2280 2635 scilicet
2295 2604 2474 2636 naturalem

1393 2648 1623 2680 resultantiam.
1647 2647 1682 2679 Si
1705 2654 1814 2680 autem
1839 2649 2011 2680 relationes
2027 2659 2112 2691 quae
2128 2649 2169 2680 de
2185 2658 2275 2680 novo
2299 2649 2476 2681 adveniunt

1394 2693 1467 2724 Deo
1490 2699 1597 2724 essent
1619 2693 1731 2729 reales,
1756 2699 1923 2734 oporteret
1945 2694 2015 2726 illas
2038 2694 2191 2726 advenire
2214 2694 2255 2725 de
2278 2703 2378 2731 novo,
2405 2703 2474 2726 non

1393 2738 1501 2770 solum
1525 2738 1732 2779 completive,
1749 2738 1805 2770 sed
1828 2739 1926 2770 etiam
1950 2739 2091 2771 totaliter
2113 2745 2146 2771 et
2168 2745 2328 2780 quantum
2345 2738 2385 2771 ad
2400 2738 2475 2771 fun·

1393 2783 1597 2814 damentum:
1629 2784 1706 2824 quia
1740 2784 1796 2814 ubi
1827 2783 2078 2816 fundamentum
2108 2784 2201 2816 realis
2231 2784 2396 2816 relationis
2426 2789 2475 2816 est

1393 2828 1516 2869 absque
1539 2828 1706 2865 relatione,
1723 2828 1888 2869 quandam
1905 2828 2031 2860 videtur
2046 2829 2165 2861 habere
2180 2828 2474 2870 imperfectionem,

1394 2882 1434 2904 eo
1459 2872 1550 2914 quod
1574 2879 1687 2904 natum
1710 2874 1751 2904 sit
1774 2873 1897 2915 aliquid
1918 2874 2004 2906 reale
2027 2875 2067 2905 ab
2090 2875 2163 2916 ipso
2187 2881 2338 2906 emanare
2362 2874 2475 2904 intrin-

1393 2927 1476 2954 sece,
1494 2917 1585 2959 quod
1601 2924 1735 2959 propter
1749 2917 1915 2950 defectum
1938 2919 2067 2950 termini
2083 2918 2228 2950 formalis
2242 2927 2311 2950 non
2327 2923 2474 2955 emanat3

1393 2964 1426 2993 in
1450 2972 1484 2994 re
1509 2968 1618 2994 autem
1642 2968 1771 2994 aeterna
1798 2973 1866 2994 non
1897 2969 2005 3004 potest
2034 2973 2105 2996 esse
2132 2962 2256 3004 aliquid
2286 2962 2475 2995 huiusmodi

1394 3007 1677 3048 imperfectionem
1700 3007 1880 3040 includens.
1913 3008 1990 3040 ldeo
2013 3018 2072 3050 per
2095 3008 2270 3040 adventum
2297 3017 2402 3040 novae
2425 3017 2475 3039 re-

1394 3052 1524 3083 lationis
1547 3058 1713 3094 oporteret
1736 3053 1879 3094 aliquam
1903 3054 1936 3085 in
1962 3054 2034 3085 Deo
2058 3053 2126 3085 fieri
2151 3054 2378 3085 mutationem.

2504 635 2514 644 ·
2529 634 2565 656 Cf.
2581 640 2605 657 n.
2620 640 2646 662 n,
2663 634 2719 657 Ter*-

2503 661 2546 683 cio.

2502 1043 2511 1053 ·
2527 1042 2584 1064 Loe.
2593 1041 2641 1068 cit..
2651 1047 2676 1064 a.
2685 1046 2718 1063 tv.
