2768 4134
317 307 392 354 540
634 301 822 339 SUMMA
851 299 1073 336 CONTRA
1102 296 1377 342 GENTILES,
1406 295 1501 332 LIB.
1523 296 1564 341 ΙΙ,
1595 295 1706 332 CAP.
1726 295 1966 340 LXXXVIII,
1986 295 2196 332 LXXXIX.
2764 315 2768 335 1

314 382 434 431 magis
453 393 498 418 ac
516 379 636 427 magis
657 377 963 422 manifestantur;
983 387 1076 412 narn
1096 374 1204 424 prius
1224 382 1384 424 apparet
1492 375 1599 410 Item.
1629 372 1737 409 Nihil
1756 372 1852 409 vivit
1875 371 1948 408 nisi
1967 384 2038 422 per
2065 372 2251 410 animam.
2277 374 2423 412 Semen
2447 387 2515 412 au-

313 434 485 485 operatio
518 431 671 470 animae
700 429 913 475 nutritivae,
943 436 979 466 et
1007 427 1264 478 postmodum
1294 439 1383 477 ope·
1437 433 1517 463 tem
1552 433 1608 463 est
1635 425 1786 462 vivum.
1806 425 1827 447 '⁸‘
1855 425 1976 472 Quod
2009 433 2114 475 patet
2141 438 2189 463 ex
2216 426 2350 464 tribus.
2381 428 2514 466 Primo

313 487 407 525 ratio
437 485 590 524 animae
610 483 824 530 sensitivae,
845 490 882 520 et
900 482 1070 528 tandem,
1091 493 1256 530 corpore
1276 492 1383 518 com·
1438 479 1612 529 quidem,
1632 478 1724 528 quia
1747 491 1770 516 a
1797 477 1953 516 vivente
1973 478 2175 516 deciditur.
2206 479 2402 527 Secundo,
2423 481 2516 531 quia

311 542 426 591 pleto,
447 538 620 588 operatio
641 537 793 575 animae
822 535 1073 573 intellectivae
1091 534 1123 572 ²⁸.
1154 535 1258 583 Ergo
1278 533 1383 571 idem
1438 532 1478 569 in
1498 532 1646 569 semine
1668 539 1829 581 apparet
1857 533 1964 569 calor
1990 531 2114 569 vitalis
2142 540 2180 570 et
2208 532 2383 582 operatio
2402 534 2514 582 vitae,

312 601 368 632 est
395 591 631 643 principium
660 589 833 640 corporis
863 597 899 626 et
931 589 1096 626 animae.
1133 588 1210 626 Sed
1244 587 1384 638 princi·
1406 600 1415 620 ε
1438 598 1540 636 quae
1569 593 1659 623 sunt
1691 585 1746 622 rei
1779 585 1945 623 viventis
1973 585 2126 623 indicia.
2162 586 2308 633 Tertio,
2338 587 2430 636 quia
2458 600 2516 625 se-

311 647 423 697 pium
451 644 607 694 originis
635 643 809 693 corporis
829 651 885 680 est
913 654 983 692 per
1010 642 1249 679 decisionem
1269 640 1383 677 serni-
1438 639 1546 677 mina
1564 640 1787 689 plantarum
1805 646 1928 676 terrae
1948 639 2142 686 mandata,
2163 639 2237 677 nisi
2266 640 2305 677 in
2325 652 2366 677 se
2395 640 2516 678 vitam

2543 431 2553 441 '¹
2560 430 2597 451 De
2603 429 2684 452 Creat.
2689 427 2768 458 Han-,3

2544 460 2598 484 etc„
2614 456 2660 479 loe.
2675 455 2714 478 eit.

73 553 82 562 ·
88 551 123 573 De
129 550 207 573 Creat.
214 549 281 580 ῌοηι.

74 582 126 603 ete.‚
142 577 187 599 loc.
202 579 241 597 cit.

69 1142 79 1152 '¹
92 1141 151 1163 Ibid.

69 1185 125 1207 'Ca

67 1211 112 1233 τι,.
138 1201 149 1233 .·
159 1190 197 1238 ξ’
217 1190 243 1211 ³’
263 1190 282 1205 ⁵·

70 1894 79 1903 ”
93 1893 130 1915 Cf.
147 1893 279 1916 Commem.

69 1926 119 1948 cap.
128 1926 222 1947 mxxxvi,
228 1920 279 1942 init.

312 699 382 737 nis.
413 699 515 747 Ergo
545 705 581 734 et
608 696 845 747 principium
875 695 1031 744 originis
1060 694 1226 732 animae.

365 752 517 789 Adhuc.
549 751 670 798 Quod
698 750 962 798 configuratur
985 748 1110 794 alicui,
1139 746 1384 785 constituitur

312 818 358 843 ex
387 804 538 842 actione
558 804 641 841 eius
660 803 723 840 cui
743 802 1026 851 configuratur:
1057 799 1154 838 sicut
1173 812 1262 837 cera
1281 812 1383 849 quae

311 858 576 906 configuratur
595 857 726 905 sigillo,
757 855 893 905 accipit
912 856 1013 891 hanc
1034 853 1383 901 configurationem
1400 870 1425 884 ιο

312 924 358 949 ex
387 910 642 961 impressione
672 909 790 958 sigilli.
815 909 976 946 Constat
995 915 1126 944 autem
1149 919 1293 956 corpus
1312 907 1383 943 ho-

312 965 438 1011 minis,
459 972 495 1001 et
514 963 715 1001 cuiuslibet
730 961 916 1007 animalis,
933 972 1016 997 esse
1031 959 1212 1010 propriae
1229 959 1383 996 animae

311 1018 615 1066 configuratum:
637 1016 719 1053 talis
734 1023 789 1052 est
805 1014 910 1051 enim
926 1025 1165 1062 organorum
1181 1012 1383 1063 dispositio

311 1071 435 1121 qualis
472 1069 655 1118 competit
682 1069 731 1106 ad
760 1067 1005 1118 operationes
1037 1066 1191 1104 animae
1219 1078 1291 1116 per
1318 1079 1383 1103 eas

311 1124 543 1162 exercendas
558 1123 589 1159 *.
621 1122 774 1171 Corpus
803 1121 916 1170 igitur
936 1121 1128 1158 formatur
1154 1132 1201 1158 ex
1230 1119 1382 1158 actione

310 1177 478 1215 animae:
499 1175 605 1213 unde
620 1183 657 1213 et
675 1174 897 1212 Aristoteles
911 1174 1013 1221 dicit,
1029 1173 1070 1211 in
1088 1174 1119 1211 ΙΙ
1134 1174 1180 1211 de
1193 1174 1336 1211 Anima
1350 1172 1380 1220 ³³,

308 1230 416 1280 quod
431 1232 560 1267 anima
575 1235 626 1266 est
640 1230 806 1278 efficiens
820 1240 936 1265 causa
950 1229 1131 1277 corporis.
1146 1227 1235 1264 Hoc
1249 1234 1381 1265 autem

307 1295 389 1321 non
408 1290 506 1320 esset
525 1282 597 1320 nisi
617 1282 749 1320 anima
763 1289 863 1319 esset
882 1281 922 1318 in
937 1280 1103 1318 semine:
1125 1293 1218 1318 narn
1237 1292 1381 1331 corpus

306 1349 377 1386 per
394 1337 576 1374 virtutem
596 1348 697 1385 quae
717 1343 774 1372 est
801 1335 842 1372 in
861 1334 1011 1372 semine
1035 1334 1291 1372 constituitur.
1313 1335 1382 1372 Est

1439 693 1637 741 haberent,
1667 704 1714 729 ex
1742 700 1854 738 terra,
1884 704 1986 742 quae
2010 700 2067 730 est
2095 692 2295 739 exanimis,
2316 705 2398 731 non
2426 706 2516 744 pos-

1439 753 1523 783 sent
1551 747 1740 783 calescere
1769 746 1820 784 ad
1847 745 2078 784 vivendum.
2100 747 2169 784 Est
2187 746 2302 796 igitur
2321 747 2453 785 anima
2475 747 2516 785 in

1439 798 1599 836 semine.
1617 800 1666 836 Et
1680 798 1735 837 sic
1748 811 1796 836 ex
1811 798 2008 836 decisione
2022 798 2182 837 seminis
2197 800 2387 850 originem
2402 801 2515 851 capit.

1493 852 1684 902 Amplius.
1715 852 1757 890 Si
1789 852 1921 890 anima
1955 865 2036 890 non
2070 861 2126 890 est
2160 861 2249 890 ante
2284 866 2439 904 corpuS,
2474 862 2518 892 ut

1439 913 1642 943 ostensum
1670 906 1780 952 est*;
1815 917 1945 956 neque
1973 905 2106 956 incipit
2133 918 2217 944 esse
2245 919 2339 945 cum
2358 907 2517 946 seminis
2545 910 2555 920 ’

1439 959 1654 996 decisione:
1684 958 1861 1009 sequitur
1879 959 1988 1009 quod
2016 959 2125 1009 prius
2152 960 2343 998 formetur
2361 973 2516 1011 corpus,

1439 1020 1476 1050 et
1503 1020 1639 1063 postea
1667 1012 1701 1050 ei
1731 1012 1958 1050 infundatur
1984 1013 2117 1050 anima
2149 1013 2199 1051 de
2232 1026 2340 1052 novo
2377 1023 2515 1052 creata.

1440 1067 1518 1104 Sed
1533 1066 1564 1103 si
1578 1067 1654 1104 hoc
1668 1074 1724 1104 est
1739 1078 1891 1113 verum,
1903 1066 2080 1116 sequitur
2094 1066 2254 1104 ulterius
2267 1067 2377 1118 quod
2386 1067 2519 1108 anima

1400 1137 1422 1157 ις
1439 1119 1485 1157 sit
1513 1128 1673 1170 propter
1692 1132 1851 1170 corpus:
1873 1121 1982 1170 quod
2007 1119 2116 1158 enim
2141 1128 2197 1159 est
2218 1128 2381 1171 propter
2399 1109 2516 1169 aliud,

1438 1173 1635 1212 invenitur
1671 1185 1719 1211 eo
1761 1173 1975 1223 posterius;
2014 1173 2113 1212 sicut
2149 1173 2381 1212 vestimenta
2417 1174 2519 1213 fiunt

1438 1234 1598 1278 propter
1626 1226 1844 1265 hominem.
1874 1227 1963 1265 Hoc
1989 1235 2120 1265 autem
2150 1235 2208 1266 est
2234 1228 2394 1266 falsum:
2423 1239 2518 1267 nam

1438 1280 1561 1330 magis
1597 1293 1741 1331 corpus
1776 1288 1833 1318 est
1866 1288 2027 1331 propter
2061 1280 2254 1328 animam3
2291 1281 2384 1320 finis
2411 1281 2519 1320 enim

1438 1346 1595 1384 semper
1622 1333 1793 1372 nobilior
1820 1342 1887 1372 est.
1919 1335 2084 1384 Oportet
2111 1333 2226 1384 igitur
2251 1333 2380 1373 dicere
2409 1334 2519 1386 quod

306 1390 420 1439 igitur
445 1389 576 1427 anima
605 1390 778 1426 humana
807 1388 846 1426 in
876 1388 1025 1426 semine
1044 1387 1227 1426 hominis.
1258 1388 1307 1425 Et
1330 1387 1380 1425 ita
1396 1404 1422 1419 ω
1438 1387 1569 1426 anima
1598 1387 1716 1425 simul
1743 1400 1836 1426 cum
1864 1387 2062 1426 decisione
2090 1387 2250 1426 seminis
2278 1388 2435 1427 oriatur.

307 1456 354 1481 ex
382 1443 575 1480 decisione
603 1442 762 1480 seminis
790 1441 980 1490 originem
1008 1441 1136 1479 habet.

361 1557 375 1575 2
395 1549 505 1583 animae]
524 1549 626 1575 virtutis
645 1549 677 1580 N,
695 1549 798 1574 virtutis
816 1553 843 1574 et
860 1548 962 1573 animae
980 1548 1009 1575 Z.
1099 1547 1278 1573 nutritivae...

307 1591 347 1611 est
366 1590 392 1611 et
410 1585 470 1611 αΡε.
561 1593 578 1619 9
597 1592 656 1610 cera
675 1583 752 1618 quae]
773 1591 833 1609 cera
850 1583 943 1614 GNW,
962 1591 1022 1608 cum
1041 1590 1100 1608 cera
1122 1583 1151 1609 Z.

360 1621 377 1647 8
395 1620 535 1654 calescere]
554 1620 695 1646 calefacere
713 1620 839 1646 EGNYZ.

306 1665 349 1682 om
368 1658 418 1687 «X,
436 1660 500 1682 ante
518 1664 614 1690 corpus
633 1655 737 1681 GWPc.

1069 1742 1406 1776 Commentaria

385 1849 512 1870 nau-run
535 1838 575 1869 ad
604 1840 745 1878 tertium,
771 1839 865 1879 ponit
895 1838 1031 1870 Sanctus
1058 1839 1204 1870 Thomas
1228 1839 1384 1880 quasdam

310 1842 524 1927 Qrationes
548 1889 660 1914 contra
684 1883 928 1914 determinatam
951 1884 1118 1914 veritatem
1135 1884 1161 1913 *.

366 1929 516 1965 Quarum
537 1927 650 1968 prima
681 1933 737 1958 est.
769 1927 889 1965 Anima
918 1928 1070 1958 sensitiva
1100 1928 1243 1958 hominis
1267 1928 1384 1958 virtute

307 1973 439 2005 seminis
462 1971 610 2012 procedit
633 1972 666 2002 in
697 1980 781 2002 esse:
814 1981 891 2002 cum
914 1972 954 2002 sit
983 1971 1131 2003 eiusdem
1153 1972 1281 2012 generis
1308 1981 1385 2003 cum

308 2016 476 2049 animabus
499 2016 638 2046 aliorum
661 2015 860 2046 animalium.
886 2015 974 2056 Ergo
993 2021 1025 2046 et
1044 2016 1251 2047 intellectiva.
1268 2033 1290 2038 -
1306 2015 1384 2047 Pro-

308 2063 401 2093 batur
424 2060 668 2100 consequentia.
693 2059 781 2098 Quia
808 2061 842 2091 in
865 2061 1002 2091 homine
1025 2061 1176 2091 sensitiva
1200 2065 1231 2091 et
1259 2060 1385 2092 intelle-

309 2107 391 2138 ctiva
414 2110 489 2136 sunt
511 2104 599 2135 idem
623 2104 805 2135 secundum
829 2105 1053 2135 substantiam.

363 2149 522 2182 Secundo.
536 2149 635 2180 Fetus
650 2149 739 2190 prius
755 2155 803 2180 est
814 2149 934 2180 animal
947 2159 1046 2190 quam
1059 2150 1173 2181 homo.
1191 2149 1278 2190 Ergo
1294 2150 1384 2190 prius

307 2196 404 2227 habet
419 2195 561 2225 animam
576 2194 761 2225 sensitivam
777 2203 877 2235 quam
892 2194 1133 2225 intellectivam.
1158 2193 1223 2226 Sed
1238 2194 1293 2225 illa
1309 2204 1383 2236 pro·

308 2240 437 2272 ducitur
459 2249 497 2270 ex
521 2240 655 2270 s'emine.
682 2239 768 2280 Ergo
793 2244 824 2269 et
847 2239 1063 2270 intellectiva:
1089 2248 1166 2270 cum
1190 2238 1304 2270 eadem
1328 2238 1385 2270 fiat

307 2284 512 2320 intellectiva,
537 2293 577 2314 eo
602 2283 693 2324 quod
716 2284 776 2314 sibi
809 2283 1003 2314 intellectiva
1028 2293 1113 2324 quae
1129 2284 1169 2315 sit
1185 2283 1256 2320 alia,
1272 2293 1385 2325 super-

308 2330 417 2361 venire
440 2337 509 2359 non
533 2329 643 2368 possit.

368 2374 488 2404 Tertio.
513 2374 632 2404 Anima
655 2373 765 2403 unitur
781 2373 911 2413 corpori
935 2372 1117 2404 secundum
1142 2382 1221 2404 esse.
1242 2373 1329 2414 Ergo
1348 2372 1385 2404 fit

309 2419 348 2449 ab
365 2417 480 2449 eodem
505 2427 523 2448 a
539 2427 607 2458 quo
631 2416 667 2448 fit
690 2426 824 2458 corpus:
853 2427 930 2448 cum
954 2417 994 2448 ad
1018 2427 1055 2448 ea
1079 2427 1163 2458 quae
1179 2417 1264 2449 fiunt
1279 2427 1383 2450 unum

309 2461 490 2494 secundum
519 2471 598 2499 esse,
626 2462 816 2493 terminetur
844 2472 910 2493 una
940 2463 1024 2493 actio
1060 2468 1092 2494 et
1119 2463 1218 2493 unius
1250 2463 1383 2503 agentis.

310 2508 396 2548 Ergo
421 2513 481 2538 etc.

366 2551 504 2589 Quarto.
529 2551 641 2582 Homo
665 2556 796 2592 generat
823 2550 883 2582 sibi
912 2551 1016 2582 simile
1040 2552 1073 2582 in
1107 2553 1217 2593 specie
1241 2561 1299 2593 per
1322 2553 1384 2583 vir-

308 2601 410 2627 tutem
434 2605 518 2637 quae
542 2602 589 2627 est
612 2596 645 2627 in
669 2597 802 2627 semine.
832 2595 919 2636 Ergo
954 2603 1065 2627 causat
1093 2598 1245 2633 animam,
1273 2607 1292 2627 a
1318 2606 1384 2638 qua

309 2646 356 2672 est
378 2641 521 2672 hominis
544 2641 677 2681 species.

366 2685 499 2722 Quinto.
516 2685 704 2716 Secundum
720 2685 956 2725 Apollinarem,
972 2691 1163 2726 sequeretur
1178 2686 1288 2717 Deum
1304 2695 1384 2718 coo-

308 2731 411 2771 petati
433 2729 596 2761 adulteris:
615 2731 701 2771 quia,
719 2729 859 2761 creando
877 2731 1029 2767 anfflam,
1046 2730 1135 2762 daret
1158 2731 1384 2772 complemen-

308 2780 379 2806 tum
400 2775 602 2815 generationi
626 2774 799 2806 adulterae.

364 2819 474 2850 Sexto.
499 2819 602 2850 Simul
626 2819 662 2850 fit
685 2828 804 2859 corpus
821 2824 853 2850 et
876 2820 999 2850 anima:
1018 2820 1165 2861 alioquin
1189 2818 1276 2851 idem
1301 2825 1385 2851 esset

309 2864 397 2903 prius
420 2869 452 2894 et
475 2864 636 2904 posterius
659 2865 777 2904 seipso.
802 2863 889 2904 Ergo
907 2869 967 2895 etc.
984 2882 1007 2887 -
1022 2864 1115 2895 Patet
1138 2865 1383 2905 consequentia.

309 2907 394 2946 Quia
417 2918 536 2949 corpus
560 2909 673 2949 incipit
696 2908 765 2939 fieri
789 2908 822 2939 in
847 2908 1013 2940 decisione
1038 2909 1180 2940 seminis.

1385 3004 1437 3048 ,ψ

1299 1547 1401 1572 animae
1419 1547 1481 1572 hom
1500 1554 1543 1573 om
1563 1546 1691 1572 EGWPc.

920 1627 937 1653 9
957 1617 1075 1652 seminis}
1094 1618 1174 1644 vitum
1193 1617 1273 1643 habet
1291 1622 1318 1643 et
1334 1618 1442 1643 addunt
1461 1617 1509 1643 Pa.

1782 1554 1798 1580 7
1819 1552 1845 1572 et
1864 1547 1908 1572 Ita
1926 1546 2034 1578 DGXZ;
2053 1554 2097 1572 om
2117 1547 2196 1581 ENY,
2215 1553 2258 1574 eet
2275 1548 2318 1580 W,
2338 1553 2379 1574 eet
2396 1549 2475 1575 etiem
2493 1549 2518 1580 b,

1593 1617 1624 1643 15
1645 1617 1724 1651 aliud]
1745 1618 1843 1651 aliquid
1862 1618 1989 1644 EGXYZ.
2071 1617 2104 1644 16
2123 1619 2165 1653 eo]
2184 1625 2277 1645 netur·
2295 1620 2349 1646 NZ.
2425 1619 2460 1646 18
2478 1624 2520 1646 eet

1439 1741 1752 1775 Ferrariensis

1496 1839 1649 1880 Septimo.
1665 1838 1864 1880 Sequeretur
1876 1840 2039 1871 actionem
2056 1840 2127 1879 Dei,
2141 1845 2173 1871 et
2187 1841 2331 1871 hominis
2342 1841 2517 1879 actionem,

1439 1893 1509 1914 esse
1532 1883 1771 1924 imperfectam:
1796 1885 1872 1924 quia
1895 1889 2009 1915 neutra
2033 1884 2228 1925 produceret
2251 1890 2355 1917 totam
2380 1894 2461 1917 rem„

1499 1927 1635 1958 Octavo.
1659 1928 1780 1959 Anima
1803 1934 1851 1959 est
1873 1937 1947 1970 pars
1963 1929 2116 1959 hominis.
2133 1929 2221 1970 Ergo
2245 1934 2306 1960 etc.
2323 1947 2345 1952 —
2361 1929 2519 1963 Probatur

1440 1973 1686 2012 consequentia.
1711 1971 1799 2010 Quia
1829 1973 1864 2004 in
1893 1973 2048 2004 omnibus
2072 1982 2157 2014 quae
2186 1978 2384 2014 generantur
2406 1983 2446 2007 ex
2468 1984 2519 2007 se-

1439 2017 1538 2054 mine,
1555 2025 1671 2047 omnes
1686 2022 1793 2057 partes
1808 2017 1855 2048 rei
1870 2022 2042 2057 generatae
2058 2018 2176 2050 virtute
2195 2017 2520 2060 comprehenduntur

1439 2061 1473 2091 in
1495 2061 1631 2092 semine.
1656 2060 1846 2092 Declaratur
1860 2061 1894 2092 in
1910 2061 2028 2099 tritico,
2049 2062 2104 2093 ubi
2125 2062 2238 2100 herba,
2262 2063 2400 2099 culmus,
2417 2063 2519 2096 inter-

1439 2105 1552 2141 nodia,
1559 2105 1699 2147 fructus
1709 2111 1742 2137 et
1752 2106 1877 2137 aristae
1888 2106 2210 2148 comprehenduntur
2220 2108 2254 2139 in
2262 2108 2374 2150 primo
2385 2109 2518 2146 sennim,

1438 2155 1470 2181 et
1486 2155 1603 2191 postea
1622 2150 1836 2191 protenditur
1849 2160 1958 2182 semen
1974 2156 2007 2183 et
2027 2151 2190 2184 dilatatur
2203 2153 2221 2170 ⁸*
2245 2152 2371 2190 ordine,
2386 2153 2519 2195 sequela
2546 2157 2668 2181 'Cf-tm
2677 2160 2702 2180 et

1439 2195 1599 2231 naturali,
1615 2194 1660 2226 ad
1674 2195 1723 2226 rei
1733 2195 1983 2238 perfectionem,
2001 2196 2083 2227 nihil
2097 2197 2317 2229 extrinsecum
2333 2207 2517 2243 assumesq-

1438 2238 1593 2281 intellige,
1617 2245 1775 2281 tanquam
1798 2249 1930 2272 causam
1954 2246 2117 2282 agentem,
2140 2241 2217 2273 licet
2240 2241 2377 2283 aliquod
2399 2239 2519 2277 extr-in,

1438 2293 1551 2316 secum
1575 2290 1732 2325 tanquam
1756 2285 1924 2316 materiam
1947 2291 2099 2317 assumat.

1495 2329 1605 2360 Nono.
1630 2329 1667 2360 In
1690 2329 1834 2360 hominis
1857 2330 2066 2370 generatione
2090 2334 2139 2362 est
2153 2329 2242 2362 idem
2257 2339 2430 2372 proce-sus
2446 2331 2519 2363 eora-

1438 2374 1529 2414 poris
1552 2380 1584 2405 et
1607 2374 1746 2411 animae,
1770 2378 1803 2406 et
1825 2373 1913 2406 idem
1936 2375 2111 2406 terminus:
2136 2375 2214 2416 quia
2236 2375 2419 2408 secundum
2441 2385 2518 2417 pro-

1439 2427 1568 2450 cessum
1584 2417 1787 2459 figurationis
1803 2425 1835 2450 et
1851 2419 2039 2460 quantitatis
2058 2420 2206 2460 corporis
2221 2421 2431 2461 operationes
2449 2421 2519 2456 tui·

1438 2472 1512 2495 mae
1535 2463 1638 2504 magis
1661 2473 1699 2494 ac
1722 2464 1826 2504 magis
1848 2462 2108 2496 manifestantur.
2132 2464 2220 2506 Ergo
2244 2470 2307 2496 etc.
2430 2503 2433 2507 s

1494 2507 1642 2539 Decimo.
1659 2507 1792 2549 Corpus
1815 2508 1959 2540 hominis
1983 2507 2142 2540 formatur
2164 2518 2205 2540 ex
2227 2509 2357 2541 actione
2379 2509 2518 2545 animae.

1439 2552 1528 2584 Tum
1552 2553 1629 2594 quia
1652 2552 1712 2583 sibi
1737 2551 1969 2594 configuratur.
1990 2571 2013 2577 -
2031 2552 2122 2585 Tum
2147 2554 2224 2594 quia
2247 2553 2356 2586 anima
2379 2558 2427 2586 est
2449 2552 2518 2588 effi·

1439 2597 1528 2628 ciens
1559 2606 1655 2628 causa
1687 2598 1848 2638 corporis:
1879 2602 1918 2629 ut
1947 2597 2066 2630 dicitur
2089 2597 2116 2629 11
2139 2598 2180 2629 de
2202 2598 2332 2635 Anima,
2360 2603 2439 2630 text.
2465 2597 2518 2631 36.

1439 2641 1528 2683 Ergo
1552 2647 1614 2673 etc.
1734 2644 1736 2647 '
2440 2667 2442 2669 .

1499 2686 1686 2718 Undecimo.
1704 2685 1824 2718 Semen
1840 2687 1933 2718 vivit:
1958 2693 1994 2718 ut
2017 2697 2056 2719 ex
2078 2687 2190 2720 multis
2213 2693 2355 2729 apparet.
2379 2687 2468 2729 Ergo
2483 2688 2518 2721 in

1438 2731 1511 2772 ipso
1535 2737 1585 2762 est
1607 2731 1725 2762 anima.
1750 2731 1837 2772 Ergo
1861 2737 1923 2763 etc.

1494 2775 1710 2808 Duodecimn.
1742 2775 1897 2817 Sequitur
1925 2775 2016 2817 quod
2038 2777 2128 2818 prius
2155 2775 2313 2809 formatur
2339 2786 2459 2818 corpus
2486 2781 2519 2814 et

1439 2820 1653 2861 postmodum
1667 2819 1849 2852 infunditur
1865 2821 1983 2852 anima.
2001 2820 2089 2862 Ergo
2115 2821 2223 2853 anima
2238 2820 2275 2853 fit
2297 2826 2431 2863 propter
2446 2829 2519 2853 cor·

1439 2873 1516 2905 pus:
1542 2864 1622 2906 'quia
1646 2864 1738 2906 quod
1761 2864 1797 2896 fit
1819 2871 1953 2907 propter
1975 2865 2074 2903 aliud,
2098 2870 2146 2898 est
2170 2866 2332 2907 posterius
2355 2874 2412 2903 eo;
2435 2864 2520 2898 sicut

1439 2914 1528 2950 patet
1552 2910 1585 2941 in
1609 2910 1818 2947 vestimentis,
1844 2919 1928 2951 quae
1951 2916 2086 2952 propter
2107 2911 2277 2942 hominem
2300 2909 2394 2942 fiunt.

692 3153 1182 3210 CAPITULUM
1219 3154 1813 3212 OCTOGESIMUM
1849 3156 2136 3214 NONUM

832 3281 1100 3324 soLUTIO
1140 3282 1470 3325 RAT1ONUM
1508 3284 1995 3327 PRAEMISSARUM

434 3413 485 3439 5>
525 3404 547 3429 n
576 3392 783 3431 faciliorem
812 3406 907 3431 vero
935 3393 1239 3444 praemissarum
1272 3395 1384 3434 ratio-

365 3439 391 3497 2⁴
445 3432 514 3503 ἷξξο
540 3457 637 3482 num
660 3445 681 3468 *
708 3446 955 3496 solutionem,
984 3447 1268 3498 praemittenda
1297 3457 1386 3487 sunt

353 3530 356 3538 Δ
379 3532 381 3536 ,
418 3511 453 3549 ς
472 3498 495 3540 ‘6
540 3498 734 3547 quaedam
763 3500 812 3537 ad
841 3500 1121 3550 exponendum
1142 3500 1321 3539 ordinem
1351 3509 1387 3539 et

372 3561 383 3579 ³
406 3540 515 3583 ⁷⁴35&
542 3563 769 3600 processum
806 3554 1063 3602 generationis
1101 3555 1311 3601 humanae,
1350 3563 1387 3593 et

318 3600 539 3646 generaliter
566 3604 751 3642 animalis.

372 3652 502 3690 Primo
523 3655 649 3705 itaque
669 3658 871 3696 sciendum
892 3667 947 3696 est
975 3660 1110 3698 falsam
1135 3672 1218 3698 esse
1239 3660 1387 3710 opinio·

1443 3408 1536 3434 nem
1547 3397 1800 3447 quorundam
1814 3396 2027 3436 dicentium
2041 3396 2151 3448 quod
2165 3407 2286 3446 opera
2299 3395 2401 3434 vitae
2416 3407 2518 3446 quae

1442 3458 1629 3499 apparent
1648 3450 1686 3488 in
1707 3450 1923 3500 embryone
1942 3457 2030 3488 ante
2049 3449 2232 3488 ultimum
2252 3451 2517 3500 complemen—

1442 3511 1538 3549 tum,
1568 3515 1649 3541 non
1677 3512 1767 3541 sunt
1794 3515 1841 3541 ex
1869 3503 1998 3553 aliqua
2021 3502 2162 3548 anima,
2191 3504 2254 3540 vel
2276 3503 2416 3541 virtute
2439 3502 2517 3541 ani-

1442 3568 1543 3602 mae,
1559 3555 1597 3594 in
1618 3569 1666 3594 eo
1682 3556 1875 3603 existente,
1891 3556 1959 3594 sed
1978 3555 2171 3594 exanima
2189 3556 2334 3594 matris.
2351 3556 2392 3595 Si
2411 3556 2516 3594 enim

1410 3624 1419 3644 ς
1444 3610 1519 3646 hoc
1542 3618 1640 3647 esset
1663 3621 1815 3656 verum,
1838 3609 1916 3647 iam
1936 3608 2101 3660 embryo
2130 3621 2211 3647 non
2232 3617 2331 3648 esset
2355 3609 2514 3648 animal:

1443 3674 1535 3700 cum
1556 3675 1675 3700 omne
1703 3662 1847 3700 animal
1873 3674 1919 3700 ex
1948 3661 2079 3700 anima
2102 3670 2139 3700 et
2165 3675 2329 3713 corpore
2355 3670 2515 3702 constet.
