2768 4134
0 1931 13 2027 ..ag-‚1

49 1165 62 1176 ¹
69 1162 127 1192 Cap.
135 1168 270 1190 unum.

886 283 1073 321 SUMMA
1103 286 1325 326 CONTRA
1354 289 1629 340 GENTlLES,
1660 293 1772 331 CAP.
1796 295 1914 332 LXV.

297 357 482 394 limitatum,
495 367 564 388 non
579 363 688 398 potest
703 358 845 399 perfecte
862 363 1016 400 cognosci
1041 364 1099 394 nisi
1124 366 1261 405 cognitis
1282 366 1371 397 diffe-

297 402 406 432 rentiis
430 403 549 442 quibus
575 403 744 434 limitatur:
777 413 845 434 non
873 406 960 436 enirn
991 407 1132 446 perfecte
1163 412 1372 450 cognoscitur

297 446 406 487 aliqua
427 452 542 478 natura
556 448 618 478 nisi
633 453 850 488 cognoscatur
867 459 906 480 eo
923 451 1024 481 modo
1041 462 1108 492 quo
1125 454 1158 483 in
1174 460 1287 486 natura
1303 465 1371 486 esse

296 497 414 532 potest.
431 491 522 522 Facit
537 497 647 522 autem
670 493 873 523 mentionem
896 494 936 524 de
960 496 1070 535 primis
1091 497 1286 536 differentiis,
1303 509 1372 530 non

297 541 407 567 autem
422 535 463 567 de
478 537 558 572 aliis,
575 537 652 576 quia
668 536 709 568 ad
724 537 788 568 hoc
812 543 848 568 ut
870 548 973 578 genus
997 541 1036 571 sit
1059 542 1092 572 in
1115 548 1238 579 natura,
1255 544 1372 575 sufficit

297 581 368 617 sibi,
384 586 545 621 quantum
562 586 610 612 est
625 590 664 612 ex
680 591 725 618 se,
742 582 834 622 quod
849 583 889 613 sit
905 583 945 614 ad
962 594 1060 615 unam
1076 596 1206 618 suarum
1223 588 1371 620 differen-

295 626 414 656 tiarum
436 625 624 656 limitatum:
649 631 682 656 et
697 626 723 656 si
739 627 860 668 aliquid
876 628 963 658 aliud
983 631 1163 669 requiratur
1186 632 1370 673 aliquando,

296 670 361 701 hoc
382 679 452 700 non
475 675 524 700 est
546 670 672 701 ratione
694 671 755 707 sui,
772 671 828 702 sed
851 673 975 703 ratione
998 674 1157 706 inferioris
1180 678 1371 717 requirentis

296 714 373 746 alias
396 713 591 745 differentias
621 715 661 745 ad
690 715 755 746 hoc
785 716 877 757 quod
907 718 956 748 sit.
982 718 1077 749 Verbi
1108 722 1216 759 gratia,
1241 722 1280 752 ad
1308 723 1371 753 hoc

296 758 389 800 quod
405 768 525 799 corpus
540 760 581 791 sit
596 760 631 790 in
646 765 771 797 natura,
787 761 906 792 sufficit
921 763 982 793 sibi
998 764 1089 803 quod
1112 765 1152 795 sit
1175 767 1365 798 animatum:

296 803 387 844 quod
411 809 521 835 autem
543 814 614 835 non
636 805 739 844 possit
761 815 832 837 esse
855 806 916 837 nisi
939 807 1036 838 etiam
1061 809 1099 840 sit
1123 811 1282 847 sensibile,
1307 812 1370 842 hoc

295 854 438 880 nonest
460 858 498 880 ex
522 854 611 889 parte
639 850 699 886 sui,
723 850 780 881 sed
809 851 934 882 ratione
966 854 1117 893 corporis
1140 855 1277 885 animati
1303 866 1371 886 non

296 893 439 934 potentis
462 903 532 924 esse
554 894 588 925 in
612 899 726 925 natura
749 896 811 926 nisi
835 901 867 927 et
889 897 997 937 ipsum
1029 907 1086 938 per
1115 899 1258 939 aliquam
1281 900 1372 931 diffe-

295 938 433 970 rentiam
457 938 622 975 limitetur,
647 949 688 970 eo
712 940 804 980 quod
826 941 934 981 ipsum
965 943 1063 972 etiam
1092 952 1195 982 genus
1218 945 1271 980 sit;
1295 955 1371 975 nam

295 992 400 1023 genus
414 984 612 1023 proximum,
636 984 811 1017 limitatum
834 985 874 1016 ad
898 995 998 1017 unam
1021 988 1175 1027 speciem,
1192 998 1259 1019 non
1277 990 1372 1029 exigit

297 1027 393 1060 aliam
416 1027 630 1060 differentiam
653 1029 693 1060 ad
716 1030 780 1060 hoc
804 1030 895 1070 quod
919 1031 969 1061 sit.

351 1072 494 1104 Adverte
517 1073 625 1110 etiam,
643 1083 720 1105 cum
742 1074 861 1106 dicitur
884 1075 975 1115 quod
999 1077 1184 1108 universale
1207 1083 1237 1108 et
1259 1078 1372 1119 singu-

298 1117 369 1148 lare
383 1123 462 1149 sunt
475 1117 682 1159 differentiae
696 1120 780 1150 entis
795 1124 854 1150 aut
863 1120 1046 1160 passiones,
1061 1121 1151 1161 quod
1166 1122 1254 1162 largo
1271 1123 1372 1153 modo

298 1161 435 1194 Sanctus
459 1162 606 1193 Thomas
632 1164 750 1203 accipit
780 1163 983 1195 differentias.
1015 1166 1109 1202 Nam,
1135 1174 1170 1196 ut
1193 1168 1340 1207 superius
1356 1168 1373 1184 ἦ

297 1213 346 1241 est
368 1213 547 1243 ostensum,
571 1216 628 1238 ens
652 1207 846 1239 differentias
868 1209 986 1240 habere
1009 1220 1077 1241 non
1102 1217 1221 1251 potest:
1246 1211 1303 1242 sed
1326 1211 1373 1242 di-

297 1257 416 1287 cuntur
447 1250 644 1282 differentiae
673 1253 766 1289 entis,
798 1254 875 1294 quia
905 1255 1066 1295 explicant
1098 1256 1224 1297 aliquos
1255 1256 1373 1287 modos

297 1296 425 1328 essendi
436 1297 621 1342 oppositos,
639 1298 698 1338 qui
712 1299 847 1330 nomine
864 1299 947 1330 entis
961 1309 1030 1330 non
1046 1301 1280 1340 exprimuntur.
1298 1301 1373 1332 Non

284 1343 391 1372 curat
411 1346 521 1372 autem
536 1340 673 1372 Sanctus
686 1341 832 1374 Thomas
855 1353 897 1374 an
919 1343 1068 1375 dicantur
1083 1345 1147 1376 isto
1162 1345 1264 1376 modo
1281 1345 1373 1386 diffe-

297 1390 434 1422 natue,
461 1385 516 1416 vel
543 1386 647 1426 magis
671 1387 856 1427 passiones,
881 1389 959 1428 quia
987 1389 1027 1419 ad
1058 1390 1262 1430 propositum
1293 1390 1374 1420 nihil

295 1429 404 1465 nabrt.
427 1429 589 1461 Videntur
610 1436 721 1462 autem
743 1433 846 1473 magis
868 1434 1036 1473 passiones
1060 1443 1129 1464 esse
1157 1443 1256 1474 quam
1283 1434 1374 1465 diffe-

295 1475 429 1511 rentiae,
453 1479 588 1515 propter
609 1476 867 1516 implicationem
891 1478 1080 1510 intentionis
1102 1478 1275 1509 secundae.

352 1519 406 1551 1v.
427 1518 567 1556 Quarto.
593 1520 630 1551 ln
653 1522 842 1561 cognitione
865 1521 974 1553 divina
994 1524 1180 1554 continetur
1194 1523 1303 1554 omnis
1318 1532 1375 1554 co-

295 1565 453 1606 monis
467 1563 637 1605 perfectio.
662 1565 750 1606 Ergo
766 1567 938 1607 cognoscit
951 1567 1136 1608 singularia.
1151 1586 1174 1590 —
1189 1567 1281 1598 Patet
1295 1576 1375 1597 con-

295 1609 476 1651 sequentia.
496 1609 584 1648 Quia
598 1610 633 1641 in
646 1610 712 1641 hoc
727 1610 914 1652 aliquorum
929 1613 1203 1652 cognoscentium
1217 1611 1375 1652 perfectio

296 1655 455 1690 consistit.
470 1672 494 1677 -
508 1655 717 1687 Antecedens
731 1665 810 1687 vero
826 1657 992 1697 probatur.
1009 1656 1100 1688 Sicut
1111 1657 1201 1688 Deus
1216 1662 1264 1687 est
1279 1665 1375 1687 suum

296 1708 378 1737 me,
395 1699 441 1731 ita
465 1704 514 1730 est
535 1709 633 1731 suum
655 1700 846 1742 intelligere.
871 1700 935 1732 Sed
958 1711 997 1733 ex
1020 1701 1085 1733 hoc
1109 1700 1200 1742 quod
1216 1706 1264 1732 est
1278 1710 1375 1732 suum

297 1752 378 1781 eme,
402 1744 611 1776 continentur
626 1745 660 1776 in
674 1746 749 1786 ipso
772 1755 888 1777 omnes
911 1745 1128 1786 perfectiones
1151 1745 1278 1777 essendi
1293 1746 1377 1777 sicut

296 1789 341 1825 iu
354 1789 460 1830 prima
482 1789 610 1821 essendi
633 1791 769 1830 origine.
794 1791 882 1831 Ergo
899 1800 938 1822 ex
952 1791 1017 1822 hoc
1033 1790 1124 1832 quod
1141 1795 1188 1821 est
1206 1799 1303 1822 suum
1320 1799 1376 1821 co-

242 1847 244 1851 ·
295 1842 455 1876 gnoscere
470 1839 602 1875 oportet
613 1835 704 1875 quod
715 1835 749 1866 in
761 1835 832 1866 eius
847 1836 1036 1875 cognitione
1048 1836 1254 1867 contineatur
1269 1836 1377 1866 omnis

297 1879 496 1920 cognitionis
518 1878 677 1919 perfectio
700 1880 784 1910 sicut
806 1881 841 1911 in
864 1881 972 1921 primo
995 1881 1194 1920 cognitionis
1216 1880 1319 1911 fonte.

352 1923 495 1955 Adverte
507 1923 608 1964 quod,
621 1925 704 1956 sicut
715 1925 947 1965 cognoscentia
958 1925 992 1955 in
1004 1924 1127 1965 duplici
1142 1934 1250 1955 rerum
1262 1923 1376 1955 ordine

297 1968 512 2005 collocantur,
535 1969 658 2000 scilicet
679 1969 714 2000 in
738 1968 852 2000 ordine
876 1969 1001 2000 entium
1018 1974 1050 2000 et
1064 1969 1098 2000 in
1122 1968 1236 2000 ordine
1252 1978 1376 2008 cogno-

297 2014 470 2049 scentium,
494 2013 538 2044 ita
561 2018 692 2053 oportet
723 2013 814 2053 quod
837 2013 878 2044 ad
901 2013 967 2044 duo
994 2014 1099 2054 prima
1128 2013 1333 2049 reducantur,
1358 2023 1376 2044 a

297 2058 418 2099 quibus
432 2058 495 2098 ipsi
511 2057 642 2089 ordines
658 2059 818 2098 originem
835 2059 1059 2099 exemplariter
1082 2058 1212 2089 ducant.
1230 2058 1270 2089 Et
1288 2057 1375 2094 ideo,

298 2103 383 2135 sicut
405 2108 566 2143 quantum
590 2102 630 2133 ad
654 2102 803 2134 ordinem
827 2103 951 2134 entium
975 2102 1175 2134 reducuntur
1193 2103 1227 2133 in
1244 2112 1313 2133 esse
1327 2102 1375 2133 di-

298 2148 414 2179 vinum
437 2153 593 2188 tanquam
617 2148 651 2178 in
674 2147 708 2178 id
731 2146 822 2188 quod
845 2153 893 2178 est
916 2147 1080 2188 exemplar
1102 2147 1210 2178 omnis
1233 2156 1313 2183 esse,
1332 2147 1377 2178 ita

298 2191 481 2223 secundum
497 2191 589 2232 quod
604 2197 680 2222 sunt
695 2193 729 2222 in
745 2191 860 2223 ordine
880 2193 1160 2232 cognoscentium,
1177 2191 1377 2222 reducuntur

298 2238 333 2270 in
348 2236 491 2268 divinam
504 2236 727 2276 cognitionem
740 2237 823 2268 sicut
838 2237 872 2268 in
885 2237 1102 2277 exemplarem
1114 2235 1253 2267 formam
1269 2237 1376 2267 omnis

298 2282 506 2322 cognitionis.
530 2281 667 2321 Propter
688 2281 753 2312 hoc
775 2282 883 2321 inquit
905 2281 1043 2313 Sanctus
1066 2281 1212 2312 Thomas
1235 2280 1328 2321 quod
1342 2281 1376 2311 in

298 2327 369 2368 ipsa
392 2327 579 2357 continetur
601 2326 709 2357 omnis
733 2326 929 2366 cognitionis
948 2325 1106 2367 perfectio
1121 2326 1207 2357 sicut
1221 2325 1254 2356 in
1265 2325 1376 2365 primo

298 2370 500 2413 cognitionis
513 2371 624 2412 fonte.

304 2447 314 2450 ,,
355 2415 395 2447 V.
414 2415 549 2452 Quinto.
573 2414 742 2455 Quicquid
765 2415 868 2446 homo
891 2414 1068 2450 intellectu,
1091 2413 1323 2454 imaginatione
1346 2418 1378 2443 et

299 2469 398 2492 sensu
413 2460 594 2500 cognoscit,
610 2459 700 2491 Deus
720 2469 789 2490 uno
813 2465 846 2490 et
868 2459 1009 2500 simplici
1030 2467 1092 2489 suo
1115 2458 1282 2489 intellectu
1298 2467 1378 2488 con-

299 2504 427 2537 siderat.
452 2505 540 2545 Ergo
563 2504 737 2545 singularia
751 2505 935 2545 cognoscit:
960 2503 1015 2534 illa
1035 2503 1122 2533 enim
1138 2512 1235 2533 sensu
1251 2507 1283 2532 et
1298 2502 1379 2550 ima—

300 2550 467 2590 ginatione
499 2549 740 2590 cognoscimus.
763 2566 788 2572 -—
809 2549 968 2579 Probatur
994 2547 1198 2578 antecedens.
1222 2546 1310 2585 Quia
1331 2547 1379 2577 vis

301 2594 524 2635 cognoscitiva
550 2594 586 2624 in
612 2594 685 2624 Deo
716 2599 764 2624 est
792 2594 941 2634 superior
965 2601 1065 2633 quam
1097 2593 1131 2622 in
1164 2592 1309 2622 homine.
1342 2591 1379 2622 ln

301 2640 456 2671 omnibus
478 2643 589 2670 autem
611 2638 783 2670 virtutibus
807 2638 961 2669 ordinatis
984 2637 1203 2668 communiter
1217 2636 1380 2667 invenitur

302 2683 395 2724 quod
416 2685 518 2715 virtus
541 2684 690 2724 superior
712 2682 754 2714 ad
776 2683 870 2724 plura
893 2692 927 2714 se
951 2681 1094 2713 extendit
1117 2682 1206 2712 unita
1231 2682 1379 2717 existens,

301 2728 436 2762 inferior
450 2738 529 2759 vero
553 2727 594 2759 ad
616 2728 771 2768 pauciora
794 2733 826 2759 et
849 2727 1072 2767 multiplicata,
1089 2732 1125 2757 ut
1140 2731 1228 2766 patet
1243 2725 1283 2756 de
1299 2726 1378 2756 ima-

302 2773 468 2814 ginatione
493 2778 525 2804 et
546 2782 658 2804 sensu:
683 2773 890 2813 imaginativa
913 2773 1000 2803 enim
1024 2772 1124 2802 virtus
1148 2770 1188 2801 ad
1211 2770 1322 2801 omnia
1345 2779 1378 2800 se

301 2817 446 2853 extendit
470 2818 510 2848 ad
533 2825 618 2857 quae
642 2827 755 2848 sensus
779 2818 963 2853 exteriores,
988 2822 1020 2847 et
1043 2817 1139 2846 etiam
1164 2814 1203 2845 ad
1226 2814 1328 2855 plura.

360 2871 391 2894 2.
415 2861 480 2894 Sed
510 2863 651 2893 occurrit
677 2862 816 2893 dubium
844 2863 928 2893 circa
958 2860 1207 2892 fundamentum
1236 2859 1378 2890 rationis.

303 2907 389 2939 Nam
414 2907 598 2938 intellectus
630 2907 794 2938 humanus
827 2912 875 2938 est
907 2907 1055 2947 superior
1086 2904 1316 2944 imaginatione
1348 2908 1380 2934 et

303 2961 412 2988 sensu,
437 2957 469 2983 et
491 2957 601 2983 tamen
624 2961 692 2983 non
716 2952 886 2992 cognoscit
909 2951 1091 2992 singularia,
1116 2958 1200 2989 quae
1228 2958 1325 2979 sensu
1349 2953 1381 2978 et

303 2997 535 3037 imaginatione
559 3002 814 3037 cognoscuntur.
838 2997 925 3036 Ergo
949 2994 1030 3027 illud
1045 2994 1292 3025 fundamentum
1311 3002 1380 3023 non

304 3047 355 3073 est
375 3041 599 3073 universaliter
621 3051 746 3078 verum,
770 3041 862 3082 quod
884 3042 985 3072 virtus
1009 3040 1156 3080 superior
1179 3047 1212 3068 se
1232 3037 1381 3068 extendat

304 3086 347 3118 ad
370 3086 482 3117 omnia
503 3086 539 3117 in
562 3095 647 3126 quae
670 3085 805 3117 inferior
827 3091 936 3127 potest
959 3091 990 3116 et
1014 3083 1119 3115 adhuc
1142 3084 1175 3113 in
1199 3082 1301 3122 plura.

361 3130 546 3171 Tripliciter
569 3130 609 3161 ad
630 3131 696 3162 hoc
719 3136 828 3171 potest
856 3129 1055 3170 responderi.
1086 3129 1205 3163 Primo,
1229 3125 1380 3167 negando

303 3181 520 3216 assumptum.
545 3175 652 3207 Immo
675 3176 858 3207 intellectus
882 3181 992 3206 noster
1014 3178 1122 3214 potest
1137 3171 1310 3212 singularia
1324 3180 1381 3201 co-

302 3230 474 3262 gnoscere,
497 3221 646 3252 absolute
675 3220 911 3256 consideratus;
936 3220 1011 3250 licet
1042 3228 1079 3248 ea
1110 3227 1178 3247 non
1205 3220 1382 3255 cognoscat

306 3266 370 3299 nisi
383 3265 539 3296 indirecte
551 3271 584 3296 et
593 3265 723 3302 reflexe,
737 3266 932 3296 coniunctus
944 3264 1084 3303 corpori,
1097 3266 1230 3302 propter
1244 3259 1382 3290 modum

304 3309 508 3351 intelligendi
531 3319 632 3350 quem
654 3310 761 3347 habet,
785 3310 906 3340 scilicet
929 3318 987 3349 per
1009 3307 1257 3338 abstractionem
1281 3315 1299 3334 a
1313 3314 1382 3355 ma-

305 3355 395 3387 teria.
420 3354 516 3386 Unde
539 3360 704 3396 separatus
726 3355 782 3386 illa
804 3355 923 3395 poterit
946 3361 1143 3393 cognoscere
1166 3360 1224 3391 per
1246 3358 1381 3389 species,

304 3409 376 3431 non
400 3400 582 3436 abstractas,
606 3399 664 3431 sed
685 3399 817 3431 infusas.

363 3444 527 3481 Secundo,
544 3445 636 3485 quod
651 3445 834 3485 propositio
854 3442 963 3474 Sancti
978 3441 1128 3472 Thomae
1147 3439 1334 3478 intelligitur
1348 3438 1382 3468 in

307 3490 430 3521 naturis
453 3489 610 3520 distinctis
640 3495 672 3519 et
702 3489 874 3529 completis
897 3489 930 3518 in
958 3486 1075 3526 specie,
1101 3482 1285 3515 cuiusmodi
1307 3487 1383 3512 sunt

308 3533 408 3570 Deus,
425 3534 559 3574 angelus
575 3539 607 3565 et
622 3534 741 3565 homo:
765 3543 835 3564 non
858 3537 967 3563 autem
992 3531 1024 3560 in
1047 3529 1218 3559 virtutibus
1237 3526 1383 3558 eiusdem

303 3584 451 3615 naturae,
467 3580 551 3609 sicut
567 3584 615 3609 est
636 3579 671 3609 in
694 3578 865 3618 proposito
889 3576 930 3607 de
952 3575 1128 3609 intellectu,
1152 3572 1382 3612 imaginatione

306 3628 341 3654 et
364 3632 475 3660 sensu;
501 3624 588 3663 quia,
603 3623 679 3653 licet
694 3623 773 3653 istae
789 3623 852 3652 sint
868 3621 1011 3652 diversae
1026 3619 1168 3652 virtutes,
1185 3621 1260 3647 sunt
1273 3621 1383 3646 tamen

306 3676 426 3698 omnes
447 3667 590 3698 hominis
612 3668 755 3703 virtutes,
780 3667 838 3706 qui
861 3671 909 3696 est
927 3665 1024 3695 unius
1047 3662 1176 3703 speciei.
1192 3679 1215 3684 —
1231 3659 1295 3691 Sed
1313 3670 1382 3690 non

2423 302 2489 338 181

1426 367 1552 400 videtur
1574 370 1633 400 ista
1656 372 1825 410 responsio
1853 372 1894 403 ad
1923 379 2066 406 mentem
2094 375 2202 407 Sancti
2226 377 2384 408 Thomae.
2409 378 2495 416 Quia

1427 417 1458 442 et
1480 413 1533 443 hic
1563 418 1595 443 et
1624 414 1698 444 alibi
1714 415 1731 431 ὕ
1755 415 1795 446 ad
1825 416 2118 450 manifestationem
2147 420 2233 451 illius
2262 423 2495 462 propositionis

1427 456 1480 486 dat
1503 458 1689 508 exemplum
1713 458 1752 489 de
1774 460 2004 501 imaginatione
2027 469 2059 494 et
2081 473 2188 501 sensu,
2205 474 2288 505 quae
2311 471 2421 498 tamen
2435 468 2494 498 uni

1427 508 1626 532 conveniunt
1649 508 1791 534 naturae.

1485 545 1597 576 Tertio
1621 552 1728 586 potest
1751 549 1939 588 responderi
1954 550 2045 590 quod
2060 552 2240 584 intellectus
2262 559 2372 585 noster
2385 561 2493 595 potest

1426 598 1624 629 cognoscere
1647 592 1829 631 singularia,
1846 593 1902 623 sed
1921 594 2023 625 modo
2046 596 2251 627 eminentiori
2265 607 2364 638 quam
2379 609 2492 631 sensus

1426 639 1459 664 et
1480 634 1678 674 imaginatio.
1704 636 1798 667 Unde
1821 638 2002 678 propositio
2027 638 2134 671 Sancti
2157 641 2315 679 Thomae,
2338 652 2422 683 quae
2445 650 2492 675 est

1425 678 1540 715 Boefii,
1565 679 1594 709 V
1617 680 1657 710 de
1674 680 1806 712 Consol.
1823 682 1850 717 ἢ,
1874 682 2070 723 intelligitur,
2094 690 2131 715 ut
2153 684 2268 716 dicitur
2289 687 2396 724 Verit„
2413 697 2446 728 q.
2458 699 2491 724 11,

1426 732 1454 752 a.
1471 723 1502 759 6,
1527 723 1568 754 ad
1590 733 1622 763 4,
1647 730 1679 755 et
1702 734 1733 765 q.
1751 736 1780 762 x,
1805 735 1833 757 a.
1851 726 1881 762 5,
1906 726 1946 757 ad
1971 728 2000 763 5,
2025 733 2057 758 et
2078 728 2194 765 Prima,
2219 739 2250 770 q.
2266 740 2389 767 rxxxvr,
2413 742 2442 762 a.
2464 741 2490 769 1,

1425 767 1466 798 ad
1487 777 1520 806 4,
1545 769 1635 808 quod
1657 770 1811 810 quicquid
1836 775 1944 810 potest
1965 772 2069 803 uirtus
2092 773 2234 814 inferior
2256 780 2365 814 potest
2389 777 2492 808 virtus

1424 813 1586 852 superior,
1609 814 1667 844 sed
1688 815 1895 845 eminentiori
1921 816 2028 847 modo.
2062 817 2126 847 Ubi
2154 819 2423 850 considerandum
2446 826 2493 852 est

1426 856 1526 896 quod,
1551 858 1627 898 quia
1649 864 1762 889 natura
1789 860 1975 890 universalis
2005 866 2091 891 extra
2119 862 2318 893 intellectum
2348 873 2417 894 non
2446 870 2494 895 est

1424 901 1551 931 realiter
1567 901 1714 933 distincta
1731 913 1748 933 a
1763 909 1876 934 natura
1891 905 2052 944 singulari,
2069 905 2126 936 sed
2141 906 2174 936 in
2190 906 2262 946 ipso
2278 907 2431 947 singulari
2445 909 2494 939 in-

1426 944 1665 978 dividuantibus
1681 948 1923 979 conditionibus
1939 954 1986 979 est
2000 949 2144 986 limitata,
2159 950 2235 981 ideo
2251 952 2308 991 qui
2327 953 2494 992 cognoscit

1426 995 1573 1021 naturam
1605 992 1830 1028 universalem,
1859 994 2027 1033 cognoscit
2053 999 2085 1024 et
2110 1000 2258 1026 naturam
2290 996 2494 1036 singularem.

1427 1034 1491 1065 Sed
1505 1045 1618 1066 verum
1635 1042 1683 1066 est
1698 1036 1789 1076 quod
1809 1038 1866 1077 qui
1886 1038 2054 1077 cognoscit
2075 1039 2180 1078 ipsam
2203 1039 2324 1079 absque
2347 1040 2494 1072 acciden-

1426 1079 1512 1109 tibus
1534 1079 1820 1118 individuantibus,
1845 1083 2012 1122 cognoscit
2034 1083 2138 1123 ipsam
2161 1089 2197 1114 ut
2219 1085 2442 1121 universalem,
2463 1091 2494 1116 et

1426 1123 1678 1155 immaterialiter
1702 1131 1733 1156 et
1749 1127 1917 1156 abstracte:
1939 1127 1996 1166 qui
2012 1132 2121 1158 autem
2144 1129 2312 1168 cognoscit
2333 1129 2436 1169 ipsam
2458 1135 2495 1160 ut

1426 1168 1643 1199 materialibus
1674 1170 1914 1201 conditionibus
1944 1170 2198 1208 determinatam,
2221 1173 2325 1212 ipsam
2347 1174 2494 1204 materia-

1427 1212 1498 1242 liter
1521 1214 1699 1252 cognoscit,
1723 1220 1755 1245 et
1778 1221 1928 1246 concrete
1951 1215 1991 1246 ad
2013 1216 2170 1257 principia
2197 1216 2438 1254 individuantia,
2463 1223 2494 1248 et

1426 1257 1620 1296 inquantum
1645 1263 1692 1288 est
1714 1259 1890 1299 singularis.
1914 1259 2065 1300 Intelligit
2087 1269 2163 1301 ergo
2185 1261 2367 1292 intellectus
2386 1267 2495 1293 noster

1427 1301 1637 1332 substantiam
1664 1312 1748 1342 quae
1778 1308 1826 1333 est
1855 1304 2032 1344 singularis,
2056 1305 2261 1336 eminentiori
2277 1305 2395 1336 modo:
2418 1308 2494 1347 quia

1427 1345 1530 1385 ipsam
1543 1347 1762 1378 universaliter
1774 1353 1806 1378 et
1817 1348 2066 1379 immaterialiter
2077 1351 2255 1389 cognoscit,
2262 1359 2375 1381 sensus
2386 1356 2493 1382 autem

1427 1390 1640 1422 materialiter.
1659 1391 1701 1422 Et
1719 1392 1764 1422 sic
1782 1392 1935 1422 nobiliori
1954 1392 2055 1423 modo
2075 1395 2256 1433 cognoscit:
2277 1403 2353 1426 cum
2372 1404 2494 1435 cogno-

1428 1440 1494 1465 scat
1509 1435 1617 1475 ipsum
1633 1436 1792 1475 singulare
1811 1442 1970 1476 quantum
1986 1436 2026 1468 ad
2041 1443 2188 1468 naturam
2202 1439 2349 1470 intimam
2364 1440 2494 1479 speciei,

1428 1488 1541 1509 sensus
1563 1485 1673 1510 autem
1697 1485 1855 1520 quantum
1879 1480 1919 1511 ad
1941 1482 2116 1512 materialia
2138 1482 2324 1513 accidentia.

1486 1523 1516 1554 3.
1541 1523 1605 1554 Sed
1628 1523 1734 1554 adhuc
1765 1534 1834 1555 non
1864 1524 1990 1555 videtur
2018 1525 2077 1556 ista
2106 1528 2274 1566 responsio
2303 1527 2494 1558 satisfacere.

1428 1567 1504 1597 Non
1528 1568 1616 1598 enim
1640 1567 1765 1599 videtur
1787 1569 1901 1599 salvari
1922 1570 2084 1600 intentum
2106 1571 2237 1601 rationis
2260 1571 2312 1601 hic
2334 1571 2495 1603 inductae.

1429 1612 1514 1642 Nam
1536 1612 1606 1643 vult
1629 1612 1765 1643 Sanctus
1783 1613 1928 1644 Thomas
1943 1614 1996 1644 hic
2011 1614 2206 1645 concludere
2230 1614 2321 1655 quod
2335 1616 2424 1646 Deus
2440 1626 2496 1647 co-

1429 1657 1557 1696 gnoscit
1579 1657 1750 1696 singularia
1772 1666 1841 1688 non
1864 1658 1971 1688 solum
1996 1664 2154 1697 quantum
2177 1658 2218 1690 ad
2247 1660 2417 1691 essentiam
2439 1670 2497 1700 per

1430 1701 1677 1731 abstractionem
1694 1711 1712 1731 a
1724 1701 1965 1732 conditionibus
1980 1703 2206 1739 materialibus,
2219 1703 2275 1733 sed
2287 1704 2384 1734 etiam
2395 1714 2498 1745 quan-

1429 1750 1501 1776 tum
1523 1745 1564 1776 ad
1586 1746 1672 1786 ipsas
1695 1746 1873 1777 materiales
1896 1745 2108 1777 conditiones.
2139 1747 2225 1787 Ergo
2256 1754 2385 1788 oportet
2409 1749 2498 1779 illam

1430 1790 1691 1830 propositionem
1702 1787 1879 1831 intelligere
1892 1790 1932 1821 de
1945 1790 2061 1822 eodem
2073 1791 2174 1822 modo
2187 1793 2394 1832 cognitionis:
2408 1793 2498 1833 quod

1430 1835 1552 1866 scilicet
1575 1834 1732 1875 quicquid
1755 1835 1923 1875 cognoscit
1938 1836 2038 1865 virtus
2052 1835 2195 1872 inferior,
2211 1841 2318 1876 potest
2332 1838 2430 1868 virtus
2445 1846 2498 1868 su-

1430 1879 1538 1919 perior
1560 1879 1678 1910 eodem
1701 1879 1803 1910 modo
1827 1889 2035 1919 cognoscere.

1486 1924 1613 1954 Dicitur
1646 1924 1763 1964 primo,
1795 1923 1886 1964 quod
1916 1923 2073 1964 quicquid
2101 1930 2209 1964 potest
2238 1925 2337 1956 virtus
2367 1924 2499 1956 inferior

1429 1973 1538 2008 potest
1561 1969 1718 2008 superior,
1742 1977 1870 2008 semper
1893 1967 2026 2007 quidem
2048 1969 2200 1999 nobiliori
2223 1969 2324 2000 modo
2348 1979 2387 1999 ex
2408 1974 2498 2009 parte

1430 2012 1602 2052 operantis,
1627 2011 1802 2052 aliquando
1826 2021 1903 2042 vero
1928 2013 2024 2042 etiam
2047 2022 2086 2043 ex
2108 2018 2197 2053 parte
2220 2014 2351 2052 cogniti.
2376 2012 2439 2044 Sed
2459 2023 2498 2044 ex

1428 2062 1518 2097 parte
1542 2057 1663 2096 cogniti
1678 2056 1848 2096 dupliciter
1863 2062 1971 2096 potest
1986 2066 2069 2087 esse:
2094 2062 2150 2087 aut
2165 2057 2241 2097 quia
2256 2057 2376 2088 scilicet
2390 2063 2498 2097 potest

1429 2111 1497 2132 non
1513 2101 1647 2141 quidem
1661 2102 1695 2131 in
1711 2100 1803 2131 illum
1826 2100 1963 2131 modurn
1980 2101 2098 2132 obiecti
2113 2102 2147 2132 in
2163 2111 2262 2142 quem
2277 2106 2383 2142 potest
2398 2102 2497 2132 virtus

1428 2144 1571 2181 inferior,
1588 2145 1644 2177 sed
1660 2146 1736 2186 quia
1759 2150 1866 2185 potest
1888 2146 1922 2176 in
1944 2145 2086 2186 aliquem
2109 2146 2322 2186 superiorem3
2347 2151 2401 2176 aut
2422 2147 2498 2186 quia

1430 2195 1462 2221 et
1476 2190 1511 2220 in
1526 2190 1619 2221 illum
1634 2189 1772 2221 modum
1788 2194 1896 2230 potest
1911 2195 1943 2220 et
1962 2190 1995 2220 in
2019 2190 2160 2230 aliquem
2183 2190 2293 2220 alium.
2317 2190 2497 2221 Intellectus

1429 2235 1526 2274 igitur
1548 2240 1658 2265 noster
1681 2235 1850 2274 cognoscit
1873 2234 2044 2274 singularia
2065 2234 2218 2264 nobiliori
2235 2233 2336 2264 modo
2353 2244 2392 2265 ex
2406 2240 2496 2274 parte

1430 2279 1637 2319 intelligentis
1654 2284 1685 2309 et
1703 2279 1750 2309 rei
1772 2278 1953 2309 intellectae
1970 2287 2068 2318 quam
2091 2287 2214 2314 sensus,
2231 2279 2306 2318 quia
2322 2283 2370 2309 est
2384 2279 2497 2309 imma-

1431 2323 1549 2354 terialis
1571 2323 1605 2354 in
1629 2322 1871 2362 cognoscendo,
1896 2327 1927 2353 et
1950 2323 2097 2362 intelligit
2111 2331 2180 2353 rem
2195 2332 2263 2353 non
2285 2328 2443 2362 quantum
2458 2323 2498 2354 ad

1432 2368 1502 2398 eius
1524 2366 1701 2398 accidentia
1730 2367 1916 2402 extrinseca,
1941 2368 2023 2397 sicut
2053 2376 2175 2403 sensus,
2199 2366 2256 2398 sed
2279 2372 2436 2407 quantum
2459 2367 2499 2398 ad

1430 2413 1535 2453 ipsam
1559 2411 1781 2452 quidditatern.
1806 2411 1842 2442 ln
1866 2411 1937 2442 Deo
1960 2416 2070 2442 autem
2094 2417 2141 2442 est
2162 2411 2280 2442 modus
2307 2412 2500 2442 eminentior

1432 2466 1531 2497 quam
1554 2457 1594 2487 sit
1616 2455 1736 2486 modus
1758 2455 1940 2486 intellectus
1969 2457 2071 2486 nostri
2094 2461 2126 2486 et
2148 2465 2270 2492 sensus,
2294 2461 2326 2486 et
2349 2465 2387 2486 ex
2409 2462 2499 2496 parte

1433 2501 1659 2542 cognoscentis
1687 2506 1719 2531 et
1742 2509 1780 2531 ex
1809 2506 1899 2540 parte
1929 2501 2060 2540 cogniti,
2085 2501 2161 2540 quia
2192 2510 2303 2531 sensus
2333 2501 2500 2540 cognoscit

1431 2552 1558 2577 tantum
1581 2544 1759 2576 accidentia
1773 2544 1948 2575 materialia
1963 2554 2021 2584 per
2040 2554 2085 2581 se,
2108 2545 2289 2575 intellectus
2308 2550 2416 2575 noster
2430 2550 2499 2575 tan-

1432 2596 1503 2622 tum
1518 2595 1665 2621 naturam
1682 2594 1714 2619 et
1728 2589 1939 2619 substantiam
1955 2590 2034 2625 eius,
2052 2589 2232 2619 intellectus
2248 2594 2356 2619 autem
2373 2588 2499 2620 divinus

1433 2635 1602 2676 cognoscit
1625 2640 1656 2664 et
1679 2633 1888 2664 substantiam
1911 2638 1943 2663 et
1965 2632 2151 2669 accidentia,
2167 2642 2251 2673 quae
2267 2638 2315 2663 est
2328 2633 2500 2673 perfectior

1433 2680 1577 2720 cognitio
1607 2678 1775 2718 singularis
1806 2678 2000 2717 inquantum
2030 2682 2077 2708 est
2106 2677 2279 2717 singulare;
2304 2682 2336 2707 et
2366 2677 2498 2707 ulterius

1432 2725 1502 2755 eius
1525 2723 1669 2763 cognitio
1693 2727 1741 2753 est
1763 2722 1961 2752 nobilissima
1985 2731 2023 2752 ex
2046 2727 2135 2762 parte
2158 2721 2392 2761 cognoscentis.

1488 2768 1614 2799 Dicitur
1635 2766 1791 2803 secundo,
1816 2766 1906 2806 quod
1929 2775 2027 2796 omne
2050 2765 2140 2806 quod
2163 2771 2270 2805 potest
2291 2766 2390 2795 virtus
2417 2765 2498 2796 infe-

1431 2814 1497 2844 rior
1519 2817 1628 2853 potest
1651 2817 1683 2842 et
1705 2811 1861 2851 superior,
1878 2810 2053 2851 aliquando
2077 2811 2173 2841 etiam
2197 2809 2312 2840 eodem
2335 2809 2436 2840 modo
2460 2819 2498 2839 ex

1433 2863 1523 2899 parte
1546 2857 1674 2892 obiecti,
1699 2856 1774 2896 quia
1798 2855 1919 2886 scilicet
1941 2854 2040 2886 fertur
2062 2855 2096 2885 in
2118 2855 2210 2885 illum
2228 2853 2365 2884 modum
2381 2854 2499 2885 obiecti

1432 2904 1466 2933 in
1490 2911 1590 2942 quern
1613 2901 1712 2932 fertur
1734 2899 1876 2936 inferior,
1900 2900 1974 2930 licet
1993 2905 2024 2930 et
2042 2900 2075 2930 in
2099 2899 2239 2939 aliquem
2263 2899 2360 2929 alium
2383 2899 2498 2938 possit:

1433 2948 1469 2983 si,
1493 2947 1639 2987 inquam,
1657 2955 1695 2976 ex
1710 2950 1799 2985 parte
1815 2945 1988 2985 superioris
2010 2953 2079 2974 non
2102 2945 2141 2974 sit
2165 2943 2285 2983 aliquid
2306 2952 2497 2983 repugnans.

1434 2991 1529 3023 Unde
1553 2990 1631 3022 dixit
1653 2990 1788 3020 Sanctus
1804 2989 1949 3019 Thomas
1965 2988 2045 3019 illud
2060 2988 2273 3019 communiter
2286 2997 2398 3018 verum
2414 2996 2497 3017 esse:

1434 3037 1526 3077 quasi
1549 3035 1682 3066 diceret:
1709 3034 1766 3064 Est
1788 3033 2008 3064 universaliter
2022 3042 2135 3063 verum
2154 3032 2244 3072 quod
2261 3037 2367 3071 potest
2383 3031 2498 3061 eodem

1433 3080 1546 3117 modo,
1559 3080 1623 3110 nisi
1638 3079 1825 3109 inveniatur
1835 3077 1960 3119 aliquid
1971 3087 2159 3118 repugnans
2171 3077 2203 3107 in
2216 3076 2387 3116 superiori.
2400 3075 2500 3113 Quod

1435 3124 1608 3156 etiam'dat
1630 3123 1807 3163 intelligere
1829 3123 1936 3159 Verit.,
1956 3132 1986 3162 q.
2003 3132 2032 3158 x,
2050 3132 2077 3152 a.
2097 3122 2126 3157 5,
2143 3121 2183 3151 ad
2200 3121 2228 3156 5,
2250 3121 2315 3156 ubi,
2335 3129 2499 3160 exponens

1435 3170 1553 3201 dictam
1571 3169 1841 3209 propositionem,
1858 3167 1964 3207 inquit
1979 3165 2069 3206 quod
2085 3165 2166 3196 illud
2181 3165 2267 3205 quod
2275 3169 2384 3204 potest
2397 3164 2500 3194 virtus

1436 3214 1578 3256 inferior
1594 3218 1703 3254 potest
1724 3212 1885 3252 superior,
1911 3221 1976 3241 non
2001 3216 2106 3241 tamen
2125 3219 2249 3249 semper
2264 3209 2374 3239 eodem
2390 3208 2498 3244 modo,

1434 3259 1491 3291 sed
1513 3258 1708 3299 quandoque
1730 3256 1860 3287 altiori:
1884 3266 1922 3286 ex
1938 3265 2005 3295 quo
2021 3254 2211 3294 relinquitur
2227 3252 2316 3293 quod
2332 3253 2428 3283 etiam
2444 3253 2500 3283 ali-

1436 3302 1568 3344 quando
1582 3302 1698 3333 eodem
1714 3300 1816 3331 modo
1828 3305 1944 3340 potest,
1958 3300 2077 3330 scilicet
2088 3308 2126 3328 ex
2138 3303 2226 3338 parte
2242 3298 2369 3327 obiecti.
2387 3296 2500 3333 Modo,

1436 3349 1469 3380 in
1492 3347 1658 3378 intellectu
1678 3346 1788 3377 divino
1803 3345 1884 3375 nihil
1900 3349 1946 3375 est
1962 3343 2050 3383 quod
2064 3347 2222 3383 repugnet
2244 3342 2422 3381 cognitioni
2436 3341 2501 3371 sin-

1436 3393 1596 3433 gularium
1619 3392 1653 3421 in
1677 3400 1734 3421 sua
1756 3389 1981 3429 singularitate.
2013 3388 2048 3418 In
2071 3387 2235 3417 intellectu
2259 3391 2366 3416 autem
2388 3390 2500 3416 nostro

1438 3443 1484 3468 est
1507 3435 1629 3476 aliquid
1652 3443 1848 3475 repugnans:
1873 3434 1948 3473 quia
1970 3432 2090 3462 scilicet
2113 3431 2234 3470 species
2259 3431 2376 3470 quibus
2407 3429 2501 3460 intel-

1436 3482 1506 3521 ligit
1517 3486 1593 3511 sunt
1604 3478 1828 3510 similitudines
1840 3476 2068 3508 universalium
2079 3481 2214 3510 tantum,
2228 3484 2304 3505 cum
2314 3483 2373 3514 per
2384 3474 2502 3504 abstra-

1437 3526 1581 3556 ctionem
1612 3523 1775 3564 quandam
1805 3532 1823 3552 a
1852 3521 2091 3552 conditionibus
2120 3519 2393 3550 individuantibus
2422 3518 2502 3548 reci-

1437 3571 1566 3610 piantur
1581 3570 1615 3599 in
1630 3568 1806 3602 intellectu,
1823 3572 1859 3596 ut
1874 3565 2006 3595 inferius
2021 3565 2038 3580 ⁴*
2062 3563 2187 3594 dicitur.
2212 3563 2289 3594 Ideo
2311 3572 2380 3593 non
2395 3568 2503 3602 potest

1437 3614 1617 3645 intellectus
1633 3618 1742 3642 noster
1757 3610 1932 3649 intelligere
1948 3608 2118 3648 singularia
2130 3617 2170 3638 eo
2182 3607 2284 3638 modo
2297 3616 2364 3647 quo
2380 3616 2502 3643 sensus,

1439 3669 1477 3689 ex
1507 3663 1596 3698 parte
1627 3658 1673 3687 rei
1704 3656 1866 3695 cognitae:
1897 3652 1953 3684 sed
1982 3653 2187 3683 eminentiori
2217 3651 2318 3682 modo
2345 3651 2502 3691 intelligit.

2521 421 2733 470 ιοεμῑπῑῇτν-

2518 688 2527 695 ·
2543 686 2612 707 Prosa
2628 692 2658 707 iv.

2533 3568 2542 3577 ·
2550 3568 2574 3589 In
2585 3567 2630 3589 hoc
2640 3573 2699 3595 cap.;
2711 3566 2740 3588 cf.

2531 3600 2553 3616 n.
2564 3600 2614 3616 vm.
