2768 4134
55 756 66 767 ¹'
78 754 137 782 cap.
150 760 212 776 uvi.

0 2500 1 2506 ¹
50 2495 266 2525 wion-,Quem

0 2555 2 2557 ‚
53 2528 110 2552 ¹⁴⁹7
123 2522 141 2545 f.
154 2529 196 2545 av.

0 2576 3 2587 Ι

0 3817 10 3880 ἶ

0 4067 11 4134 κανεῖ,
10 4047 11 4050 Α
8 4019 13 4030 ,,

793 276 982 314 SUMMA
1011 276 1232 315 CONTRA
1260 277 1534 323 GENTILES,
1562 278 1656 314 LIB.
1682 278 1723 323 ll,
1754 277 1864 314 CAP.
1891 278 1988 314 XXI.

295 356 426 396 positio,
450 356 541 386 Deus
563 361 611 386 est
633 365 733 386 causa
756 357 891 392 essendi,
909 363 956 387 est
971 366 1045 387 vera
1064 357 1250 397 simpliciter
1266 363 1297 387 et
1313 357 1367 387 ab—

296 400 412 436 solute,
436 410 506 431 non
529 406 655 431 tanturn
678 400 858 431 secundum
883 401 977 441 quid:
1003 402 1085 432 sicut
1107 402 1179 438 ista,
1204 401 1298 442 Ignis
1321 406 1368 431 est

295 444 430 475 calidus.
454 445 516 475 Ista
539 450 658 481 autern,
675 444 787 475 Sortes
809 451 857 476 est
879 455 978 476 causa
994 446 1128 482 essendi,
1144 455 1213 476 non
1229 451 1276 476 est
1291 446 1367 476 sim-

295 489 421 529 pliciter
436 499 520 526 vera,
537 489 593 520 sed
608 495 734 520 tantum
751 499 827 520 cum
849 490 908 520 ista
931 490 1149 527 adiunctione,
1174 490 1367 520 instrumen—

296 534 423 564 taliter:
445 535 529 565 sicut
550 534 620 570 ista,
643 533 702 564 Sol
725 539 772 564 est
794 534 929 570 calidus,
955 544 1038 575 quae
1061 544 1130 566 non
1154 540 1200 565 est
1216 544 1290 565 vera
1305 534 1367 564 nisi

296 588 372 608 cum
403 579 463 609 ista
492 577 672 615 additione,
697 579 890 609 virtualiter.
922 579 963 610 Et
993 581 1052 610 iste
1083 588 1194 610 sensus
1226 578 1367 609 fortassis

295 623 428 663 quidem
451 628 499 654 est
521 632 616 654 verus
639 623 736 654 etiarn
759 633 818 664 pro
842 624 984 655 secunda
1013 630 1112 665 parte,
1137 632 1213 654 cum
1237 632 1367 654 causare

296 677 364 699 esse
387 677 456 698 non
479 668 668 698 conveniret
691 674 854 699 creaturae
885 669 946 699 nisi
977 674 1013 699 ut
1042 675 1090 699 est
1116 670 1366 699 instrumentum

294 711 421 742 divinae
444 712 579 749 virtutis,
604 712 794 744 ut‘inferius
824 714 919 744 tertio
942 712 1024 744 libro
1052 713 1162 744 multis
1189 713 1367 743 rationibus

295 756 475 787 ostenditur
489 758 519 787 *z
545 757 602 787 sed
625 767 692 788 non
716 763 763 788 est
786 758 838 789 hic
861 759 1013 789 intentus.

350 800 502 832 Secundo
525 801 638 838 modo,
663 811 775 833 sensus
798 808 846 833 est
868 802 959 843 quod
982 803 1071 833 Deus
1086 808 1134 833 est
1148 811 1207 842 per
1221 811 1256 832 se
1271 810 1367 832 causa

295 845 420 876 essendi
436 846 584 877 absolute
607 852 639 877 et
661 847 783 887 absque
807 847 872 878 ulla
895 847 1097 883 limitatione,
1120 847 1155 877 in
1174 855 1242 887 quo
1259 851 1367 876 osten-

294 888 379 920 ditur
399 890 490 931 quod
513 896 560 921 est
583 900 679 922 causa
702 892 939 932 cuiuscumque
962 891 1149 932 pertinentis
1165 890 1206 921 ad
1221 899 1290 920 esse
1310 890 1366 926 rei,

294 939 326 964 et
349 935 585 976 cuiuscumque
604 936 826 978 participantis
849 937 1007 966 rationem
1024 935 1149 966 essendi
1171 935 1367 975 inquantum

293 979 498 1010 huiusmodi:
523 981 616 1016 sicut,
641 989 717 1011 cum
745 980 882 1011 dicimus
906 980 996 1020 quod
1026 980 1182 1010 obiectum
1206 979 1292 1010 visus
1320 984 1368 1009 est

293 1024 477 1055 coloratum
491 1025 690 1065 simpliciter,
706 1025 916 1065 intelligimus
935 1024 1026 1065 quod
1049 1024 1229 1055 coloratum
1246 1024 1366 1064 absque

293 1068 359 1099 ulla
381 1069 575 1100 limitatione
599 1075 631 1099 et
653 1070 875 1100 contractione
899 1074 946 1100 est
968 1069 1055 1099 visus
1079 1068 1255 1104 obiectum,
1272 1074 1304 1098 et
1318 1067 1367 1098 id-

293 1113 380 1144 circo
403 1119 511 1154 potest
533 1114 621 1144 visus
643 1114 677 1143 in
701 1123 801 1144 omne
824 1114 1016 1144 coloratum.
1041 1113 1213 1143 Alia.vero
1241 1113 1367 1152 agentia

292 1167 361 1188 non
389 1163 464 1189 sunt
493 1167 589 1188 causa
619 1158 745 1189 essendi
775 1158 972 1198 simpliciter,
996 1157 1079 1188 idest
1106 1157 1227 1197 absque
1251 1157 1366 1187 limita-

291 1203 391 1239 tione,
416 1202 472 1233 sed
495 1202 620 1233 essendi
642 1203 714 1238 hoc,
737 1208 817 1243 puta
840 1203 1008 1233 hominem
1024 1202 1075 1232 vel
1095 1202 1214 1232 album.
1232 1202 1273 1232 Et
1290 1201 1366 1232 ideo

291 1256 360 1277 non
383 1252 459 1277 sunt
481 1256 578 1277 causa
602 1247 840 1287 cuiuscumque
862 1247 1050 1287 pertinentis
1073 1246 1114 1277 ad
1135 1247 1294 1276 rationem
1318 1255 1367 1276 es-

291 1291 392 1328 sendi,
415 1300 525 1331 neque
549 1292 785 1332 cuiuscumque
808 1292 997 1332 pertinentis
1020 1291 1060 1321 ad
1083 1300 1152 1321 esse
1174 1291 1230 1321 rei.

293 1344 324 1367 4-
338 1335 573 1366 ,limantem
603 1336 629 1366 si
659 1336 793 1366 addatur
816 1336 908 1376 quod
935 1336 1024 1366 Deus
1047 1341 1095 1366 est
1117 1335 1248 1375 propria
1271 1344 1367 1365 causa

291 1379 429 1416 essendi,
446 1380 490 1410 ita
505 1379 597 1420 quod
613 1381 683 1410 eius
697 1381 849 1421 proprius
864 1379 998 1411 effectus
1013 1385 1061 1410 est
1084 1389 1141 1410 ens
1164 1379 1365 1420 simpliciter;

291 1424 437 1464 sequitur
460 1424 552 1463 quod
575 1433 654 1460 esse,
673 1425 869 1465 inquantum
892 1424 1090 1460 huiusmodi,
1107 1430 1154 1454 est
1169 1425 1250 1454 ratio
1267 1433 1366 1464 quare

290 1467 414 1508 aliquid
436 1477 454 1498 a
478 1468 550 1499 Deo
574 1468 782 1509 producatur,
806 1475 838 1499 et
861 1468 952 1509 quod
975 1478 1044 1499 esse
1067 1469 1173 1508 primo
1198 1474 1229 1499 et
1252 1478 1310 1508 per
1332 1478 1366 1499 se

291 1511 482 1552 producitur
506 1522 523 1542 a
547 1513 630 1543 Deo.
655 1513 750 1544 Ratio
775 1519 884 1544 autem
908 1522 1007 1553 quare
1031 1512 1154 1553 aliquid
1177 1512 1367 1552 producitur

290 1557 331 1587 ab
355 1557 434 1594 aliis,
457 1566 526 1588 non
556 1563 604 1587 est
633 1566 713 1594 esse,
738 1557 793 1588 sed
823 1567 891 1588 esse
913 1558 984 1593 hoc,
1010 1563 1087 1597 puta
1115 1558 1283 1588 hominem
1312 1563 1367 1587 aut

291 1601 412 1638 album,
428 1607 465 1632 ut
480 1602 533 1632 hic
557 1601 683 1632 dicitur.
707 1601 861 1632 Producit
884 1603 972 1632 enirn
992 1601 1080 1632 Deus
1103 1601 1366 1642 unumquodque

291 1647 398 1687 primo
422 1652 454 1677 et
476 1655 534 1686 per
556 1655 590 1677 se
613 1646 809 1686 inquantum
832 1651 880 1676 est
903 1655 970 1682 ens,
987 1647 1064 1686 quia
1086 1645 1239 1686 produxit
1258 1647 1367 1686 ipsum

290 1697 467 1732 postquam
491 1691 628 1722 omnino
651 1691 731 1721 nihil
756 1696 838 1721 erat:
863 1691 923 1721 alia
946 1696 1065 1727 autem,
1087 1690 1113 1720 si
1137 1690 1216 1730 quid
1246 1690 1368 1730 produ—

288 1741 380 1772 cunt,
403 1735 591 1776 producunt
620 1736 817 1776 inquantum
847 1741 895 1766 est
922 1735 986 1766 hoc
1009 1735 1061 1766 vel
1083 1734 1147 1765 tale
1171 1744 1237 1765 ens.
1262 1735 1367 1772 Unde,

289 1789 369 1812 cum
392 1788 449 1811 ens
472 1780 620 1811 absolute
643 1786 676 1811 et
698 1780 820 1821 absque
849 1780 1041 1811 limitatione
1068 1780 1175 1820 primo
1199 1785 1231 1810 et
1254 1789 1312 1820 per
1334 1789 1368 1810 se

290 1834 350 1866 per
370 1825 571 1856 creationem
594 1824 803 1865 producatur,
819 1834 903 1865 quae
920 1830 968 1855 est
991 1834 1029 1855 ex
1052 1824 1145 1855 nullo
1167 1833 1368 1865 praesuppo-

291 1869 364 1907 sito,
381 1870 506 1910 optime
530 1869 677 1910 sequitur
691 1869 782 1909 quod
798 1869 918 1900 creatio
933 1869 1035 1899 solius
1051 1869 1112 1899 Dei
1128 1869 1168 1899 sit
1188 1870 1283 1906 actio,
1299 1878 1366 1900 non

292 1920 402 1945 autem
425 1915 561 1944 alicuius
584 1914 714 1944 alterius
737 1914 936 1954 particularis
960 1913 1092 1954 agentis.

348 1958 436 1990 Cum
460 1967 538 1999 ergo
561 1959 668 1998 inquit
691 1958 829 1990 Sanctus
848 1958 994 1989 Thomas
1018 1957 1109 1998 quod
1124 1957 1214 1988 Deus
1230 1963 1278 1988 est
1287 1967 1368 1998 pro-

286 2004 367 2045 pria
389 2012 490 2034 causa
514 2003 640 2034 essendi
661 2003 859 2043 simpliciter,
884 2011 995 2033 sensus
1019 2008 1067 2033 est
1089 2001 1179 2042 quod
1203 2008 1250 2033 est
1272 2011 1368 2033 causa

292 2047 420 2079 essendi
442 2047 623 2078 secundum
645 2052 753 2078 totum
777 2048 935 2078 ambitum
959 2047 1041 2077 entis
1065 2055 1122 2087 per
1150 2047 1368 2087 participatio-

291 2101 370 2123 nem
393 2093 461 2123 sive
482 2093 615 2128 causati,
638 2101 708 2122 non
731 2097 839 2123 autem
863 2092 999 2122 alicuius
1021 2096 1147 2122 tantum
1170 2091 1367 2131 particularis

291 2137 384 2168 modi
407 2136 551 2173 essendi;
575 2142 608 2167 et
630 2135 721 2176 quod
749 2146 818 2167 esse
848 2142 896 2166 est
925 2135 1060 2166 formale
1090 2141 1122 2166 et
1151 2135 1367 2176 adaequatum

293 2182 459 2212 obiectum
474 2181 602 2212 divinae
624 2181 801 2221 potentiae.
825 2181 897 2211 Alia
913 2186 1031 2217 autem,
1048 2180 1123 2211 licet
1138 2186 1271 2211 causent
1287 2190 1366 2217 esse,

291 2235 362 2257 non
383 2231 493 2256 tamen
517 2231 650 2256 causant
672 2225 830 2266 quicquid
858 2234 927 2256 esse
954 2225 1133 2266 participat,
1157 2224 1212 2255 sed
1236 2231 1368 2256 causant

293 2276 420 2301 tantum
443 2270 477 2301 id
499 2270 591 2311 quod
613 2270 782 2310 participat
805 2270 947 2310 aliquem
977 2270 1203 2310 particularem
1230 2269 1368 2300 modum

293 2314 420 2346 essendi
436 2320 474 2345 ut
489 2316 545 2351 sic,
562 2320 641 2355 puta
660 2323 729 2345 esse
752 2315 919 2345 hominem
943 2320 999 2345 aut
1022 2323 1145 2354 equum
1168 2319 1224 2344 aut
1247 2314 1368 2354 aliquid

293 2359 492 2391 huiusmodi.
517 2359 633 2400 Neque
649 2360 749 2389 >etiam
773 2368 842 2389 esse
867 2364 914 2389 est
936 2358 1072 2390 formale
1097 2364 1128 2389 et
1151 2358 1367 2399 adaequatum

293 2405 459 2435 obiectum
483 2404 619 2434 alicuius
641 2404 840 2444 particularis
862 2404 994 2444 agentis.

322 2457 326 2460 ·
348 2449 388 2479 V.
405 2449 454 2479 Ex
474 2449 513 2479 iis
532 2453 621 2489 patet
636 2447 774 2479 Scotum
789 2448 874 2479 male
888 2448 1082 2479 intellexisse
1097 2452 1243 2478 mentem
1259 2447 1368 2479 Sancti

292 2493 454 2530 Thomae,
470 2492 550 2523 dum
569 2493 682 2533 arguit,
699 2492 743 2522 1v
758 2493 856 2528 Sent„
874 2501 905 2533 q.
923 2502 934 2522 1
945 2493 973 2528 *,
997 2502 1066 2523 esse
1090 2492 1277 2533 simpliciter
1300 2502 1367 2523 non

293 2547 364 2568 esse
386 2538 556 2578 proprium
580 2536 732 2568 effectum
755 2537 827 2574 Dei,
852 2537 929 2577 quia
952 2537 1049 2567 etiam
1073 2537 1199 2577 agentia
1228 2537 1368 2577 particu—

293 2582 370 2613 laria
393 2587 527 2613 causant
550 2591 629 2613 esse.
654 2581 855 2612 Existimavit
871 2582 958 2612 enim
975 2581 1066 2621 quod
1081 2581 1170 2612 nulla
1185 2581 1246 2612 alia
1261 2590 1367 2618 causa,

294 2626 382 2667 apud
405 2626 560 2657 Sanctum
583 2626 757 2663 Thomam‚
782 2631 919 2666 excepto
946 2626 1029 2662 Deo,
1054 2625 1143 2656 daret
1166 2635 1251 2656 esse:
1277 2625 1368 2666 quod

291 2680 463 2712 nunquam
486 2671 661 2702 somniavit
675 2670 813 2702 Sanctus
828 2670 984 2700 Thomas.
1008 2670 1086 2700 Non
1109 2671 1197 2701 enirn
1220 2669 1367 2700 conside-

292 2716 372 2746 ravit
400 2715 518 2747 Scotus
541 2715 620 2756 quid
649 2715 695 2746 illi
725 2715 854 2746 termini
878 2715 1019 2757 propria
1043 2720 1075 2744 et
1096 2714 1285 2754 simpliciter
1306 2714 1367 2744 im—

292 2766 432 2800 portant.
462 2759 624 2791 Concedit
653 2759 788 2799 quidem
817 2759 952 2789 Sanctus
976 2759 1121 2789 Thomas
1152 2758 1227 2788 alias
1256 2768 1367 2788 causas

292 2804 368 2835 dare
392 2813 477 2835 osse:
501 2809 599 2844 negat
621 2809 730 2834 autem
744 2803 814 2833 illas
833 2812 902 2833 esse
926 2812 1043 2833 causas
1060 2803 1219 2843 proprias
1241 2802 1368 2833 essendi

291 2849 491 2889 simpliciter,
516 2847 573 2879 sed
595 2849 659 2878 hoc
683 2848 783 2878 solius
811 2847 872 2877 Dei
896 2856 965 2877 esse
983 2847 1097 2878 voluit.

349 2892 414 2924 Sed
437 2898 549 2924 contra
571 2893 634 2923 hoc
651 2901 689 2922 ex
705 2892 809 2922 verbis
824 2892 925 2931 ipsius
941 2891 1030 2922 Scoti
1046 2891 1136 2931 argui
1151 2896 1267 2931 potest.
1288 2891 1366 2921 Esse

293 2937 490 2978 simpliciter,
507 2942 539 2967 et
556 2946 624 2967 esse
643 2937 717 2973 hoc,
741 2937 775 2966 in
799 2935 915 2966 eodem
940 2941 1015 2966 sunt
1037 2936 1162 2966 realiter
1184 2935 1281 2972 idem,
1298 2936 1366 2966 sola

292 2983 417 3013 ratione
438 2981 596 3018 distincta,
611 2981 696 3011 sicut
711 2989 888 3011 commune
912 2985 943 3010 et
966 2980 1148 3010 limitatum.
1173 2980 1260 3020 Ergo
1275 2979 1366 3021 quod

294 3032 403 3058 causat
419 3036 488 3057 esse
502 3027 567 3056 hoc
582 3026 616 3056 in
633 3025 706 3062 isto,
723 3030 833 3056 causat
856 3025 952 3055 etiam
976 3033 1044 3055 esse
1068 3024 1267 3064 simpliciter:
1291 3024 1367 3055 licet

293 3071 474 3102 secundum
490 3071 656 3111 propriam
671 3070 831 3100 rationem
846 3069 1001 3100 referatur
1023 3078 1092 3099 esse
1114 3069 1210 3099 huius
1233 3069 1266 3099 in
1290 3078 1365 3099 cau—

294 3125 362 3146 sam
386 3115 620 3156 particularem,
637 3114 817 3145 secundum
841 3119 950 3144 autern
973 3122 1184 3144 communem
1206 3113 1364 3144 rationem

293 3161 395 3201 ipsius
410 3169 480 3190 esse
495 3159 650 3190 referatur
665 3159 699 3189 in
715 3159 834 3189 Deum.
857 3158 899 3188 Et
914 3167 972 3199 per
988 3167 1192 3198 consequens
1213 3163 1366 3197 sequetur

294 3204 385 3245 quod
408 3205 469 3235 alia
492 3213 587 3235 causa
604 3209 705 3234 creet:
730 3204 807 3244 quia
823 3212 929 3233 creare
946 3208 993 3233 est
1007 3202 1188 3242 producere
1205 3211 1273 3232 esse
1289 3202 1365 3232 sirn-

294 3249 429 3290 pliciter.

349 3293 577 3334 Respondetur
599 3292 690 3332 quod
712 3292 860 3322 instantia
882 3292 962 3322 haec
982 3290 1129 3331 procedit
1148 3300 1185 3321 ac
1201 3291 1228 3320 si
1243 3290 1364 3321 dicere-

293 3347 367 3368 mus
391 3337 482 3379 quod
504 3338 565 3368 hac
588 3337 657 3367 sola
672 3337 795 3367 ratione
811 3336 899 3367 Deus
915 3341 963 3366 est
979 3345 1074 3366 causa
1093 3335 1224 3375 propria
1239 3334 1365 3366 essendi

293 3383 490 3422 simpliciter,
508 3383 584 3422 quia
606 3382 706 3422 ipsius
730 3381 829 3411 solius
853 3381 892 3411 sit
914 3381 947 3410 in
972 3388 1180 3420 quacumque
1195 3388 1228 3409 re
1244 3379 1365 3419 produ-

295 3436 367 3457 cere
391 3437 447 3458 ens
471 3435 648 3457 commune
673 3432 709 3456 ut
732 3425 771 3456 de
794 3426 862 3465 ipsa
884 3434 918 3455 re
942 3425 1068 3461 dicitur,
1085 3424 1145 3454 alia
1165 3429 1273 3454 autem
1289 3433 1364 3464 pro—

295 3471 414 3502 ducant
436 3472 500 3502 hoc
524 3481 590 3501 ens.
616 3470 680 3501 Sed
701 3471 754 3500 hic
777 3479 844 3500 non
869 3475 916 3499 est
938 3467 1055 3499 sensus*
1065 3469 1238 3498 verborum
1257 3467 1365 3499 Sancti

293 3516 454 3546 Thomae.
471 3515 610 3546 Intendit
626 3516 713 3551 enim
729 3514 817 3555 quod
835 3514 923 3545 Deus
939 3513 1035 3544 habet
1050 3522 1109 3553 pro
1126 3512 1255 3543 obiecto
1272 3512 1365 3543 adae-

295 3566 395 3599 quato
420 3560 547 3591 formali
570 3569 647 3590 suae
669 3559 834 3600 potentiae
856 3559 1014 3589 rationem
1038 3558 1137 3597 ipsius
1161 3566 1228 3587 esse
1259 3557 1366 3587 illimi-

293 3609 369 3640 tate,
386 3610 418 3635 et
434 3604 525 3644 quod
540 3610 588 3635 est
604 3605 699 3634 causa
720 3603 844 3634 essendi
865 3604 1016 3633 omnibus
1041 3602 1158 3642 quibus
1179 3601 1365 3641 quomodo-

290 3658 439 3688 cumque
456 3650 607 3679 convenit
624 3657 702 3679 esse.
727 3648 821 3678 Unde
846 3654 892 3678 est
916 3657 1011 3677 causa
1035 3645 1157 3676 essendi
1180 3645 1366 3685 simpliciter

2415 278 2487 315 315

1422 356 1523 387 Sorti:
1548 357 1624 396 quia
1647 361 1693 386 est
1717 365 1812 386 causa
1836 356 1984 386 omnium
2009 365 2092 396 quae
2115 356 2155 387 ad
2179 366 2247 387 esse
2270 357 2371 388 Sortis
2393 359 2490 398 perti-

1420 406 1509 437 nent,
1533 406 1565 431 et
1587 400 1738 440 producit
1760 401 1868 440 ipsum
1891 401 1997 440 primo
2022 407 2053 432 et
2076 410 2133 441 per
2162 411 2195 431 se
2225 402 2420 442 inquantum
2444 409 2491 433 est

1422 454 1488 475 ens.
1519 445 1561 475 Et
1591 445 1666 484 quia
1697 445 1807 474 omnia
1838 454 1921 484 quae
1951 451 2025 476 sunt
2055 446 2088 475 in
2119 445 2222 482 Sorte,
2247 453 2278 477 et
2301 447 2370 487 ipsa
2394 448 2490 478 etiam

1421 489 1562 524 materia,
1588 489 1749 528 pertinent
1772 489 1811 519 ad
1836 499 1914 525 esse,
1937 490 2011 520 ideo
2035 490 2124 520 Deus
2148 497 2256 521 causat
2279 491 2389 522 omnia
2407 501 2490 532 quae

1421 534 1455 564 in
1470 533 1563 564 Sorte
1580 538 1663 563 sunt.
1688 533 1765 563 Non
1781 534 1826 563 sic
1842 540 1951 564 autern
1967 540 2075 565 causat
2091 544 2159 565 esse
2174 536 2371 575 particularis
2395 546 2490 567 causa

1421 577 1531 608 Sortis.
1549 577 1635 615 Quia
1651 586 1718 607 non
1736 583 1844 607 causat
1859 587 1958 608 omne
1975 579 2065 618 quod
2081 580 2248 620 participat
2262 590 2329 611 esse
2341 582 2374 611 in
2386 581 2489 618 Sorte,

1421 622 1477 652 sed
1505 627 1631 652 tantum
1659 622 1762 661 ipsam
1792 622 1945 652 formam:
1971 624 2136 654 materiam
2159 630 2268 654 autem
2291 635 2358 656 non
2383 631 2491 656 causat

1421 672 1580 707 quantum
1604 666 1643 696 ad
1666 675 1762 697 suum
1786 676 1854 697 esse
1878 668 2067 706 potentiale;
2091 668 2166 699 licet
2189 669 2242 699 det
2265 669 2323 700 sibi
2342 671 2405 701 hoc
2422 680 2490 701 esse

1421 711 1555 747 actuale,
1571 711 1766 751 inquantum
1781 710 1868 742 idem
1885 718 1932 742 est
1949 721 2017 743 esse
2040 713 2163 743 actuale
2178 714 2278 744 totius
2294 721 2325 744 et
2340 716 2489 755 partium.

1421 755 1535 796 Neque
1551 761 1661 786 causat
1677 756 1804 786 Sortem
1827 757 1933 796 primo
1959 763 1990 787 et
2012 766 2069 797 per
2093 767 2125 787 se
2149 758 2343 798 inquantum
2360 765 2406 790 est
2422 770 2488 796 ens,

1421 809 1497 830 cum
1520 801 1608 840 prius
1631 801 1838 841 praecesserit
1862 810 1918 831 ens
1942 810 1979 831 ex
2001 811 2068 841 quo
2093 801 2194 832 factus
2219 809 2265 833 est
2288 803 2409 834 Sortes:
2434 805 2490 835 sed

1420 845 1615 885 inquantum
1639 850 1686 875 est
1708 846 1771 875 hoc
1795 855 1861 875 ens.

1476 889 1528 919 Ad
1551 895 1777 929 argumentum
1801 899 1878 930 ergo
1903 889 2018 920 dicitur
2041 890 2132 930 quod
2147 900 2253 922 creare
2269 901 2336 922 non
2353 898 2400 922 est
2415 902 2490 933 pro—

1421 933 1538 964 ducere
1562 934 1877 974 quomodocumque
1900 934 1933 964 id
1957 935 2047 975 quod
2070 941 2118 965 est
2141 945 2197 966 ens
2220 945 2396 966 commune
2423 946 2490 967 ma-

1420 978 1585 1008 terialiter:
1611 979 1667 1009 sed
1691 984 1738 1009 est
1760 979 1939 1019 producere
1963 989 2020 1010 ens
2037 980 2147 1020 primo
2172 986 2202 1011 et
2220 991 2283 1021 per
2305 991 2348 1017 se,
2366 987 2397 1011 et
2411 982 2490 1023 for-

1420 1023 1551 1053 maliter
1566 1023 1757 1063 inquantum
1774 1029 1821 1054 est
1836 1033 1902 1054 ens.
1919 1024 1994 1054 Hoc
2014 1030 2122 1055 autern
2139 1025 2240 1056 modo
2256 1035 2325 1056 non
2340 1026 2491 1066 producit

1420 1076 1477 1097 ens
1494 1076 1590 1107 agens
1606 1068 1805 1108 particulare,
1822 1068 1878 1099 sed
1899 1074 2023 1099 tanturn
2046 1069 2152 1109 primo
2176 1069 2287 1100 modo.
2312 1070 2387 1101 Non
2404 1072 2490 1101 enim

1420 1111 1572 1151 producit
1594 1121 1651 1142 ens
1674 1113 1780 1153 primo
1811 1119 1842 1143 et
1872 1122 1930 1153 per
1953 1123 1997 1150 se,
2022 1123 2098 1144 cum
2124 1114 2283 1154 producat
2314 1125 2351 1145 ex
2380 1116 2489 1155 aliquo

1421 1161 1508 1192 ente;
1532 1165 1640 1196 neque
1659 1156 1810 1196 producit
1833 1157 1940 1197 ipsum
1964 1158 2159 1198 inquantum
2176 1164 2223 1190 est
2239 1169 2310 1196 ens;
2335 1159 2391 1190 sed
2414 1169 2489 1200 pro-

1420 1200 1510 1231 ducit
1533 1210 1589 1231 ens
1613 1210 1671 1241 per
1693 1201 1851 1238 accidens,
1875 1203 2068 1242 inquantum
2092 1203 2240 1234 videlicet
2269 1210 2316 1234 est
2342 1205 2489 1235 materia-

1420 1245 1491 1275 liter
1517 1244 1604 1275 idem
1633 1245 1723 1285 quod
1747 1246 1810 1276 hoc
1834 1256 1901 1276 ens.
1926 1247 2020 1277 Unde
2043 1253 2178 1287 negatur
2201 1250 2443 1289 consequentia.

1477 1299 1506 1319 2.
1525 1289 1620 1320 Circa
1643 1295 1752 1320 autem
1776 1291 2002 1330 probationem
2025 1292 2110 1322 illius
2134 1294 2375 1332 propositionis,
2393 1294 2489 1324 Solus

1420 1333 1509 1364 Deus
1532 1339 1580 1364 est
1602 1343 1702 1365 causa
1725 1335 1850 1365 essendi
1872 1336 2069 1376 simpliciter,
2089 1337 2164 1377 quia
2187 1337 2334 1368 videlicet
2357 1339 2489 1380 effectus

1421 1378 1615 1409 universalis
1631 1379 1768 1420 requirit
1783 1389 1915 1410 causam
1940 1381 2164 1417 universalem,
2189 1381 2312 1412 dubitat
2332 1382 2448 1414 Scotus
2461 1385 2487 1413 *.

1420 1422 1554 1460 Quaerit
1577 1424 1664 1454 enim
1687 1429 1796 1454 utrum
1820 1425 2009 1461 universale,
2026 1431 2091 1456 tam
2114 1426 2146 1456 in
2168 1427 2313 1457 subiecto
2337 1437 2435 1467 quam
2454 1428 2488 1458 in

1420 1466 1615 1507 praedicato,
1640 1469 1814 1508 accipiatur
1843 1478 1902 1508 pro
1927 1470 2096 1500 universali
2119 1470 2293 1501 secundum
2311 1473 2488 1514 perfectio—

1421 1518 1510 1547 nem;
1533 1521 1574 1542 an
1597 1521 1657 1552 pro
1682 1513 1852 1543 universali
1874 1514 2049 1544 secundum
2067 1515 2365 1554 praedicationem;
2388 1527 2428 1548 an
2454 1517 2488 1547 in

1420 1556 1566 1586 subiecto
1590 1557 1764 1596 accipiatur
1788 1558 1966 1588 universale
1996 1558 2174 1589 secundum
2205 1560 2487 1600 praedicationem,

1420 1600 1453 1630 in
1478 1599 1661 1640 praedicato
1689 1607 1797 1632 autem
1827 1602 2006 1632 universale
2036 1603 2215 1634 secundum
2245 1604 2487 1644 perfectionem.

1421 1644 1454 1675 Si
1478 1645 1630 1684 primurn,
1647 1651 1726 1676 tunc
1750 1646 1856 1676 minor
1880 1652 1927 1677 est
1950 1646 2042 1677 falsa:
2067 1648 2143 1687 quia
2166 1658 2234 1678 esse
2258 1658 2324 1678 non
2349 1655 2396 1679 est
2418 1659 2489 1689 per—

1421 1688 1536 1719 fectius
1560 1689 1638 1719 aliis.
1663 1689 1763 1727 Quod
1788 1691 1874 1720 enirn
1898 1690 2072 1721 includitur
2086 1692 2120 1721 in
2136 1692 2255 1728 multis,
2272 1702 2340 1723 non
2356 1699 2403 1724 est
2418 1703 2490 1734 per—

1422 1732 1537 1764 fectius
1561 1743 1774 1774 quocumque
1796 1735 1927 1765 illorum
1950 1736 1983 1765 in
2009 1736 2126 1775 quibus
2149 1737 2332 1767 includitur.
2350 1756 2371 1759 —
2394 1738 2426 1768 Si
2442 1747 2490 1768 se-

1422 1777 1578 1814 cundum,
1595 1787 1663 1809 non
1679 1778 1884 1810 concluditur
1900 1779 1990 1819 quod
2006 1780 2104 1817 Deus,
2117 1781 2297 1812 secundum
2314 1782 2403 1821 quod
2423 1792 2489 1818 ens,

1422 1822 1513 1863 quod
1537 1829 1584 1853 est
1606 1823 1827 1863 praedicatum
1851 1825 2168 1862 universalissimum,
2185 1826 2224 1856 sit
2246 1827 2376 1866 propria
2396 1836 2490 1857 causa

1422 1867 1558 1898 essendi.
1583 1868 1672 1898 Deus
1699 1869 1785 1899 enim
1815 1878 1883 1899 non
1915 1874 1962 1899 est
1985 1870 2168 1900 communis
2198 1880 2255 1910 per
2282 1871 2490 1910 praedicatio—

1421 1921 1508 1942 nem.
1525 1930 1547 1934 —
1563 1911 1596 1942 Si
1618 1913 1758 1949 tertium,
1783 1913 1828 1943 sic
1851 1914 1955 1944 maior
1978 1920 2025 1944 est
2048 1914 2134 1945 falsa.
2158 1914 2233 1945 Non
2256 1916 2341 1945 enirn
2359 1915 2490 1946 effectus

1422 1956 1710 1987 universalissimus
1725 1957 1905 1988 secundum
1921 1958 2192 1998 praedicationem
2209 1965 2255 1990 est
2271 1970 2289 1989 a
2305 1969 2398 1990 causa
2419 1961 2490 1991 uni—

1421 2001 1631 2031 versalissima
1654 2001 1833 2032 secundum
1857 2002 2105 2042 perfectionem:
2130 2009 2237 2044 potest
2267 2005 2353 2034 enim
2381 2014 2448 2035 esse
2472 2015 2489 2035 a

1422 2055 1517 2076 causa
1539 2045 1738 2085 imperfecta,
1755 2047 1831 2086 quia
1854 2047 1992 2077 salvatur
2014 2048 2046 2077 in
2070 2048 2215 2088 pluribus
2238 2048 2444 2088 imperfectis.

1477 2090 1703 2130 Respondetur
1719 2091 1809 2131 quod
1826 2092 1981 2131 accipitur
2004 2092 2221 2123 universalitas
2237 2093 2269 2123 in
2287 2093 2402 2123 effectu
2418 2095 2489 2134 qui-

1422 2133 1496 2165 dem
1519 2134 1699 2165 secundum
1723 2135 2006 2175 praedicationem,
2029 2137 2062 2166 in
2087 2146 2182 2167 causa
2205 2147 2282 2167 vero
2310 2138 2489 2169 secundum

1421 2178 1665 2219 perfectionem.
1697 2179 1759 2210 Sed
1790 2180 2006 2211 causalitatem
2040 2181 2226 2211 universalis
2259 2183 2393 2222 accipio,
2421 2193 2489 2214 non

1421 2229 1546 2254 tantum
1560 2229 1717 2263 quantum
1733 2224 1772 2254 ad
1788 2234 1998 2255 communem
2015 2226 2173 2256 rationem
2188 2227 2383 2263 universalis,
2400 2227 2490 2267 quod

1422 2267 1462 2298 de
1485 2268 1630 2308 pluribus
1653 2267 1863 2308 praedicatur,
1880 2269 1936 2299 secl
1953 2271 2048 2300 etiam
2072 2276 2230 2310 quantum
2246 2270 2286 2301 ad
2302 2277 2407 2301 totum
2423 2281 2490 2302 am-

1422 2313 1526 2343 bitum
1549 2312 1633 2343 illius
1657 2314 1788 2343 rationis
1812 2315 2006 2344 communis.
2031 2314 2083 2345 Sic
2106 2315 2192 2344 enim
2217 2314 2348 2346 effectus
2363 2316 2490 2346 univer-

1421 2357 1595 2387 salissimus
1611 2357 1791 2388 secundum
1808 2358 2091 2398 praedicationem,
2104 2359 2284 2390 secundum
2300 2365 2406 2390 totum
2422 2362 2490 2391 eius

1422 2402 1590 2438 ambitum,
1614 2401 1695 2432 idest
1719 2408 1877 2442 quantum
1908 2402 1948 2433 ad
1971 2404 2080 2434 omnia
2105 2413 2187 2443 quae
2218 2405 2408 2444 participant
2437 2405 2490 2435 illa

1421 2447 1555 2482 ratione,
1580 2452 1627 2476 est
1650 2456 1668 2476 a
1691 2456 1787 2477 causa
1814 2448 2081 2478 universalissima
2111 2448 2290 2479 secundum
2320 2448 2490 2489 perfectio-

1421 2500 1514 2521 nem:
1539 2491 1615 2531 quia
1640 2497 1763 2531 quanto
1791 2492 1890 2522 virtus
1921 2502 2035 2522 causae
2060 2497 2107 2522 est
2129 2493 2222 2522 altior
2250 2499 2281 2523 et
2307 2493 2488 2533 perfectior,

1421 2541 1511 2566 tanto
1535 2535 1575 2566 ad
1597 2536 1690 2575 plura
1713 2545 1746 2565 se
1770 2536 1927 2572 extendit;
1954 2542 1984 2566 et
2008 2537 2052 2566 sic
2076 2542 2205 2576 oportet
2228 2538 2392 2567 obiectum
2425 2538 2489 2568 for-

1421 2580 1506 2610 male
1532 2580 1657 2610 virtutis
1686 2580 1922 2610 universalioris
1953 2580 2131 2611 secundum
2162 2580 2393 2620 perfectionem
2422 2591 2489 2612 esse

1422 2624 1631 2654 universalius
1662 2623 1841 2654 secundum
1870 2624 2153 2664 praedicationem,
2178 2625 2321 2665 alioquin
2351 2635 2419 2655 non
2450 2626 2489 2656 ad

1421 2668 1513 2708 plura
1535 2667 1708 2707 perfectior
1730 2668 1829 2697 virtus
1853 2677 1886 2698 se
1910 2668 2103 2699 extenderet.

1478 2711 1564 2742 Cum
1595 2717 1703 2742 autem
1733 2712 1876 2748 instatur,
1902 2713 1977 2752 quia
2010 2712 2141 2743 effectus
2170 2714 2353 2743 communis
2382 2718 2489 2753 potest

1421 2765 1489 2786 esse
1512 2766 1530 2786 a
1554 2765 1649 2786 causa
1672 2756 1875 2796 imperfecta:
1901 2756 2016 2787 dicitur
2039 2757 2129 2797 quod
2152 2762 2259 2797 potest
2274 2750 2408 2797 quideml
2420 2767 2488 2788 esse

1420 2810 1438 2830 a
1454 2809 1550 2831 causa
1569 2799 1757 2840 imperfecta
1781 2801 1983 2832 materialiter
2006 2807 2037 2832 et
2060 2801 2249 2832 secundario
2273 2807 2304 2833 et
2326 2811 2384 2841 per
2407 2803 2488 2833 acci-

1420 2845 1508 2881 dens,
1533 2850 1570 2876 ut
1592 2845 1731 2876 salvatur
1754 2846 1787 2875 in
1817 2845 1926 2886 aliquo
1957 2847 2140 2886 particulari
2168 2846 2395 2876 determinato:
2420 2856 2487 2877 non

1420 2895 1529 2920 autem
1552 2889 1728 2920 formaliter
1751 2895 1782 2920 et
1805 2890 1911 2930 primo
1936 2896 1967 2920 et
1990 2900 2047 2931 per
2070 2900 2103 2921 se
2127 2896 2158 2921 et
2181 2890 2358 2921 secundum
2382 2896 2488 2922 totum

1420 2935 1489 2964 eius
1513 2934 1680 2970 ambitum,
1705 2943 1772 2974 quo
1798 2934 1898 2965 modo
1922 2934 2058 2966 dicimus
2083 2935 2387 2966 universalissimum
2413 2935 2487 2966 effe-

1420 2984 1509 3009 ctum
1532 2978 1711 3010 secundum
1735 2979 2008 3019 praedicationem
2030 2981 2191 3020 requirere
2215 2989 2342 3010 causam
2361 2980 2487 3010 univer-

1419 3023 1607 3054 salissimam
1631 3023 1810 3054 secundum
1835 3024 2052 3054 causalitatem
2076 3029 2108 3055 et
2130 3023 2371 3064 perfectionem.

1475 3067 1516 3097 Et
1539 3068 1583 3098 sic
1607 3073 1695 3108 patet
1719 3077 1833 3098 omnes
1849 3068 1937 3099 Scoti
1953 3069 2153 3099 obiectiones
2175 3068 2349 3108 procedere
2366 3078 2403 3098 ex
2419 3077 2486 3098 non

1418 3112 1628 3152 intelligentia
1650 3113 1783 3143 rationis
1807 3118 1838 3143 et
1861 3112 2062 3143 fundamenti
2086 3112 2193 3144 Sancti
2209 3112 2366 3143 Thomae.

1474 3157 1527 3187 Vl.
1544 3156 1670 3193 Quarto
1682 3158 1708 3187 ἦ.
1726 3157 1892 3198 Quicquid
1909 3163 1956 3187 est
1971 3163 2136 3187 causatum
2152 3156 2330 3188 secundum
2347 3157 2486 3197 aliquam

1418 3207 1575 3238 naturam,
1599 3211 1667 3232 non
1691 3207 1798 3242 potest
1822 3211 1889 3232 esse
1913 3202 2015 3241 prima
2039 3211 2132 3232 causa
2155 3201 2240 3231 illius
2263 3207 2404 3237 naturae,
2431 3201 2486 3232 sed

1418 3245 1560 3276 secunda
1584 3251 1615 3276 et
1638 3246 1895 3276 instrumentalis.
1928 3245 1990 3276 Sed
2014 3246 2120 3276 omnis
2151 3245 2210 3276 alia
2242 3255 2335 3276 causa
2362 3250 2486 3285 praeter

1418 3291 1527 3321 Deum
1543 3291 1640 3321 habet
1655 3300 1723 3320 esse
1740 3295 1916 3321 causatum.
1938 3290 2023 3330 Ergo
2040 3290 2126 3320 nulla
2143 3290 2202 3320 alia
2219 3299 2313 3319 causa
2330 3295 2376 3320 est
2392 3299 2485 3320 causa

1419 3335 1545 3366 essendi
1568 3335 1630 3365 nisi
1653 3340 1690 3365 ut
1713 3334 1961 3365 instrumentalis
1985 3336 2017 3364 et
2039 3343 2135 3374 agens
2158 3335 2191 3364 in
2215 3334 2330 3364 virtute
2348 3334 2485 3365 alterius.

1419 3379 1482 3410 Sed
1505 3380 1756 3410 instrumentum
1779 3388 1846 3409 non
1871 3378 2038 3409 adhibetur
2053 3379 2148 3408 alicui
2168 3378 2228 3408 nisi
2244 3388 2302 3418 per
2314 3379 2398 3408 viam
2414 3388 2486 3408 mo-

1418 3430 1485 3454 tus:
1504 3433 1579 3454 cum
1596 3424 1675 3454 ratio
1687 3423 1889 3454 instrumenti
1906 3423 1944 3453 sit
1957 3429 1992 3453 ut
2003 3423 2042 3452 sit
2058 3432 2193 3453 movens
2204 3429 2342 3453 motum.
2357 3422 2485 3453 Creatio

1419 3474 1528 3499 autern
1551 3478 1619 3498 non
1643 3474 1691 3498 est
1712 3473 1831 3498 motus.
1856 3467 1941 3507 Ergo
1966 3472 2025 3497 etc.

1475 3513 1632 3543 Probatur
1655 3513 1767 3542 maior.
1799 3512 1918 3547 Primo,
1943 3511 2051 3550 quoad
2075 3512 2210 3551 primam
2241 3516 2375 3551 partem.
2400 3511 2485 3549 Quia

1419 3557 1495 3587 alias
1518 3557 1640 3597 aliquid
1663 3562 1745 3587 esset
1768 3557 1817 3586 sui
1840 3556 1939 3595 ipsius
1964 3565 2073 3585 causa:
2099 3556 2181 3585 sicut
2205 3555 2322 3592 Sortes,
2347 3565 2422 3586 curn
2446 3556 2486 3586 sit

1419 3602 1451 3631 id
1476 3601 1565 3641 quod
1594 3607 1640 3631 est
1669 3610 1726 3641 per
1756 3601 1998 3635 humanitatem,
2023 3600 2048 3629 si
2073 3605 2155 3629 esset
2181 3600 2284 3639 prima
2309 3610 2402 3630 causa
2426 3601 2485 3630 hu-

1419 3646 1589 3681 manitatis,
1614 3651 1696 3676 esset
1719 3645 1767 3675 sui
1791 3645 1890 3684 ipsius
1914 3653 2018 3673 causa.
2037 3662 2056 3666 -
2078 3643 2196 3681 Quoad
2219 3644 2393 3675 secundam
2409 3654 2484 3675 vero

2516 1384 2525 1392 '¹
2539 1382 2596 1403 Loc.
2611 1382 2648 1403 eit.

2514 3160 2522 3167 ·
2545 3158 2581 3180 Cf.
2601 3165 2623 3180 n.
2644 3165 2679 3185 ιιι,
2702 3163 2724 3181 et

2514 3191 2566 3206 Vin.
