2768 4134
0 1893 2 1902 r
0 1734 7 1880 Ἴν-’Ἶ-ψμή

0 2919 5 2954 *1³*
0 2758 8 2892 -·-v-v-vv-·-„
0 2651 6 2751 ,πε-μμ,

768 253 957 291 SUMMA
986 255 1208 295 CONTRA
1228 258 1512 305 GENTILES,
1540 261 1635 298 LIB.
1656 262 1698 307 11,
1728 261 1839 299 CAP.
1864 263 1997 300 XCVI.
2406 266 2481 315 573

268 332 398 375 fectior
420 341 518 373 quam
542 331 575 362 in
600 331 703 362 nobis.
726 330 822 372 Ergo
846 341 912 362 non
930 338 1067 372 oportet,
1091 335 1120 364 si
1144 335 1355 376 imaginabile

278 382 326 408 est
348 377 381 407 in
406 376 499 407 nobis
522 375 672 411 medium,
693 375 781 416 quod
803 375 900 406 etiam
926 377 1078 408 similiter
1099 379 1142 409 sit
1165 379 1198 409 in
1222 381 1353 421 angelo.

333 421 498 453 Secundo.
522 421 558 452 Si
581 430 651 452 esse
674 420 886 461 imaginabile
913 426 960 451 est
976 431 1041 461 per
1062 431 1097 452 se
1123 423 1273 460 medium,
1297 430 1357 455 aut

277 471 326 498 est
340 476 382 498 ex
399 471 500 508 parte
514 466 564 496 rei
587 465 621 496 in
636 474 681 501 se,
698 470 758 496 aut
772 469 924 505 exparte
940 466 1119 505 potentiae.
1143 467 1179 497 Si
1202 478 1244 499 ex
1257 474 1356 509 parte

278 511 403 547 obiecti,
417 517 494 542 tunc
506 510 671 542 necDeus
676 514 789 550 posset
805 509 990 551 intelligere
1002 510 1066 540 nisi
1077 511 1239 543 mediante
1249 513 1355 553 phan-

278 561 416 587 tasmate
438 556 490 587 vel
513 554 761 596 iaenaginatione.
786 554 823 584 Si
845 563 888 584 ex
905 559 1004 595 parte
1021 557 1198 595 potentiae,
1218 557 1265 588 sic
1289 567 1354 588 non

278 606 327 632 est
349 610 478 632 necesse
501 604 538 631 ut
559 599 681 641 angelo
703 599 747 629 sit
768 598 920 635 medium,
945 600 1093 640 quamvis
1116 601 1208 631 nobis
1230 602 1274 632 sit
1290 612 1355 633 me-

277 646 378 677 dium.
394 663 417 668 -
431 646 498 676 Aut
513 644 611 675 etiam
627 643 693 674 dici
706 643 833 684 poterit
847 643 935 684 quod
951 653 1017 674 non
1035 650 1082 675 est
1097 645 1237 676 medium
1253 647 1354 682 nobis,

277 690 334 722 sed
355 695 556 721 extremum:
579 688 626 719 ita
648 688 736 729 quod
751 697 820 719 esse
843 688 1055 729 imaginabile
1070 694 1102 720 et
1125 699 1193 720 esse
1207 691 1356 721 sensibile

277 739 356 766 sunt
375 734 615 766 duo..extrema.
637 732 774 773 (scilicet
789 742 829 763 ex
852 743 919 764 una
934 733 1048 773 parte),
1065 734 1116 764 vel
1138 735 1232 774 quasi
1256 744 1355 766 unum

278 784 469 815 extremum,
495 778 539 809 ad
561 787 631 809 esse
653 777 869 819 intelligibile.

333 824 386 855 111.
410 824 474 855 Pto
489 823 700 863 intelligentia
713 823 812 853 huius
826 822 960 853 rationis
975 821 1085 853 Sancti
1100 822 1260 859 Thomae,
1277 833 1357 854 con-

276 868 486 900 siderandum
501 869 620 909 primo,
633 867 725 908 quod
740 866 862 907 duplex
877 872 925 898 est
939 866 1102 897 medium:
1119 867 1242 898 scilicet
1257 868 1291 898 in
1307 877 1356 898 es-

276 913 396 951 sendo3
419 919 453 945 et
474 914 510 944 in
532 911 709 945 causando.
732 910 881 943 Medium
903 912 938 941 in
961 911 1099 942 essendo
1123 917 1171 942 est
1193 911 1285 952 quod
1308 922 1356 943 se-

276 958 426 990 cundum
447 967 546 989 suum
569 966 639 988 esse
661 957 812 988 absolute
833 955 955 987 mediat
981 956 1065 986 inter
1092 955 1170 992 duo,
1198 957 1243 987 ita
1266 957 1356 997 quod

277 1009 327 1035 est
341 1002 524 1035 secundum
539 1011 575 1034 se
589 1002 809 1043 propinquius
833 1001 1012 1040 unicuique
1032 1000 1164 1031 illorum
1180 1010 1280 1041 quam
1303 1001 1357 1032 illa

276 1049 342 1080 sint
363 1049 447 1080 inter
469 1057 518 1079 se:
542 1048 626 1079 sicut
647 1047 742 1078 locus
764 1045 893 1077 medius
916 1045 999 1076 inter
1022 1044 1090 1076 duo
1113 1045 1196 1082 loca,
1221 1051 1253 1076 et
1275 1047 1357 1086 tepi-

278 1093 358 1125 dum
380 1094 464 1124 inter
487 1091 630 1124 calidum
653 1097 685 1123 et
708 1090 873 1131 frigidum.
898 1089 1045 1121 Medium
1067 1090 1102 1120 in
1125 1089 1290 1121 causando
1310 1096 1358 1122 est

277 1137 371 1180 quod
392 1137 515 1169 mediat
537 1137 621 1169 inter
644 1145 776 1168 causam
799 1140 832 1166 et
854 1133 1019 1171 effectum,
1043 1139 1199 1174 tanquam
1223 1136 1357 1175 propin-

277 1184 425 1224 quiuset
438 1181 658 1214 immediatius
681 1190 817 1212 causans
841 1179 1008 1211 effectum:
1025 1179 1110 1210 sicut
1131 1179 1234 1210 homo
1257 1189 1356 1219 gene-

277 1237 352 1259 rans
375 1233 423 1258 est
445 1226 593 1258 medium
616 1227 651 1257 in
675 1224 841 1257 causando
865 1225 948 1255 inter
971 1224 1076 1255 solem
1099 1229 1308 1264 generantem
1325 1230 1356 1255 et

277 1272 525 1308 hominemab
535 1280 576 1303 eo
600 1271 758 1312 genitum.

270 1318 276 1320 ⁷
335 1325 366 1348 2.
383 1316 669 1348 Considerandum
684 1313 842 1350 secundo,
859 1313 951 1355 quod
966 1314 1000 1345 in
1016 1318 1158 1352 utroque
1177 1313 1280 1344 modo
1296 1312 1356 1344 du-

275 1361 354 1403 plex
375 1366 493 1402 potest.
507 1370 576 1393 esse
592 1360 740 1392 medium
760 1360 846 1391 inter
859 1359 981 1400 aliqua:
999 1358 1122 1389 scilicet
1137 1357 1283 1389 medium
1298 1367 1357 1398 per

275 1415 313 1438 ne
336 1407 460 1448 primm
484 1412 517 1438 et
538 1405 687 1437 medium
709 1403 913 1436 secundario.
938 1402 1086 1434 Medium
1109 1412 1167 1443 per
1191 1412 1225 1433 se
1248 1403 1355 1443 primo

277 1457 328 1482 est
348 1450 384 1482 id
406 1450 499 1492 quod
521 1460 561 1482 ex
583 1460 643 1482 sua
665 1449 798 1491 propria
819 1449 946 1480 ratione
967 1448 1065 1479 habet
1088 1453 1124 1478 ut
1146 1447 1187 1477 sit
1209 1446 1355 1478 medium

277 1496 362 1528 inter
382 1496 453 1527 illa:
476 1497 562 1527 sicut
576 1496 641 1527 hoc
657 1494 749 1536 quod
764 1493 840 1525 dico
856 1493 964 1524 minus
979 1492 1100 1527 album,
1125 1497 1156 1522 et
1179 1492 1244 1522 hoc
1264 1491 1355 1532 quod

277 1539 355 1572 dico
378 1541 489 1572 minus
510 1541 655 1582 nigrum,
679 1545 728 1571 est
749 1538 897 1570 medium
919 1547 979 1578 per
1005 1547 1040 1568 se
1070 1537 1177 1577 primo
1201 1537 1284 1568 inter
1306 1537 1355 1568 in-

277 1590 371 1617 tense
393 1585 506 1616 album
529 1590 561 1616 et
582 1586 710 1616 intense
731 1584 873 1623 nigrum.
898 1581 1045 1614 Medium
1060 1590 1139 1613 vero
1162 1581 1354 1612 secundario

274 1635 328 1661 est
348 1629 442 1670 q'uod
462 1639 532 1661 non
556 1638 595 1660 ex
613 1629 746 1670 propria
768 1629 893 1659 ratione
915 1626 1063 1661 medium
1085 1631 1144 1662 est,
1163 1625 1220 1657 sed
1244 1635 1283 1657 ex
1306 1635 1355 1656 ra·-

277 1675 369 1706 tione
384 1675 455 1706 eius
470 1675 525 1706 cui
540 1675 648 1715 primo
666 1679 698 1705 et
713 1683 771 1715 per
786 1682 821 1704 se
837 1672 992 1704 convenit
1007 1680 1078 1702 esse
1093 1669 1255 1702 medium:
1272 1671 1355 1702 sicut

277 1720 417 1751 rubeum
441 1725 489 1750 est
511 1719 658 1751 medium
681 1717 875 1750 secundario
906 1717 990 1748 inter
1016 1716 1128 1747 album
1155 1720 1187 1746 et
1214 1715 1354 1756 nigrum,

276 1767 312 1796 et
338 1765 568 1805 unusquisque
597 1763 726 1795 medius
757 1762 850 1794 color
879 1761 1062 1793 secundum
1091 1769 1126 1791 se
1155 1765 1316 1800 sumptus.
1332 1777 1355 1782 —

277 1809 568 1850 proportionaliter
591 1809 690 1840 etiam
711 1807 859 1838 medium
889 1807 923 1837 in
955 1804 1120 1837 causando
1148 1803 1356 1844 distinguitur

276 1854 314 1886 in
333 1853 482 1885 medium
504 1863 564 1895 per
585 1863 620 1884 se
643 1853 763 1894 primo,
786 1857 819 1882 et
841 1849 988 1882 medium
1011 1848 1214 1880 secundario.

332 1898 502 1929 Transitus
513 1907 591 1938 ergo
602 1898 710 1938 primo
723 1902 755 1927 et
769 1905 829 1936 per
843 1905 877 1926 se
889 1894 1000 1933 medii,
1012 1892 1146 1933 quando
1157 1893 1197 1923 ab
1209 1897 1354 1923 extremo

277 1942 320 1974 ad
343 1948 526 1974 extremum
548 1942 710 1978 transitur,
733 1941 778 1971 ita
801 1945 849 1971 est
870 1939 1071 1970 necessarius
1101 1935 1193 1977 quod
1221 1936 1262 1967 ab
1285 1945 1354 1966 uno

278 1993 426 2019 extremo
450 1986 491 2018 ad
513 1987 651 2018 alterum
673 1985 835 2026 perveniri
857 1993 926 2014 non
949 1987 1068 2023 potest,
1083 1986 1218 2012 naturae
1240 1979 1355 2011 ordine

278 2038 417 2070 servato,
433 2033 496 2063 nisi
511 2041 570 2072 per
589 2031 653 2062 tale
668 2029 815 2061 medium
831 2027 887 2059 fiat
902 2028 1064 2058 transitus.
1084 2025 1160 2057 Non
1176 2025 1264 2056 enim
1280 2029 1355 2065 pot-

270 2083 328 2109 -est
351 2076 486 2118 aliquod
501 2086 599 2117 agens
621 2075 767 2107 naturale
789 2072 925 2113 aliquod
948 2080 1068 2112 corpus
1086 2075 1299 2101 transmutare
1315 2068 1355 2100 de

279 2132 409 2154 summe
432 2122 506 2153 albo
528 2122 563 2152 in
586 2129 715 2152 summe
730 2119 860 2159 nigrum
875 2118 938 2148 nisi
951 2115 1041 2148 illud
1055 2116 1144 2156 prius
1163 2118 1355 2145 transmutet

280 2167 322 2199 ad
343 2168 454 2198 minus
475 2166 602 2198 album:
626 2165 703 2196 licet
725 2164 826 2199 Deus,
850 2163 907 2202 qui
931 2167 980 2192 est
1006 2169 1103 2201 supra
1125 2159 1275 2191 ordinem
1298 2168 1375 2189 nau

278 2217 382 2249 turae,
404 2211 486 2243 illud
509 2211 612 2252 possit
635 2210 758 2249 absque
780 2206 902 2238 medio.
926 2205 1080 2237 Similiter
1107 2204 1158 2235 sol
1186 2203 1356 2234 hominem

278 2265 434 2298 generare
449 2265 520 2287 non
534 2260 642 2297 potest
657 2255 720 2285 nisi
742 2252 878 2284 homine
892 2250 1074 2282 mediante:
1091 2248 1148 2280 sed
1163 2249 1247 2279 bene
1267 2247 1356 2278 Deus

279 2302 346 2333 hoc
368 2306 487 2342 potest.
503 2318 526 2324 -
541 2300 711 2331 Transitus
726 2307 804 2328 vero
820 2295 921 2328 medii
936 2294 1139 2338 secundario,
1155 2302 1223 2323 non
1247 2297 1295 2323 est
1313 2293 1356 2322 ita

279 2347 491 2382 necessarius,
514 2344 571 2376 sed
594 2349 703 2385 potest
724 2342 794 2373 fieri
813 2341 965 2373 transitus
981 2340 1020 2370 ab
1036 2344 1181 2370 extremo
1197 2336 1238 2368 ad
1254 2341 1356 2368 extre-

280 2401 375 2423 mum
397 2391 521 2431 absque
537 2390 602 2420 hoc
619 2387 710 2429 quod
725 2397 783 2428 per
797 2387 907 2427 ipsum
921 2384 978 2416 fiat
992 2384 1160 2415 transitus:
1180 2382 1264 2413 sicut
1282 2386 1356 2421 pot-

281 2442 330 2468 est
347 2435 473 2466 transiri
493 2435 532 2465 ab
549 2434 624 2465 albo
644 2434 678 2464 in
693 2433 823 2472 nigrum
839 2431 962 2470 absque
979 2428 1115 2460 transitu
1130 2436 1188 2468 per
1206 2426 1356 2458 rubeum.

339 2481 369 2511 3.
394 2478 679 2511 Considerandum
701 2477 808 2512 tertio,
833 2474 924 2516 quod
939 2483 1009 2505 esse
1031 2471 1211 2507 materiale,
1235 2476 1268 2502 et
1289 2480 1358 2501 esse

282 2524 497 2567 intelligibile,
523 2529 555 2554 et
577 2532 647 2554 esse
669 2520 883 2563 imaginabile
897 2519 1047 2559 (nomine
1071 2515 1294 2558 imaginabilis
1308 2516 1357 2545 in-

281 2569 459 2611 telligendo
482 2577 583 2599 omne
598 2576 668 2598 esse
689 2567 725 2597 in
739 2563 863 2606 sensu),
878 2569 1014 2596 naturae
1028 2561 1171 2593 sensibili
1186 2560 1358 2600 dupliciter

282 2615 412 2646 attribui
427 2618 550 2655 potest:
567 2621 636 2643 uno
648 2611 762 2648 modo,
778 2616 935 2650 tanquam
949 2607 1135 2647 susceptivo
1151 2605 1191 2636 ab
1203 2614 1272 2635 uno
1288 2613 1358 2634 esse

282 2659 324 2690 ad
346 2658 435 2690 aliud
457 2657 652 2693 transeunti;
676 2656 740 2686 alio
757 2654 870 2691 modo,
886 2659 1042 2693 tanquam
1066 2650 1227 2691 principio
1251 2649 1356 2679 activo

282 2703 490 2744 cognitionis,
514 2707 551 2732 ut
576 2701 699 2732 scilicet
724 2701 765 2731 sit
791 2698 937 2730 conditio
964 2697 1066 2737 ipsius
1091 2696 1288 2734 inquantum
1318 2692 1358 2723 ad

283 2749 508 2789 cognitionem
531 2746 582 2777 sui
603 2746 678 2786 agit.

291 2818 294 2821 Α
340 2793 374 2824 Si
389 2791 612 2824 consideretur
627 2799 697 2820 esse
711 2786 917 2828 imaginabile
932 2791 970 2816 ut
984 2784 1108 2816 formae
1131 2782 1274 2814 sensibili
1288 2787 1358 2811 tan-

283 2847 384 2878 quam
406 2837 555 2868 subiecto
583 2833 775 2869 attribuitur,
799 2833 846 2863 sic
869 2836 917 2862 est
943 2829 1090 2861 medium
1113 2837 1171 2868 per
1193 2837 1228 2858 se
1251 2828 1357 2869 primo

283 2883 318 2913 in
333 2881 471 2913 essendo
490 2881 574 2911 inter
597 2888 666 2910 esse
689 2876 854 2908 materiale
878 2881 910 2906 et
932 2873 1148 2914 intelligibile:
1166 2883 1205 2904 ex
1228 2873 1359 2913 propria

284 2927 373 2958 enim
390 2927 517 2957 ratione
540 2924 581 2955 de
596 2933 666 2955 esse
689 2921 832 2953 sensibili
855 2920 1024 2961 participat
1039 2919 1103 2949 hoc
1120 2917 1211 2959 quod
1226 2922 1274 2949 est
1289 2926 1358 2948 esse

285 2972 500 3003 coniunctum
517 2968 762 3000 conditionibus
779 2964 1048 3000 individualibus;
1068 2963 1109 2994 de
1125 2972 1194 2994 esse
1213 2971 1290 2993 vero
1309 2962 1359 2992 in-

284 3016 442 3057 telligibili
456 3014 628 3055 participat
649 3013 716 3043 hoc
731 3010 822 3051 quod
845 3015 893 3040 est
916 3018 986 3041 esse
1009 3010 1078 3039 sine
1100 3008 1243 3043 materia,
1268 3005 1360 3046 quod

274 3070 354 3092 esse
377 3060 553 3091 convenire
568 3067 638 3089 non
653 3061 762 3098 potest
776 3060 909 3086 naturae
925 3054 1057 3085 habenti
1075 3062 1144 3084 esse
1166 3052 1201 3082 in
1219 3050 1360 3091 singula-

284 3106 372 3137 ribus
387 3110 424 3136 ut
435 3105 498 3140 sic;
516 3109 548 3134 et
562 3112 621 3143 per
637 3109 842 3141 consequens
857 3099 960 3139 magis
975 3098 1016 3129 ad
1031 3102 1208 3137 utrumque
1222 3097 1360 3126 istorum

283 3150 528 3192 appropinquat
544 3156 644 3188 quam
666 3147 736 3186 ipsa
758 3146 841 3176 inter
857 3153 902 3175 se.
926 3142 1005 3174 Inde
1019 3142 1166 3182 sequitur
1189 3140 1281 3181 quod
1302 3149 1360 3170 na-

284 3201 357 3227 tura
379 3193 538 3225 sensibilis
553 3201 622 3223 non
637 3195 756 3232 potest,
771 3188 910 3220 naturali
929 3187 1043 3218 ordine
1066 3191 1203 3222 servato,
1227 3185 1267 3216 ab
1290 3193 1360 3215 esse

284 3240 423 3271 omnino
439 3237 595 3269 materiali
610 3235 722 3267 reduci
737 3233 778 3265 ad
794 3243 863 3264 esse
879 3233 1017 3264 omnino
1033 3230 1254 3266 immateriale,
1270 3227 1361 3269 quod

286 3290 335 3316 est
357 3294 427 3315 esse
449 3281 660 3322 intelligibile,
685 3280 747 3310 nisi
769 3279 858 3319 prius
885 3276 1058 3308 reducatur
1084 3275 1124 3306 ad
1155 3283 1225 3306 esse
1247 3273 1361 3313 imagi-

285 3328 408 3360 nabile:
425 3328 573 3369 quamvis
588 3326 688 3361 Deus,
700 3325 758 3365 qui
773 3333 870 3363 supra
885 3321 1035 3353 ordinem
1050 3325 1183 3351 naturae
1198 3324 1256 3355 est,
1272 3318 1361 3348 illam

286 3374 391 3414 possit
413 3374 453 3403 ab
476 3381 545 3403 uno
570 3370 611 3402 ad
633 3369 720 3401 aliud
744 3378 813 3399 esse
839 3368 962 3407 absque
985 3375 1055 3396 esse
1084 3362 1283 3404 imaginabili
1305 3362 1361 3393 de-

288 3418 418 3449 ducere.
443 3417 485 3448 Et
507 3416 593 3453 ideo,
618 3424 695 3446 cum
718 3413 914 3444 substantiae
940 3415 1104 3451 separatae
1126 3410 1227 3440 virtus
1254 3408 1295 3438 sit
1321 3406 1361 3438 ad

288 3461 439 3493 ordinem
467 3466 601 3492 naturae
631 3459 851 3493 determinata,
881 3466 950 3487 non
979 3459 1088 3495 potest
1117 3458 1242 3494 praeter
1268 3458 1362 3483 natu-

287 3507 390 3538 ralem
412 3505 562 3537 ordinem
585 3505 722 3546 operari,
746 3501 933 3534 reducendo
949 3505 1098 3531 naturam
1121 3497 1306 3529 sensibilem
1321 3497 1360 3527 ab

287 3561 360 3583 esse
383 3551 521 3582 omnino
544 3549 702 3580 materiali
717 3547 758 3579 ad
774 3557 842 3578 esse
866 3546 1002 3576 omnino
1026 3542 1246 3578 immateriale,
1270 3540 1362 3582 quod

290 3602 339 3627 est
361 3605 432 3626 esse
461 3594 674 3635 intelligibile,
698 3594 821 3632 absque
850 3590 960 3622 medio
992 3598 1071 3625 esse,
1095 3586 1187 3628 quod
1215 3590 1262 3617 est
1293 3595 1361 3616 esse

288 3639 508 3681 imaginabile;
534 3638 601 3676 sed,
621 3639 648 3671 si
671 3637 804 3669 deberet
825 3637 929 3676 ipsam
953 3634 992 3665 de
1009 3642 1077 3664 esse
1101 3631 1237 3663 omnino
1261 3635 1361 3662 mate-

1407 338 1478 369 riali
1492 338 1533 370 ad
1548 348 1618 370 esse
1634 340 1771 370 omnino
1787 340 1997 372 immateriale
2013 342 2047 372 in
2068 342 2172 383 seipsa
2195 342 2358 381 reducere,
2383 354 2481 385 opor*-

1408 388 1489 413 teret
1504 389 1540 414 ut
1562 384 1651 424 prius
1675 393 1747 415 eam
1763 384 1804 415 ad
1827 384 1961 426 aliquod
1977 395 2046 416 esse
2061 386 2096 416 in
2111 396 2208 421 sensu
2231 393 2287 419 aut
2309 389 2343 420 in
2367 378 2479 430 imagi-

1407 428 1540 459 natione
1564 427 1747 459 deduceret.

1463 471 1498 503 Si
1522 473 1619 503 etiam
1642 472 1864 504 consideretur
1887 483 1956 504 esse
1979 475 2184 514 imaginabile
2201 481 2237 506 ut
2259 482 2391 508 naturae
2407 487 2480 509 seu-

1408 516 1492 546 sibili
1514 522 1668 557 tanquam
1696 518 1856 558 principio
1884 519 2009 549 motivo
2040 519 2081 550 ad
2109 519 2364 552 intellectionem
2393 523 2480 553 attri-

1409 561 1527 597 buitur,
1544 562 1589 592 sic
1606 567 1652 592 est
1669 562 1766 592 etiam
1781 562 1927 594 medium
1944 564 2111 594 essentiale
2128 569 2160 594 et
2182 574 2240 604 per
2255 575 2289 596 se
2312 566 2394 597 inter
2410 576 2479 598 esse

1408 606 1572 636 materiale
1587 612 1721 637 naturae
1736 607 1895 637 sensibilis
1914 613 1946 638 et
1960 608 2061 648 ipsius
2078 617 2146 639 esse
2161 609 2371 650 intelligibile,
2389 611 2479 651 quod

1409 650 1448 680 ab
1471 650 1542 690 ipsa
1570 650 1771 690 producitur.
1801 651 1885 682 Nam
1909 657 2023 683 natura
2051 653 2189 684 omnino
2216 655 2387 685 materialis
2410 665 2479 687 non

1408 699 1516 733 potest
1539 703 1608 725 esse
1631 694 1856 726 immediatum
1872 705 1970 735 agens
1985 696 2026 727 ad
2049 697 2248 728 causandum
2271 700 2414 739 speciem
2429 700 2478 731 in-

1409 738 1607 778 telligibilem
1630 740 1664 770 in
1678 739 1856 776 intellectu,
1872 741 1934 771 nisi
1957 741 2045 780 prius
2060 741 2102 772 ad
2124 742 2258 782 aliquod
2273 752 2343 774 esse
2364 744 2464 775 imma*
2465 762 2479 767 -

1409 783 1518 813 teriale
1542 783 1697 814 elevetur:
1723 785 1800 824 quia
1822 784 1903 815 nihil
1926 785 1991 825 agit
2014 794 2075 817 sua
2095 786 2212 817 virtute
2242 787 2364 827 aliquid
2387 788 2479 829 quod

1409 827 1529 858 altioris
1553 828 1675 859 ordinis
1698 829 1748 859 sit.
1764 846 1787 850 —
1803 828 1837 859 Si
1860 828 1985 860 dicatur
2008 829 2100 869 quod
2121 839 2172 860 res
2194 832 2365 865 materialis
2391 838 2479 863 extra

1409 871 1610 903 intellectum
1633 873 1797 904 concurrit
1811 872 1852 904 ad
1868 872 2069 904 causandum
2084 875 2228 914 speciem
2245 876 2479 916 intelligibilem

1409 915 1443 946 in
1465 916 1642 954 intellectu,
1661 927 1730 948 non
1753 917 1887 958 quidem
1910 918 2138 959 principaliter,
2158 918 2215 950 sed
2231 925 2267 950 ut
2286 920 2479 951 instrumen-

1409 965 1480 990 tum
1495 961 1678 993 intellectus
1689 963 1825 1002 agentis:
1842 961 1918 993 ideo
1930 963 2048 994 virtute
2063 963 2164 1003 ipsius
2177 973 2248 994 eam
2264 973 2395 995 causare
2406 970 2480 1005 pot·

1410 1010 1467 1040 est,
1491 1006 1639 1045 quamvis
1661 1006 1741 1037 illud
1763 1007 1895 1046 propria
1916 1007 2033 1038 virtute
2056 1017 2126 1038 non
2148 1009 2264 1048 possit:
2284 1026 2306 1031 —
2324 1009 2389 1039 hoc
2411 1019 2480 1040 non

1410 1049 1504 1099 valet.
1521 1049 1618 1088 Quia,
1634 1057 1670 1081 ut
1692 1051 1798 1091 inquit
1813 1051 1950 1082 Sanctus
1968 1051 2114 1082 Thomas
2133 1052 2249 1090 Prima,
2266 1062 2298 1093 q.
2315 1063 2385 1090 xnv,
2403 1063 2430 1084 a.
2449 1054 2479 1090 5,

1411 1099 1659 1126 instrumentum
1684 1105 1749 1126 non
1768 1095 1949 1136 participat
1971 1097 2131 1127 actionem
2155 1106 2274 1128 causae
2298 1098 2480 1138 superioris

1411 1138 1475 1169 nisi
1497 1139 1690 1180 inquantum
1704 1139 1768 1180 per
1785 1140 1910 1181 aliquid
1927 1140 1988 1171 sibi
2003 1141 2176 1181 proprium
2201 1147 2358 1182 operatur
2372 1142 2417 1173 ad
2431 1143 2479 1184 es-

1400 1183 1530 1224 sectum
1549 1184 1745 1224 principalis
1761 1185 1899 1225 agentis.
1917 1185 2022 1222 Unde,
2046 1186 2073 1216 si
2095 1186 2259 1217 materiale
2275 1196 2314 1217 ex
2337 1196 2371 1217 se
2386 1187 2479 1218 nullo

1410 1228 1511 1259 modo
1542 1234 1650 1268 potest
1679 1230 1713 1259 in
1743 1230 1881 1259 omnino
1911 1230 2123 1260 immateriale
2153 1240 2257 1270 agere,
2282 1236 2422 1271 oportet,
2453 1232 2479 1262 si

1409 1271 1525 1303 debeat
1541 1274 1740 1304 conveniens
1755 1274 2007 1305 instrumentum
2020 1283 2090 1305 esse
2105 1274 2146 1305 ad
2162 1274 2324 1315 agendum
2339 1276 2372 1306 in
2387 1275 2478 1311 illud,

1410 1317 1501 1357 quod
1524 1317 1564 1348 ad
1587 1318 1730 1358 aliquem
1757 1317 1895 1358 gradum
1922 1318 2064 1349 elevetur
2094 1328 2162 1359 quo
2195 1320 2229 1350 in
2258 1319 2339 1350 illud
2369 1319 2478 1359 aliquo

1409 1361 1511 1392 modo
1535 1372 1629 1402 agere
1653 1363 1765 1403 possit.
1789 1362 1890 1400 Quod
1912 1363 2027 1403 utique
2050 1362 2086 1393 fit
2110 1363 2189 1394 dum
2211 1363 2252 1396 ad
2275 1373 2345 1394 esse
2367 1364 2479 1404 imagi-

1408 1407 1515 1438 nabile
1538 1407 1710 1443 reducitur,
1735 1407 1826 1447 quod
1841 1407 1951 1447 aliquo
1971 1406 2072 1438 modo
2096 1408 2129 1438 in
2146 1408 2279 1438 homine
2303 1407 2344 1439 de
2367 1407 2480 1439 ordine

1409 1452 1660 1492 intelligibilium
1683 1457 1741 1488 est,
1764 1453 1960 1491 inquantum
1990 1462 2008 1482 a
2035 1461 2093 1482 sua
2118 1453 2327 1492 generatione
2357 1458 2404 1483 est
2430 1451 2479 1483 lu-

1408 1498 1496 1528 mine
1519 1496 1702 1528 intellectus
1726 1497 1849 1536 agentis
1872 1496 2066 1527 illustratum
2078 1497 2104 1526 *ἢ

1463 1550 1496 1580 4.
1520 1541 1615 1573 Ratio
1639 1550 1717 1581 ergo
1740 1541 1850 1571 Sancti
1872 1541 2023 1571 Thomae
2045 1541 2098 1570 hic
2120 1541 2235 1581 posita,
2261 1546 2292 1572 et
2315 1541 2350 1571 in
2372 1541 2480 1571 Prima

1407 1585 1501 1617 Parte
1527 1585 1686 1616 declarata
1697 1586 1724 1621 *‚
1751 1584 1898 1625 procedit
1921 1594 1958 1615 ex
1982 1584 2122 1615 naturali
2142 1584 2255 1615 ordine
2279 1584 2479 1623 diversorum

1409 1639 1479 1661 esse
1505 1636 1638 1660 naturae
1666 1629 1834 1665 sensibilis,
1858 1628 2039 1665 secundum
2065 1628 2154 1669 quod
2181 1629 2240 1659 sibi
2265 1629 2481 1660 attribuuntur

1408 1683 1476 1705 non
1493 1680 1620 1706 tantum
1632 1679 1668 1705 ut
1684 1674 1880 1713 susceptivo,
1892 1673 1949 1704 secl
1961 1674 2058 1704 etiam
2070 1678 2106 1703 ut
2121 1674 2281 1713 principio
2298 1671 2424 1704 motivo
2441 1673 2481 1704 ad

1407 1719 1663 1750 intellectionem
1683 1719 1744 1749 sui.
1763 1717 1858 1749 Unde
1878 1723 1910 1748 et
1925 1718 1977 1748 hic
1997 1717 2178 1748 ostenditur
2192 1727 2261 1747 non
2277 1726 2373 1757 posse
2388 1718 2482 1748 intel-

1407 1764 1558 1795 lectivam
1581 1764 1806 1803 cognitionem
1827 1763 2079 1793 substantiarum
2102 1767 2320 1802 separatarum
2348 1771 2386 1792 ex
2399 1771 2482 1801 ,senl-

1407 1808 1554 1839 sibilibus
1576 1809 1672 1844 sumi,
1705 1817 1743 1838 ex
1773 1808 1846 1847 ipso
1875 1806 1988 1838 ordine
2016 1806 2186 1837 sensitivae
2215 1807 2412 1846 cognitionis
2441 1806 2481 1838 ad

1407 1852 1652 1883 intellectivam:
1678 1861 1716 1882 ex
1740 1861 1781 1882 eo
1804 1851 1954 1882 videlicet
1977 1850 2069 1891 quod
2091 1850 2263 1887 sensibilia,
2286 1852 2481 1890 inquantum

1408 1896 1579 1932 sensibilia,
1596 1895 1679 1926 idest
1694 1895 1875 1926 secundum
1891 1894 1982 1935 quod
1997 1900 2073 1925 sunt
2096 1900 2184 1925 extra
2199 1895 2341 1925 animam
2363 1896 2398 1925 in
2412 1905 2481 1925 ma-

1407 1941 1497 1976 teria,
1520 1945 1595 1971 nata
1618 1945 1694 1971 sunt
1716 1939 1916 1979 apprehendi
1939 1948 1997 1979 per
2020 1948 2161 1975 sensum,
2191 1944 2222 1969 et
2252 1938 2326 1969 ideo
2350 1945 2480 1979 oportet

1407 1985 1593 2015 sensitivam
1612 1984 1835 2024 cognitionem
1858 1983 2050 2024 praecedere
2073 1983 2296 2023 cognitionem
2311 1983 2480 2014 intellecti-

1409 2039 1482 2060 vam
1506 2038 1590 2069 quae
1617 2038 1635 2059 a
1658 2028 1861 2059 sensibilibus
1888 2028 2057 2068 accipitur;
2082 2033 2114 2058 et
2136 2027 2182 2058 sic
2208 2033 2356 2063 naturam
2379 2028 2479 2058 sensi-

1408 2074 1507 2104 bilem
1531 2074 1619 2114 prius
1648 2082 1781 2104 movere
1806 2082 1938 2104 sensum
1965 2077 2106 2112 oportet,
2134 2077 2165 2102 et
2194 2080 2252 2111 per
2275 2081 2479 2112 consequens

1408 2119 1555 2158 accipere
1578 2117 1712 2157 aliquod
1735 2127 1805 2148 esse
1835 2116 2054 2152 immateriale,
2079 2125 2178 2155 quam
2201 2121 2332 2154 moveat
2354 2117 2478 2147 intelle-

1408 2168 1513 2199 ctum3
1533 2171 1602 2193 non
1619 2163 1706 2192 enim
1727 2162 1788 2192 alia
1810 2162 1934 2192 ratione
1958 2159 2245 2201 apprehenduntur
2267 2170 2325 2201 per
2347 2170 2479 2192 sensum

1408 2207 1471 2238 nisi
1494 2207 1571 2247 quia
1599 2207 1650 2237 sui
1673 2205 1918 2239 similitudinem
1941 2206 1975 2236 iu
1997 2214 2095 2236 sensu
2118 2210 2262 2235 causant.

1465 2251 1582 2283 Scotus
1606 2256 1716 2283 autem
1738 2252 1772 2281 in
1795 2251 1860 2281 hoc
1884 2250 2039 2290 deceptus
2070 2254 2127 2285 est,
2155 2248 2246 2289 quod
2276 2249 2477 2286 existimavit,

1410 2305 1487 2326 cum
1510 2295 1591 2327 dixit
1612 2295 1749 2327 Sanctus
1772 2295 1916 2326 Thomas
1939 2304 2008 2325 non
2038 2303 2134 2334 posse
2158 2293 2359 2324 intellectum
2383 2303 2479 2334 ange-

1409 2340 1510 2371 licum
1534 2339 1654 2371 formas
1676 2339 1857 2370 materiales
1873 2338 2027 2370 reducere
2051 2337 2090 2368 ad
2111 2347 2180 2368 esse
2203 2337 2403 2377 intelligibile
2418 2339 2479 2368 nisi

1409 2386 1499 2426 prius
1515 2394 1568 2416 eas
1591 2384 1632 2416 ad
1647 2394 1717 2419 esse
1739 2383 1919 2415 formarum
1934 2383 2180 2423 imaginatarurn
2195 2382 2372 2418 reduceret,
2389 2382 2480 2423 quod

1411 2429 1452 2461 de
1474 2430 1552 2470 ipsis
1576 2438 1646 2460 esse
1668 2434 1801 2460 naturae
1824 2428 1982 2459 sensibilis
2004 2427 2194 2467 loqueretur
2213 2432 2250 2457 ut
2270 2427 2331 2457 sibi
2353 2432 2479 2458 tantum

1411 2475 1495 2506 sicut
1512 2475 1698 2515 susceptivo
1714 2474 1945 2504 attribuuntur:
1958 2478 2114 2511 tanquam
2125 2471 2276 2507 videlicet
2286 2471 2479 2507 intellectus,

1410 2520 1478 2550 sive
1494 2518 1730 2559 quodcumque
1744 2517 1832 2548 aliud
1847 2526 1955 2557 agens,
1970 2526 2005 2546 se
2021 2517 2136 2546 habeat
2148 2521 2184 2546 ut
2199 2525 2307 2555 agenS,
2321 2521 2352 2546 et
2367 2521 2481 2546 natura

1410 2573 1500 2595 mere
1522 2564 1648 2604 passive
1671 2572 1706 2593 se
1728 2562 1854 2598 habeat,
1869 2565 2026 2601 tanquam
2041 2560 2163 2591 scilicet
2185 2559 2265 2590 illud
2283 2560 2337 2590 cui
2357 2559 2481 2590 diversa

1412 2617 1482 2639 esse
1505 2608 1733 2643 attribuuntur,
1757 2612 1790 2637 et
1811 2605 1904 2636 nullo
1919 2604 2022 2635 modo
2038 2605 2142 2635 active
2165 2610 2336 2635 concurrat
2358 2603 2398 2634 ad
2421 2605 2481 2635 ista

1410 2663 1469 2684 sua
1492 2652 1617 2683 diversa
1636 2660 1704 2682 esse
1721 2649 1892 2682 causanda.
1909 2648 2011 2687 Quod
2028 2658 2097 2679 non
2113 2653 2160 2679 est
2177 2647 2217 2678 de
2240 2653 2350 2679 mente
2373 2647 2482 2679 Sancti

1411 2697 1571 2728 Thomae.
1597 2696 1714 2736 Neque
1744 2695 1832 2725 enim
1855 2693 1943 2734 apud
1967 2694 2086 2733 ipsum,
2110 2701 2218 2732 neque
2245 2692 2332 2733 apud
2358 2692 2482 2723 Aristo-

1411 2742 1519 2778 telem,
1535 2742 1625 2773 solus
1647 2739 1840 2775 intellectus,
1859 2744 1915 2769 aut
1930 2747 2158 2778 quaecumque
2181 2737 2242 2767 alia
2257 2737 2402 2777 potentia
2425 2746 2481 2767 co-

1411 2787 1594 2826 gnitionem
1609 2795 1628 2816 a
1650 2784 1797 2815 sensibus
1820 2783 1992 2823 accipiens,
2008 2783 2151 2822 speciem
2169 2781 2404 2821 intelligibilem
2427 2787 2482 2811 aut

1411 2831 1596 2862 sensibilem
1619 2834 1743 2860 causat:
1767 2827 1824 2858 sed
1847 2832 1977 2868 oportet
1999 2832 2036 2857 ut
2059 2827 2155 2857 etiam
2171 2826 2336 2856 obiectum
2357 2825 2397 2856 ad
2413 2826 2482 2856 eius

1412 2876 1634 2906 causationem
1650 2877 1831 2906 concurrat.
1847 2871 1944 2903 Unde
1958 2871 2028 2902 vult
2044 2870 2135 2911 quod
2150 2870 2239 2901 nulla
2253 2876 2367 2901 natura
2389 2870 2482 2900 intel-

1411 2920 1557 2951 lectualis
1573 2923 1682 2960 potest
1696 2917 1771 2948 dare
1787 2926 1857 2948 esse
1875 2916 2012 2958 omnino
2030 2914 2241 2946 immateriale
2263 2915 2310 2945 rei
2328 2914 2480 2949 sensibili,

1411 2965 1474 2996 nisi
1496 2964 1542 2995 illi
1565 2964 1655 3004 prius
1678 2961 1802 2993 dederit
1829 2971 1898 2992 esse
1925 2960 2146 3000 imaginabile:
2171 2968 2278 2999 neque
2301 2963 2410 2998 potest
2435 2959 2482 2989 uti

1412 3010 1482 3050 ipsa
1505 3018 1540 3039 re
1559 3008 1698 3039 habente
1720 3016 1790 3037 esse
1813 3005 1977 3036 materiale
2007 3004 2049 3035 ad
2075 3003 2274 3035 causandum
2297 3012 2366 3033 esse
2389 3002 2482 3033 intel-

1412 3053 1543 3094 ligibile,
1567 3053 1630 3083 nisi
1652 3061 1702 3082 res
1725 3052 1794 3091 ipsa
1817 3051 1905 3090 prius
1929 3049 2106 3080 causaverit
2129 3057 2197 3078 esse
2221 3046 2425 3087 imaginabile
2448 3048 2482 3078 in

1413 3099 1482 3138 ipsa
1503 3103 1618 3128 natura
1639 3094 1859 3126 intellectuali.

1470 3141 1544 3178 Sed,
1561 3147 1593 3172 et
1607 3141 1635 3172 si
1649 3145 1764 3171 natura
1787 3139 1884 3170 etiam
1899 3147 1987 3176 mere
2011 3137 2136 3177 passive
2152 3135 2192 3166 ad
2208 3136 2319 3166 omnia
2340 3135 2395 3165 illa
2413 3144 2482 3165 esse

1414 3197 1448 3218 se
1471 3186 1613 3222 haberet,
1629 3184 1736 3216 adhuc
1751 3193 1820 3215 non
1842 3188 1953 3223 posset
1970 3181 2153 3212 intellectus
2169 3185 2293 3211 creatus
2308 3181 2412 3219 ipsam
2427 3189 2483 3210 na-

1413 3237 1520 3262 turam
1542 3231 1582 3261 ab
1605 3239 1675 3261 esse
1697 3228 1852 3259 materiali
1876 3225 1967 3267 quod
1985 3231 2072 3256 extra
2094 3225 2295 3255 intellectum
2318 3224 2423 3259 habet,
2443 3223 2483 3254 ad

1414 3285 1483 3307 esse
1494 3274 1694 3314 intelligibile
1705 3272 1893 3314 perducere,
1902 3272 1965 3302 nisi
1976 3271 2064 3310 prius
2077 3269 2118 3300 ad
2130 3279 2198 3300 esse
2210 3268 2414 3308 imaginabile
2426 3277 2484 3308 per

1414 3321 1518 3361 ipsam
1540 3324 1689 3351 naturam
1716 3317 1944 3348 intellectivam
1965 3314 2183 3349 reduceretur,
2208 3319 2244 3343 ut
2270 3311 2481 3343 ostendimus.

1456 3364 1524 3395 11V.
1549 3363 1601 3395 Ad
1624 3364 1767 3403 primum
1790 3370 1867 3401 ergo
1892 3359 1982 3391 Scoti
1993 3359 2020 3395 *ξ
2044 3359 2240 3398 inquantum
2263 3362 2376 3388 contra
2394 3357 2482 3387 -hanc

1415 3409 1666 3440 declarationem
1682 3416 1750 3437 esse
1773 3406 1885 3446 possit,
1905 3403 2021 3435 dicitur
2037 3402 2127 3443 quod
2141 3401 2288 3433 medium
2305 3401 2482 3438 essentiale,

1415 3462 1483 3494 quo
1506 3451 1772 3486 modo.diximus
1795 3459 1865 3480 esse
1887 3447 2092 3488 imaginabile
2116 3448 2199 3477 inter
2222 3455 2291 3476 esse
2319 3445 2483 3476 materiale

1415 3503 1451 3528 et
1471 3507 1540 3529 esse
1562 3496 1772 3528 immateriale
1794 3493 1946 3530 mediare,
1962 3493 2046 3523 sicut
2061 3497 2109 3522 est
2131 3490 2276 3521 medium
2296 3490 2405 3521 virtuti
2423 3491 2484 3528 mi-

1415 3543 1498 3578 nori,
1522 3540 1565 3572 it'a
1589 3547 1636 3572 est
1659 3539 1805 3571 medium
1820 3538 1931 3569 virtuti
1945 3537 2061 3567 maiori
2075 3537 2159 3566 inter
2174 3536 2307 3566 virtutes
2322 3534 2484 3566 naturales

1415 3591 1677 3621 connumeratae,
1694 3582 1878 3615 cuiusmodi
1893 3587 1941 3613 est
1964 3581 2062 3611 virtus
2077 3580 2273 3611 intellectiva
2288 3579 2482 3610 substantiae

1416 3636 1592 3671 separatae,
1614 3638 1691 3660 cum
1714 3629 1754 3659 sit
1783 3626 1930 3659 medium
1954 3625 2120 3656 essentiale
2151 3630 2183 3655 et
2213 3633 2270 3664 per
2300 3633 2334 3654 se
2357 3624 2481 3664 primo:

2508 1509 2516 1517 ·
2532 1507 2568 1529 Cf.
2586 1506 2720 1528 Commeat.

2507 1539 2557 1561 cap.
2565 1539 2649 1557 uxvn.
2655 1538 2721 1555 num.

2508 1566 2533 1582 ιιι
2548 1566 2599 1589 sqq.

2508 1597 2516 1606 ·
2527 1595 2564 1617 Cf.
2574 1601 2639 1617 num.
2647 1601 2665 1620 ι,
2674 1594 2720 1616 Pro

2508 1622 2679 1644 declaratione.

2511 3372 2520 3380 ·
2534 3368 2607 3391 Num.
2619 3375 2644 3391 ιι.
