2768 4134
648 279 837 316 SUMMA
865 279 1088 318 CONTRA
1115 281 1389 327 GENTILES,
1417 283 1511 319 LIB.
1532 283 1573 328 ΙΙ,
1603 283 1714 320 CAP.
1734 284 1899 328 LXVIII,
1918 284 2052 320 LXIX.

2366 295 2445 332 447

253 357 338 388 sicut
360 356 448 388 calor
478 356 518 387 ab
548 357 634 397 igne.
666 357 768 395 Quod
797 363 904 389 autern
933 364 979 389 est
1009 360 1152 391 naturale
1180 360 1324 392 secundo
1378 362 1461 401 pori,
1485 362 1560 401 quia
1587 361 1733 401 aptitudo
1757 361 1798 392 ad
1820 362 1903 392 hanc
1925 362 2082 393 unionem
2105 362 2173 393 eius
2196 367 2343 393 naturam
2365 372 2445 394 con-

252 400 367 437 modo}
384 406 544 441 quantum
559 400 600 431 ad
616 401 830 441 aptitudinem
847 408 894 433 est
910 403 1133 444 inseparabile:
1151 404 1208 435 sed
1223 414 1325 445 quan-

252 450 324 475 tum
352 443 393 475 ad
425 445 704 485 complementum
734 451 781 476 est
812 447 996 486 separabile,
1020 453 1056 478 ut
1084 453 1173 488 patet
1196 448 1236 479 de
1259 448 1325 479 dia-

1378 405 1539 445 sequitur:
1553 405 1609 436 sed
1622 405 1899 445 complementum
1915 411 1962 436 est
1973 406 2012 436 ab
2025 411 2139 446 agente
2151 407 2329 437 extrinseco
2340 407 2445 447 ipsam

1378 450 1521 479 uniente.
1551 448 1627 479 Ideo
1652 448 1798 489 aptitudo
1826 449 1866 479 ad
1892 449 1989 480 talem
2012 451 2168 480 unionem
2194 451 2233 480 ab
2262 451 2331 490 ipsa
2353 460 2444 491 sepa-

252 489 436 529 phaneitate
452 495 602 530 respectu
617 490 707 520 aeris.
724 507 747 511 —
762 490 798 520 In
813 492 982 531 proposito
1003 501 1079 532 ergo
1096 491 1212 523 dicitur
1234 492 1326 533 quod
1378 493 1438 522 rari
1461 502 1530 522 non
1552 498 1669 532 potest,
1694 492 1750 523 sed
1773 493 1904 523 actualis
1920 495 1999 524 unio
2016 494 2099 524 bene
2122 499 2230 534 potest
2245 495 2284 524 ab
2303 495 2372 535 ipsa
2394 503 2444 526 se-

253 533 379 563 animae
395 533 610 564 intellectivae
634 539 681 564 est
696 535 840 565 naturale
863 535 1007 566 secundo
1028 535 1130 566 modo
1146 537 1231 567 uniri
1254 546 1325 567 cor-

1378 536 1491 576 parari.

1306 623 1399 664 ,m

630 757 1118 814 CAPITULUM
1154 759 1761 815 SEXAGESIMUM
1796 760 2080 816 NONUM

587 882 853 924 SOLUTIO
898 884 1226 925 RATIONUM
1271 884 1496 936 QUIBUS
1541 885 1742 926 SUPRA
1785 886 2117 928 PROBATUR

297 943 473 996 QUOD
510 943 898 986 SUBSTANTIA
932 945 1626 1048 INTELLEI-(JZVI'I'UFPEkzIssIEON
1657 947 1896 989 POTEST
1930 948 2096 990 UNIRI
2131 947 2394 989 CORPORI

277 1152 282 1162 Δ
386 1127 397 1154 χ
432 1131 441 1158 1¹
463 1121 492 1146 is
515 1116 648 1146 autem
676 1108 927 1146 consideratis
941 1109 972 1155 ²¹⁸,
993 1121 1073 1146 non
1093 1117 1148 1146 est
1167 1109 1321 1147 difficile

276 1207 283 1217 N
314 1185 341 1205 ,ι
361 1189 369 1196 ,
430 1163 438 1183 ³
476 1162 627 1199 solvere
656 1173 757 1211 quae
786 1169 920 1199 contra
947 1162 1185 1212 praedictam
1210 1162 1322 1200 unio—

313 1226 377 1269 ςζνρῑ
391 1231 399 1243 =
432 1239 442 1244 ·-
476 1226 569 1252 nem
598 1214 750 1264 supra*
778 1214 958 1264 opposita
986 1223 1086 1252 sunt.

440 1278 455 1290 ’
530 1268 574 1305 In
605 1266 732 1316 prima
760 1267 867 1305 enirn
895 1267 1042 1305 ratione
1070 1268 1210 1305 falsum
1234 1280 1324 1317 sup-

1377 1110 1505 1147 omnis
1533 1111 1616 1148 eius
1644 1110 1764 1148 virtus
1791 1111 1838 1148 sit
1865 1111 2025 1149 alicuius
2053 1111 2226 1162 corporis
2254 1119 2376 1149 actus:
2404 1120 2447 1149 ut

1377 1163 1511 1212 quinta
1534 1164 1630 1201 ratio
1657 1164 1901 1213 procedebat.
1922 1166 2003 1201 Iam
2031 1164 2136 1202 enim
2165 1172 2363 1202 ostensum
2391 1172 2447 1202 est

1378 1216 1487 1265 quod
1515 1216 1645 1254 anima
1673 1217 1848 1254 humana
1884 1229 1965 1254 non
2000 1217 2046 1254 sit
2073 1216 2155 1254 talis
2190 1217 2314 1255 forma
2341 1229 2442 1267 quae

1379 1268 1425 1305 sit
1438 1268 1601 1305 totaliter
1615 1268 1798 1306 immersa
1817 1269 2009 1315 materiae,
2030 1270 2097 1306 sed
2118 1277 2173 1306 est
2191 1269 2289 1307 inter
2307 1282 2444 1307 omnes

321 1298 324 1299 ⁷
336 1298 339 1299 ⁷
354 1294 366 1310 V

251 1319 443 1370 ponitur.a
456 1321 562 1362 Nonv
578 1318 685 1357 enim
712 1332 856 1370 corpus
884 1328 921 1357 et
948 1320 1078 1357 anima
1106 1328 1196 1358 sunt
1224 1321 1324 1358 duae
1347 1336 1356 1356 s
1379 1321 1472 1358 alias
1508 1321 1652 1358 formas
1689 1321 1858 1359 maxime
1895 1334 2012 1371 supra
2049 1322 2251 1359 materiam
2273 1324 2444 1362 elevata.

251 1371 487 1411 substantiae
506 1380 595 1410 actu
613 1372 827 1418 existentes,
847 1373 915 1410 sed
943 1385 991 1410 ex
1018 1372 1072 1410 eis
1098 1374 1255 1410 duobus
1282 1373 1327 1410 fit

250 1437 333 1464 una
365 1425 579 1463 substantia
614 1433 703 1463 actu
735 1425 916 1463 existens:
947 1438 1090 1475 corpus
1117 1426 1223 1463 enim
1256 1428 1326 1463 ho—

252 1478 368 1518 minis
387 1491 469 1517 non
488 1485 545 1516 est
567 1478 673 1515 idem
701 1486 789 1516 actu
808 1486 1010 1527 praesente
1031 1478 1174 1524 anima,
1195 1487 1232 1515 et
1259 1479 1325 1516 ab·

251 1538 378 1578 sente3
406 1531 476 1568 sed
503 1530 636 1568 anima
662 1530 750 1567 facit
777 1531 907 1580 ipsum
937 1539 1025 1568 actu
1053 1543 1148 1568 esse.
1197 1534 1202 1538 ’

305 1584 428 1632 Quod
447 1591 580 1621 autem
599 1583 774 1620 secundo
793 1582 983 1629 obiicitur,
1002 1583 1171 1620 formam
1189 1591 1227 1620 et
1245 1595 1326 1620 ma·
1342 1601 1367 1615 ιο

251 1636 389 1674 teriam
417 1636 458 1674 in
486 1636 628 1673 eodem
655 1647 796 1684 genere
824 1635 1023 1681 contineri,
1059 1648 1140 1673 non
1174 1636 1228 1673 sic
1262 1648 1347 1672 ve-·
1382 1638 1574 1673 Averroes
1603 1648 1715 1673 suam
1749 1636 1977 1685 opinionem
2005 1637 2238 1674 confirmare
2266 1637 2398 1674 nititur
2415 1638 2446 1683 ³³,
2474 1636 2550 1664 '⁶³⁹-
2576 1642 2583 1658 ¹
2630 1637 2673 1658 ¹¹¹¹·

251 1700 343 1729 rum
371 1696 429 1726 est
455 1688 566 1738 quasi
598 1695 812 1738 utrumque
850 1688 896 1726 sit
930 1688 1078 1738 species
1112 1688 1229 1726 unius
1264 1700 1326 1736 ge·
1381 1700 1463 1726 non
1490 1689 1657 1738 probant
1684 1688 1938 1726 substantiam
1966 1689 2260 1726 intellectualem
2293 1689 2448 1739 corpori

251 1740 371 1783 neris:
401 1742 471 1780 sed
499 1740 592 1791 quia
619 1748 710 1778 sunt
736 1741 926 1792 principia
960 1741 1137 1779 eiusdem
1172 1741 1325 1792 speciei.
1381 1753 1463 1779 non
1490 1741 1592 1778 uniri
1620 1749 1663 1778 ut
1689 1741 1868 1779 formam.

253 1792 319 1842 Sic
334 1793 450 1844 igitur
468 1794 681 1832 substantia
699 1794 963 1832 intellectualis
989 1801 1026 1832 et
1044 1806 1199 1844 corpus,
1225 1806 1326 1844 quae
1434 1794 1564 1831 Verba
1591 1794 1695 1832 enim
1724 1793 1935 1832 Aristotelis
1963 1806 2063 1843 quae
2082 1794 2171 1832 dicit
2190 1794 2238 1831 de
2257 1794 2448 1832 intellectu

251 1859 432 1887 seorsum
461 1847 661 1886 existentia
693 1855 820 1885 essent
856 1847 1102 1885 diversorum
1138 1859 1327 1896 generum
1343 1863 1365 1883 ις
1380 1847 1568 1896 possibili,
1604 1847 1713 1896 quod
1751 1854 1807 1884 est
1848 1847 2080 1896 impassibilis
2113 1854 2149 1883 et
2185 1849 2376 1884 immixtus
2412 1855 2449 1884 et

252 1901 412 1952 species,
441 1909 559 1951 prout
595 1900 796 1947 uniuntur,
832 1908 922 1938 sunt
955 1900 1072 1937 unius
1106 1900 1256 1948 generis
1284 1908 1327 1937 ut
1380 1906 1584 1949 separatus,
1613 1912 1695 1937 non
1722 1907 1866 1948 cogunt
1893 1899 2068 1936 confiteri
2096 1900 2204 1949 quod
2237 1900 2446 1937 substantia
2509 1927 2512 1929 >

253 1953 453 2006 principia.
1381 1952 1608 1990 intellectiva
1636 1964 1718 1990 non
1744 1952 1791 1989 sit
1818 1951 1926 1989 unita
1953 1951 2106 2001 corpori
2134 1960 2176 1989 ut
2202 1952 2327 1989 forma
2350 1952 2446 1989 dans

307 2007 403 2046 Non
430 2013 563 2044 autem
583 2013 735 2055 oportet
753 2005 1008 2043 substantiam
1031 2005 1326 2044 intellectualem
1380 2017 1475 2043 esse.
1504 2004 1761 2043 Verificantur
1780 2004 1884 2042 enim
1903 2004 2019 2042 etiam
2038 2005 2069 2042 si
2088 2004 2236 2042 dicatur
2263 2006 2369 2054 quod
2389 2005 2445 2042 in-

254 2072 340 2099 esse
365 2060 535 2098 formam
563 2058 813 2104 materialem,
842 2058 1024 2108 quamvis
1052 2070 1135 2096 esse
1164 2057 1248 2096 eius
1280 2057 1327 2096 sit
1379 2058 1565 2096 tellectiva
1592 2057 1774 2107 potentia,
1797 2070 1917 2107 quam
1941 2057 2161 2094 Aristoteles
2184 2065 2297 2095 vocat
2314 2064 2444 2107 poten-

253 2113 296 2152 in
315 2112 501 2151 materia:
522 2120 566 2150 ut
593 2112 702 2149 tertia
719 2111 816 2149 ratio
836 2111 1081 2161 procedebat.
1107 2112 1201 2148 Non
1221 2111 1326 2148 enim
1353 2114 1470 2149 otiam
1489 2113 1760 2161 perspectivam
1775 2110 1806 2157 *,
1831 2122 1911 2147 non
1933 2109 1979 2146 sit
2002 2110 2162 2147 alicuius
2186 2110 2319 2158 organi
2338 2118 2444 2147 actus
2472 2116 2541 2170 {ug}-
2565 2121 2614 2143 cap·
2638 2121 2685 2142 ιιι,

253 2174 312 2205 est
339 2166 379 2204 in
407 2165 568 2204 materia
586 2165 684 2202 sicut
703 2165 885 2202 materiae
905 2164 1098 2211 immersa,
1122 2166 1185 2202 vel
1204 2177 1227 2202 a
1245 2176 1326 2201 ma-

254 2219 350 2259 teria
377 2218 542 2257 totaliter
569 2219 863 2268 comprehensa,
901 2218 970 2255 sed
1007 2217 1082 2255 alio
1117 2218 1251 2263 modo,
1285 2224 1327 2254 ut

255 2270 404 2311 dictum
432 2279 499 2309 est.

308 2326 395 2363 Nec
421 2333 553 2363 tamen
588 2337 659 2374 per
691 2325 769 2361 hoc
803 2323 910 2373 quod
946 2322 1158 2361 substantia
1183 2322 1327 2360 intelle·

254 2378 390 2418 ctualis
418 2378 551 2416 unitur
569 2377 723 2427 corpori
751 2384 794 2414 ut
821 2377 957 2422 forma,
977 2384 1201 2414 removetur
1219 2376 1327 2426 quod

254 2436 279 2469 a
305 2431 549 2482 philosophis
577 2431 726 2476 dicitur,
747 2429 983 2467 intellectum
1002 2441 1085 2466 esse
1113 2441 1136 2467 a
1164 2440 1327 2478 corpore

255 2492 490 2536 separatum.
521 2485 589 2521 Est
626 2483 732 2521 enim
769 2482 809 2519 in
847 2482 977 2520 anima
1013 2482 1258 2520 considerare
1291 2489 1328 2519 et

255 2537 377 2589 ipsius
406 2537 622 2583 essentiam,
652 2544 690 2574 et
716 2535 931 2586 potentiam
965 2535 1060 2573 eius.
1099 2535 1327 2573 Secundum

255 2590 463 2629 essentiam
481 2589 643 2639 quidem
662 2601 776 2627 suam
794 2589 859 2627 dat
877 2601 960 2626 esse
987 2587 1051 2626 tali
1079 2588 1248 2638 corpori:
1270 2600 1326 2625 se-

1380 1374 1493 1411 Unde
1521 1381 1558 1410 et
1589 1374 1857 1423 operationem
1890 1375 2106 1423 producere
2140 1382 2265 1424 potest
2299 1375 2446 1424 absque

1380 1438 1555 1476 corpore,
1583 1426 1691 1472 idest,
1719 1426 1830 1475 quasi
1858 1439 1939 1464 non
1969 1427 2191 1476 dependens
2227 1440 2250 1465 a
2284 1439 2446 1477 corpore

1379 1479 1420 1516 in
1449 1479 1668 1528 operando:
1698 1480 1789 1528 quia
1817 1491 1889 1516 nec
1917 1480 2033 1517 etiam
2051 1480 2091 1516 in
2110 1480 2274 1517 essendo
2302 1481 2446 1530 depen-

1381 1531 1445 1573 det
1472 1544 1495 1568 a
1521 1543 1697 1581 corpore.

1434 1584 1587 1620 Eodem
1624 1584 1736 1621 etiam
1777 1584 1898 1621 modo
1934 1592 2038 1634 patet
2074 1585 2182 1633 quod
2219 1597 2264 1622 ea
2304 1585 2447 1634 quibus

1381 2164 1492 2214 quasi
1519 2176 1589 2214 per
1615 2164 1745 2214 ipsum
1764 2175 1876 2200 suam
1896 2175 2077 2200 exercens
2096 2163 2374 2212 operationem.
2396 2164 2444 2200 Et

1382 2219 1458 2255 hoc
1485 2217 1601 2254 etiam
1630 2229 1700 2254 sua
1727 2215 2005 2254 demonstratio
2033 2216 2213 2253 declarat:
2235 2228 2283 2253 ex
2310 2228 2444 2266 opera-

1380 2270 1484 2308 tione
1500 2269 1606 2308 enim
1624 2269 1867 2307 intellectuali
1880 2281 1959 2319 qua
1973 2269 2106 2306 omnia
2119 2268 2298 2316 intelligit,
2319 2276 2445 2306 osten·

1381 2323 1435 2360 dit
1453 2323 1583 2372 ipsum
1603 2322 1825 2360 immixtum
1840 2334 1922 2358 esse
1937 2323 1999 2359 vel
2015 2329 2252 2371 separatum3
2273 2321 2444 2370 operatio

1342 2391 1366 2412 ις
1381 2384 1513 2414 autem
1536 2376 1703 2426 vpertinet
1730 2376 1780 2413 ad
1807 2375 2020 2425 potentiam
2048 2383 2090 2412 ut
2118 2375 2167 2411 ad
2199 2374 2443 2424 principium.

1434 2429 1547 2467 Unde
1574 2436 1678 2478 patet
1706 2429 1812 2478 quod
1841 2439 1914 2465 nec
1941 2427 2218 2466 demonstratio
2236 2427 2446 2465 Aristotelis

1381 2482 1458 2519 hoc
1485 2482 1690 2527 concludit,
1719 2481 1828 2531 quod
1860 2481 2071 2518 substantia
2105 2480 2331 2517 intellectiva
2364 2492 2446 2517 non

1381 2534 1538 2573 uniatur
1564 2534 1718 2584 corpori
1745 2534 1842 2571 sicut
1868 2534 2004 2572 forma.
2035 2533 2076 2571 Si
2111 2533 2216 2570 enim
2249 2545 2445 2582 ponamus

1381 2587 1634 2625 substantiam
1661 2586 1814 2624 animae
1842 2587 2060 2624 secundum
2091 2597 2174 2622 esse
2211 2585 2364 2634 corpori
2391 2584 2445 2622 sic

255 2644 433 2683 cundum
451 2642 667 2693 potentiam
689 2652 784 2680 vero
807 2641 1053 2691 operationes
1079 2642 1255 2691 proprias
1275 2641 1325 2677 ef·
1342 2656 1367 2676 ιο
1380 2640 1542 2686 unitam,
1570 2640 1806 2677 intellectum
1832 2646 1963 2676 autern
1990 2637 2132 2675 nullius
2152 2638 2285 2686 organi
2313 2645 2443 2674 actum

255 2697 346 2735 ficit.
378 2696 419 2734 Si
446 2696 561 2744 igitur
579 2695 753 2746 operatio
773 2694 927 2732 animae
946 2706 1016 2744 per
1033 2706 1224 2743 organum
1242 2705 1326 2730 cor·
1381 2706 1475 2739 esse,
1504 2705 1585 2730 non
1617 2699 1801 2742 sequetur
1835 2692 1943 2740 quod
1977 2691 2187 2728 intellectus
2215 2692 2348 2728 habeat
2375 2690 2443 2727 ali-

255 2751 389 2801 porale
417 2750 645 2798 completur,
675 2755 827 2798 oportet
845 2748 953 2797 quod
975 2747 1145 2797 potentia
1173 2747 1325 2784 animae
1381 2759 1492 2796 quam
1522 2751 1709 2791 naturam,
1730 2745 1778 2782 de
1802 2744 1947 2782 naturis
1966 2744 2052 2781 dico
2072 2743 2326 2780 sensibilium:
2351 2754 2443 2780 curn

256 2815 358 2855 quae
386 2809 442 2840 est
476 2801 575 2839 illius
604 2800 838 2852 operationis
866 2800 1112 2850 principium,
1146 2799 1192 2836 sit
1219 2806 1325 2837 actus
1379 2811 1461 2837 non
1492 2806 1660 2849 ponatur
1691 2799 1891 2836 harmonia
1905 2797 1935 2843 *,
1972 2798 2035 2834 vel
2071 2798 2166 2834 ratio
2201 2797 2355 2834 alicuius
2382 2808 2442 2832 or-

256 2855 358 2895 illius
375 2855 494 2906 partis
512 2854 686 2904 corporis
700 2866 771 2904 per
789 2865 910 2903 quam
929 2853 1102 2903 operatio
1118 2852 1200 2889 eius
1219 2865 1325 2890 com-
1379 2854 1488 2902 gani,
1517 2851 1615 2889 sicut
1641 2851 1690 2888 de
1723 2862 1839 2888 sensu
1874 2849 1963 2888 dicit
1994 2849 2228 2895 Aristoteles,
2261 2849 2300 2886 in
2335 2849 2366 2885 II
2398 2849 2444 2885 de

256 2911 399 2959 pletur:
430 2908 528 2946 sicut
554 2907 661 2945 visus
681 2914 737 2944 est
755 2914 862 2944 actus
881 2906 995 2944 oculi.
1016 2906 1057 2944 Si
1084 2913 1216 2943 autem
1234 2917 1325 2955 ope·
1341 2920 1364 2941 ιε
1379 2904 1571 2951 Anima*,
1606 2903 1715 2953 quod
1743 2911 1799 2942 est
1827 2904 2011 2952 quaedam
2039 2904 2134 2940 ratio
2171 2903 2318 2952 organi.
2348 2901 2442 2938 Non

257 2963 354 3000 ratio
383 2961 467 2999 eius
494 2973 577 2998 non
604 2961 846 3010 compleatur
872 2971 944 3009 per
969 2970 1161 3007 organum
1188 2970 1325 3007 corpo-
1380 2957 1486 2995 enim
1513 2958 1630 2995 habet
1657 2956 1866 2994 intellectus
1894 2956 2161 3006 operationem
2188 2965 2442 2992 communem

258 3017 348 3061 tale,
362 3014 535 3064 potentia
553 3013 636 3054 eius
655 3025 736 3050 non
751 3012 821 3051 erit
839 3020 946 3050 actus
961 3011 1120 3049 alicuius
1139 3011 1324 3061 corporis.
1380 3023 1469 3048 curn
1491 3022 1666 3061 corpore.

259 3069 309 3106 Et
335 3080 406 3118 per
423 3068 501 3106 hoc
520 3066 659 3104 dicitur
677 3066 888 3104 intellectus
908 3077 990 3103 esse
1009 3070 1218 3115 separatus:
1244 3076 1326 3101 non
1436 3063 1557 3111 Quod
1584 3070 1714 3101 autem
1742 3075 1813 3113 per
1846 3063 1922 3100 hoc
1956 3061 2065 3112 quod
2100 3060 2318 3099 Aristoteles
2354 3058 2443 3096 dicit

258 3121 356 3172 quin
385 3119 596 3158 substantia
623 3119 777 3157 animae
805 3117 916 3156 cuius
943 3125 999 3155 est
1026 3117 1196 3167 potentia
1219 3116 1325 3154 intel-
1381 3115 1616 3154 intellectum
1644 3128 1727 3153 esse
1765 3117 1976 3153 immixtum
2011 3115 2074 3151 vel
2107 3119 2332 3163 separatum,
2360 3124 2442 3149 non

259 3177 392 3220 lectus,
422 3174 502 3211 sive
531 3172 662 3210 anima
689 3171 926 3217 intellectiva,
955 3171 1002 3208 sit
1029 3170 1202 3219 corporis
1220 3177 1327 3207 actus
1341 3189 1368 3210 40
1381 3169 1554 3207 intendat
1581 3169 1784 3206 excludere
1811 3168 1942 3217 ipsum
1970 3179 2052 3204 esse
2085 3174 2233 3216 partem
2265 3165 2345 3202 sive
2373 3176 2442 3213 po-

260 3236 304 3266 ut
330 3228 457 3265 forma
483 3226 580 3264 dans
607 3225 671 3263 tali
698 3224 852 3274 corpori
881 3236 974 3261 esse.
1381 3222 1540 3259 tentiam
1567 3221 1720 3260 animae
1749 3233 1848 3270 quae
1877 3227 1933 3257 est
1959 3220 2084 3257 forma
2117 3219 2232 3256 totius
2259 3217 2442 3266 corporis,

314 3281 409 3318 Non
437 3287 494 3317 est
521 3286 651 3317 autem
680 3277 950 3323 necessarium,
979 3276 1010 3313 si
1039 3275 1169 3313 anima
1192 3287 1327 3312 secun-
1381 3283 1484 3324 patet
1501 3287 1572 3325 per
1590 3276 1667 3312 hoc
1685 3274 1793 3324 quod
1812 3273 1901 3310 dicit
1919 3272 1959 3309 in
1978 3272 2056 3309 fine
2071 3271 2190 3309 Primi
2204 3271 2249 3308 de
2261 3271 2402 3308 Anima
2411 3269 2442 3315 *,

261 3333 360 3371 dum
388 3333 502 3371 suam
521 3331 772 3370 substantiam
792 3338 848 3368 est
874 3330 999 3367 forma
1017 3327 1200 3378 corporis,
1220 3328 1329 3378 quod
1383 3335 1516 3366 contra
1538 3327 1622 3366 illos
1641 3327 1708 3377 qui
1727 3326 1903 3373 dicebant
1922 3324 2093 3363 animam
2120 3323 2160 3362 in
2179 3323 2338 3369 diversis
2357 3334 2443 3372 par-

263 3386 393 3425 omnis
420 3386 504 3424 eius
532 3385 706 3436 operatio
733 3384 801 3422 fiat
819 3395 889 3434 per
915 3394 1069 3432 corpuS,
1092 3393 1138 3419 ac
1164 3393 1234 3430 per
1252 3381 1329 3418 hoc
1382 3381 1485 3419 tibus
1512 3380 1685 3430 corporis
1712 3379 1882 3417 diversas
1901 3377 1961 3415 sui
1978 3385 2104 3427 partes
2123 3376 2281 3414 habere:
2311 3376 2352 3413 Si
2368 3381 2444 3412 tota

2471 2808 2480 2817 ·
2490 2806 2526 2829 Cf.
2537 2813 2586 2835 cap.
2597 2812 2659 2829 uiv.

2469 2908 2641 2960 {cetram
2656 2912 2678 2933 ²³

2471 3266 2576 3315 ἑπῗῗῑ.
2589 3272 2623 3319 ,32
2643 3271 2678 3294 ²⁵³

1876 3490 1908 3515 ²7
1929 3480 2085 3514 separatum]
2105 3485 2131 3506 et
2149 3486 2189 3506 est
2207 3485 2298 3513 quam
2314 3479 2380 3505 ratio
2392 3480 2446 3550 gli

2339 3522 2376 3546 44
2426 3520 2437 3540 t

2051 3586 2083 3612 32
2103 3590 2222 3611 naturam
2241 3585 2283 3610 Ita
2301 3585 2383 3618 EGZ;
2402 3585 2447 3610 de-

1121 3485 1135 3511 3
1154 3485 1283 3519 opposita]
1302 3485 1388 3518 posita
1405 3485 1449 3511 Pe.
1539 3485 1556 3511 8
1575 3493 1627 3510 non
1645 3492 1688 3510 om
1707 3484 1781 3508 «DX.

318 3498 329 3516 ι
352 3496 393 3516 est
410 3498 453 3516 οηι
473 3491 523 3520 αΧ,
538 3493 602 3522 post
621 3488 722 3514 difficile
741 3489 772 3519 D,
788 3491 850 3520 post
868 3488 970 3512 solvere
987 3486 1030 3512 W.

1239 3528 1275 3553 4⁰
1294 3520 1349 3545 sive
1367 3521 1410 3545 Ita
1428 3520 1487 3552 YZ3
1513 3521 1610 3546 scilicet
1627 3520 1670 3551 W,
1689 3526 1757 3552 quae
1775 3526 1836 3543 vere
1854 3523 1894 3543 est
1912 3517 1935 3548 b,
1955 3525 2002 3542 nec
2020 3517 2064 3547 Pc,
2082 3523 2144 3542 vere
2160 3516 2252 3542 ceteri.

263 3527 334 3553 dunt
351 3527 395 3568 Pf.
486 3525 519 3551 36
536 3525 600 3559 non]
625 3533 674 3551 nec
698 3524 808 3550 anwx.
899 3523 931 3556 39
950 3521 1022 3556 quin]
1042 3522 1104 3554 quia
1120 3521 1152 3546 E.

262 3561 293 3589 fit
310 3562 483 3623 {asariam
502 3596 545 3621 Ita
563 3596 642 3627 YZP;
661 3595 747 3621 forma
763 3595 852 3620 ceteri.
944 3592 976 3618 18
995 3591 1166 3617 Verificantur
1184 3591 1227 3615 lta
1244 3591 1318 3622 XZb;
1337 3589 1498 3622 Verificatur.

751 3638 786 3662 4⁰
804 3628 928 3662 intendat]
947 3627 1055 3653 intendit
1072 3627 1128 3658 ΒΘ,
1147 3626 1296 3651 intendebat
1312 3626 1342 3651 Z.

615 3628 617 3630 ¹
1589 3590 1621 3615 23
1640 3587 1736 3622 omnia]
1756 3588 1841 3613 anima
1861 3586 1964 3614 GWPc.

263 3633 429 3658 terminatam
446 3632 553 3657 addunt
570 3632 662 3657 ceteri·
