2768 4134
299 315 378 361 430

299 392 420 432 liquide
436 394 668 421 monstraverat
691 389 875 423 veritatem3
900 397 968 417 non
993 388 1069 427 quia
1093 396 1161 418 non
1186 387 1375 416 conveniret

300 435 445 466 definitio
477 435 602 464 animae
634 433 775 462 univoce
804 432 895 462 omni
926 431 1062 462 animae.
1093 430 1198 467 Unde,
1227 437 1263 461 ut
1290 431 1374 462 hanc

299 478 483 510 excluderet
506 478 736 513 obiectionem,
761 486 800 506 ex
824 477 982 516 opinione
1011 476 1155 506 Platonis
1178 476 1374 516 provenien-

298 530 374 559 tem,
392 532 430 553 ex
449 522 692 562 operationibus
709 522 845 557 animae,
863 530 1001 561 quarum
1016 521 1086 561 ipsa
1103 525 1150 551 est
1166 521 1373 561 principium,

731 309 919 347 SUMMA
950 308 1172 345 CONTRA
1201 307 1477 352 GENTILES,
1506 307 1600 344 LIB.
1626 307 1668 352 ll,
1699 306 1810 343 CAP.
1831 307 1929 352 LXI,
1948 307 2063 344 LXII.

1429 392 1476 416 est
1500 387 1676 416 substantia
1699 391 1852 426 separata.
1872 403 1895 408 —
1910 385 2116 417 Antecedens
2131 388 2297 427 probatur.
2314 389 2403 420 Tum
2427 390 2503 430 quia

1428 431 1648 471 Philosophus
1671 430 1873 461 intellectum
1895 430 1978 461 inter
2000 431 2163 471 potentias
2178 433 2305 463 animae
2325 439 2502 464 enumerat.

1427 475 1516 506 Tum
1540 475 1616 515 quia
1634 475 1883 515 perspectivam,
1908 480 1999 506 textu
2016 483 2069 512 21,
2093 476 2241 507 nominat
2258 478 2451 517 potentiam.

1489 520 1608 550 Tertio.
1627 520 1811 550 Intellectus
1827 526 1875 550 est
1890 529 1963 560 pars
1979 519 2121 551 anim‘ae:
2139 525 2176 551 ut
2187 526 2276 561 patet
2291 531 2330 552 ex
2341 523 2502 563 principio

55 579 64 588 ·
79 576 164 604 cap.n
193 582 212 596 s.
224 574 268 596 Th.
297 567 437 598 ostendit
449 567 466 583 ⁴*
490 566 581 606 quod
595 575 664 596 non
681 571 728 596 est
744 566 874 605 corpori
889 566 980 596 unita
994 570 1029 596 ut
1045 570 1146 596 nauta
1164 565 1249 601 navi,
1268 565 1323 595 sed
1341 570 1375 595 ut
1428 563 1469 594 111
1493 564 1565 594 libri
1589 564 1628 594 de
1643 564 1763 594 Anima
1775 565 1802 600 *‚
1826 565 1883 595 ubi
1899 564 2031 595 dicitur:
2049 565 2101 595 De
2117 570 2216 606 parte
2241 570 2349 596 autem
2373 566 2540 597 animae·
2530 577 2618 600 ·.·rext
2629 583 2718 600 comm.
2724 584 2744 606 ι·

55 604 71 625 ¹·
81 609 101 631 3·
112 610 135 629 ⁴·
293 613 407 653 forma
423 610 600 641 materiae:
616 611 773 650 quoniam
790 619 857 651 quo
875 610 997 650 aliquid
1017 611 1123 650 primo
1149 615 1310 650 operatur,
1328 616 1375 640 est
1428 618 1492 649 qua
1517 609 1688 650 cognoscit
1710 609 1822 639 anima
1842 613 1874 639 et
1894 609 1989 650 sapit.
2014 609 2101 650 Ergo
2127 615 2187 640 etc.
2531 604 2584 626 Μ
2595 610 2647 632 ‘²⁸¹'-
2660 610 2684 626 ¹

296 656 401 686 forma
418 656 503 691 eius3
528 656 636 685 anima
659 660 768 685 autem
792 661 840 685 est
856 655 1002 695 primum
1026 664 1090 695 quo
1113 655 1259 689 vivimus,
1276 654 1374 684 senti-
1486 652 1625 689 Quarto.
1651 653 1835 684 Intellectus
1851 658 1899 684 est
1914 653 1948 684 id
1963 663 2032 694 quo
2055 655 2163 685 anima
2178 655 2322 685 humana
2344 655 2502 695 intelligit.

80 707 138 729 lbid.
153 712 167 728 n
201 711 212 727 2
296 710 377 736 mus,
402 709 571 730 movemur
593 704 625 730 et
648 699 904 741 intelligimus*;
922 699 998 730 ideo
1016 705 1146 740 oportet
1169 705 1205 729 ut
1221 700 1261 728 sit
1284 704 1374 729 actus
1428 698 1515 737 Ergo
1540 703 1600 728 etc.
1618 715 1639 720 -
1655 697 1746 728 Patet
1770 699 2014 738 consequentia.
2039 698 2126 737 Quia
2149 708 2218 740 quo
2249 699 2372 739 aliquid
2397 700 2504 740 primo

297 745 442 785 corporis
469 750 502 774 et
529 743 644 775 forma.
673 744 715 775 Et
738 745 784 775 sic
810 744 980 775 manifeste
1009 743 1206 774 declaratum
1234 743 1374 774 ostendit
1427 747 1589 782 operatur,
1615 747 1746 782 oportet
1770 751 1839 772 esse
1862 741 2002 773 formam
2031 743 2111 780 eius,
2135 749 2172 774 ut
2196 753 2235 774 ex
2257 753 2355 784 supra
2370 745 2387 760 ⁴¹
2411 743 2504 774 dictis
2532 752 2747 783 'sumpt-ead.

296 789 387 829 quod
411 789 518 819 anima
542 798 642 829 quam
667 789 789 820 dixerat
812 798 881 820 esse
905 795 1013 819 actum
1031 788 1187 828 corporis,
1213 793 1260 817 est
1283 793 1374 818 actus
1426 792 1524 827 patet.
1538 804 1560 809 —
1572 786 1779 817 Antecedens
1790 796 1869 818 vero
1885 788 2041 827 probatur
2057 797 2096 818 ex
2108 788 2150 818 111
2166 787 2207 819 de
2221 789 2350 824 Anima,
2367 794 2458 819 textu
2474 788 2504 824 5,

295 843 353 874 per
376 833 515 864 modum
538 833 752 870 informantis,
769 843 838 864 non
854 839 962 864 autem
984 842 1042 873 per
1057 832 1196 863 modum
1212 833 1373 863 moventis
1427 832 1483 862 ubi
1506 832 1613 871 inquit
1636 831 1869 872 Philosophus:
1894 831 1979 862 Dico
2001 837 2110 863 autem
2134 833 2330 864 intellectum
2354 842 2419 874 quo
2435 833 2505 874 opi-

295 883 433 909 tantum.
1428 881 1528 906 natur
1551 881 1583 906 et
1605 876 1761 917 intelligit
1783 876 1905 907 anima.

55 928 64 937 ·
80 926 115 949 Cf·
127 926 231 948 n-1init-
352 922 406 953 1V.
431 922 580 953 Secundo
597 923 613 939 ἢ·
638 922 752 964 arguit
775 922 914 952 Sanctus
933 922 1074 951 Thomas
1083 921 1316 961 principaliter
1332 930 1374 951 ex
1482 920 1550 951 Has
1573 921 1713 951 rationes
1736 921 1771 950 in
1799 921 1956 951 Tractatu
1975 925 2093 951 contra
2108 921 2317 952 Averroistas
2333 921 2428 953 latius
2451 931 2505 953 ex-
2533 952 2543 961 ,
2554 951 2586 974 ef
2606 956 2648 974 ω
2666 950 2749 974 m

297 967 401 998 verbis
416 967 613 1007 Philosophi.
631 967 815 997 Intellectus
829 971 876 996 est
890 966 1036 1006 potentia
1049 966 1186 995 animae.
1200 965 1287 1005 Ergo
1303 975 1372 995 non
1427 965 1525 1006 plicat
1549 965 1685 995 Sanctus
1710 965 1856 995 Thomas
1868 966 1895 995 ⁸¹.
1920 964 1998 996 Ideo
2021 965 2067 996 ibi
2090 966 2304 1006 requirantur.
2534 967 2594 1000 nem‘.
2649 967 2658 980 '

1131 1052 1671 1101 —esacsalwm—

424 1314 678 1355 CONTRA
725 1312 1066 1354 OPINIONEM
1107 1312 1472 1353 ALEXANDRI
1518 1312 1602 1353 DE
1643 1313 2038 1356 INTELLECTU
2082 1314 2374 1357 POSSIBILI

476 1439 538 1474 1<1s
565 1426 679 1476 igitur
706 1425 835 1464 verbis
864 1425 1077 1464 Aristotelis
1110 1425 1371 1472 consideratis,
1428 1433 1610 1463 naturam
1631 1425 1885 1473 sensibilium,
1905 1434 1942 1464 et
1965 1439 2036 1477 per
2058 1439 2305 1478 consequens
2323 1441 2407 1468 non
2425 1442 2508 1469 esse

56 1493 147 1514 -Αιε,
162 1492 228 1524 xpm
218 1492 271 1514 od.
321 1471 327 1481 ¹
357 1475 434 1525 ’,ἦν
474 1470 497 1530 133
522 1480 741 1518 Alexander
755 1480 775 1502 ’¹‘
797 1478 928 1530 posuit
955 1479 1187 1517 intellectum
1209 1478 1372 1529 possibi-
1429 1479 1598 1517 mixtum
1617 1479 1784 1529 corpori,
1804 1479 1898 1529 quia
1916 1488 1972 1518 est
1991 1480 2210 1541 receptivus
2231 1482 2415 1521 omnium
2431 1483 2509 1522 for-

54 1518 270 1574 555325515
318 1536 325 1550 ’·
358 1546 384 1560 ⁵·
408 1547 445 1572 ”-,
477 1539 490 1563 -⁵
522 1536 599 1571 lem
619 1546 703 1571 esse
722 1533 894 1583 aliquam
913 1533 1097 1570 virtutem
1126 1533 1166 1570 in
1186 1532 1311 1579 nobis,
1332 1541 1374 1570 ut
1429 1545 1587 1570 marum
1607 1532 1849 1570 sensibilium
1864 1541 1901 1571 et
1915 1534 2203 1583 cognoscitivus
2217 1547 2366 1574 earum.
2387 1537 2509 1586 Quod

52 1574 154 1647 ζῇπῗρ
155 1574 222 1622 0'›.-
207 1578 269 1621 ³1¹²&
317 1588 324 1595 “
320 1578 435 1633 ⁸122„
475 1574 481 1594 ¹
524 1588 578 1625 sic
607 1586 782 1624 definitio
811 1586 1035 1624 communis
1054 1586 1103 1623 de
1123 1586 1255 1624 anima
1284 1586 1374 1624 assi·
1430 1586 1479 1623 de
1512 1586 1807 1636 praeparatione
1836 1598 1918 1624 non
1946 1595 2072 1648 potest
2099 1588 2270 1638 intelligi:
2305 1589 2399 1640 quia
2425 1589 2510 1629 eius

55 1631 191 1679 Anirffa¹¹¹te
192 1626 226 1674 ut¹-
242 1625 272 1679 3⁶,
298 1649 412 1691 gnata
440 1641 489 1678 ab
509 1641 710 1678 Aristotele
738 1640 778 1678 in
806 1641 836 1677 Il
866 1641 911 1677 de
938 1642 1079 1677 Anima
1093 1639 1124 1686 *,
1154 1640 1275 1690 possit
1303 1639 1375 1677 sibi
1398 1662 1407 1682 5
1431 1651 1513 1676 non
1532 1647 1588 1677 est
1602 1639 1785 1690 recipere,
1806 1640 1874 1678 sed
1893 1641 2015 1689 magis
2033 1641 2267 1692 praeparari.
2283 1642 2378 1681 Non
2396 1642 2511 1693 igitur

56 1678 116 1753 ἷῗζη
90 1684 212 1754 εάῗξόῗ)
219 1685 270 1707 ⁸'qq
299 1694 520 1732 convenire
551 1693 655 1742 Quia
683 1706 778 1731 vero
807 1693 1014 1742 intelligere
1034 1705 1115 1731 non
1141 1701 1291 1744 poterat
1310 1692 1375 1731 ali·
1431 1692 1711 1731 demonstratio
1753 1692 1966 1732 Aristotelis
2005 1694 2182 1755 procedit
2218 1695 2268 1735 de
2303 1708 2510 1748 praepara-

164 1738 178 1760 Ρ
195 1738 270 1760 ”³²⁶
300 1760 421 1798 quam
458 1747 712 1785 substantiam
749 1747 1046 1785 intellectualem
1083 1759 1166 1785 esse
1202 1746 1376 1797 corporis
1431 1746 1548 1793 tione,
1577 1747 1645 1784 sed
1670 1747 1718 1784 de
1747 1746 1879 1797 aliquo
1907 1747 2115 1797 recipiente
2143 1757 2387 1799 praeparato.

299 1801 478 1848 formam,
515 1800 646 1851 posuit
668 1800 919 1850 *praedictam
957 1800 1141 1838 virtutem
1176 1813 1258 1838 non
1293 1813 1376 1838 esse
1485 1800 1678 1850 Amplius,
1709 1800 1751 1838 Si
1770 1812 1817 1838 ea
1835 1812 1937 1851 quae
1957 1801 2047 1838 dicit
2074 1801 2297 1840 Aristoteles
2325 1803 2375 1841 de
2401 1803 2510 1842 intel-

298 1855 499 1892 fundatam
515 1854 554 1892 in
570 1854 699 1904 aliqua
718 1853 961 1891 intellectuali
977 1854 1207 1899 substantia3
1229 1862 1265 1891 et
1284 1866 1376 1891 con·
1432 1854 1532 1891 lectu
1552 1853 1736 1903 possibili,
1757 1854 1997 1892 conveniunt
2015 1854 2051 1892 ei
2070 1854 2306 1906 inquantum
2325 1864 2382 1894 est
2398 1868 2510 1917 prae·

299 1916 528 1957 sequentem
561 1907 883 1946 commixtionem
912 1909 1196 1944 elementorum
1225 1907 1264 1944 in
1293 1919 1376 1944 cor·
1394 1906 1592 1956 wparatio,
1613 1915 1650 1944 et
1678 1919 1759 1944 non
1779 1919 1827 1944 ex
1845 1915 1985 1945 natura
2013 1907 2186 1946 subiecti
2199 1909 2428 1960 praeparati,
2452 1921 2510 1950 se-

297 1973 393 2011 pore
422 1962 611 1998 humano.
641 1960 928 1998 Determinatus
954 1960 1059 1998 enirn
1088 1960 1284 1998 mixtionis
1304 1961 1376 1998 hu·
1433 1967 1575 2009 quetur
1602 1961 1711 2010 quod
1739 1959 1850 1998 omni
1877 1961 2164 2011 praeparationi
2191 1961 2438 2002 conveniant.
2465 1960 2511 2004 In

298 2013 405 2052 mani
442 2013 616 2063 corporis
658 2014 802 2051 modus
843 2013 930 2051 facit
972 2013 1177 2051 hominem
1215 2026 1298 2050 esse
1336 2013 1376 2051 in
1433 2025 1549 2051 sensu
1578 2021 1711 2051 autem
1739 2021 1795 2051 est
1822 2014 2066 2064 praeparatio
2094 2015 2292 2064 quaedam
2315 2016 2364 2055 ad
2393 2015 2511 2057 sensi·

297 2067 469 2117 potentia
497 2067 546 2104 ad
579 2066 848 2116 recipiendum
883 2066 1128 2104 influentiam
1164 2066 1377 2104 intellectus
1432 2065 1522 2104 bilia
1550 2066 1589 2104 in
1618 2075 1707 2104 actu
1727 2066 1959 2117 recipienda.
1981 2068 2085 2117 Ergo
2105 2076 2141 2106 et
2168 2068 2275 2107 idem
2297 2069 2510 2108 dicendum

298 2120 453 2169 agentis,
487 2120 555 2170 qui
589 2132 745 2170 semper
772 2128 828 2157 est
865 2120 905 2157 in
941 2128 1046 2166 actu,
1083 2128 1120 2157 et
1155 2121 1375 2158 secundum
1433 2128 1489 2157 est
1517 2120 1565 2158 de
1595 2132 1712 2158 sensu
1733 2129 1769 2158 et
1797 2120 1990 2159 intellectu
2009 2121 2195 2171 possibili.
2217 2122 2341 2160 Cuius
2360 2130 2511 2163 contra-

298 2174 428 2224 ipsum
457 2182 513 2211 est
540 2173 737 2223 quaedam
760 2173 973 2211 substantia
1002 2181 1188 2223 separata,
1218 2187 1265 2211 ex
1298 2186 1377 2224 qua
1393 2190 1416 2211 ις
1433 2172 1535 2211 rium
1569 2174 1770 2212 manifeste
1803 2173 2001 2224 subiungit
2033 2175 2266 2223 Aristoteles,
2302 2177 2512 2223 ostendens

297 2227 500 2265 influentia
527 2227 650 2264 homo
678 2227 723 2264 fit
750 2226 962 2276 intelligens
981 2235 1080 2265 actu.
1111 2227 1153 2264 Id
1181 2235 1312 2265 autem
1337 2227 1377 2265 in
1433 2227 1691 2266 differentiam
1719 2227 1819 2266 inter
1845 2228 2110 2279 receptionem
2138 2241 2275 2268 sensus
2303 2237 2340 2268 et
2367 2229 2511 2271 intelle-
2766 2269 2768 2276 ,

298 2281 459 2318 homine
487 2292 558 2330 per
585 2281 694 2330 quod
714 2289 770 2318 est
797 2280 970 2330 potentia
991 2280 1213 2329 intelligens,
1243 2290 1299 2318 est
1322 2281 1377 2319 in·
1432 2290 1516 2318 ctus
1545 2293 1592 2319 ex
1620 2282 1698 2319 hoc
1725 2281 1833 2331 quod
1855 2294 1993 2320 sensus
2021 2281 2286 2332 corrumpitur
2313 2295 2360 2321 ex
2388 2284 2511 2323 excel·
2765 2331 2768 2334 Α

297 2335 469 2371 tellectus
496 2333 700 2383 possibilis.
738 2335 787 2371 Et
814 2333 869 2371 sic
896 2334 1102 2371 videbatur
1129 2334 1239 2384 sequi
1268 2335 1376 2384 quod
1433 2334 1549 2372 lentia
1576 2334 1833 2382 obiectorum,
1862 2347 1944 2374 non
1972 2343 2106 2374 autem
2133 2335 2359 2374 intellectus.
2764 2359 2768 2384 ς

299 2399 346 2424 ex
374 2386 654 2424 commixtione
686 2387 942 2425 determinata
975 2387 1015 2424 in
1051 2386 1165 2425 nobis
1194 2388 1241 2425 sit
1270 2388 1377 2426 intel·
1487 2389 1593 2426 Item.
1631 2388 1853 2427 Aristoteles
1890 2388 2060 2426 attribuit
2096 2389 2268 2439 possibili
2302 2389 2510 2429 intellectui
2763 2386 2768 2434 ¹.

299 2441 419 2478 lectus
447 2439 652 2490 possibilis.
1393 2457 1419 2471 πο
1428 2443 1511 2491 pati
1537 2442 1586 2478 ab
1614 2441 1849 2491 intelligibili,
1867 2444 2055 2493 suscipere
2073 2441 2220 2493 species
2247 2442 2510 2494 intelligibiles,
2763 2441 2768 2489 ξ

351 2493 515 2531 Videtur
542 2501 674 2531 autem
702 2492 742 2530 in
769 2493 898 2543 primo
927 2501 1086 2543 aspectu
1114 2494 1211 2532 haec
1236 2493 1377 2545 positio
1433 2506 1510 2532 esse
1542 2496 1580 2532 in
1613 2497 1776 2545 potentia
1812 2495 1862 2534 ad
1900 2508 1976 2534 eas.
2017 2495 2230 2547 Comparat
2265 2496 2383 2536 etiam
2417 2509 2511 2541 eum
2765 2506 2768 2527 ³

298 2547 427 2584 verbis
446 2554 483 2584 et
501 2546 821 2584 demonstrationi
841 2546 1052 2592 Aristotelis
1071 2559 1154 2584 esse
1174 2547 1376 2586 contraria.
1432 2548 1582 2585 tabulae
1609 2550 1646 2585 in
1677 2561 1751 2598 qua
1786 2549 1879 2586 nihil
1906 2555 1958 2587 est
1984 2550 2174 2600 scriptum.
2205 2549 2320 2598 Quae
2348 2547 2510 2601 quidem
2744 2531 2768 2598 ¹¹.

61 2616 69 2626 -
83 2615 158 2642 carm
196 2615 271 2637 mh.
300 2599 478 2638 Ostendit
497 2600 603 2637 enim
622 2600 844 2637 Aristoteles
863 2600 903 2637 in
922 2601 968 2637 111
988 2600 1034 2637 de
1051 2602 1192 2638 Anima
1207 2601 1238 2647 *,
1259 2610 1300 2638 ut
1321 2601 1377 2638 di·
1433 2601 1567 2639 omnia
1599 2613 1681 2639 non
1713 2610 1878 2652 possunt
1910 2602 1985 2640 dici
2019 2602 2069 2640 de
2101 2603 2409 2653 praeparatione,
2441 2604 2511 2642 sed
2763 2614 2768 2646 1

56 2643 171 2704 Γξῖἓῗζι
299 2661 405 2690 ctum
420 2661 477 2690 est
489 2653 520 2700 ²¹⁸,
537 2654 644 2703 quod
665 2653 877 2691 intellectus
896 2653 1088 2704 possibilis
1108 2662 1164 2691 est
1184 2656 1378 2693 immixtus
1433 2655 1482 2692 de
1511 2654 1685 2692 subiecto
1713 2663 1954 2705 praeparato,
1985 2656 2053 2693 Est
2081 2656 2195 2705 igitur
2226 2665 2361 2695 contra
2388 2657 2511 2696 imen-
2763 2648 2768 2674 Ἴ

298 2708 460 2757 corpori.
490 2707 579 2743 Hoc
607 2714 739 2744 autern
768 2715 824 2744 est
852 2706 1091 2756 impossibile
1121 2707 1196 2745 dici
1229 2708 1278 2745 de
1312 2707 1403 2746 ali·²
1393 2707 1581 2745 ²stionem
1608 2707 1821 2746 Aristotelis
1854 2709 1963 2760 quod
1997 2708 2210 2747 intellectus
2244 2709 2437 2760 possibilis
2460 2710 2512 2749 sit
2763 2704 2768 2753 i

298 2772 377 2809 qua
390 2759 529 2798 virtute
545 2769 809 2810 consequente
829 2760 1059 2798 mixtionem
1074 2762 1375 2799 elementorum:
1432 2757 1676 2812 praeparatio
1705 2761 1800 2812 ipsa.
2763 2773 2768 2782 ⁴

298 2813 405 2863 quod
434 2812 540 2850 enim
569 2813 798 2851 huiusmodi
817 2821 884 2860 est,
913 2821 1065 2863 oportet
1088 2815 1197 2863 quod
1226 2814 1265 2853 in
1294 2814 1378 2865 ipsa
1500 2815 1653 2852 Adhuc.
1682 2817 1815 2866 Agens
1842 2821 1894 2854 est
1929 2816 2088 2853 nobilius
2109 2817 2276 2866 patiente
2307 2822 2341 2854 et
2357 2817 2511 2866 faciens
2762 2796 2768 2880 1

299 2868 580 2904 elementorum
611 2866 889 2904 commixtione
922 2867 1116 2913 fundetur,
1145 2868 1242 2905 sicut
1270 2868 1377 2906 vide·
1429 2868 1578 2914 facto*,
1593 2868 1692 2906 sicut
1709 2877 1818 2906 actus
1831 2869 2015 2919 potentia.
2032 2869 2193 2917 Quanto
2212 2878 2346 2908 autem
2364 2869 2510 2921 aliquid
2538 2881 2768 2914 ‘lutea-mna

298 2931 388 2957 mus
416 2920 465 2958 de
494 2931 632 2969 sapore
652 2928 690 2957 et
709 2921 831 2958 odore
857 2928 895 2957 et
914 2920 996 2958 aliis
1019 2897 1259 2958 huiusmodi.
1282 2922 1376 2959 Non
1432 2930 1488 2958 est
1516 2921 1819 2969 immaterialius,
1843 2930 1949 2960 tanto
1978 2930 2035 2960 est
2062 2922 2242 2961 nobilius.
2273 2924 2367 2961 Non
2386 2931 2511 2974 potest
2553 2924 2560 2932 '
2763 2917 2768 2970 Ι

299 2972 412 3022 igitur
424 2972 565 3024 positio
579 2973 774 3023 praedicta
794 2973 1002 3012 Alexandri
1021 2982 1147 3023 potest
1166 2983 1264 3012 stare
1284 2987 1376 3014 cum
1393 2989 1418 3010 ³0
1431 2974 1546 3023 igitur
1559 2975 1719 3013 effectus
1734 2988 1817 3014 esse
1833 2975 2124 3014 immaterialior
2137 2988 2208 3014 sua
2222 2988 2352 3016 causa.
2368 2977 2511 3017 Omnis
2762 2973 2768 3015 i

299 3026 427 3064 verbis
455 3034 492 3063 et
520 3026 851 3064 demonstratione
887 3027 1110 3074 Aristotelis,
1139 3036 1182 3065 ut
1210 3028 1374 3066 videtur.
1432 3035 1563 3066 autem
1583 3028 1704 3067 virtus
1724 3028 1996 3078 cognoscitiva,
2015 3029 2250 3080 inquantum
2269 3022 2509 3092 huiusmodi,
2745 3025 2768 3067 ,Ξ

354 3080 414 3117 Ad
442 3081 520 3117 hoc
538 3088 670 3118 autem
690 3080 909 3118 Alexander
927 3080 1018 3118 dicit
1037 3081 1145 3130 quod
1165 3081 1377 3120 intellectus
1432 3090 1488 3119 est
1517 3081 1795 3120 immaterialis:
1826 3083 1932 3121 unde
1961 3091 1997 3121 et
2029 3083 2079 3121 de
2112 3095 2242 3131 sensu,
2271 3083 2340 3134 qui
2367 3091 2424 3123 est
2450 3094 2508 3129 m·
2760 3066 2768 3108 ¹

60 3141 145 3194 pf.
130 3141 179 3163 Ave
168 3147 220 3169 m,
214 3148 273 3190 ’sol’i
299 3132 491 3182 possibilis
511 3142 567 3171 est
584 3133 669 3183 ipsa
682 3134 962 3184 praeparatio*
981 3134 1020 3171 in
1042 3143 1180 3172 natura
1202 3136 1378 3173 humana
1431 3134 1552 3172 fimus
1579 3135 1620 3172 in
1648 3135 1786 3174 ordine
1813 3136 2002 3174 virtutum
2025 3136 2396 3185 cognoscitivarum,
2416 3134 2508 3174 dicit
2758 3167 2759 3170 η

61 3167 145 3222 ‘5553'
147 3172 220 3195 '‘'’¹¹⁴
301 3187 349 3223 ad
387 3186 655 3236 recipiendum
690 3186 935 3224 influentiam
971 3187 1183 3225 intellectus
1219 3189 1375 3237 agentis.
1431 3188 1665 3235 Aristoteles,
1695 3189 1734 3226 in
1753 3190 1784 3227 11
1804 3190 1850 3227 de
1866 3191 2009 3228 Anima
2027 3189 2058 3237 ⁸¹⁸,
2079 3191 2188 3240 quod
2207 3198 2266 3228 est
2281 3187 2508 3251 snsceptwus
2535 3205 2710 3255 ²,01-·,{’³¹¹·¹¹·
2726 3212 2752 3236 ις

301 3239 547 3290 Praeparatio
568 3247 700 3278 autem
715 3240 798 3290 ipsa
814 3252 895 3278 non
910 3248 966 3278 est
985 3240 1114 3290 aliqua
1134 3249 1271 3279 natura
1291 3254 1376 3280 sen·
1393 3256 1414 3276 ες
1430 3242 1657 3280 sensibilium
1676 3245 1885 3293 specierum
1903 3244 1983 3280 sine
2001 3244 2171 3281 materia.
2191 3242 2432 3293 Impossibile
2452 3250 2508 3282 est
2628 3233 2644 3256 ¹
2658 3239 2696 3262 ²⁴*

301 3291 418 3330 sibilis
447 3293 711 3339 determinata,
732 3306 861 3343 neque
882 3301 937 3331 est
965 3294 1084 3331 mixta
1112 3295 1277 3344 corpori.
1309 3296 1377 3334 Est
1431 3294 1545 3344 igitur
1572 3307 1595 3333 a
1630 3295 1909 3334 commixtione
1942 3297 2227 3334 elementorum
2261 3294 2412 3334 causari
2439 3295 2505 3334 ali—

302 3345 406 3382 enim
435 3346 567 3384 relatio
596 3347 804 3396 quaedam,
833 3355 870 3384 et
907 3347 1006 3386 ordo
1034 3346 1151 3384 unius
1179 3349 1229 3386 ad
1257 3348 1374 3387 aliud.
1431 3361 1551 3398 quarn
1581 3348 1763 3387 virtutem
1786 3349 2100 3398 cognoscitivam.
2131 3349 2346 3387 Intellectus
2373 3356 2505 3387 autem

356 3399 432 3436 Sed
455 3400 531 3436 hoc
550 3399 750 3438 manifeste
776 3400 970 3438 discordat
987 3401 1037 3438 ab
1061 3400 1273 3438 intentione
1293 3402 1376 3439 Ari·
1430 3401 1623 3451 possibilis
1643 3410 1698 3439 est
1727 3415 1912 3452 suprema
1934 3402 2056 3440 virtus
2081 3398 2344 3450 cognoscitiva
2366 3402 2407 3439 in
2435 3414 2505 3440 no—

302 3451 453 3489 stotelis.
485 3452 627 3490 Probat
660 3452 765 3490 enim
798 3453 1020 3491 Aristoteles
1049 3465 1094 3491 ex
1124 3455 1200 3491 hoc
1233 3454 1376 3492 intelle·
1431 3454 1507 3492 bis:
1529 3455 1620 3493 dicit
1638 3455 1743 3493 enim
1763 3456 1996 3501 Aristoteles,
2016 3454 2056 3492 in
2071 3455 2117 3492 111
2131 3454 2178 3492 de
2190 3456 2331 3493 Anima
2345 3455 2376 3502 ⁸¹,
2397 3455 2543 3506 quod·
2558 3469 2617 3499 cnp.
2633 3475 2728 3500 rm„

302 3510 407 3541 ctum
426 3505 651 3554 possibilem
670 3518 752 3544 non
767 3507 910 3544 habere
931 3506 1184 3545 determinate
1205 3507 1374 3558 aliquam
1390 3526 1417 3546 ,ο
1404 3508 1643 3547 ointellectus
1662 3508 1854 3559 possibilis
1874 3516 1930 3546 est
1958 3519 2030 3558 quo
2058 3509 2250 3558 cognoscit
2277 3514 2311 3546 et
2336 3509 2506 3560 intelligit

358 3625 367 3642 ι
390 3618 476 3652 igitur}
496 3626 582 3646 autem
601 3621 679 3647 ΒΝΖ.
763 3630 780 3656 9
799 3627 825 3647 et
844 3621 975 3656 (intellige
993 3627 1019 3647 et
1037 3621 1124 3657 essen
1145 3622 1192 3648 sed
1211 3622 1317 3648 DsEPc.
1405 3631 1434 3649 21
1455 3624 1482 3649 in
1501 3624 1596 3658 primo]
1616 3624 1701 3657 primo
1719 3623 1774 3650 DP.
1860 3621 1892 3648 32
1911 3622 1954 3647 Ad
1972 3621 2031 3655 hoc]
2050 3622 2143 3648 Adhuc
2162 3623 2264 3655 NXYZ,
2282 3624 2324 3650 Ad
2341 3623 2406 3650 lucc
2419 3624 2504 3651 WPd.

356 3660 371 3685 7
391 3654 478 3686 aliquo
496 3655 635 3688 recipiente
655 3663 808 3690 praeparato
828 3657 870 3683 lta
889 3657 946 3689 NZ;
967 3657 1056 3691 aliquo
1075 3656 1172 3691 (aliqun
1191 3657 1224 3692 E)
1250 3658 1389 3691 recipiente
1408 3665 1559 3693 praeparata
1577 3659 1668 3686 ceteri.
1760 3658 1792 3684 ¹3
1813 3662 1838 3683 et
1857 3657 1936 3691 idem}
1955 3657 2025 3683 idem
2039 3657 2212 3692 Pd.17
2232 3667 2263 3685 ex
2282 3658 2441 3694 excellentie]
2461 3667 2504 3686 ex-

302 3687 419 3713 cellentia
439 3689 495 3721 ΟΥ,
513 3698 560 3723 per
578 3692 755 3717 excellentiam
774 3692 803 3719 Z.
896 3692 928 3725 34
948 3699 987 3718 est
1005 3699 1048 3718 om
1069 3693 1119 3724 αΧ,
1133 3699 1198 3726 post
1217 3693 1381 3727 susceptivus
1400 3694 1444 3720 W.
2448 3710 2452 3713 ¹
