2664 4120
196 358 232 383 ut
254 352 321 389 fiat,
345 351 527 383 formemus
542 351 675 382 tertium
691 350 912 391 enthymema,
928 351 960 380 in
980 360 1059 391 quo,
1076 356 1113 381 ut
1129 352 1282 382 Auctoris

194 398 253 428 AB
276 396 455 428 formaliter
479 396 644 427 subiaceat
666 394 815 426 dominio
845 395 1035 436 hypothesis
1058 395 1282 436 independen-

193 442 267 479 tiae‚
291 442 372 473 haec
395 441 438 472 de
460 439 653 472 definitione
675 439 896 480 praedicetur:

307 486 376 523 AB,
407 485 442 517 id
465 484 558 526 quod
586 485 722 526 ponitur
745 494 764 514 a
787 485 896 525 seipso
927 494 997 515 non
1029 485 1155 515 ratione
1183 485 1282 525 partis

193 532 330 568 moveri,
354 536 507 562 movetur
529 529 790 570 independenter
812 539 830 560 a
854 534 949 560 motu
973 530 1082 570 partis.

250 576 338 617 Ergo
362 576 420 606 AB
449 584 559 615 neque
581 580 735 605 movetur
757 575 797 605 ab
821 575 886 605 alio
918 583 1027 614 neque
1058 584 1077 604 a
1100 583 1145 610 se,
1172 583 1282 614 neque

195 631 214 653 a
235 631 272 653 se
293 621 420 652 ratione
442 621 542 661 partis
565 628 675 660 neque
698 628 768 650 non
792 620 918 650 ratione
941 620 1051 660 partis.

251 666 294 698 Et
315 665 422 706 probo
447 665 731 705 consequentiam.
762 663 796 695 Si
820 665 910 695 enim
933 664 991 695 AB
1014 669 1213 699 moveretur,
1241 664 1283 693 si-

195 711 266 742 mul
288 709 550 750 independenter
577 715 609 740 et
641 708 864 750 dependenter
893 714 1092 739 moveretur.
1122 708 1284 749 Indepen-

195 755 310 787 denter
338 764 379 785 ex
406 754 593 796 hypothesi,
629 754 854 794 dependenter
883 759 1018 795 propter
1047 753 1155 793 legem
1188 753 1280 784 entis.

193 799 296 839 Quod
318 799 408 830 enim
429 800 464 830 in
489 805 585 830 motu
607 809 677 830 non
693 799 860 840 dependet
874 809 893 830 a
909 805 1004 830 motu
1027 799 1137 839 partis,
1154 798 1187 828 in
1212 807 1282 828 esse

192 853 263 877 non
285 842 451 885 dependet
473 853 492 874 a
514 849 616 885 parte,
641 843 733 885 quod
757 850 805 875 est
828 853 898 875 esse
929 843 1136 874 indivisibile.
1162 841 1282 873 lndivi-

193 889 286 922 sibile
309 894 420 920 autem
443 898 513 919 non
536 894 645 930 potest
663 889 790 920 moveri
807 889 873 919 ulla
896 889 1005 928 specie
1025 894 1147 924 motus,
1171 897 1281 928 neque

193 935 234 966 ab
261 934 328 966 ulla
351 935 530 975 quiescere.
559 933 591 965 S.
616 934 765 965 Thomas
791 934 857 964 iam
888 934 928 964 ab
957 934 1051 964 initio
1083 942 1180 964 suum
1211 942 1280 963 non

191 980 319 1011 ratione
345 979 444 1020 partis
467 984 598 1010 motum
625 988 723 1020 supra
753 978 939 1009 dominium
967 979 1077 1019 legum
1101 979 1184 1009 entis
1207 987 1278 1008 mo-

191 1024 265 1056 bilis
281 1024 435 1060 elevavit;
452 1023 499 1054 nil
514 1025 636 1055 mirum
652 1023 745 1064 quod
760 1032 844 1064 pars,
862 1024 1010 1063 quiescat
1025 1029 1082 1054 aut
1097 1029 1279 1059 moveatur,

191 1078 262 1101 non
283 1069 383 1100 habet
406 1069 689 1110 consequentiam.
717 1069 831 1109 ltaque
854 1068 1059 1109 impossibile
1083 1074 1132 1099 est
1154 1077 1281 1099 novum

192 1113 274 1146 illud
291 1113 417 1155 primo,
441 1112 525 1144 idest
548 1113 815 1155 independenter,
839 1119 981 1144 motum.

249 1158 303 1190 58.
327 1177 350 1181 -
373 1158 462 1189 Num
488 1167 566 1198 ergo
597 1158 782 1189 Aristotelis
805 1159 865 1190 AB
889 1158 989 1190 simul
1020 1155 1160 1189 interiit?
1190 1158 1279 1188 Num

192 1203 454 1235 demonstratum
470 1207 520 1234 est
534 1212 636 1234 omne
653 1209 784 1234 motum
801 1205 841 1234 ab
857 1204 922 1234 alio
939 1201 1084 1234 moveri?
1099 1203 1153 1234 An
1169 1204 1280 1243 potius

191 1248 318 1283 clarum
341 1253 390 1279 est
412 1248 611 1289 hypothesin
634 1257 704 1280 non
721 1247 821 1280 fuisse
841 1248 1115 1280 introducendam
1138 1249 1199 1279 sub
1222 1257 1280 1279 au-

191 1293 341 1325 etorimte
357 1292 390 1324 S.
407 1290 576 1324 Thomae?
599 1293 673 1334 Ipse
688 1303 799 1334 neque
814 1294 951 1325 asseruit
972 1303 1083 1335 neque
1105 1294 1281 1334 supposuit

191 1334 560 1381 primmmotumsiam
589 1338 625 1370 in
654 1338 859 1376 definitione,
886 1339 1014 1370 moveri
1040 1338 1159 1370 debere
1189 1337 1281 1370 inde-

98 1394 102 1396 ·
145 1372 376 1424 “fidenter
389 1392 410 1414 a
422 1387 519 1414 motu
537 1383 647 1424 partis.
663 1383 698 1415 Si
713 1389 834 1421 tamen,
858 1393 928 1416 non
951 1385 1102 1415 obstante
1118 1382 1281 1415 evidentia

193 1428 358 1466 manni,
381 1428 518 1460 asseruit
539 1433 597 1460 aut
622 1430 810 1470 supposuit,
835 1429 1040 1460 conservatio
1064 1429 1281 1460 terminorum

192 1470 339 1509 carmelio,
362 1482 384 1504 a
405 1482 454 1509 ει,
483 1482 552 1504 non
576 1474 708 1505 ratione
725 1474 845 1515 partis,
874 1473 991 1506 frustra
1016 1474 1193 1516 probarent
1215 1474 1281 1504 ori-

192 1518 307 1560 ginem
327 1527 368 1550 ex
389 1518 534 1560 Lycaeo.
564 1517 769 1559 Peripatetici
794 1523 882 1550 certe
907 1519 940 1551 S.
965 1518 1131 1550 Thomam
1153 1518 1207 1550 vel
1230 1518 1280 1550 his

191 1561 310 1605 spoliis
322 1567 478 1594 ornatum
500 1572 570 1594 non
593 1570 809 1604 agnoscerent
831 1563 1101 1605 Peripateticum!
1133 1563 1190 1595 Sic
1211 1573 1280 1595 non

195 1608 303 1650 arguit
326 1607 528 1639 Aristoteles.
551 1626 575 1631 -
599 1607 790 1640 Secundum
820 1609 1027 1641 Platonicum
1057 1614 1170 1640 motus
1200 1619 1280 1640 con-

191 1657 329 1695 eaptum
344 1658 457 1694 posset
470 1653 562 1694 argui
577 1653 643 1684 hoc
665 1653 784 1686 modo:
801 1655 831 1686 X
846 1660 1000 1686 movetur
1022 1663 1041 1685 a
1063 1664 1098 1686 se
1121 1654 1279 1695 indepen—

193 1697 310 1738 depta-
331 1707 352 1728 a
373 1698 536 1739 partibus3
558 1707 639 1740 ergo
655 1699 685 1730 X
704 1699 855 1741 intelligit
868 1700 920 1731 vel
938 1700 1092 1741 opinatur
1115 1700 1166 1730 vel
1182 1706 1279 1731 amat.

192 1741 386 1775 &eumdum
409 1752 488 1774 vero
511 1743 722 1775 Aristotelem
745 1750 857 1776 motus
883 1755 953 1776 non
979 1750 1029 1776 est
1050 1745 1113 1776 nisi
1137 1744 1280 1776 divisibi-

194 1786 288 1825 lium,
304 1793 338 1818 et
360 1787 453 1828 quod
468 1797 502 1819 re
518 1788 572 1820 vel
586 1789 799 1830 hypothetice
815 1800 834 1821 a
849 1791 996 1831 partibus
1010 1799 1079 1822 non
1105 1789 1278 1831 dependet,

192 1831 319 1869 ndum
342 1841 362 1863 a
384 1841 430 1870 se,
453 1841 496 1864 ne
519 1833 560 1864 ab
583 1834 650 1866 alio
675 1834 811 1876 quidem
834 1836 963 1867 moveri
986 1840 1106 1877 potest.

191 1891 218 1903 π’
250 1877 296 1911 Ut
317 1883 518 1909 revertamur
541 1878 583 1910 ad
609 1878 839 1912 definitionem
869 1881 978 1921 primo
1001 1890 1020 1912 a
1043 1890 1078 1911 se
1102 1881 1195 1917 moti,
1220 1879 1279 1922 hy-

192 1922 340 1964 pothesis
362 1922 638 1963 independentiae
664 1925 705 1955 ab
729 1925 787 1956 AB
810 1931 960 1957 removet
989 1925 1085 1957 aliud
1110 1925 1279 1956 irremovi-

193 1966 269 2007 bile„
285 1972 422 2009 partem.
438 1967 520 1999 Aliis
535 1969 652 2006 verbis,
668 1979 745 2001 nam
769 1979 803 2001 re
826 1969 915 2002 idem
931 1975 990 2010 est,
1005 1971 1139 2002 tertium
1154 1979 1279 2011 suppo-

193 2011 293 2044 situm
317 2012 349 2063 S.
373 2012 534 2050 Thomae,
556 2015 700 2054 primum
723 2015 916 2055 Aristotelis,
943 2013 1078 2060 ἀνάγκη
1103 2009 1277 2057 διαιρετὸν

195 2054 287 2088 αὐτό
312 2066 414 2096 sivan,
451 2070 464 2083 α
491 2057 632 2098 Oportet
666 2060 764 2091 etiam
797 2059 957 2092 divisibile
990 2070 1061 2092 esse
1093 2066 1125 2091 et
1157 2061 1276 2091 habere

192 2107 302 2143 partes
320 2115 349 2138 ι,
373 2111 586 2142 suppressum
614 2110 672 2141 est,
700 2114 759 2136 seu
782 2105 853 2136 eius
883 2115 953 2136 non
977 2110 1026 2136 est
1051 2105 1160 2136 habita
1183 2106 1276 2136 ratio.

193 2145 270 2178 Hoc
286 2152 398 2177 autem
411 2156 523 2178 rursus
545 2147 634 2180 idem
650 2154 698 2180 est
713 2159 751 2181 ac
774 2151 991 2191 suppressisse
1015 2159 1206 2191 supremum
1222 2159 1278 2190 ge·
1303 2155 1306 2162 “

193 2200 266 2231 nus,
294 2190 464 2227 divisibile,
489 2192 715 2224 conditionem
743 2195 968 2236 ontologicam
994 2195 1193 2226 mobilitatis.
1217 2195 1277 2225 Pa-

191 2245 267 2268 rum
289 2242 339 2268 est
361 2235 480 2276 dicere,
497 2237 538 2268 ad
554 2238 700 2278 quietem
716 2240 816 2279 partis
831 2241 877 2271 rei
901 2239 1079 2271 immobilis
1100 2249 1166 2270 non
1185 2240 1278 2281 sequi

192 2282 338 2323 quietem
361 2282 472 2321 totius,
488 2282 594 2314 immo
618 2284 702 2314 nihil
715 2284 808 2326 sequi
824 2285 908 2316 circa
923 2291 1054 2316 motum
1075 2290 1107 2316 et
1130 2285 1276 2325 quietem

190 2326 304 2364 ηομιιε,
319 2326 382 2358 nisi
405 2327 470 2358 hoc
486 2336 584 2359 sensu
608 2334 655 2364 ut,
679 2329 707 2360 si
730 2339 780 2360 ex.
798 2339 845 2370 gr.
870 2329 948 2362 solis
972 2330 1080 2371 primo
1097 2330 1180 2360 moti
1203 2339 1277 2371 pars

191 2371 338 2412 quiescat
353 2371 414 2403 sub
438 2371 620 2414 Sagittario,
638 2383 705 2405 non
721 2379 880 2416 sequatur
901 2375 1064 2416 integrum
1080 2375 1186 2406 solem
1208 2384 1278 2406 non

190 2417 320 2458 mpveri
342 2417 404 2448 sub
429 2417 589 2459 Aquario.
621 2419 696 2449 Hoc
727 2419 836 2450 addidi
860 2426 995 2461 propter
1025 2420 1108 2451 nihil
1129 2420 1279 2461 sequitur

191 2462 387 2503 non-primo
414 2471 452 2493 se
482 2464 693 2495 moventibus
723 2466 935 2497 conveniens.
969 2465 1037 2496 Sub
1069 2464 1277 2507 synecdoche

192 2505 281 2537 dicto
296 2506 405 2538 scribo
420 2507 545 2544 sedens,
563 2509 707 2550 quietata
731 2510 908 2551 scriptione
933 2511 1016 2542 nihil
1029 2510 1179 2552 sequitur
1194 2511 1279 2542 circa

193 2550 274 2582 alios
296 2557 408 2583 motus
437 2553 514 2590 mei,
542 2553 716 2594 perdidero
739 2560 850 2586 tamen
879 2555 913 2586 id
935 2555 1027 2597 quod
1056 2555 1163 2587 scribo
1195 2555 1278 2586 affir-

191 2596 313 2633 mabat,
336 2605 459 2638 nempe
481 2604 612 2629 motum
642 2608 759 2630 manus
782 2601 962 2631 scribentis.
994 2600 1059 2632 Sed
1085 2601 1145 2632 sub
1169 2606 1278 2642 tyran·

191 2639 269 2672 nide
299 2640 574 2683 independentiae
605 2643 686 2675 nihil
716 2645 858 2685 perdidit
888 2645 946 2676 AB
978 2644 1118 2686 perdens
1151 2651 1277 2686 partem

194 2695 296 2727 quam
318 2686 499 2719 virtualiter
521 2698 590 2719 non
618 2689 768 2721 habebat.
793 2685 887 2722 P'arte
911 2690 996 2721 clam
1025 2690 1083 2721 sed
1107 2690 1280 2722 efficaciter

193 2730 356 2763 subtracta
378 2736 488 2764 totum
510 2742 580 2764 non
603 2734 721 2766 sentiet
744 2735 891 2775 quietern
915 2735 967 2766 vel
990 2741 1120 2766 motum
1143 2735 1196 2766 vel
1213 2736 1279 2767 exi-

194 2775 346 2807 stentiam
370 2777 480 2818 partis.
497 2777 584 2816 Quia
600 2788 679 2810 vero
695 2779 872 2812 absurdum
898 2786 946 2811 est
969 2780 1062 2821 quod
1085 2786 1194 2812 totum
1209 2790 1279 2812 non

193 2820 317 2852 subiret
340 2823 611 2863 consequentiam
635 2833 674 2855 ex
691 2825 801 2864 quiete
817 2825 870 2856 vel
893 2830 988 2856 motu
1009 2825 1146 2857 alicuius
1169 2826 1278 2866 partis,

192 2864 269 2896 ideo
285 2875 355 2897 non
371 2872 480 2907 potest
497 2868 632 2899 existere
648 2869 784 2910 aliquod
798 2870 856 2901 AB
876 2869 1135 2910 independenter
1151 2880 1168 2900 a
1185 2875 1280 2901 motu

191 2911 292 2951 partis
314 2917 455 2943 motum.
480 2912 556 2944 Hoc
579 2918 689 2944 tamen
705 2914 763 2945 AB
787 2914 963 2951 destructo,
981 2925 1050 2946 non
1070 2921 1118 2946 est
1142 2925 1182 2946 eo
1206 2916 1279 2956 ipso

193 2954 414 2987 demonstrata
436 2957 536 2988 thesis
560 2958 753 2989 Aristotelis.

249 2999 283 3031 Si
308 2999 340 3031 S.
365 3001 512 3032 Thomas
535 3002 570 3033 in
593 3005 796 3044 paragrapho
819 3017 833 3030 ‹
853 3004 923 3035 Nec
943 3005 1053 3035 obviat
1073 3019 1086 3031 »
1115 3009 1283 3045 oporteret

191 3044 371 3085 scripsisset
399 3055 461 3086 pro
493 3051 631 3087 oportet,
659 3048 770 3079 nullus
797 3048 881 3079 forte
907 3049 951 3079 ibi
982 3050 1158 3080 invenisset
1188 3059 1281 3090 prae-

193 3095 327 3130 ceptum
343 3090 555 3122 construendi
577 3093 686 3133 primo
701 3099 832 3124 motum
848 3103 925 3124 cum
940 3093 1205 3134 independentia,
1229 3095 1281 3126 vel

192 3134 396 3176 intelligendi
411 3136 472 3167 sub
489 3145 556 3167 non
574 3138 706 3169 ratione
716 3139 826 3179 partis
841 3138 1130 3179 independentiam
1149 3149 1168 3170 a
1186 3145 1282 3170 motu

193 3179 303 3219 partis.
327 3180 430 3219 Quod
445 3187 556 3213 autem
572 3188 702 3223 oportet
716 3193 786 3214 non
802 3184 864 3215 nisi
883 3197 898 3211 α
918 3184 1082 3215 calumnia
1102 3198 1115 3211 ι
1143 3185 1176 3215 in
1192 3185 1281 3215 hunc

194 3233 327 3256 sensum
343 3227 491 3267 torqueri
506 3233 628 3268 posset,
647 3234 738 3268 patet
752 3229 803 3259 his
826 3228 922 3259 locis:
942 3229 982 3259 52
997 3239 1015 3259 a
1033 3237 1072 3268 14
1099 3242 1112 3256 «
1133 3229 1167 3260 Si
1190 3229 1282 3260 Deus

195 3273 243 3300 est
267 3279 398 3310 corpus,
415 3276 545 3312 oportet
560 3272 652 3313 quod
667 3274 707 3304 sit
723 3272 859 3314 aliquod
883 3283 1004 3314 corpus
1019 3274 1180 3311 naturale;
1204 3284 1282 3305 nam

196 3322 317 3355 corpus
332 3315 602 3348 mathematicum
617 3327 686 3349 non
703 3323 751 3349 est
767 3328 826 3359 per
845 3327 879 3348 se
896 3318 1073 3350 subsistens
1091 3329 1125 3355 ›;
1143 3328 1188 3359 74
1199 3319 1220 3349 b
1238 3326 1275 3350 21

198 3371 212 3384 α
229 3358 255 3389 si
278 3359 311 3390 in
335 3360 408 3391 Deo
433 3361 570 3393 addatur
593 3362 716 3404 aliquid
732 3372 790 3403 per
813 3362 905 3403 quod
924 3362 1111 3403 designatur
1133 3363 1282 3404 designa-

194 3403 286 3434 tione
309 3406 482 3446 essentiali,
507 3412 637 3448 oportet
663 3408 755 3449 quod
784 3407 866 3438 illud
895 3408 1072 3439 constituat
1095 3409 1125 3439 ei
1149 3409 1202 3438 cui
1226 3408 1281 3439 ad-

195 3446 282 3479 ditur
307 3450 470 3482 rationem
500 3453 653 3492 propriae
681 3454 751 3484 eius
778 3452 976 3493 quidditatis‚
1006 3463 1083 3483 nam
1113 3452 1204 3493 quod
1235 3454 1281 3484 sic

194 3491 324 3524 additur
339 3496 478 3536 acquirit
500 3498 547 3527 rei
571 3506 640 3528 esse
664 3498 699 3529 in
723 3503 798 3529 actu
814 3510 842 3528 ».
867 3497 1058 3537 Analogice,
1079 3498 1122 3537 76
1135 3507 1154 3528 a
1172 3509 1191 3538 9
1211 3511 1226 3525 ‹
1247 3497 1281 3529 Si

194 3536 286 3568 Deus
308 3539 350 3570 sit
371 3540 406 3570 in
428 3549 559 3580 genere,
586 3547 647 3573 aut
676 3548 725 3574 est
754 3543 788 3573 in
812 3552 932 3583 genere
959 3541 1136 3573 accidentis
1163 3548 1220 3573 aut
1246 3543 1280 3573 in

192 3590 312 3621 genere
323 3584 522 3617 substantiae
538 3596 566 3623 »ς
580 3586 671 3627 quid,
688 3588 714 3618 si
731 3587 858 3618 Auctor
869 3587 1037 3618 maluisset
1049 3591 1179 3627 oportet
1192 3588 1282 3629 quod

195 3631 255 3656 aut
275 3627 347 3658 sit?
368 3629 410 3660 Et
429 3637 492 3669 140
505 3641 523 3661 a
548 3638 585 3661 21
611 3645 626 3659 «ι
646 3631 680 3662 Si
696 3632 787 3663 Deus
810 3632 960 3672 intelligit
983 3642 1018 3662 se
1037 3638 1069 3662 et
1092 3631 1181 3662 aliud
1203 3641 1222 3662 a
1245 3642 1280 3663 se

195 3672 288 3710 quasi
311 3673 490 3715 principale
514 3676 693 3713 obiectum,
717 3677 845 3708 habebit
867 3677 977 3717 plures
1002 3677 1209 3717 operationes
1230 3676 1278 3707 in-

340 3736 433 3760 Snmu
453 3737 564 3762 Com-na
585 3738 720 3763 Gx-:xnms
739 3738 771 3764 D.
789 3738 906 3763 'saonae
925 3738 995 3763 Toni.
1011 3738 1028 3763 l.

2289 299 2405 325 XXXVII

1334 357 1534 389 tellectuales
1554 370 1586 395 ν,
1615 361 1673 399 145
1687 361 1708 390 b
1730 369 1740 390 1
1773 375 1786 387 ‹
1807 361 1840 392 Si
1871 363 1959 393 Deus
1982 373 2032 394 res
2061 365 2096 395 in
2119 375 2177 396 sua
2200 366 2406 400 distinctione

1335 411 1403 432 non
1437 405 1616 443 cognoscit,
1644 406 1791 444 sequitur
1821 407 1929 445 ipsum
1960 408 2260 448 insipientissimum
2289 422 2358 444 esse
2378 428 2406 444 ι.

1335 445 1485 482 Habebit,
1513 448 1672 488 sequitur,
1688 449 1776 479 idem
1799 450 1971 482 intendunt
1995 453 2085 492 quod
2108 460 2236 494 oportet
2256 465 2316 496 140
2330 468 2347 488 a
2369 466 2407 497 14

1339 503 1353 516 «
1370 489 1403 520 Si
1423 490 1538 532 (Deus)
1564 492 1720 532 intelligat
1743 494 1866 533 aliquid
1889 495 1976 526 aliud
2003 497 2033 537 (a
2057 497 2102 538 se)
2129 501 2221 539 quasi
2244 502 2350 542 primo
2375 509 2407 533 et

1336 543 1393 574 per
1420 545 1454 565 se
1478 535 1690 575 intellectum,
1715 542 1843 577 oportet
1867 539 1957 578 quod
1980 541 2160 573 intellectus
2176 545 2245 575 eius
2264 553 2408 578 mutetur

1337 578 1376 608 de
1393 579 1653 610 consideratione
1669 581 1702 610 in
1718 581 2012 614 considerationem
2032 599 2058 614 ».
2075 586 2163 617 Num
2179 589 2231 619 hic
2247 590 2323 621 dicit
2339 592 2407 622 Au-

1337 628 1408 653 ctor
1439 624 1547 655 Deum
1580 625 1768 665 simpliciter
1803 632 1954 666 oportere
1985 630 2181 662 mutabiliter
2210 634 2407 675 intelligere?

1336 667 1426 698 Num
1450 678 1528 709 ergo
1544 669 1670 699 Auctor
1685 670 1719 699 in
1736 672 1936 711 paragrapho
1957 686 1970 700 κ
1989 673 2058 703 Nec
2077 675 2184 706 obviat
2200 690 2214 703 ι
2236 678 2314 709 dicit
2335 690 2407 711 mo-

1336 712 1400 742 bile
1423 722 1442 742 a
1457 723 1491 743 se
1515 723 1584 744 non
1608 715 1732 744 ratione
1757 715 1854 754 partis
1878 717 2065 756 simpliciter
2086 725 2237 759 oportere
2252 723 2407 764 indepen-

1335 756 1449 787 denter
1473 768 1491 788 a
1518 763 1613 788 motu
1642 759 1740 799 partis
1764 758 1908 790 moveri?
1939 761 2046 792 Deum
2077 769 2108 793 et
2134 765 2255 796 mobile
2278 775 2408 807 oportet

1336 802 1444 832 subire
1475 803 1726 843 consequentias
1752 804 1973 844 hypotheseos
2003 807 2211 846 impossibilis
2243 815 2408 852 assumpti,

1335 845 1416 877 dum
1432 852 1542 878 tamen
1558 847 1648 878 Deus
1664 857 1793 888 semper
1805 849 1873 884 Est,
1888 855 1919 880 et
1934 850 1991 880 AB
2003 852 2123 890 poterit
2135 861 2203 883 esse
2220 863 2280 885 suo
2297 857 2407 893 modo,

1335 890 1442 922 donec
1467 892 1657 923 Aristoteles
1681 893 1864 932 probaverit
1887 894 1944 924 AB
1967 896 2092 925 moveri
2115 897 2154 926 ab
2171 898 2245 928 alio.
2262 899 2362 937 Quod
2378 907 2410 932 et

1336 935 1487 976 effecerit,
1512 937 1638 967 duabus
1659 937 1919 968 conditionibus:
1938 939 2042 979 prima
2065 946 2100 970 ut
2115 942 2230 972 mobili
2246 943 2302 974 AB
2327 945 2409 976 clam

1334 981 1396 1011 sibi
1423 987 1569 1022 surrepta
1601 982 1765 1012 mobilitas
1794 983 1945 1022 generica
1972 989 2003 1014 et
2031 993 2269 1026 consequenter
2295 990 2410 1021 alietas

1335 1026 1434 1065 partis
1456 1027 1651 1057 restituatur.
1677 1026 1836 1063 Secunda,
1853 1033 1890 1057 ut
1905 1028 1964 1058 sub
1989 1030 2079 1059 omni
2102 1037 2251 1070 respectu
2276 1034 2411 1073 quadret

1335 1070 1388 1100 hic
1412 1071 1637 1112 syllogismus:
1667 1071 1758 1111 quod
1785 1073 1923 1112 quiescit
1951 1073 2138 1112 quiescente
2162 1075 2236 1112 alio,
2260 1085 2410 1109 movetur

1335 1115 1374 1146 ab
1399 1115 1481 1152 alio;
1506 1117 1596 1156 atqui
1620 1116 1751 1146 mobilis
1773 1117 1831 1147 AB
1855 1117 2042 1157 quiescente
2059 1125 2147 1158 parte
2173 1121 2316 1160 quiescet
2334 1124 2407 1160 AB;

1335 1169 1413 1200 ergo
1438 1161 1495 1191 AB
1519 1166 1671 1191 movetur
1694 1161 1733 1191 ab
1758 1161 1832 1191 alio.

1393 1250 1445 1290 59,
1470 1267 1493 1271 -
1517 1249 1554 1280 31
1573 1259 1590 1280 a
1616 1249 1726 1289 26-29
1746 1261 1760 1276 α
1780 1249 1856 1279 Non
1884 1250 2057 1289 requiritur
2081 1261 2157 1292 ergo
2181 1252 2221 1283 ad
2244 1255 2410 1287 veritatem

1334 1294 1556 1325 conclusionis
1579 1293 1731 1325 inductae
1756 1294 1847 1334 quod
1873 1301 2076 1334 supponatur
2102 1302 2227 1337 partem
2250 1302 2411 1332 moventis

1333 1340 1477 1380 seipsum
1501 1340 1679 1380 quiescere,
1704 1340 1796 1379 quasi
1821 1338 1987 1379 quoddam
2011 1349 2122 1372 verum
2142 1343 2287 1374 absolute
2306 1357 2334 1375 2».

1388 1384 1472 1416 Illud
1494 1394 1577 1426 ergo
1601 1384 1696 1415 nobis
1719 1384 1812 1415 valde
1839 1390 2028 1423 suspectum
2057 1386 2200 1424 videtum
2224 1394 2332 1420 autem
2359 1391 2410 1421 vel

1334 1428 1432 1460 etiam
1448 1430 1630 1460 mallemus.
1646 1429 1741 1470 Ergo
1755 1429 1844 1459 enim
1855 1429 2010 1469 importat
2025 1431 2188 1470 quandam
2208 1442 2410 1475 consequen-

1333 1473 1413 1505 tiam
1435 1475 1577 1515 logicam
1608 1484 1646 1505 ex
1676 1473 1956 1515 praecedentibus,
1984 1483 2068 1514 quae
2098 1485 2165 1507 non
2190 1477 2287 1509 adest.
2312 1480 2411 1518 Quod

1333 1527 1435 1550 omne
1450 1525 1591 1556 motum,
1609 1529 1686 1560 ergo
1710 1525 1743 1550 et
1761 1519 1868 1559 primo
1891 1524 2032 1558 motum,
2049 1519 2145 1551 debet
2167 1522 2283 1554 habere
2307 1531 2411 1565 partes

1334 1573 1353 1594 a
1380 1565 1500 1606 quibus
1525 1574 1624 1596 suum
1651 1573 1720 1595 csse
1751 1570 1783 1594 et
1810 1564 1935 1594 moveri
1962 1563 2134 1605 dependet,
2162 1576 2230 1597 non
2257 1573 2304 1598 est
2330 1571 2410 1601 ratio

1334 1609 1386 1640 vel
1409 1619 1506 1640 causa
1529 1615 1566 1641 ut
1590 1609 1682 1650 quies
1706 1610 1804 1650 partis
1827 1608 1908 1649 quid
1935 1609 2135 1649 impossibile
2151 1612 2200 1648 sit,
2226 1613 2275 1643 vel
2299 1623 2411 1646 conse-

1335 1663 1440 1695 quens
1471 1654 1722 1697 enthymematis
1752 1654 1792 1684 sit
1822 1654 2006 1695 propositio
2038 1664 2129 1692 vera;
2161 1657 2221 1688 ista
2244 1658 2333 1688 enim
2356 1659 2411 1690 de-

1334 1699 1480 1740 pendent
1503 1709 1522 1730 a
1544 1705 1639 1731 motu
1665 1708 1731 1729 non
1761 1699 1892 1730 ratione
1917 1699 2037 1738 partis.
2062 1700 2175 1731 Oratio
2203 1707 2276 1733 ante
2304 1717 2317 1730 «ι
2337 1704 2412 1735 Non

1334 1745 1509 1785 requiritur
1524 1758 1538 1772 ι
1565 1743 1742 1785 respondet
1765 1743 1928 1775 secundae
1952 1745 2140 1776 Avicennae
2156 1746 2344 1785 obiectioni‚
2360 1750 2412 1780 hic

1334 1789 1551 1830 respondetur
1563 1790 1603 1821 ad
1619 1790 1773 1830 primam;
1791 1789 1982 1820 coniunctio
1998 1789 2135 1829 proinde
2152 1792 2272 1831 requiri
2287 1793 2412 1825 videtur

1334 1844 1419 1875 quae
1442 1844 1511 1867 non
1534 1834 1727 1866 subordinet
1750 1835 1801 1865 vel
1824 1833 1950 1870 inferat,
1975 1834 2032 1865 sed
2055 1835 2143 1866 iuxta
2166 1843 2277 1876 ponat.

1390 1881 1454 1912 Pro
1470 1881 1640 1912 conclusio
1656 1879 1839 1917 mallemus,
1856 1888 1933 1910 cum
1949 1879 2019 1910 sola
2040 1879 2148 1918 Piana,
2169 1882 2411 1914 conditionalis.

1334 1924 1595 1967 Enthymematis
1619 1933 1827 1966 consequens
1849 1925 2055 1955 materialiter
2078 1926 2175 1957 simul
2191 1928 2360 1959 conclusio
2381 1935 2413 1959 et

1333 1970 1564 2002 conditionalis
1580 1976 1638 2007 est,
1663 1976 1695 2001 et
1718 1970 1778 2001 sub
1803 1976 1945 2010 utroque
1968 1976 2117 2010 respectu
2142 1981 2264 2002 verum.
2290 1973 2325 2003 In
2349 1973 2412 2004 hoc

1332 2020 1443 2046 tamen
1466 2015 1581 2054 differt,
1599 2014 1690 2056 quod
1713 2016 1840 2046 Auctor
1856 2016 2022 2046 veritatem
2047 2015 2274 2048 conditionalis
2297 2023 2329 2048 et
2343 2028 2411 2050 non

1333 2061 1588 2101 consequentiae
1611 2066 1713 2100 urget.
1738 2059 1833 2092 Unde
1858 2061 1982 2091 varians
2005 2060 2122 2091 Pianae
2138 2071 2212 2092 vera
2233 2062 2284 2093 vel
2299 2063 2411 2094 saltem

1333 2105 1425 2136 valde
1448 2105 1627 2147 plausibilis
1642 2106 1740 2136 lectio
1758 2105 1894 2142 videtur,
1910 2105 2053 2146 ideoque
2071 2116 2142 2137 eam
2165 2116 2233 2137 non
2255 2108 2314 2138 sub
2330 2109 2410 2139 serie

1331 2150 1514 2182 lectionum
1538 2157 1614 2192 post
1643 2160 1766 2182 annum
1799 2150 1883 2191 1480
1912 2156 2060 2181 natarum
2091 2151 2147 2181 sed
2176 2152 2228 2182 hic
2252 2162 2312 2183 ceu
2336 2162 2410 2193 pro-

1332 2196 1404 2236 prio
1428 2195 1505 2227 loco
1529 2195 1725 2226 notavimus.

1388 2284 1442 2316 60.
1466 2303 1489 2307 -
1514 2284 1554 2315 32
1572 2284 1593 2315 b
1615 2284 1725 2325 36-39
1754 2298 1768 2311 ι
1788 2285 1996 2324 Relinquitur
2018 2285 2115 2325 igitur
2139 2285 2230 2326 quod
2253 2296 2317 2316 una
2341 2296 2412 2326 pars

1331 2329 1402 2360 eius
1420 2335 1469 2360 est
1483 2339 1621 2361 movens
1637 2335 1764 2360 tantum
1780 2335 1812 2361 et
1827 2329 1924 2360 altera
1941 2335 2041 2362 mota.
2060 2330 2100 2360 Et
2115 2331 2160 2361 sic
2176 2331 2310 2362 habetur
2325 2331 2412 2362 idem

1331 2373 1423 2414 quod
1445 2375 1546 2415 prius,
1570 2374 1693 2406 scilicet
1716 2374 1808 2415 quod
1831 2374 1954 2415 aliquid
1973 2376 2013 2406 sit
2035 2384 2171 2406 movens
2195 2376 2363 2407 immobile
2382 2390 2409 2407 ».

1332 2419 1445 2460 Margo
1461 2420 1492 2450 A
1508 2419 1672 2450 crucicula
1695 2419 1748 2451 hic
1771 2419 1980 2450 inserendum
2004 2419 2138 2451 indicat:
2164 2433 2178 2447 ‹
2197 2420 2307 2461 Ipsum
2324 2421 2410 2452 enim

1331 2464 1449 2495 habere
1473 2470 1599 2506 partem
1618 2465 1836 2495 necessarium
1857 2470 1914 2501 est,
1936 2474 2012 2496 cum
2029 2474 2127 2495 omne
2151 2475 2286 2496 movens
2302 2467 2341 2496 sit
2364 2466 2411 2496 di—

1330 2509 1455 2540 visibile
1474 2522 1503 2541 ».
1529 2509 1684 2550 Sequitur
1706 2510 1824 2550 longus
1848 2519 1960 2550 passus
1984 2509 2118 2546 deletus,
2136 2516 2171 2540 ut
2194 2516 2281 2551 patet
2297 2520 2335 2541 ex
2350 2520 2410 2541 no·

1330 2559 1394 2585 stra
1417 2554 1561 2586 editione
1584 2555 1732 2596 priorum
1756 2554 1982 2586 redactionum
2005 2564 2063 2586 seu
2086 2556 2149 2595 pA.

1387 2599 1464 2630 Hoc
1495 2599 1572 2631 loco
1605 2599 1767 2641 quaedam
1801 2606 1888 2631 certa
1918 2599 2063 2640 quodam
2093 2599 2193 2630 dubio
2223 2601 2408 2631 miscentur.

1333 2642 1432 2675 Certa
1454 2650 1546 2676 sunt:
1574 2645 1768 2686 scripturam
1790 2645 2002 2685 marginalem
2026 2645 2136 2686 Ipsum
2160 2644 2244 2675 enim
2277 2650 2336 2675 etc.
2371 2646 2409 2676 ab

1332 2689 1479 2721 Auctore
1501 2690 1621 2730 signari
1644 2695 1802 2730 tanquam
1817 2689 1989 2731 legendam
2011 2694 2087 2730 post
2109 2689 2280 2726 immobile,
2298 2695 2330 2720 et
2343 2699 2412 2721 non

1333 2733 1448 2771 deleri;
1474 2744 1546 2766 eam
1569 2740 1686 2766 natura
1709 2744 1767 2766 sua
1782 2741 1859 2776 post
1875 2740 1906 2766 et
1923 2735 2030 2765 altera
2053 2739 2142 2764 mota
2166 2734 2250 2764 bene
2269 2739 2361 2771 stare,
2381 2740 2413 2765 et

1332 2785 1410 2819 post
1417 2779 1582 2812 immobile
1592 2779 1714 2812 tardius
1726 2781 1847 2817 venire;
1863 2781 2042 2811 Auctorem
2055 2779 2240 2819 saepissime
2252 2780 2411 2819 margines

1334 2823 1499 2856 deletione
1530 2830 1647 2864 textus,
1671 2830 1708 2856 ut
1731 2825 1775 2856 ita
1798 2824 1914 2861 dicam,
1939 2824 2120 2855 condelere.
2145 2823 2271 2854 Tamen
2295 2833 2335 2854 an
2358 2824 2410 2854 hic

1333 2869 1515 2910 marginem
1531 2870 1629 2902 simul
1645 2879 1722 2901 cum
1738 2875 1828 2900 textu
1845 2869 1952 2900 delere
1967 2868 2150 2904 intenderit,
2166 2868 2258 2898 valde
2275 2867 2410 2899 dubium

1333 2920 1392 2951 est,
1417 2915 1495 2955 quia
1524 2924 1638 2956 margo
1670 2915 1814 2946 deletum
1841 2925 1909 2946 non
1937 2914 2044 2950 afficit,
2072 2919 2104 2944 et
2118 2922 2176 2953 per
2198 2922 2231 2943 se
2256 2912 2409 2944 delendus

1334 2958 1433 2990 fuisse
1449 2959 1586 2996 videtur,
1599 2960 1625 2990 si
1642 2961 1791 2990 omnino.
1805 2959 1901 2990 Nunc
1917 2969 1994 2999 ergo
2007 2959 2180 2998 opinamur
2196 2957 2284 2997 quod
2300 2957 2409 2998 Ipsum

1335 3005 1421 3035 enim
1453 3010 1513 3036 etc.
1546 3004 1740 3036 servandum
1772 3005 1875 3035 estin
1904 3010 2003 3039 textu,
2034 3002 2090 3033 sed
2114 3002 2294 3033 cruciculae
2318 3002 2409 3033 locus

1334 3055 1446 3080 mente
1470 3049 1647 3080 mutandus
1671 3050 1739 3086 erit,
1764 3056 1800 3080 ut
1823 3049 2019 3088 intelligatur
2042 3053 2124 3078 stare
2147 3052 2222 3088 post
2244 3051 2341 3077 mota.

1393 3139 1447 3169 61.
1463 3157 1486 3161 -
1503 3139 1543 3170 33
1559 3139 1578 3168 b
1601 3147 1719 3178 10—19.
1745 3138 1777 3169 S.
1802 3138 1948 3167 Thomas
1972 3135 2048 3166 dicit
2075 3134 2255 3165 Aristotelis
2279 3143 2409 3174 proces-

1335 3193 1408 3214 sum
1437 3183 1478 3214 ad
1508 3182 1717 3224 probandum
1744 3183 1851 3213 Deum
1881 3191 1949 3212 esse
1973 3179 2127 3210 infirmari
2150 3178 2250 3209 videri
2277 3189 2316 3209 ex
2344 3179 2407 3208 hoc

1336 3227 1428 3268 quod
1451 3228 1600 3269 procedit
1623 3237 1662 3259 ex
1685 3227 1914 3268 suppositione
1942 3225 2135 3256 aeternitatis
2165 3222 2288 3259 mundi,
2318 3223 2408 3263 quod

1334 3273 1422 3313 apud
1447 3273 1636 3304 Catholicos
1653 3273 1851 3313 supponitur
1867 3280 1936 3301 esse
1952 3269 2078 3300 falsum.
2095 3269 2219 3298 Auctor
2234 3267 2408 3307 respondet

1335 3318 1428 3359 quod
1455 3331 1470 3346 ‹
1484 3319 1536 3348 via
1560 3317 1781 3348 efficacissima
1797 3316 1837 3346 ad
1860 3314 2064 3356 probandum
2090 3313 2196 3343 Deum
2213 3321 2281 3342 esse
2297 3317 2345 3342 est
2368 3322 2406 3342 ex

1335 3363 1563 3404 suppositione
1587 3362 1782 3393 aeternitatis
1806 3360 1930 3395 mundi,
1948 3369 2011 3398 qua
2030 3358 2135 3398 posita
2150 3357 2257 3387 minus
2281 3355 2408 3387 videtur

1334 3417 1404 3439 esse
1420 3407 1630 3438 manifestum
1655 3406 1746 3447 quod
1770 3406 1857 3436 Deus
1877 3406 1926 3435 sit.
1951 3404 2034 3434 Nam
2051 3403 2077 3432 si
2092 3401 2234 3431 mundus
2250 3405 2282 3431 et
2297 3406 2406 3431 motus

1335 3452 1375 3483 de
1391 3462 1480 3483 novo
1506 3452 1661 3492 incoepit,
1678 3451 1813 3492 planum
1837 3455 1884 3480 est
1908 3447 1997 3488 quod
2013 3452 2143 3487 oportet
2161 3446 2241 3486 poni
2265 3445 2405 3485 aliquam

1335 3507 1467 3528 causam
1491 3506 1574 3537 quae
1603 3496 1643 3527 de
1666 3505 1754 3526 novo
1787 3494 1945 3535 producat
1974 3490 2135 3522 mundum
2166 3496 2197 3520 et
2228 3495 2357 3520 motum
2377 3503 2405 3520 ».

1334 3543 1410 3573 Non
1434 3540 1650 3573 dubitandum
1666 3546 1714 3571 est
1733 3540 1812 3580 quin
1828 3539 1886 3568 ista
1909 3537 2004 3567 lectio
2029 3535 2125 3566 fuerit
2147 3534 2327 3565 traditionis
2343 3535 2407 3564 ori-

1332 3587 1457 3628 ginalis.
1483 3587 1531 3616 Ex
1554 3591 1622 3616 tota
1646 3584 1798 3615 codicum
1823 3582 2063 3622 exploratorum
2086 3589 2200 3615 massa,
2216 3579 2299 3609 idest
2314 3585 2406 3609 octo-

1333 3633 1432 3673 ginta,
1459 3632 1605 3672 quinque
1635 3630 1738 3670 prima
1768 3637 1868 3658 manu
1899 3631 1930 3656 et
1962 3630 2103 3665 quatuor
2132 3623 2275 3655 secunda
2305 3633 2405 3654 manu

1334 3677 1454 3707 alicubi
1482 3675 1689 3715 negationem
1719 3671 1947 3703 introducunt:

2250 3738 2263 3755 e
