2768 4134
53 905 109 958 :1¹1¹
127 905 158 927 de
174 905 267 932 Anima,

69 948 76 957 ·
98 945 114 957 ι,

0 1592 103 1615 >¹1¹
159 1593 256 1616 &lai

52 1625 78 1646 ις
93 1625 114 1642 ι.
182 1609 226 1641 lib.
234 1608 267 1646 ll:

50 1646 69 1668 l.
85 1653 104 1669 ι.

55 2231 65 2242 ·
79 2229 116 2253 α’.
136 2229 270 2260 Commeat.

55 2259 269 2306 f‘Btffif‘..¹.¹²'¹·

56 2629 67 2640 ·
81 2626 117 2650 Cf.
133 2633 157 2650 ιι.
166 2633 201 2650 ¹11.

57 3565 67 3575 '¹
81 3563 118 3586 Cf.
133 3569 199 3586 num.
208 3569 241 3585 ιι.

758 286 946 323 SUMMA
976 286 1197 323 CONTRA
1225 285 1500 330 GENTILES,
1527 285 1622 321 LIB.
1643 285 1684 330 II,
1716 284 1826 321 CAP.
1846 284 2032 320 LXXVII.

295 364 438 401 Anima
466 371 598 400 autern
627 363 855 401 intellectiva
874 375 955 401 non
975 372 1031 401 est
1059 364 1099 401 in
1126 364 1298 414 potentia
1317 365 1368 401 ad

295 416 564 454 similitudines
585 429 716 454 rerum
741 429 841 466 quae
866 425 956 454 sunt
975 418 1014 454 in
1033 417 1367 467 phantasmatibus

294 482 365 520 per
392 469 559 507 modum
587 469 697 506 illum
725 483 805 519 quo
835 479 924 507 sunt
952 471 1021 508 ibi:
1052 471 1120 508 sed
1149 471 1366 508 secundum

295 523 404 572 quod
419 523 504 560 illae
519 522 788 560 similitudines
803 525 1002 561 elevantur
1016 524 1066 561 ad
1085 524 1230 573 aliquid
1245 524 1366 569 altius,

294 585 338 614 ut
365 576 506 613 scilicet
525 576 599 612 sint
625 576 835 613 abstractae
864 589 886 614 a
915 577 1202 614 conditionibus
1230 576 1367 614 indivi-
1391 591 1400 612 ς

296 628 505 667 duantibus
525 629 798 675 materialibus,
824 642 870 666 ex
890 642 970 679 quo
990 630 1089 667 fiunt
1117 630 1368 678 intelligibiles

296 690 396 720 actu.
427 683 477 719 Et
504 681 593 719 ideo
623 682 722 719 actio
751 682 963 720 intellectus
997 682 1141 732 agentis
1176 683 1215 720 in
1243 684 1367 732 phan-

295 743 457 773 tasmate
485 734 681 784 praecedit
708 736 972 785 receptionem
1005 736 1217 774 intellectus
1245 735 1367 785 possi-

295 788 391 826 bilis.
419 789 468 826 Et
492 788 546 825 sic
573 788 833 838 principalitas
857 789 1016 826 actionis
1042 801 1123 826 non
1151 788 1369 826 attribuitur

295 841 646 892 phantasmatibus,
683 842 751 879 sed
786 843 992 879 intellectui
1030 842 1166 891 agenti.
1205 844 1369 891 Propter
1384 857 1409 871 1⁰

296 895 405 945 quod
434 895 655 932 Aristoteles
684 895 808 932 dicit*
835 896 943 944 quod
963 908 1003 932 se
1032 896 1149 933 habet
1168 896 1218 932 ad
1245 895 1367 944 possi-

295 947 415 986 bilem
442 950 535 985 sicut
562 961 626 986 ars
654 950 706 986 ad
731 951 941 986 materiam.

350 1001 478 1039 Huius
507 1009 638 1039 autem
666 1003 892 1051 exemplum
921 1001 1084 1039 omnino
1118 1001 1240 1039 simile
1270 1008 1369 1038 esset

296 1054 327 1091 si
355 1057 503 1101 oculus,
533 1054 650 1092 simul
677 1067 770 1092 cum
798 1056 876 1092 hoc
903 1056 1011 1104 quod
1039 1063 1096 1092 est
1127 1054 1368 1104 diaphanum

295 1115 333 1144 et
360 1108 603 1158 susceptivus
632 1110 821 1154 colorum,
850 1108 1009 1146 haberet
1035 1116 1188 1145 tantum
1207 1107 1255 1144 de
1282 1109 1368 1145 luce
1385 1123 1393 1136 1

295 1161 404 1210 quod
432 1169 563 1210 posset
590 1162 740 1198 colores
772 1161 897 1198 facere
930 1161 1098 1198 visibiles
1131 1169 1237 1198 actu:
1272 1160 1370 1197 sicut

295 1214 491 1263 quaedam
519 1214 701 1252 animalia
729 1214 912 1251 dicuntur
931 1214 989 1251 sui
1019 1213 1121 1251 oculi
1150 1215 1235 1251 luce
1264 1214 1369 1251 suffi-

295 1266 440 1304 cienter
467 1267 540 1304 sibi
567 1267 784 1305 illuminare
814 1267 983 1314 obiecta3
1007 1275 1166 1317 propter
1193 1267 1302 1316 quod
1321 1267 1369 1303 de

295 1319 562 1365 ane.vident
579 1319 713 1368 magis,
734 1320 775 1357 in
794 1320 856 1358 die
875 1333 970 1358 vero
989 1320 1139 1366 minus;
1161 1327 1250 1357 sunt
1265 1319 1371 1356 enim

295 1366 484 1410 debilium
513 1375 731 1419 oculomm,
761 1373 854 1422 quia
881 1386 1002 1423 parva
1034 1375 1120 1410 luce
1148 1380 1369 1418 moventur,
1386 1387 1412 1401 ²0

296 1426 346 1463 ad
378 1428 543 1463 multam
571 1433 702 1463 autem
731 1426 1035 1463 confunduntur.
1071 1426 1143 1463 Cui
1178 1425 1294 1462 etiam
1323 1425 1370 1462 si—

295 1478 386 1516 mile
406 1485 462 1516 est
480 1479 519 1516 in
543 1479 736 1516 intellectu
755 1487 889 1516 nostro
909 1479 1017 1528 quod
1042 1480 1094 1516 ad
1110 1491 1155 1516 ea
1175 1491 1272 1528 quae
1287 1484 1372 1515 sunt

295 1533 612 1580 manifestissima,
642 1544 681 1568 se
707 1533 816 1570 habet
843 1533 936 1569 sicut
972 1532 1101 1570 oculus
1138 1537 1296 1568 noctuae
1323 1531 1374 1568 ad

293 1585 411 1627 solem
434 1585 474 1622 *ε
513 1585 618 1621 unde
646 1597 815 1633 parvum
842 1586 976 1622 lumen
1004 1583 1234 1632 intelligibile
1263 1583 1372 1632 quod

2415 284 2493 332 489

1423 365 1671 401 connaturale
1701 363 1866 400 sufficiat
1893 364 1941 400 ad
1970 363 2192 400 faciendum
2216 363 2409 400 actionem
2436 364 2494 401 in-

1422 418 1593 454 tellectus
1622 416 1777 465 agentis,
1806 424 1910 466 patet
1938 416 1969 453 si
1998 416 2084 466 quis
2119 417 2335 454 consideret
2362 429 2493 454 neces-

1424 470 1574 507 sitatem
1608 469 1779 518 ponendi
1819 469 2054 507 intellectum
2091 477 2280 518 agentem.
2320 470 2493 507 Invenie-

1422 523 1536 560 batur
1568 522 1674 575 enim
1708 522 1839 559 anima
1873 522 1913 559 in
1948 523 2119 571 potentia
2153 523 2202 560 ad
2237 522 2492 572 intelligibilia,

1423 576 1521 613 sicut
1539 587 1676 612 sensus
1695 575 1744 612 ad
1764 575 1972 612 sensibilia:
1995 575 2092 613 sicut
2111 576 2216 612 enim
2235 588 2316 613 non
2339 588 2494 625 semper

1423 629 1622 674 sentimus,
1649 628 1700 664 ita
1726 640 1808 664 non
1835 640 1989 677 semper
2014 628 2270 677 intelligimus.
2299 630 2407 666 Haec
2425 642 2492 666 au-

1422 689 1503 720 tem
1531 680 1778 729 intelligibilia
1798 693 1898 730 quae
1919 681 2050 718 anima
2071 682 2298 719 intellectiva
2318 683 2493 719 humana

1423 734 1602 783 intelligit,
1624 735 1732 771 Plato
1751 733 1881 783 posuit
1901 746 1983 771 esse
2003 733 2248 782 intelligibilia
2266 747 2337 784 per
2355 735 2492 785 seipsa,

1423 788 1564 826 scilicet
1592 788 1710 825 ideas:
1738 787 1843 824 unde
1862 799 1945 824 non
1972 795 2052 824 erat
2080 787 2114 824 ei
2143 788 2404 825 necessarium
2422 801 2492 838 po-

1423 853 1515 878 nere
1538 841 1775 878 intellectum
1799 849 1976 889 agentem
2003 841 2052 877 ad
2075 840 2331 888 intelligibilia.
2360 841 2401 878 Si
2426 854 2494 878 au-

1423 902 1502 931 tem
1537 895 1612 931 hoc
1645 901 1744 931 esset
1774 905 1930 940 verum,
1965 901 2159 943 oporteret
2192 894 2312 942 quod,
2347 902 2494 943 quanto

1424 947 1552 997 aliqua
1580 955 1670 984 sunt
1691 947 1910 984 secundum
1930 959 1971 983 se
1990 946 2112 995 magis
2136 946 2392 995 intelligibilia,
2413 959 2494 983 ma-

1423 1000 1478 1050 gis
1497 1000 1796 1049 intelligerentur
1810 1013 1832 1037 a
1846 1000 1969 1038 nobis.
1988 1000 2108 1047 Quod
2123 1007 2227 1049 patet
2241 1012 2323 1036 esse
2338 1000 2492 1037 falsum:

1424 1066 1517 1091 nam
1535 1054 1657 1102 magis
1676 1061 1766 1091 sunt
1784 1053 1897 1091 nobis
1916 1052 2160 1102 intelligibilia
2179 1066 2280 1102 quae
2302 1060 2391 1090 sunt
2410 1065 2495 1090 sen-

1425 1107 1486 1144 sui
1512 1106 1762 1156 proximiora,
1782 1119 1883 1155 quae
1911 1106 1951 1143 in
1980 1119 2020 1143 se
2049 1114 2138 1144 sunt
2165 1106 2296 1143 minus
2325 1105 2495 1154 intelligi-

1424 1160 1525 1197 bilia.
1547 1160 1660 1197 Unde
1690 1160 1912 1196 Aristoteles
1938 1159 2008 1196 fuit
2035 1168 2167 1196 motus
2186 1160 2235 1196 ad
2263 1159 2496 1209 ponendum

1425 1214 1533 1263 quod
1563 1225 1608 1250 ea
1633 1225 1734 1262 quae
1763 1220 1852 1250 sunt
1879 1212 1992 1249 nobis
2020 1212 2276 1261 intelligibilia,
2296 1224 2377 1249 non
2406 1219 2496 1248 sunt

1426 1265 1555 1315 aliqua
1575 1266 1772 1303 existentia
1791 1265 2034 1314 intelligibilia
2054 1278 2124 1315 per
2143 1265 2278 1315 seipsa,
2300 1265 2367 1302 sed
2387 1265 2495 1314 quod

1425 1319 1526 1356 fiunt
1545 1331 1593 1356 ex
1611 1318 1868 1356 sensibilibus.
1884 1319 1997 1356 Unde
2018 1319 2188 1368 oportuit
2207 1319 2316 1368 quod
2334 1324 2496 1368 poneret

1426 1372 1608 1409 virtutem
1628 1385 1729 1421 quae
1753 1373 1830 1409 hoc
1856 1372 2006 1409 faceret.
2028 1373 2077 1409 Et
2096 1373 2192 1409 haec
2211 1379 2267 1408 est
2286 1371 2496 1408 intellectus

1427 1437 1553 1474 agens.
1583 1426 1644 1461 Ad
1674 1426 1750 1462 hoc
1773 1437 1864 1474 ergo
1884 1425 2043 1474 ponitur
2067 1425 2278 1461 intellectus
2306 1436 2434 1472 agens,
2454 1431 2497 1460 ut

1426 1478 1566 1515 faceret
1593 1477 1838 1526 intelligibilia
1866 1478 1979 1514 nobis
1998 1477 2300 1527 proportionata.
2322 1478 2410 1514 Hoc
2429 1489 2496 1513 au-

1426 1538 1506 1568 tem
1521 1542 1603 1567 non
1613 1530 1762 1567 excedit
1775 1531 1944 1567 modurn
1959 1530 2115 1567 luminis
2130 1529 2369 1578 intelligibilis
2384 1529 2498 1566 nobis

1427 1583 1698 1620 connaturalis.
1718 1583 1831 1621 Unde
1850 1583 1946 1620 nihil
1974 1583 2153 1632 prohibet
2171 1582 2244 1632 ipsi
2268 1581 2406 1620 lumini
2428 1594 2498 1619 no-

294 1645 352 1674 est
386 1637 502 1674 nobis
538 1639 806 1683 connaturale,
844 1637 986 1674 sufficit
1017 1638 1067 1674 ad
1102 1644 1282 1674 nostrum
1315 1636 1371 1673 in-
1387 1651 1410 1671 25
1428 1644 1527 1673 strae
1546 1636 1699 1673 animae
1718 1635 1923 1673 attribuere
1943 1636 2137 1673 actionem
2156 1636 2367 1672 intellectus
2386 1647 2499 1683 agen,-

293 1689 370 1727 teni
397 1701 474 1727 ere.

308 1752 322 1804 fr
349 1700 471 1791 quod
490 1750 622 1779 autem
642 1744 776 1780 lumen
796 1741 1028 1792 intelligibile
1043 1750 1198 1780 nostrae
1217 1741 1371 1779 animae

1428 1688 1491 1725 tis:
1507 1696 1544 1725 et
1562 1689 1770 1737 praecipue
1785 1700 1877 1725 cum
1897 1688 2118 1725 Aristoteles
2137 1688 2371 1725 intellectum
2386 1699 2499 1735 agen-

1427 1749 1508 1778 tem
1536 1748 1736 1791 comparet
1764 1740 1901 1778 lumini
1920 1740 1952 1777 ²¹².

350 1866 363 1886 ι
384 1859 488 1894 Anima]
508 1860 559 1886 ntia
577 1867 604 1886 α.
684 1867 702 1894 9
721 1859 755 1884 Et
773 1858 819 1893 sic]
839 1860 878 1885 Ac
896 1859 919 1884 si
938 1859 988 1890 αι),
1007 1859 1046 1884 Ac
1064 1859 1102 1884 sic
1121 1836 1166 1883 pc.

294 1895 373 1929 enne]
392 1903 461 1929 quae
480 1900 521 1920 est
538 1900 643 1920 nostrae
661 1894 690 1920 Z.

348 1938 367 1963 4
384 1929 479 1964 anima]
499 1935 587 1956 nostra
604 1930 713 1956 addunt
733 1929 880 1955 aDWXPc.

1249 1865 1282 1883 20
1301 1857 1390 1891 parva]
1410 1865 1425 1883 a
1443 1865 1524 1890 parva
1542 1858 1591 1883 Pd.

973 1937 1006 1954 ιο
1025 1930 1057 1955 ad
1081 1929 1252 1962 intelligibilia
1271 1929 1315 1954 Ita
1334 1928 1484 1959 DNZsGY;
1504 1927 1671 1961 intelligibilia
1694 1927 1786 1953 ceteri.

1675 1864 1710 1888 24
1728 1856 1848 1890 parvum]
1870 1864 1949 1882 suum
1967 1857 2107 1888 EGNWY,
2122 1865 2169 1890 per
2187 1865 2270 1882 unum
2290 1857 2323 1882 X.
2403 1864 2434 1890 27
2455 1865 2501 1882 no-

1877 1935 1909 1952 22
1929 1926 2033 1961 faceret]
2052 1927 2128 1952 faciat
2145 1927 2276 1952 EbePc.

1067 2016 1404 2049 Commentaria
1430 2015 1740 2048 Fen-ariensis

320 2094 321 2097 ’
353 2098 502 2120 osteum
520 2087 662 2119 ostendit
676 2088 813 2119 Sanctus
837 2088 983 2118 Thomas
1005 2088 1206 2118 intellectum
1224 2093 1374 2127 agentem

298 2099 433 2164 Pnon
461 2142 531 2164 esse
561 2133 773 2163 substantiam
795 2137 975 2172 separatam
1006 2131 1064 2162 sed
1090 2131 1213 2172 aliquid
1236 2132 1373 2168 animae,

297 2187 386 2209 nunc
408 2178 479 2208 vult
502 2176 672 2208 excludere
699 2177 920 2207 obiectionem
944 2176 1108 2216 quandam
1131 2181 1244 2206 contra
1270 2175 1374 2206 deter-

297 2223 454 2254 minatam
475 2222 644 2252 veritatem
655 2222 683 2251 *.
706 2221 748 2251 Et
767 2222 885 2261 primo,
902 2222 996 2261 ponit
1017 2221 1121 2261 ipsam
1136 2220 1373 2257 obiectionem;

297 2266 455 2303 secundo,
478 2265 520 2296 ad
541 2265 631 2296 illam
653 2265 829 2306 respondet
841 2266 867 2295 ³².

353 2311 377 2342 1.
403 2310 554 2342 obiectio
572 2310 644 2340 talis
667 2315 725 2340 est.
749 2309 838 2340 Nihil
861 2310 926 2349 agit
947 2308 1131 2340 secundum
1153 2308 1246 2350 quod
1269 2314 1317 2339 est
1338 2309 1372 2339 in

295 2355 454 2397 potentia,
478 2354 536 2385 sed
558 2353 740 2384 secundum
756 2353 848 2394 quod
871 2359 919 2384 est
940 2354 975 2384 in
998 2359 1083 2384 actu.
1107 2352 1172 2384 Sed
1193 2353 1302 2384 anima
1324 2353 1373 2383 in—

297 2400 459 2431 tellectiva
474 2404 522 2430 est
537 2398 570 2428 in
587 2398 733 2438 potentia
749 2398 790 2429 ad
805 2399 917 2429 omnia
939 2397 1168 2438 intelligibilia:
1193 2397 1285 2438 quod
1300 2406 1372 2437 per-

297 2445 379 2475 tinet
394 2443 436 2475 ad
450 2442 652 2474 intellectum
667 2442 867 2482 possibilem.
881 2443 968 2482 Ergo
980 2451 1050 2473 non
1064 2447 1173 2482 potest
1189 2451 1258 2472 esse
1270 2443 1373 2472 activa

297 2493 448 2529 respectu
473 2486 735 2527 intelligibilium,
762 2492 919 2527 tanquam
948 2486 1069 2518 faciens
1098 2486 1311 2526 intelligibilia
1338 2487 1371 2517 in

297 2538 383 2564 actu.
407 2532 494 2572 Ergo
510 2531 545 2561 in
567 2532 638 2571 ipsa
658 2541 728 2562 non
744 2537 853 2572 potest
873 2541 941 2562 esse
964 2531 1146 2562 intellectus
1162 2540 1260 2571 agens
1275 2531 1372 2562 simul

298 2585 375 2608 cum
397 2576 565 2607 intellectu
586 2575 743 2616 possibili.

353 2621 391 2651 ΙΙ.
415 2619 605 2660 Respondet
627 2620 764 2651 Sanctus
780 2620 936 2657 Thomas,
958 2625 991 2650 et
1013 2619 1091 2650 dicit
1108 2620 1216 2660 primo
1228 2620 1256 2656 *,
1280 2619 1372 2659 quod

295 2675 366 2697 nou
388 2664 578 2696 inconvenit
599 2673 705 2696 unum
728 2669 953 2705 comparatum
977 2663 1017 2695 ad
1043 2663 1165 2704 aliquid
1189 2673 1258 2694 esse
1282 2669 1314 2694 et
1336 2664 1370 2694 in

297 2715 373 2741 actu
397 2715 429 2740 et
451 2710 486 2740 in
508 2710 655 2749 potentia
676 2715 826 2749 respectu
849 2708 1060 2744 diversorum,
1080 2709 1164 2739 sicut
1186 2708 1313 2739 videtur
1335 2709 1371 2738 in

296 2763 371 2785 aere
392 2759 543 2794 respectu
557 2758 676 2784 terrae:
694 2753 846 2785 est'enim
861 2759 936 2784 actu
952 2752 1116 2789 humidus,
1134 2762 1211 2783 cum
1225 2758 1308 2783 terra
1330 2753 1370 2783 sit

296 2799 443 2839 potentia
466 2797 614 2834 humida;
639 2803 671 2828 et
686 2803 735 2828 est
749 2798 896 2838 potentia
911 2798 1026 2833 siccus,
1043 2806 1120 2827 cum
1135 2802 1218 2827 terra
1240 2797 1280 2827 sit
1295 2802 1370 2829 actu

296 2843 392 2875 sicca.
408 2843 450 2874 Et
465 2843 511 2874 sic
526 2847 734 2882 comparatur
747 2842 856 2873 anima
870 2842 1066 2872 intellectiva
1081 2841 1122 2871 ad
1135 2841 1368 2881 phantasmata.

297 2887 369 2927 Ipsa
384 2888 473 2918 enim
489 2893 537 2918 est
552 2892 627 2918 actu
649 2886 879 2923 immaterialis,
896 2891 928 2917 et
942 2895 1001 2926 per
1015 2895 1220 2925 consequens
1235 2891 1369 2916 naturae

296 2931 515 2972 intelligibilis,
532 2941 608 2962 cum
632 2931 739 2962 omnis
762 2931 939 2961 substantia
955 2930 1175 2961 immaterialis
1194 2930 1236 2960 sit
1257 2930 1369 2960 huius-

296 2975 404 3007 modi:
429 2976 620 3016 phantasma
635 2981 745 3006 a'utem
760 2985 829 3006 non
846 2980 894 3005 est
909 2981 983 3005 actu
998 2974 1206 3014 intelligibilis
1223 2980 1367 3011 naturae,

297 3021 374 3061 quia
389 3026 438 3051 eet
452 3019 631 3051 similitudo
647 3020 694 3050 rei
708 3019 867 3050 sensibilis
882 3019 1063 3050 secundum
1079 3018 1283 3050 conditiones
1299 3028 1367 3049 ma—

296 3065 433 3101 teriales,
457 3070 489 3095 et
512 3070 560 3095 est
582 3065 679 3095 etiam
701 3065 736 3094 in
759 3073 883 3104 organo
906 3063 1076 3099 materiali;
1101 3063 1156 3094 sed
1180 3068 1228 3094 est
1250 3063 1367 3094 intelli-

296 3109 393 3150 gibile
415 3110 450 3140 in
480 3110 636 3149 potentia,
666 3109 863 3149 inquantum
891 3109 927 3138 in
954 3117 995 3139 eo
1018 3108 1172 3147 singulari
1198 3108 1291 3139 cuius
1319 3113 1367 3138 est

295 3153 486 3190 similitudo,
511 3159 558 3184 est
581 3153 728 3193 accipere
755 3158 905 3184 naturam
931 3152 1148 3183 universalem
1171 3151 1367 3182 denudatam

296 3199 336 3230 ab
349 3198 502 3229 omnibus
515 3197 757 3228 conditionibus
772 3196 1058 3228 individuantibus.
1074 3196 1132 3228 Est
1147 3197 1244 3227 etiam
1260 3197 1367 3227 anima

295 3243 331 3274 in
354 3243 500 3283 potentia
530 3241 571 3272 ad
601 3242 827 3273 determinatas
851 3241 1076 3272 similitudines
1100 3250 1209 3271 rerum
1231 3251 1250 3271 a
1271 3241 1367 3271 nobis

297 3287 584 3327 cognoscibilium:
618 3287 808 3326 phantasma
839 3295 916 3316 vero
948 3286 983 3316 in
1013 3291 1088 3316 actu
1122 3285 1367 3316 similitudinem

297 3329 486 3363 huiusmodi
502 3331 746 3362 determinatam
764 3331 870 3361 habet.
886 3330 928 3360 Et
942 3329 1017 3360 ideo
1033 3330 1066 3360 in
1083 3330 1190 3360 anima
1205 3335 1253 3359 est
1267 3330 1367 3360 virtus

298 3377 400 3406 acn'va
422 3377 457 3406 in
480 3376 711 3416 phantasmata,
728 3375 849 3405 faciens
871 3375 926 3405 illa
948 3380 1022 3405 actu
1045 3373 1265 3413 intelligibilia,
1283 3383 1366 3413 quae

297 3421 397 3451 virtus
421 3419 537 3451 dicitur
560 3420 741 3451 intellectus
764 3427 884 3461 agens:
907 3424 939 3449 et
962 3424 1010 3449 est
1031 3419 1132 3449 virtus
1155 3427 1239 3458 quae
1263 3423 1310 3448 est
1333 3419 1367 3448 in

296 3465 444 3505 potentia
458 3464 500 3495 ad
519 3463 744 3496 determinatas
767 3463 1002 3499 similitudines,
1026 3463 1147 3493 scilicet
1167 3462 1367 3502 recipiendas

297 3519 316 3540 a
337 3509 623 3550 phantasmatibus,
647 3519 732 3549 quae
755 3508 871 3539 dicitur
894 3508 1073 3538 intellectus
1090 3507 1265 3547 possibilis.

352 3554 479 3584 Dicitur
510 3553 655 3584 secundo
667 3555 694 3590 ³,
723 3553 814 3593 quod
842 3554 876 3583 in
902 3553 963 3583 hac
993 3552 1236 3591 comparatione
1263 3550 1366 3582 differt

297 3599 404 3629 anima
426 3607 446 3628 a
467 3598 563 3629 rebus
585 3599 795 3629 naturalibus.
811 3597 907 3635 Quia,
923 3606 999 3627 cum
1022 3597 1056 3626 in
1078 3595 1141 3626 illis
1156 3604 1259 3626 unum
1275 3595 1365 3626 inve—

296 3643 403 3673 niatur
417 3642 451 3673 in
466 3643 613 3683 potentia
628 3642 669 3675 ad
684 3642 772 3673 aliud
787 3641 967 3673 secundum
984 3640 1124 3671 eundem
1142 3639 1280 3670 modum
1297 3649 1364 3679 quo

440 3705 533 3729 Sum
552 3695 662 3729 CONTRA
682 3705 814 3729 Gaui-mas
833 3704 864 3728 D.
883 3703 998 3727 Taouaa
1018 3702 1086 3727 Tem.
1101 3702 1119 3727 1.

1427 2087 1462 2116 in
1485 2087 1586 2117 altero
1609 2087 1771 2117 invenitur
1793 2087 1827 2116 in
1851 2092 1934 2122 actu,
1959 2096 2097 2126 corpora
2120 2087 2284 2124 naturalia,
2302 2097 2385 2128 quae
2409 2099 2499 2120 com-

1427 2131 1596 2161 municant
1618 2131 1652 2161 in
1675 2131 1819 2166 materia,
1843 2131 1954 2161 eodem
1971 2131 2096 2167 ordine,
2118 2131 2199 2162 idest
2223 2133 2329 2168 simul,
2353 2139 2453 2173 agunt
2468 2140 2499 2164 et

1427 2176 1594 2215 patiuntur
1617 2175 1656 2206 ad
1679 2175 1830 2206 invicem.
1854 2176 1973 2205 Anima
2002 2185 2080 2206 vero
2110 2176 2305 2207 intellectiva
2332 2178 2408 2217 quia
2430 2188 2498 2209 non

1428 2225 1476 2249 est
1498 2220 1533 2249 in
1555 2220 1702 2259 potentia
1731 2219 1772 2250 ad
1802 2219 2028 2250 similitudines
2058 2230 2166 2250 rerum
2194 2221 2375 2252 secundum
2405 2222 2498 2253 illum

1427 2263 1565 2294 modum
1589 2274 1657 2304 quo
1681 2269 1756 2294 sunt
1779 2265 1813 2294 in
1836 2265 2124 2304 phantasmatibus,
2140 2264 2197 2295 sed
2212 2266 2394 2297 secundum
2409 2267 2499 2306 quod

1428 2308 1594 2339 elevantur
1617 2307 1657 2338 ad
1680 2307 1805 2348 aliquid
1827 2309 1932 2345 altius,
1963 2314 1999 2339 ut
2029 2309 2152 2339 scilicet
2181 2315 2256 2340 sunt
2283 2311 2457 2341 abstractae
2480 2321 2499 2341 a

1428 2352 1671 2383 conditionibus
1693 2353 1920 2389 materialibus,
1938 2363 1975 2383 ex
1992 2362 2060 2393 quo
2077 2353 2160 2384 fiunt
2176 2359 2251 2384 actu
2269 2355 2498 2395 intelligibiles:

1426 2396 1502 2427 ideo
1518 2398 1603 2428 actio
1615 2397 1799 2427 intellectus
1811 2398 1933 2437 agentis
1948 2398 1982 2427 in
1998 2398 2219 2437 phantasmata
2234 2399 2398 2438 praecedit
2411 2409 2499 2430 rece-

1426 2442 1575 2481 ptionem
1598 2441 1780 2472 intellectus
1804 2441 1975 2481 possibilis,
1999 2451 2036 2472 ac
2060 2443 2114 2472 si*
2130 2443 2348 2482 principalitas
2364 2445 2499 2475 actionis

1427 2486 1616 2516 attribuatur
1638 2486 1818 2516 intellectui
1841 2487 1957 2525 agenti,
1981 2496 2050 2517 non
2081 2492 2189 2517 autem
2212 2488 2497 2527 phantasmatibus.

1482 2530 1608 2561 Dicitur
1637 2531 1732 2561 tertio
1749 2531 1776 2566 ὅ,
1804 2530 1895 2570 quod
1924 2531 2003 2560 haec
2033 2532 2203 2570 responsio
2230 2541 2289 2571 per
2312 2533 2498 2573 exemplum

1426 2575 1564 2605 omnino
1593 2575 1696 2605 simile
1723 2574 1919 2605 manifestari
1948 2581 2060 2614 posset
2086 2575 2112 2605 si
2143 2576 2268 2612 oculus,
2302 2577 2399 2607 simul
2421 2587 2497 2608 cum

1425 2619 1490 2649 hoc
1512 2618 1604 2658 quod
1619 2624 1667 2649 est
1689 2619 1870 2658 receptivus
1890 2618 2050 2655 colorum,
2066 2619 2198 2650 haberet
2217 2625 2344 2650 tantum
2361 2621 2400 2651 de
2423 2621 2498 2652 luce

1425 2662 1516 2702 quod
1531 2668 1641 2703 posset
1655 2662 1762 2693 facere
1781 2663 1906 2694 colores
1925 2663 2065 2693 visibiles
2086 2669 2170 2694 actu.
2189 2663 2278 2694 Sicut
2294 2666 2381 2695 enim
2398 2675 2496 2705 quae—

1425 2706 1500 2737 dam
1523 2707 1683 2743 animalia,
1700 2708 1776 2747 quia
1799 2713 1875 2737 sunt
1890 2706 2046 2738 debilium
2063 2708 2245 2745 oculorum,
2262 2719 2280 2739 a
2299 2718 2396 2749 parva
2411 2710 2494 2747 luce,

1425 2761 1489 2791 qua
1505 2751 1665 2782 obstantia
1681 2752 1741 2781 sibi
1756 2751 1937 2782 illuminare
1957 2751 2130 2788 sufficiunt,
2146 2759 2330 2790 moventur,
2346 2764 2364 2783 a
2378 2764 2496 2794 magna

1423 2802 1533 2826 autem
1557 2795 1818 2832 confunduntur:
1837 2796 1882 2826 ita
1903 2796 2086 2827 intellectus
2108 2802 2218 2827 noster
2241 2797 2281 2828 ad
2303 2798 2495 2829 manifestis-

1422 2841 1504 2870 sima
1526 2849 1560 2870 se
1583 2840 1681 2871 habet
1703 2845 1740 2871 ut
1763 2841 1880 2871 oculus
1902 2846 2045 2871 noctuae
2068 2840 2109 2871 ad
2126 2842 2240 2877 solem,
2257 2851 2393 2882 parvum
2415 2852 2494 2873 vero

1421 2884 1535 2915 lumen
1556 2884 1775 2915 intellectuale
1801 2885 1984 2915 intellectus
2008 2886 2140 2925 agentis,
2163 2886 2258 2916 nobis
2274 2888 2493 2924 connaturale,

1421 2928 1539 2959 sufficit
1562 2928 1603 2959 ad
1625 2934 1775 2960 nostrum
1797 2929 1985 2969 intenigere.
2010 2929 2111 2968 Quod
2133 2935 2221 2969 patet
2244 2940 2282 2961 ex
2304 2932 2494 2962 necessitate

1421 2973 1568 3013 ponendi
1589 2973 1793 3014 intellectum
1815 2979 1976 3013 agentem.
2000 2974 2136 3004 Ponitur
2160 2975 2247 3005 enim
2270 2980 2306 3005 ut
2329 2975 2423 3006 faciat
2445 2977 2494 3006 in-

1421 3017 1600 3057 telligibilia
1622 3018 1718 3048 nobis
1748 3019 2006 3058 proportionata.
2036 3019 2111 3049 Hoc
2141 3025 2250 3049 autem
2279 3019 2417 3050 modum
2443 3021 2493 3051 lu—

1420 3063 1517 3093 minis
1539 3063 1634 3092 nobis
1658 3063 1875 3093 connaturalis
1898 3072 1966 3093 non
1990 3063 2126 3094 excedit.

1475 3106 1538 3137 Ista
1561 3112 1671 3138 autem
1686 3108 1859 3138 necessitas
1875 3107 2021 3146 ponendi
2041 3107 2242 3138 intellectum
2265 3113 2425 3147 agentem,
2446 3114 2494 3139 est

1420 3150 1602 3182 secundum
1625 3152 1824 3191 positionem
1843 3151 2035 3187 Aristotelis,
2053 3152 2110 3191 qui
2124 3152 2236 3191 posuit
2259 3161 2295 3182 ea
2319 3161 2402 3191 quae
2418 3159 2493 3183 sunt

1420 3195 1657 3235 propinquiora
1679 3197 1799 3232 sensui,
1823 3196 1946 3226 scilicet
1968 3196 2154 3232 materialia,
2179 3206 2248 3227 esse
2274 3197 2369 3227 nobis
2390 3198 2493 3236 magis

1419 3240 1643 3279 intelligibilia,
1667 3241 1701 3270 in
1724 3251 1759 3271 se
1783 3246 1893 3271 autem
1907 3241 2016 3271 minus
2032 3241 2254 3280 intelligibilia,
2278 3246 2393 3280 utpote
2410 3250 2493 3281 quae

1420 3293 1478 3324 per
1500 3293 1534 3314 se
1557 3284 1771 3324 intelligibilia
1792 3294 1861 3314 non
1884 3291 1959 3315 sunt
1982 3284 2038 3314 sed
2062 3294 2100 3315 ex
2123 3286 2326 3315 sensibilibus
2352 3285 2445 3316 fiunt.
2469 3304 2492 3308 -

1420 3327 1610 3359 Secundum
1633 3335 1743 3360 autem
1765 3329 1908 3360 Platonis
1936 3329 2145 3369 positionem,
2173 3339 2242 3360 non
2271 3335 2320 3359 est
2345 3330 2405 3359 ista
2434 3339 2492 3360 ne—

1421 3375 1550 3404 cessitas
1572 3374 1719 3414 ponendi
1742 3375 1942 3405 intellectum
1966 3379 2129 3413 agentem:
2155 3383 2231 3404 cum
2254 3375 2324 3414 ipse
2346 3375 2492 3414 posuerit

1419 3418 1631 3458 intelligibilia
1647 3429 1665 3448 a
1687 3419 1782 3449 nobis
1799 3428 1867 3449 esse
1884 3428 1942 3458 per
1964 3427 1998 3448 se
2013 3418 2235 3457 intelligibilia,
2253 3419 2375 3449 scilicet
2391 3419 2490 3449 ideas.

1421 3463 1515 3500 Quae
1538 3469 1647 3494 tamen
1670 3463 1791 3503 positio
1820 3463 1897 3493 falsa
1928 3469 1989 3493 est:
2014 3463 2090 3502 quia
2112 3468 2201 3499 tunc,
2230 3469 2353 3503 quanto
2383 3463 2492 3503 aliqua

1420 3513 1495 3538 sunt
1518 3507 1700 3538 secundum
1723 3517 1756 3538 se
1779 3508 1881 3547 magis
1907 3507 2130 3547 intelligibilia,
2153 3513 2244 3537 tanto
2272 3508 2374 3548 magis
2396 3508 2491 3538 intel-

1420 3551 1596 3592 ligerentur
1619 3562 1636 3582 a
1659 3553 1764 3582 nobis.
2318 3555 2320 3557 ’

1475 3596 1566 3627 Patet
1582 3606 1658 3636 ergo
1675 3596 1716 3626 ad
1727 3601 1954 3636 argumentum
1970 3596 2004 3626 in
2020 3596 2182 3635 principio
2199 3595 2386 3633 adductum,
2399 3596 2491 3637 quod

1419 3642 1655 3682 consequentia
1685 3640 1763 3671 falsa
1793 3646 1851 3671 est.
1879 3640 1966 3678 Quia
1995 3640 2070 3671 licet
2100 3641 2180 3671 nihil
2211 3647 2284 3681 agat
2310 3641 2490 3672 secundum

2312 3702 2344 3727 62

2528 1735 2536 1744 ·
2552 1734 2584 1755 111
2600 1734 2629 1755 de
2646 1734 2740 1761 Anima,

2529 1761 2574 1782 loc.
2585 1760 2624 1782 cit.

2527 2455 2536 2464 ·
2544 2453 2581 2475 Cf.
2592 2456 2646 2475 text.
2658 2457 2679 2474 et
2691 2459 2738 2474 var.

2526 2543 2534 2552 '‘
2550 2541 2586 2563 cf.
2601 2547 2714 2563 numan.
