<?xml version="1.0" encoding="UTF-8"?>
<!DOCTYPE html PUBLIC "-//W3C//DTD XHTML 1.0 Transitional//EN"
    "http://www.w3.org/TR/xhtml1/DTD/xhtml1-transitional.dtd">
<html xmlns="http://www.w3.org/1999/xhtml" xml:lang="en" lang="en">
 <head>
  <title>
</title>
<meta http-equiv="Content-Type" content="text/html;charset=utf-8" />
  <meta name='ocr-system' content='tesseract 3.04.00' />
  <meta name='ocr-capabilities' content='ocr_page ocr_carea ocr_par ocr_line ocrx_word'/>
</head>
<body>
  <div class='ocr_page' id='page_1' title='image "./operaomniaiussui13thom_0593.png"; bbox 0 0 2768 4134; ppageno 0'>
   <div class='ocr_carea' id='block_1_1' title="bbox 0 1579 62 1995">
    <p class='ocr_par' dir='ltr' id='par_1_1' title="bbox 0 1579 62 1995">
     <span class='ocr_line' id='line_1_1' title="bbox 0 1579 62 1995; baseline 0 2139"><span class='ocrx_word' id='word_1_1' title='bbox 0 1579 62 1995; x_wconf 95' lang='lat' dir='ltr'><strong> </strong></span> 
     </span>
    </p>
   </div>
   <div class='ocr_carea' id='block_1_2' title="bbox 721 286 2003 336">
    <p class='ocr_par' dir='ltr' id='par_1_2' title="bbox 721 286 2003 336">
     <span class='ocr_line' id='line_1_2' title="bbox 721 286 2003 336; baseline 0.005 -14"><span class='ocrx_word' id='word_1_2' title='bbox 721 286 909 323; x_wconf 91' lang='lat' dir='ltr'><strong>SUMMA</strong></span> <span class='ocrx_word' id='word_1_3' title='bbox 939 286 1162 325; x_wconf 90' lang='lat' dir='ltr'>CONTRA</span> <span class='ocrx_word' id='word_1_4' title='bbox 1190 288 1467 336; x_wconf 85' lang='lat' dir='ltr'><strong>GENTILES,</strong></span> <span class='ocrx_word' id='word_1_5' title='bbox 1496 290 1591 326; x_wconf 90' lang='lat' dir='ltr'><strong>LIB.</strong></span> <span class='ocrx_word' id='word_1_6' title='bbox 1612 291 1653 336; x_wconf 91' lang='grc' dir='ltr'><strong>ΙΙ,</strong></span> <span class='ocrx_word' id='word_1_7' title='bbox 1684 290 1794 327; x_wconf 90' lang='lat' dir='ltr'><strong>CAP.</strong></span> <span class='ocrx_word' id='word_1_8' title='bbox 1816 291 2003 328; x_wconf 92' lang='lat' dir='ltr'><strong>LXXXII.</strong></span> 
     </span>
    </p>
   </div>
   <div class='ocr_carea' id='block_1_3' title="bbox 252 361 1332 1386">
    <p class='ocr_par' dir='ltr' id='par_1_3' title="bbox 256 361 1330 491">
     <span class='ocr_line' id='line_1_3' title="bbox 257 361 1329 406; baseline 0.004 -13"><span class='ocrx_word' id='word_1_9' title='bbox 257 372 285 393; x_wconf 88' lang='lat' dir='ltr'><strong>a.</strong></span> <span class='ocrx_word' id='word_1_10' title='bbox 305 362 333 398; x_wconf 87' lang='lat'><strong>3,</strong></span> <span class='ocrx_word' id='word_1_11' title='bbox 351 361 391 392; x_wconf 91' lang='lat' dir='ltr'><strong>ad</strong></span> <span class='ocrx_word' id='word_1_12' title='bbox 409 362 438 392; x_wconf 87' lang='lat'><strong>3.</strong></span> <span class='ocrx_word' id='word_1_13' title='bbox 456 380 478 384; x_wconf 77' lang='lat'>—</span> <span class='ocrx_word' id='word_1_14' title='bbox 494 361 558 393; x_wconf 89' lang='lat' dir='ltr'><strong>Sed</strong></span> <span class='ocrx_word' id='word_1_15' title='bbox 582 362 719 393; x_wconf 91' lang='lat' dir='ltr'><strong>dubium</strong></span> <span class='ocrx_word' id='word_1_16' title='bbox 744 370 791 394; x_wconf 90' lang='lat' dir='ltr'><strong>est</strong></span> <span class='ocrx_word' id='word_1_17' title='bbox 815 364 986 404; x_wconf 91' lang='lat' dir='ltr'><strong>quomodo</strong></span> <span class='ocrx_word' id='word_1_18' title='bbox 1007 366 1168 406; x_wconf 89' lang='lat' dir='ltr'><strong>appetitus</strong></span> <span class='ocrx_word' id='word_1_19' title='bbox 1184 372 1329 397; x_wconf 77' lang='lat' dir='ltr'><strong>moveat:</strong></span> 
     </span>
     <span class='ocr_line' id='line_1_4' title="bbox 256 406 1330 452; baseline 0.005 -16"><span class='ocrx_word' id='word_1_20' title='bbox 256 416 298 437; x_wconf 90' lang='lat' dir='ltr'><strong>an</strong></span> <span class='ocrx_word' id='word_1_21' title='bbox 314 406 436 436; x_wconf 88' lang='lat' dir='ltr'><strong>scilicet</strong></span> <span class='ocrx_word' id='word_1_22' title='bbox 452 407 523 437; x_wconf 90' lang='lat' dir='ltr'><strong>solo</strong></span> <span class='ocrx_word' id='word_1_23' title='bbox 541 413 615 438; x_wconf 89' lang='lat' dir='ltr'><strong>actu</strong></span> <span class='ocrx_word' id='word_1_24' title='bbox 632 408 689 448; x_wconf 90' lang='lat' dir='ltr'><strong>qui</strong></span> <span class='ocrx_word' id='word_1_25' title='bbox 710 413 756 438; x_wconf 91' lang='lat' dir='ltr'><strong>est</strong></span> <span class='ocrx_word' id='word_1_26' title='bbox 780 414 932 448; x_wconf 90' lang='lat' dir='ltr'><strong>appetere</strong></span> <span class='ocrx_word' id='word_1_27' title='bbox 949 415 980 439; x_wconf 90' lang='lat' dir='ltr'><strong>et</strong></span> <span class='ocrx_word' id='word_1_28' title='bbox 1003 410 1160 451; x_wconf 88' lang='lat' dir='ltr'><strong>imperare</strong></span> <span class='ocrx_word' id='word_1_29' title='bbox 1185 417 1330 452; x_wconf 82' lang='lat' dir='ltr'><strong>motum3</strong></span> 
     </span>
     <span class='ocr_line' id='line_1_5' title="bbox 257 451 932 491; baseline 0.004 -10"><span class='ocrx_word' id='word_1_30' title='bbox 257 461 297 482; x_wconf 88' lang='lat' dir='ltr'><strong>an</strong></span> <span class='ocrx_word' id='word_1_31' title='bbox 322 451 433 491; x_wconf 90' lang='lat' dir='ltr'><strong>aliquo</strong></span> <span class='ocrx_word' id='word_1_32' title='bbox 458 451 522 482; x_wconf 88' lang='lat' dir='ltr'><strong>alio</strong></span> <span class='ocrx_word' id='word_1_33' title='bbox 546 457 621 482; x_wconf 92' lang='lat' dir='ltr'><strong>actu</strong></span> <span class='ocrx_word' id='word_1_34' title='bbox 645 452 788 483; x_wconf 89' lang='lat' dir='ltr'><strong>elicitivo</strong></span> <span class='ocrx_word' id='word_1_35' title='bbox 812 458 932 484; x_wconf 89' lang='lat' dir='ltr'><strong>motus.</strong></span> 
     </span>
    </p>

    <p class='ocr_par' dir='ltr' id='par_1_4' title="bbox 256 495 1331 660">
     <span class='ocr_line' id='line_1_6' title="bbox 314 495 1331 540; baseline 0.005 -15"><span class='ocrx_word' id='word_1_36' title='bbox 314 505 344 526; x_wconf 88' lang='lat'><strong>2.</strong></span> <span class='ocrx_word' id='word_1_37' title='bbox 369 495 574 534; x_wconf 86' lang='lat' dir='ltr'>Quibusdam</span> <span class='ocrx_word' id='word_1_38' title='bbox 591 497 679 527; x_wconf 89' lang='lat' dir='ltr'><strong>enim</strong></span> <span class='ocrx_word' id='word_1_39' title='bbox 703 497 810 537; x_wconf 88' lang='lat' dir='ltr'><strong>placet</strong></span> <span class='ocrx_word' id='word_1_40' title='bbox 826 499 1007 538; x_wconf 90' lang='lat' dir='ltr'><strong>appetitum</strong></span> <span class='ocrx_word' id='word_1_41' title='bbox 1023 499 1141 530; x_wconf 90' lang='lat' dir='ltr'><strong>habere</strong></span> <span class='ocrx_word' id='word_1_42' title='bbox 1166 498 1331 540; x_wconf 88' lang='lat' dir='ltr'>duplicem</span> 
     </span>
     <span class='ocr_line' id='line_1_7' title="bbox 256 541 1331 584; baseline 0.005 -14"><span class='ocrx_word' id='word_1_43' title='bbox 256 545 383 571; x_wconf 88' lang='lat' dir='ltr'><strong>actum:</strong></span> <span class='ocrx_word' id='word_1_44' title='bbox 397 550 501 571; x_wconf 91' lang='lat' dir='ltr'><strong>unum</strong></span> <span class='ocrx_word' id='word_1_45' title='bbox 513 541 757 578; x_wconf 90' lang='lat' dir='ltr'><strong>immanentem,</strong></span> <span class='ocrx_word' id='word_1_46' title='bbox 771 542 829 582; x_wconf 93' lang='lat' dir='ltr'><strong>qui</strong></span> <span class='ocrx_word' id='word_1_47' title='bbox 841 547 889 572; x_wconf 91' lang='lat' dir='ltr'><strong>est</strong></span> <span class='ocrx_word' id='word_1_48' title='bbox 901 549 1067 584; x_wconf 88' lang='lat' dir='ltr'><strong>appetere;</strong></span> <span class='ocrx_word' id='word_1_49' title='bbox 1082 543 1218 574; x_wconf 86' lang='lat' dir='ltr'><strong>alterum</strong></span> <span class='ocrx_word' id='word_1_50' title='bbox 1231 550 1331 574; x_wconf 88' lang='lat' dir='ltr'><strong>trans-</strong></span> 
     </span>
     <span class='ocr_line' id='line_1_8' title="bbox 257 585 1330 627; baseline 0.005 -13"><span class='ocrx_word' id='word_1_51' title='bbox 257 590 400 621; x_wconf 87' lang='lat' dir='ltr'><strong>euntem,</strong></span> <span class='ocrx_word' id='word_1_52' title='bbox 425 585 481 625; x_wconf 93' lang='lat' dir='ltr'><strong>qui</strong></span> <span class='ocrx_word' id='word_1_53' title='bbox 506 591 553 615; x_wconf 90' lang='lat' dir='ltr'><strong>est</strong></span> <span class='ocrx_word' id='word_1_54' title='bbox 576 594 724 622; x_wconf 83' lang='lat' dir='ltr'><strong>movere3</strong></span> <span class='ocrx_word' id='word_1_55' title='bbox 751 592 783 616; x_wconf 90' lang='lat' dir='ltr'><strong>et</strong></span> <span class='ocrx_word' id='word_1_56' title='bbox 806 586 897 627; x_wconf 93' lang='lat' dir='ltr'><strong>quod</strong></span> <span class='ocrx_word' id='word_1_57' title='bbox 920 588 1044 627; x_wconf 89' lang='lat' dir='ltr'><strong>primus</strong></span> <span class='ocrx_word' id='word_1_58' title='bbox 1068 593 1158 619; x_wconf 89' lang='lat' dir='ltr'><strong>actus</strong></span> <span class='ocrx_word' id='word_1_59' title='bbox 1179 594 1227 618; x_wconf 91' lang='lat' dir='ltr'><strong>est</strong></span> <span class='ocrx_word' id='word_1_60' title='bbox 1250 589 1330 619; x_wconf 89' lang='lat' dir='ltr'><strong>ratio</strong></span> 
     </span>
     <span class='ocr_line' id='line_1_9' title="bbox 256 629 402 660; baseline -0.007 0"><span class='ocrx_word' id='word_1_61' title='bbox 256 629 402 660; x_wconf 90' lang='lat' dir='ltr'><strong>secundi.</strong></span> 
     </span>
    </p>

    <p class='ocr_par' dir='ltr' id='par_1_5' title="bbox 253 674 1332 896">
     <span class='ocr_line' id='line_1_10' title="bbox 311 674 1332 716; baseline 0.005 -13"><span class='ocrx_word' id='word_1_62' title='bbox 311 674 454 704; x_wconf 89' lang='lat' dir='ltr'><strong>Probant</strong></span> <span class='ocrx_word' id='word_1_63' title='bbox 476 679 587 704; x_wconf 90' lang='lat' dir='ltr'><strong>autem</strong></span> <span class='ocrx_word' id='word_1_64' title='bbox 610 674 673 705; x_wconf 91' lang='lat' dir='ltr'><strong>hoc</strong></span> <span class='ocrx_word' id='word_1_65' title='bbox 698 675 803 716; x_wconf 90' lang='lat' dir='ltr'><strong>primo</strong></span> <span class='ocrx_word' id='word_1_66' title='bbox 821 677 908 716; x_wconf 88' lang='lat' dir='ltr'><strong>quia,</strong></span> <span class='ocrx_word' id='word_1_67' title='bbox 932 677 959 707; x_wconf 89' lang='lat' dir='ltr'><strong>si</strong></span> <span class='ocrx_word' id='word_1_68' title='bbox 981 682 1092 707; x_wconf 84' lang='lat' dir='ltr'><strong>motus</strong></span> <span class='ocrx_word' id='word_1_69' title='bbox 1113 677 1224 708; x_wconf 84' lang='lat' dir='ltr'><strong>localis</strong></span> <span class='ocrx_word' id='word_1_70' title='bbox 1248 683 1332 708; x_wconf 89' lang='lat' dir='ltr'><strong>esset</strong></span> 
     </span>
     <span class='ocr_line' id='line_1_11' title="bbox 255 717 1332 762; baseline 0.003 -13"><span class='ocrx_word' id='word_1_71' title='bbox 255 723 383 749; x_wconf 88' lang='lat' dir='ltr'><strong>tantum</strong></span> <span class='ocrx_word' id='word_1_72' title='bbox 401 717 591 758; x_wconf 86' lang='lat' dir='ltr'>imperative</span> <span class='ocrx_word' id='word_1_73' title='bbox 608 720 647 749; x_wconf 90' lang='lat' dir='ltr'><strong>ab</strong></span> <span class='ocrx_word' id='word_1_74' title='bbox 672 720 828 760; x_wconf 90' lang='lat' dir='ltr'><strong>appetitu,</strong></span> <span class='ocrx_word' id='word_1_75' title='bbox 845 730 913 751; x_wconf 91' lang='lat' dir='ltr'><strong>non</strong></span> <span class='ocrx_word' id='word_1_76' title='bbox 938 726 1103 761; x_wconf 87' lang='lat' dir='ltr'>oporteret</span> <span class='ocrx_word' id='word_1_77' title='bbox 1121 726 1243 752; x_wconf 88' lang='lat' dir='ltr'><strong>tantam</strong></span> <span class='ocrx_word' id='word_1_78' title='bbox 1258 731 1332 762; x_wconf 90' lang='lat' dir='ltr'><strong>per-</strong></span> 
     </span>
     <span class='ocr_line' id='line_1_12' title="bbox 255 761 1332 806; baseline 0.004 -13"><span class='ocrx_word' id='word_1_79' title='bbox 255 763 488 794; x_wconf 87' lang='lat' dir='ltr'>scrutationem</span> <span class='ocrx_word' id='word_1_80' title='bbox 510 761 581 793; x_wconf 86' lang='lat' dir='ltr'><strong>fieri</strong></span> <span class='ocrx_word' id='word_1_81' title='bbox 604 763 644 794; x_wconf 91' lang='lat' dir='ltr'><strong>de</strong></span> <span class='ocrx_word' id='word_1_82' title='bbox 669 764 815 804; x_wconf 91' lang='lat' dir='ltr'><strong>appetitu</strong></span> <span class='ocrx_word' id='word_1_83' title='bbox 838 771 993 806; x_wconf 88' lang='lat' dir='ltr'><strong>tanquam</strong></span> <span class='ocrx_word' id='word_1_84' title='bbox 1013 765 1052 796; x_wconf 92' lang='lat' dir='ltr'><strong>de</strong></span> <span class='ocrx_word' id='word_1_85' title='bbox 1076 766 1237 806; x_wconf 89' lang='lat' dir='ltr'><strong>principio</strong></span> <span class='ocrx_word' id='word_1_86' title='bbox 1258 775 1332 797; x_wconf 93' lang='lat' dir='ltr'><strong>mo-</strong></span> 
     </span>
     <span class='ocr_line' id='line_1_13' title="bbox 254 806 1331 851; baseline 0.003 -13"><span class='ocrx_word' id='word_1_87' title='bbox 254 808 322 838; x_wconf 89' lang='lat' dir='ltr'><strong>tivo</strong></span> <span class='ocrx_word' id='word_1_88' title='bbox 347 806 511 837; x_wconf 86' lang='lat' dir='ltr'><strong>animalis:</strong></span> <span class='ocrx_word' id='word_1_89' title='bbox 540 817 617 838; x_wconf 90' lang='lat' dir='ltr'><strong>cum</strong></span> <span class='ocrx_word' id='word_1_90' title='bbox 639 818 708 839; x_wconf 94' lang='lat' dir='ltr'><strong>non</strong></span> <span class='ocrx_word' id='word_1_91' title='bbox 732 809 839 840; x_wconf 93' lang='lat' dir='ltr'><strong>solum</strong></span> <span class='ocrx_word' id='word_1_92' title='bbox 863 816 983 847; x_wconf 88' lang='lat' dir='ltr'><strong>motus,</strong></span> <span class='ocrx_word' id='word_1_93' title='bbox 1011 809 1068 841; x_wconf 91' lang='lat' dir='ltr'><strong>sed</strong></span> <span class='ocrx_word' id='word_1_94' title='bbox 1096 811 1193 841; x_wconf 87' lang='lat' dir='ltr'><strong>etiam</strong></span> <span class='ocrx_word' id='word_1_95' title='bbox 1217 820 1331 851; x_wconf 88' lang='lat' dir='ltr'><strong>opera-</strong></span> 
     </span>
     <span class='ocr_line' id='line_1_14' title="bbox 253 852 1285 896; baseline 0.004 -14"><span class='ocrx_word' id='word_1_96' title='bbox 253 852 360 883; x_wconf 85' lang='lat' dir='ltr'><strong>tiones</strong></span> <span class='ocrx_word' id='word_1_97' title='bbox 384 861 497 882; x_wconf 89' lang='lat' dir='ltr'><strong>sensus</strong></span> <span class='ocrx_word' id='word_1_98' title='bbox 521 858 553 882; x_wconf 94' lang='lat' dir='ltr'><strong>et</strong></span> <span class='ocrx_word' id='word_1_99' title='bbox 575 853 758 885; x_wconf 89' lang='lat' dir='ltr'><strong>intellectus</strong></span> <span class='ocrx_word' id='word_1_100' title='bbox 781 854 845 884; x_wconf 90' lang='lat' dir='ltr'><strong>sint</strong></span> <span class='ocrx_word' id='word_1_101' title='bbox 868 855 907 885; x_wconf 92' lang='lat' dir='ltr'><strong>ab</strong></span> <span class='ocrx_word' id='word_1_102' title='bbox 931 855 1077 895; x_wconf 85' lang='lat' dir='ltr'><strong>appetitu</strong></span> <span class='ocrx_word' id='word_1_103' title='bbox 1100 856 1285 896; x_wconf 87' lang='lat' dir='ltr'><strong>imperatae.</strong></span> 
     </span>
    </p>

    <p class='ocr_par' dir='ltr' id='par_1_6' title="bbox 253 896 1331 1027">
     <span class='ocr_line' id='line_1_15' title="bbox 310 896 1331 941; baseline 0.004 -14"><span class='ocrx_word' id='word_1_104' title='bbox 310 896 474 933; x_wconf 91' lang='lat' dir='ltr'><strong>Secundo,</strong></span> <span class='ocrx_word' id='word_1_105' title='bbox 499 897 576 937; x_wconf 86' lang='lat' dir='ltr'><strong>quia</strong></span> <span class='ocrx_word' id='word_1_106' title='bbox 599 903 690 928; x_wconf 88' lang='lat' dir='ltr'><strong>actus</strong></span> <span class='ocrx_word' id='word_1_107' title='bbox 713 899 862 939; x_wconf 86' lang='lat' dir='ltr'><strong>imperati</strong></span> <span class='ocrx_word' id='word_1_108' title='bbox 883 905 1011 931; x_wconf 86' lang='lat' dir='ltr'><strong>tantum</strong></span> <span class='ocrx_word' id='word_1_109' title='bbox 1034 900 1074 930; x_wconf 90' lang='lat' dir='ltr'><strong>ab</strong></span> <span class='ocrx_word' id='word_1_110' title='bbox 1097 900 1254 941; x_wconf 88' lang='lat' dir='ltr'><strong>appetitu,</strong></span> <span class='ocrx_word' id='word_1_111' title='bbox 1275 900 1331 930; x_wconf 92' lang='lat' dir='ltr'><strong>ali-</strong></span> 
     </span>
     <span class='ocr_line' id='line_1_16' title="bbox 254 941 1330 984; baseline 0.004 -13"><span class='ocrx_word' id='word_1_112' title='bbox 254 941 387 983; x_wconf 86' lang='lat' dir='ltr'><strong>quando</strong></span> <span class='ocrx_word' id='word_1_113' title='bbox 411 942 625 982; x_wconf 89' lang='lat' dir='ltr'><strong>praeveniunt</strong></span> <span class='ocrx_word' id='word_1_114' title='bbox 646 945 844 984; x_wconf 87' lang='lat' dir='ltr'><strong>appetitum:</strong></span> <span class='ocrx_word' id='word_1_115' title='bbox 869 950 979 976; x_wconf 91' lang='lat' dir='ltr'><strong>motus</strong></span> <span class='ocrx_word' id='word_1_116' title='bbox 1003 950 1112 976; x_wconf 89' lang='lat' dir='ltr'><strong>autem</strong></span> <span class='ocrx_word' id='word_1_117' title='bbox 1135 945 1247 976; x_wconf 91' lang='lat' dir='ltr'><strong>localis</strong></span> <span class='ocrx_word' id='word_1_118' title='bbox 1262 954 1330 975; x_wconf 88' lang='lat' dir='ltr'><strong>non</strong></span> 
     </span>
     <span class='ocr_line' id='line_1_17' title="bbox 253 986 636 1027; baseline 0.003 -10"><span class='ocrx_word' id='word_1_119' title='bbox 253 986 420 1027; x_wconf 89' lang='lat' dir='ltr'><strong>praevenit</strong></span> <span class='ocrx_word' id='word_1_120' title='bbox 444 987 636 1027; x_wconf 89' lang='lat' dir='ltr'><strong>appetitum.</strong></span> 
     </span>
    </p>

    <p class='ocr_par' dir='ltr' id='par_1_7' title="bbox 252 1031 1331 1386">
     <span class='ocr_line' id='line_1_18' title="bbox 309 1031 1329 1074; baseline 0.003 -13"><span class='ocrx_word' id='word_1_121' title='bbox 309 1031 433 1067; x_wconf 79' lang='lat' dir='ltr'><strong>Tertio,</strong></span> <span class='ocrx_word' id='word_1_122' title='bbox 450 1031 527 1072; x_wconf 89' lang='lat' dir='ltr'><strong>quia</strong></span> <span class='ocrx_word' id='word_1_123' title='bbox 542 1038 657 1063; x_wconf 90' lang='lat' dir='ltr'><strong>natura</strong></span> <span class='ocrx_word' id='word_1_124' title='bbox 668 1042 796 1074; x_wconf 87' lang='lat' dir='ltr'><strong>semper</strong></span> <span class='ocrx_word' id='word_1_125' title='bbox 811 1031 888 1063; x_wconf 86' lang='lat' dir='ltr'><strong>facit</strong></span> <span class='ocrx_word' id='word_1_126' title='bbox 904 1032 944 1064; x_wconf 92' lang='lat' dir='ltr'><strong>de</strong></span> <span class='ocrx_word' id='word_1_127' title='bbox 960 1033 1168 1074; x_wconf 89' lang='lat' dir='ltr'><strong>possibilibus</strong></span> <span class='ocrx_word' id='word_1_128' title='bbox 1183 1033 1329 1064; x_wconf 87' lang='lat' dir='ltr'><strong>meliora.</strong></span> 
     </span>
     <span class='ocr_line' id='line_1_19' title="bbox 254 1076 1331 1109; baseline 0.003 -3"><span class='ocrx_word' id='word_1_129' title='bbox 254 1076 371 1107; x_wconf 89' lang='lat' dir='ltr'><strong>Melius</strong></span> <span class='ocrx_word' id='word_1_130' title='bbox 395 1081 506 1107; x_wconf 88' lang='lat' dir='ltr'><strong>autem</strong></span> <span class='ocrx_word' id='word_1_131' title='bbox 522 1077 652 1107; x_wconf 86' lang='lat' dir='ltr'><strong>animali</strong></span> <span class='ocrx_word' id='word_1_132' title='bbox 669 1078 823 1109; x_wconf 87' lang='lat' dir='ltr'><strong>convenit</strong></span> <span class='ocrx_word' id='word_1_133' title='bbox 846 1083 956 1108; x_wconf 87' lang='lat' dir='ltr'><strong>motus</strong></span> <span class='ocrx_word' id='word_1_134' title='bbox 972 1078 1085 1109; x_wconf 90' lang='lat' dir='ltr'><strong>localis</strong></span> <span class='ocrx_word' id='word_1_135' title='bbox 1108 1079 1134 1108; x_wconf 93' lang='lat' dir='ltr'><strong>si</strong></span> <span class='ocrx_word' id='word_1_136' title='bbox 1158 1079 1331 1109; x_wconf 86' lang='lat' dir='ltr'><strong>conveniat</strong></span> 
     </span>
     <span class='ocr_line' id='line_1_20' title="bbox 252 1120 1331 1164; baseline 0.001 -12"><span class='ocrx_word' id='word_1_137' title='bbox 252 1120 443 1157; x_wconf 88' lang='lat' dir='ltr'><strong>animaliter,</strong></span> <span class='ocrx_word' id='word_1_138' title='bbox 460 1130 560 1161; x_wconf 88' lang='lat' dir='ltr'><strong>quam</strong></span> <span class='ocrx_word' id='word_1_139' title='bbox 575 1122 602 1151; x_wconf 85' lang='lat' dir='ltr'><strong>si</strong></span> <span class='ocrx_word' id='word_1_140' title='bbox 618 1123 791 1153; x_wconf 89' lang='lat' dir='ltr'><strong>conveniat</strong></span> <span class='ocrx_word' id='word_1_141' title='bbox 814 1122 951 1154; x_wconf 85' lang='lat' dir='ltr'><strong>vitaliter</strong></span> <span class='ocrx_word' id='word_1_142' title='bbox 973 1128 1111 1154; x_wconf 90' lang='lat' dir='ltr'><strong>tantum.</strong></span> <span class='ocrx_word' id='word_1_143' title='bbox 1130 1123 1207 1154; x_wconf 88' lang='lat' dir='ltr'><strong>Non</strong></span> <span class='ocrx_word' id='word_1_144' title='bbox 1222 1129 1331 1164; x_wconf 90' lang='lat' dir='ltr'><strong>potest</strong></span> 
     </span>
     <span class='ocr_line' id='line_1_21' title="bbox 253 1165 1329 1208; baseline 0.002 -12"><span class='ocrx_word' id='word_1_145' title='bbox 253 1171 363 1196; x_wconf 89' lang='lat' dir='ltr'><strong>autem</strong></span> <span class='ocrx_word' id='word_1_146' title='bbox 386 1165 457 1196; x_wconf 88' lang='lat' dir='ltr'><strong>fieri</strong></span> <span class='ocrx_word' id='word_1_147' title='bbox 483 1166 664 1197; x_wconf 86' lang='lat' dir='ltr'><strong>animaliter</strong></span> <span class='ocrx_word' id='word_1_148' title='bbox 689 1167 763 1204; x_wconf 86' lang='lat' dir='ltr'><strong>nisi,</strong></span> <span class='ocrx_word' id='word_1_149' title='bbox 790 1172 827 1197; x_wconf 89' lang='lat' dir='ltr'><strong>ut</strong></span> <span class='ocrx_word' id='word_1_150' title='bbox 853 1168 910 1204; x_wconf 89' lang='lat' dir='ltr'><strong>sic,</strong></span> <span class='ocrx_word' id='word_1_151' title='bbox 937 1166 993 1198; x_wconf 87' lang='lat' dir='ltr'><strong>fiat</strong></span> <span class='ocrx_word' id='word_1_152' title='bbox 1019 1168 1060 1198; x_wconf 93' lang='lat' dir='ltr'><strong>ab</strong></span> <span class='ocrx_word' id='word_1_153' title='bbox 1087 1168 1233 1208; x_wconf 89' lang='lat' dir='ltr'><strong>appetitu</strong></span> <span class='ocrx_word' id='word_1_154' title='bbox 1261 1168 1329 1198; x_wconf 88' lang='lat' dir='ltr'><strong>ani-</strong></span> 
     </span>
     <span class='ocr_line' id='line_1_22' title="bbox 252 1210 1328 1254; baseline 0.002 -13"><span class='ocrx_word' id='word_1_155' title='bbox 252 1211 361 1242; x_wconf 83' lang='lat' dir='ltr'><strong>malis:</strong></span> <span class='ocrx_word' id='word_1_156' title='bbox 391 1220 468 1241; x_wconf 89' lang='lat' dir='ltr'><strong>cum</strong></span> <span class='ocrx_word' id='word_1_157' title='bbox 494 1210 685 1242; x_wconf 86' lang='lat' dir='ltr'><strong>huiusmodi</strong></span> <span class='ocrx_word' id='word_1_158' title='bbox 710 1217 831 1248; x_wconf 89' lang='lat' dir='ltr'><strong>motus,</strong></span> <span class='ocrx_word' id='word_1_159' title='bbox 856 1218 892 1243; x_wconf 93' lang='lat' dir='ltr'><strong>ut</strong></span> <span class='ocrx_word' id='word_1_160' title='bbox 915 1213 971 1249; x_wconf 88' lang='lat' dir='ltr'><strong>sic,</strong></span> <span class='ocrx_word' id='word_1_161' title='bbox 995 1213 1035 1243; x_wconf 92' lang='lat' dir='ltr'><strong>sit</strong></span> <span class='ocrx_word' id='word_1_162' title='bbox 1058 1218 1191 1254; x_wconf 90' lang='lat' dir='ltr'><strong>propter</strong></span> <span class='ocrx_word' id='word_1_163' title='bbox 1214 1211 1328 1249; x_wconf 81' lang='lat' dir='ltr'><strong>finem3</strong></span> 
     </span>
     <span class='ocr_line' id='line_1_23' title="bbox 252 1255 1329 1298; baseline 0.003 -13"><span class='ocrx_word' id='word_1_164' title='bbox 252 1255 416 1297; x_wconf 85' lang='lat' dir='ltr'><strong>appetitus</strong></span> <span class='ocrx_word' id='word_1_165' title='bbox 439 1260 550 1286; x_wconf 88' lang='lat' dir='ltr'><strong>autem</strong></span> <span class='ocrx_word' id='word_1_166' title='bbox 576 1255 617 1286; x_wconf 91' lang='lat' dir='ltr'><strong>sit</strong></span> <span class='ocrx_word' id='word_1_167' title='bbox 646 1256 779 1287; x_wconf 90' lang='lat' dir='ltr'><strong>tendere</strong></span> <span class='ocrx_word' id='word_1_168' title='bbox 806 1257 839 1287; x_wconf 90' lang='lat' dir='ltr'><strong>in</strong></span> <span class='ocrx_word' id='word_1_169' title='bbox 864 1256 974 1288; x_wconf 89' lang='lat' dir='ltr'><strong>finem.</strong></span> <span class='ocrx_word' id='word_1_170' title='bbox 1002 1257 1089 1298; x_wconf 89' lang='lat' dir='ltr'><strong>Ergo</strong></span> <span class='ocrx_word' id='word_1_171' title='bbox 1117 1257 1187 1288; x_wconf 91' lang='lat' dir='ltr'><strong>talis</strong></span> <span class='ocrx_word' id='word_1_172' title='bbox 1219 1263 1329 1288; x_wconf 90' lang='lat' dir='ltr'><strong>motus</strong></span> 
     </span>
     <span class='ocr_line' id='line_1_24' title="bbox 253 1299 835 1343; baseline 0.003 -13"><span class='ocrx_word' id='word_1_173' title='bbox 253 1300 292 1331; x_wconf 92' lang='lat' dir='ltr'><strong>ab</strong></span> <span class='ocrx_word' id='word_1_174' title='bbox 316 1299 465 1343; x_wconf 80' lang='lat' dir='ltr'><strong>appetitu</strong></span> <span class='ocrx_word' id='word_1_175' title='bbox 487 1301 670 1336; x_wconf 80' lang='lat' dir='ltr'><strong>necessario</strong></span> <span class='ocrx_word' id='word_1_176' title='bbox 699 1301 835 1332; x_wconf 91' lang='lat' dir='ltr'><strong>elicitur.</strong></span> 
     </span>
     <span class='ocr_line' id='line_1_25' title="bbox 256 1345 1330 1386; baseline 0.001 -11"><span class='ocrx_word' id='word_1_177' title='bbox 256 1345 446 1384; x_wconf 42' lang='lat' dir='ltr'><strong>viluna-to,</strong></span> <span class='ocrx_word' id='word_1_178' title='bbox 471 1345 547 1386; x_wconf 80' lang='lat' dir='ltr'><strong>quia</strong></span> <span class='ocrx_word' id='word_1_179' title='bbox 570 1345 722 1376; x_wconf 83' lang='lat' dir='ltr'><strong>haec·est</strong></span> <span class='ocrx_word' id='word_1_180' title='bbox 745 1355 895 1386; x_wconf 86' lang='lat' dir='ltr'><strong>expressa</strong></span> <span class='ocrx_word' id='word_1_181' title='bbox 911 1347 1070 1377; x_wconf 88' lang='lat' dir='ltr'><strong>sententia</strong></span> <span class='ocrx_word' id='word_1_182' title='bbox 1089 1346 1280 1383; x_wconf 86' lang='lat' dir='ltr'><strong>Aristotelis,</strong></span> <span class='ocrx_word' id='word_1_183' title='bbox 1298 1351 1330 1377; x_wconf 91' lang='lat' dir='ltr'><strong>et</strong></span> 
     </span>
    </p>
   </div>
   <div class='ocr_carea' id='block_1_4' title="bbox 218 1389 1329 1427">
    <p class='ocr_par' dir='ltr' id='par_1_8' title="bbox 218 1389 1329 1427">
     <span class='ocr_line' id='line_1_26' title="bbox 218 1389 1329 1427; baseline -0.001 -5"><span class='ocrx_word' id='word_1_184' title='bbox 218 1410 225 1417; x_wconf 91' lang='lat'><em>-</em></span> <span class='ocrx_word' id='word_1_185' title='bbox 251 1390 287 1422; x_wconf 85' lang='lat' dir='ltr'><strong>in</strong></span> <span class='ocrx_word' id='word_1_186' title='bbox 310 1389 353 1421; x_wconf 89' lang='lat'><strong>111</strong></span> <span class='ocrx_word' id='word_1_187' title='bbox 376 1389 417 1421; x_wconf 80' lang='lat' dir='ltr'><strong>de</strong></span> <span class='ocrx_word' id='word_1_188' title='bbox 437 1389 556 1420; x_wconf 84' lang='lat' dir='ltr'><strong>Anima</strong></span> <span class='ocrx_word' id='word_1_189' title='bbox 568 1390 595 1426; x_wconf 60' lang='lat'><strong>³,</strong></span> <span class='ocrx_word' id='word_1_190' title='bbox 620 1395 653 1421; x_wconf 89' lang='lat' dir='ltr'><strong>et</strong></span> <span class='ocrx_word' id='word_1_191' title='bbox 674 1391 708 1421; x_wconf 94' lang='lat' dir='ltr'><strong>in</strong></span> <span class='ocrx_word' id='word_1_192' title='bbox 730 1391 813 1422; x_wconf 88' lang='lat' dir='ltr'><strong>libro</strong></span> <span class='ocrx_word' id='word_1_193' title='bbox 830 1390 870 1421; x_wconf 86' lang='lat' dir='ltr'><strong>de</strong></span> <span class='ocrx_word' id='word_1_194' title='bbox 885 1391 1030 1422; x_wconf 83' lang='lat' dir='ltr'><strong>Motibus</strong></span> <span class='ocrx_word' id='word_1_195' title='bbox 1044 1391 1255 1427; x_wconf 87' lang='lat' dir='ltr'><strong>Animalium,</strong></span> <span class='ocrx_word' id='word_1_196' title='bbox 1273 1391 1329 1421; x_wconf 93' lang='lat' dir='ltr'><strong>ubi</strong></span> 
     </span>
    </p>
   </div>
   <div class='ocr_carea' id='block_1_5' title="bbox 249 1435 1331 2503">
    <p class='ocr_par' dir='ltr' id='par_1_9' title="bbox 251 1435 1329 1520">
     <span class='ocr_line' id='line_1_27' title="bbox 251 1435 1329 1476; baseline -0.001 -9"><span class='ocrx_word' id='word_1_197' title='bbox 251 1440 342 1474; x_wconf 78' lang='lat' dir='ltr'><strong>tenet</strong></span> <span class='ocrx_word' id='word_1_198' title='bbox 363 1435 545 1476; x_wconf 87' lang='lat' dir='ltr'><strong>potentiam</strong></span> <span class='ocrx_word' id='word_1_199' title='bbox 571 1436 729 1466; x_wconf 86' lang='lat' dir='ltr'><strong>motivam</strong></span> <span class='ocrx_word' id='word_1_200' title='bbox 752 1435 909 1472; x_wconf 86' lang='lat' dir='ltr'><strong>animalis,</strong></span> <span class='ocrx_word' id='word_1_201' title='bbox 933 1436 986 1466; x_wconf 93' lang='lat' dir='ltr'><strong>cui</strong></span> <span class='ocrx_word' id='word_1_202' title='bbox 1009 1437 1163 1466; x_wconf 90' lang='lat' dir='ltr'><strong>convenit</strong></span> <span class='ocrx_word' id='word_1_203' title='bbox 1185 1445 1329 1471; x_wconf 90' lang='lat' dir='ltr'><strong>movere,</strong></span> 
     </span>
     <span class='ocr_line' id='line_1_28' title="bbox 252 1480 538 1520; baseline -0.01 -8"><span class='ocrx_word' id='word_1_204' title='bbox 252 1489 322 1512; x_wconf 77' lang='lat' dir='ltr'><strong>esse</strong></span> <span class='ocrx_word' id='word_1_205' title='bbox 345 1480 538 1520; x_wconf 85' lang='lat' dir='ltr'><strong>appetitum.</strong></span> 
     </span>
    </p>

    <p class='ocr_par' dir='ltr' id='par_1_10' title="bbox 249 1523 1331 2011">
     <span class='ocr_line' id='line_1_29' title="bbox 312 1523 1329 1565; baseline 0 -10"><span class='ocrx_word' id='word_1_206' title='bbox 312 1524 341 1555; x_wconf 83' lang='lat'><strong>3.</strong></span> <span class='ocrx_word' id='word_1_207' title='bbox 367 1523 433 1555; x_wconf 89' lang='lat' dir='ltr'><strong>Alii</strong></span> <span class='ocrx_word' id='word_1_208' title='bbox 456 1532 533 1554; x_wconf 92' lang='lat' dir='ltr'><strong>vero</strong></span> <span class='ocrx_word' id='word_1_209' title='bbox 557 1523 674 1554; x_wconf 90' lang='lat' dir='ltr'><strong>volunt</strong></span> <span class='ocrx_word' id='word_1_210' title='bbox 697 1525 877 1565; x_wconf 90' lang='lat' dir='ltr'><strong>appetitum</strong></span> <span class='ocrx_word' id='word_1_211' title='bbox 901 1533 970 1555; x_wconf 91' lang='lat' dir='ltr'><strong>non</strong></span> <span class='ocrx_word' id='word_1_212' title='bbox 1000 1524 1064 1555; x_wconf 87' lang='lat' dir='ltr'><strong>alio</strong></span> <span class='ocrx_word' id='word_1_213' title='bbox 1095 1530 1170 1554; x_wconf 87' lang='lat' dir='ltr'><strong>actu</strong></span> <span class='ocrx_word' id='word_1_214' title='bbox 1195 1533 1329 1555; x_wconf 86' lang='lat' dir='ltr'><strong>movere</strong></span> 
     </span>
     <span class='ocr_line' id='line_1_30' title="bbox 251 1568 1331 1610; baseline -0.002 -10"><span class='ocrx_word' id='word_1_215' title='bbox 251 1577 351 1610; x_wconf 79' lang='lat' dir='ltr'><strong>quam</strong></span> <span class='ocrx_word' id='word_1_216' title='bbox 373 1568 447 1609; x_wconf 90' lang='lat' dir='ltr'><strong>ipso</strong></span> <span class='ocrx_word' id='word_1_217' title='bbox 470 1573 545 1599; x_wconf 90' lang='lat' dir='ltr'><strong>actu</strong></span> <span class='ocrx_word' id='word_1_218' title='bbox 569 1569 627 1608; x_wconf 93' lang='lat' dir='ltr'><strong>qui</strong></span> <span class='ocrx_word' id='word_1_219' title='bbox 650 1574 697 1598; x_wconf 90' lang='lat' dir='ltr'><strong>est</strong></span> <span class='ocrx_word' id='word_1_220' title='bbox 720 1574 872 1609; x_wconf 88' lang='lat' dir='ltr'><strong>appetere</strong></span> <span class='ocrx_word' id='word_1_221' title='bbox 896 1574 929 1599; x_wconf 90' lang='lat' dir='ltr'><strong>et</strong></span> <span class='ocrx_word' id='word_1_222' title='bbox 951 1569 1274 1609; x_wconf 88' lang='lat' dir='ltr'><strong>imperare·motum;</strong></span> <span class='ocrx_word' id='word_1_223' title='bbox 1299 1573 1331 1598; x_wconf 87' lang='lat' dir='ltr'><strong>et</strong></span> 
     </span>
     <span class='ocr_line' id='line_1_31' title="bbox 250 1612 1331 1655; baseline -0.002 -11"><span class='ocrx_word' id='word_1_224' title='bbox 250 1612 343 1655; x_wconf 88' lang='lat' dir='ltr'><strong>quod</strong></span> <span class='ocrx_word' id='word_1_225' title='bbox 360 1617 470 1643; x_wconf 79' lang='lat' dir='ltr'><strong>tamen</strong></span> <span class='ocrx_word' id='word_1_226' title='bbox 485 1621 554 1643; x_wconf 92' lang='lat' dir='ltr'><strong>non</strong></span> <span class='ocrx_word' id='word_1_227' title='bbox 570 1618 702 1653; x_wconf 88' lang='lat' dir='ltr'><strong>oportet</strong></span> <span class='ocrx_word' id='word_1_228' title='bbox 716 1622 840 1653; x_wconf 88' lang='lat' dir='ltr'><strong>ponere</strong></span> <span class='ocrx_word' id='word_1_229' title='bbox 859 1613 954 1643; x_wconf 89' lang='lat' dir='ltr'><strong>aliam</strong></span> <span class='ocrx_word' id='word_1_230' title='bbox 970 1612 1150 1653; x_wconf 87' lang='lat' dir='ltr'><strong>potentiam</strong></span> <span class='ocrx_word' id='word_1_231' title='bbox 1173 1613 1331 1643; x_wconf 87' lang='lat' dir='ltr'><strong>motivam</strong></span> 
     </span>
     <span class='ocr_line' id='line_1_32' title="bbox 250 1656 1330 1697; baseline -0.002 -8"><span class='ocrx_word' id='word_1_232' title='bbox 250 1657 434 1690; x_wconf 62' lang='lat' dir='ltr'><strong>distinctum</strong></span> <span class='ocrx_word' id='word_1_233' title='bbox 462 1656 634 1687; x_wconf 87' lang='lat' dir='ltr'><strong>elicitivam</strong></span> <span class='ocrx_word' id='word_1_234' title='bbox 658 1663 778 1688; x_wconf 89' lang='lat' dir='ltr'><strong>motus.</strong></span> <span class='ocrx_word' id='word_1_235' title='bbox 807 1657 902 1688; x_wconf 90' lang='lat' dir='ltr'><strong>Unde</strong></span> <span class='ocrx_word' id='word_1_236' title='bbox 929 1657 1084 1688; x_wconf 89' lang='lat' dir='ltr'><strong>convenit</strong></span> <span class='ocrx_word' id='word_1_237' title='bbox 1112 1657 1193 1688; x_wconf 88' lang='lat' dir='ltr'><strong>haec</strong></span> <span class='ocrx_word' id='word_1_238' title='bbox 1216 1658 1330 1697; x_wconf 91' lang='lat' dir='ltr'><strong>opinio</strong></span> 
     </span>
     <span class='ocr_line' id='line_1_33' title="bbox 250 1700 1330 1743; baseline 0 -11"><span class='ocrx_word' id='word_1_239' title='bbox 250 1711 328 1741; x_wconf 64' lang='lat' dir='ltr'><strong>mm</strong></span> <span class='ocrx_word' id='word_1_240' title='bbox 350 1700 566 1743; x_wconf 83' lang='lat' dir='ltr'><strong>praecedente</strong></span> <span class='ocrx_word' id='word_1_241' title='bbox 588 1702 623 1732; x_wconf 89' lang='lat' dir='ltr'><strong>in</strong></span> <span class='ocrx_word' id='word_1_242' title='bbox 645 1702 710 1733; x_wconf 93' lang='lat' dir='ltr'><strong>hoc</strong></span> <span class='ocrx_word' id='word_1_243' title='bbox 740 1701 831 1742; x_wconf 93' lang='lat' dir='ltr'><strong>quod</strong></span> <span class='ocrx_word' id='word_1_244' title='bbox 854 1711 922 1733; x_wconf 90' lang='lat' dir='ltr'><strong>non</strong></span> <span class='ocrx_word' id='word_1_245' title='bbox 947 1707 995 1732; x_wconf 87' lang='lat' dir='ltr'><strong>est</strong></span> <span class='ocrx_word' id='word_1_246' title='bbox 1021 1701 1082 1732; x_wconf 86' lang='lat' dir='ltr'><strong>alia</strong></span> <span class='ocrx_word' id='word_1_247' title='bbox 1104 1702 1252 1742; x_wconf 85' lang='lat' dir='ltr'><strong>potentia</strong></span> <span class='ocrx_word' id='word_1_248' title='bbox 1274 1701 1330 1732; x_wconf 88' lang='lat' dir='ltr'><strong>eli-</strong></span> 
     </span>
     <span class='ocr_line' id='line_1_34' title="bbox 249 1746 1330 1787; baseline -0.002 -8"><span class='ocrx_word' id='word_1_249' title='bbox 249 1747 346 1783; x_wconf 75' lang='lat' dir='ltr'><strong>citiva</strong></span> <span class='ocrx_word' id='word_1_250' title='bbox 367 1751 479 1777; x_wconf 87' lang='lat' dir='ltr'><strong>motus</strong></span> <span class='ocrx_word' id='word_1_251' title='bbox 502 1755 603 1787; x_wconf 88' lang='lat' dir='ltr'><strong>quam</strong></span> <span class='ocrx_word' id='word_1_252' title='bbox 618 1747 796 1787; x_wconf 79' lang='lat' dir='ltr'><strong>appetitus:</strong></span> <span class='ocrx_word' id='word_1_253' title='bbox 817 1746 875 1778; x_wconf 90' lang='lat' dir='ltr'><strong>sed</strong></span> <span class='ocrx_word' id='word_1_254' title='bbox 890 1746 995 1778; x_wconf 85' lang='lat' dir='ltr'><strong>differt</strong></span> <span class='ocrx_word' id='word_1_255' title='bbox 1010 1747 1050 1777; x_wconf 88' lang='lat' dir='ltr'><strong>ab</strong></span> <span class='ocrx_word' id='word_1_256' title='bbox 1065 1746 1119 1777; x_wconf 91' lang='lat' dir='ltr'><strong>illa</strong></span> <span class='ocrx_word' id='word_1_257' title='bbox 1134 1747 1330 1787; x_wconf 86' lang='lat' dir='ltr'><strong>inquantum</strong></span> 
     </span>
     <span class='ocr_line' id='line_1_35' title="bbox 249 1790 1330 1832; baseline -0.001 -9"><span class='ocrx_word' id='word_1_258' title='bbox 249 1790 331 1824; x_wconf 82' lang='lat' dir='ltr'><strong>haec</strong></span> <span class='ocrx_word' id='word_1_259' title='bbox 353 1791 448 1832; x_wconf 89' lang='lat' dir='ltr'><strong>ponit</strong></span> <span class='ocrx_word' id='word_1_260' title='bbox 470 1800 604 1822; x_wconf 88' lang='lat' dir='ltr'><strong>movere</strong></span> <span class='ocrx_word' id='word_1_261' title='bbox 636 1792 799 1832; x_wconf 89' lang='lat' dir='ltr'><strong>appetitus</strong></span> <span class='ocrx_word' id='word_1_262' title='bbox 825 1791 907 1822; x_wconf 90' lang='lat' dir='ltr'><strong>nihil</strong></span> <span class='ocrx_word' id='word_1_263' title='bbox 937 1790 1025 1822; x_wconf 92' lang='lat' dir='ltr'><strong>aliud</strong></span> <span class='ocrx_word' id='word_1_264' title='bbox 1054 1801 1124 1822; x_wconf 88' lang='lat' dir='ltr'><strong>esse</strong></span> <span class='ocrx_word' id='word_1_265' title='bbox 1147 1791 1330 1822; x_wconf 87' lang='lat' dir='ltr'><strong>secundum</strong></span> 
     </span>
     <span class='ocr_line' id='line_1_36' title="bbox 249 1835 1329 1878; baseline -0.001 -10"><span class='ocrx_word' id='word_1_266' title='bbox 249 1845 320 1871; x_wconf 85' lang='lat' dir='ltr'><strong>rem</strong></span> <span class='ocrx_word' id='word_1_267' title='bbox 331 1845 432 1878; x_wconf 86' lang='lat' dir='ltr'><strong>quam</strong></span> <span class='ocrx_word' id='word_1_268' title='bbox 447 1835 556 1877; x_wconf 89' lang='lat' dir='ltr'><strong>ipsum</strong></span> <span class='ocrx_word' id='word_1_269' title='bbox 572 1841 725 1876; x_wconf 85' lang='lat' dir='ltr'><strong>appetere</strong></span> <span class='ocrx_word' id='word_1_270' title='bbox 741 1842 773 1867; x_wconf 91' lang='lat' dir='ltr'><strong>et</strong></span> <span class='ocrx_word' id='word_1_271' title='bbox 783 1837 944 1877; x_wconf 89' lang='lat' dir='ltr'><strong>imperare</strong></span> <span class='ocrx_word' id='word_1_272' title='bbox 962 1841 1104 1872; x_wconf 88' lang='lat' dir='ltr'><strong>motum,</strong></span> <span class='ocrx_word' id='word_1_273' title='bbox 1120 1836 1210 1877; x_wconf 85' lang='lat' dir='ltr'><strong>largo</strong></span> <span class='ocrx_word' id='word_1_274' title='bbox 1226 1835 1329 1867; x_wconf 90' lang='lat' dir='ltr'><strong>modo</strong></span> 
     </span>
     <span class='ocr_line' id='line_1_37' title="bbox 250 1879 1329 1923; baseline -0.003 -9"><span class='ocrx_word' id='word_1_275' title='bbox 250 1879 443 1923; x_wconf 79' lang='lat' dir='ltr'><strong>accipiendo</strong></span> <span class='ocrx_word' id='word_1_276' title='bbox 460 1880 641 1921; x_wconf 77' lang='lat' dir='ltr'><strong>imperium,</strong></span> <span class='ocrx_word' id='word_1_277' title='bbox 658 1880 840 1912; x_wconf 88' lang='lat' dir='ltr'><strong>secundum</strong></span> <span class='ocrx_word' id='word_1_278' title='bbox 859 1881 957 1912; x_wconf 83' lang='lat' dir='ltr'><strong>etiam</strong></span> <span class='ocrx_word' id='word_1_279' title='bbox 974 1879 1066 1921; x_wconf 89' lang='lat' dir='ltr'><strong>quod</strong></span> <span class='ocrx_word' id='word_1_280' title='bbox 1082 1882 1238 1912; x_wconf 82' lang='lat' dir='ltr'><strong>convenit</strong></span> <span class='ocrx_word' id='word_1_281' title='bbox 1253 1881 1329 1912; x_wconf 90' lang='lat' dir='ltr'><strong>bru-</strong></span> 
     </span>
     <span class='ocr_line' id='line_1_38' title="bbox 250 1925 1329 1966; baseline -0.002 -8"><span class='ocrx_word' id='word_1_282' title='bbox 250 1927 306 1964; x_wconf 60' lang='lat' dir='ltr'><strong>un</strong></span> <span class='ocrx_word' id='word_1_283' title='bbox 327 1925 384 1957; x_wconf 86' lang='lat' dir='ltr'><strong>illa</strong></span> <span class='ocrx_word' id='word_1_284' title='bbox 406 1933 484 1956; x_wconf 89' lang='lat' dir='ltr'><strong>vero</strong></span> <span class='ocrx_word' id='word_1_285' title='bbox 514 1926 610 1966; x_wconf 90' lang='lat' dir='ltr'><strong>ponit</strong></span> <span class='ocrx_word' id='word_1_286' title='bbox 638 1934 773 1956; x_wconf 91' lang='lat' dir='ltr'><strong>movere</strong></span> <span class='ocrx_word' id='word_1_287' title='bbox 803 1934 873 1956; x_wconf 85' lang='lat' dir='ltr'><strong>esse</strong></span> <span class='ocrx_word' id='word_1_288' title='bbox 899 1925 999 1956; x_wconf 85' lang='lat' dir='ltr'><strong>alium</strong></span> <span class='ocrx_word' id='word_1_289' title='bbox 1027 1930 1137 1956; x_wconf 88' lang='lat' dir='ltr'><strong>actum</strong></span> <span class='ocrx_word' id='word_1_290' title='bbox 1165 1926 1329 1966; x_wconf 85' lang='lat' dir='ltr'><strong>appetitus</strong></span> 
     </span>
     <span class='ocr_line' id='line_1_39' title="bbox 251 1969 1028 2011; baseline -0.005 -6"><span class='ocrx_word' id='word_1_291' title='bbox 251 1971 440 2005; x_wconf 68' lang='lat' dir='ltr'><strong>distinctum</strong></span> <span class='ocrx_word' id='word_1_292' title='bbox 463 1969 504 2000; x_wconf 81' lang='lat' dir='ltr'><strong>ab</strong></span> <span class='ocrx_word' id='word_1_293' title='bbox 526 1970 666 2011; x_wconf 89' lang='lat' dir='ltr'><strong>imperio</strong></span> <span class='ocrx_word' id='word_1_294' title='bbox 690 1976 722 2001; x_wconf 86' lang='lat' dir='ltr'><strong>et</strong></span> <span class='ocrx_word' id='word_1_295' title='bbox 745 1975 820 2001; x_wconf 87' lang='lat' dir='ltr'><strong>actu</strong></span> <span class='ocrx_word' id='word_1_296' title='bbox 843 1969 1028 2010; x_wconf 87' lang='lat' dir='ltr'><strong>appetendi.</strong></span> 
     </span>
    </p>

    <p class='ocr_par' dir='ltr' id='par_1_11' title="bbox 251 2014 1330 2503">
     <span class='ocr_line' id='line_1_40' title="bbox 306 2014 1328 2055; baseline -0.002 -8"><span class='ocrx_word' id='word_1_297' title='bbox 306 2015 376 2047; x_wconf 88' lang='lat' dir='ltr'><strong>XII.</strong></span> <span class='ocrx_word' id='word_1_298' title='bbox 400 2014 559 2052; x_wconf 86' lang='lat' dir='ltr'><strong>Quamvis</strong></span> <span class='ocrx_word' id='word_1_299' title='bbox 587 2020 696 2045; x_wconf 88' lang='lat' dir='ltr'><strong>autem</strong></span> <span class='ocrx_word' id='word_1_300' title='bbox 722 2020 859 2055; x_wconf 86' lang='lat' dir='ltr'><strong>utraque</strong></span> <span class='ocrx_word' id='word_1_301' title='bbox 883 2015 997 2055; x_wconf 91' lang='lat' dir='ltr'><strong>opinio</strong></span> <span class='ocrx_word' id='word_1_302' title='bbox 1020 2015 1190 2046; x_wconf 89' lang='lat' dir='ltr'><strong>sustentari</strong></span> <span class='ocrx_word' id='word_1_303' title='bbox 1214 2015 1328 2055; x_wconf 85' lang='lat' dir='ltr'><strong>possit,</strong></span> 
     </span>
     <span class='ocr_line' id='line_1_41' title="bbox 251 2058 1328 2092; baseline -0.003 1"><span class='ocrx_word' id='word_1_304' title='bbox 251 2059 394 2092; x_wconf 84' lang='lat' dir='ltr'><strong>secunda</strong></span> <span class='ocrx_word' id='word_1_305' title='bbox 416 2063 527 2089; x_wconf 88' lang='lat' dir='ltr'><strong>tamen</strong></span> <span class='ocrx_word' id='word_1_306' title='bbox 550 2059 630 2090; x_wconf 88' lang='lat' dir='ltr'><strong>mihi</strong></span> <span class='ocrx_word' id='word_1_307' title='bbox 653 2058 780 2090; x_wconf 90' lang='lat' dir='ltr'><strong>videtur</strong></span> <span class='ocrx_word' id='word_1_308' title='bbox 806 2059 846 2090; x_wconf 89' lang='lat' dir='ltr'><strong>ad</strong></span> <span class='ocrx_word' id='word_1_309' title='bbox 869 2065 1014 2090; x_wconf 87' lang='lat' dir='ltr'><strong>mentem</strong></span> <span class='ocrx_word' id='word_1_310' title='bbox 1042 2059 1151 2091; x_wconf 89' lang='lat' dir='ltr'><strong>Sancti</strong></span> <span class='ocrx_word' id='word_1_311' title='bbox 1178 2059 1328 2090; x_wconf 80' lang='lat' dir='ltr'><strong>Thomae</strong></span> 
     </span>
     <span class='ocr_line' id='line_1_42' title="bbox 252 2103 1328 2145; baseline -0.002 -8"><span class='ocrx_word' id='word_1_312' title='bbox 252 2114 332 2137; x_wconf 86' lang='lat' dir='ltr'><strong>esse.</strong></span> <span class='ocrx_word' id='word_1_313' title='bbox 355 2103 450 2140; x_wconf 89' lang='lat' dir='ltr'><strong>Nam,</strong></span> <span class='ocrx_word' id='word_1_314' title='bbox 468 2112 545 2134; x_wconf 91' lang='lat' dir='ltr'><strong>cum</strong></span> <span class='ocrx_word' id='word_1_315' title='bbox 562 2103 683 2134; x_wconf 90' lang='lat' dir='ltr'><strong>dividat</strong></span> <span class='ocrx_word' id='word_1_316' title='bbox 706 2104 885 2145; x_wconf 84' lang='lat' dir='ltr'><strong>potentiam</strong></span> <span class='ocrx_word' id='word_1_317' title='bbox 909 2104 1066 2134; x_wconf 89' lang='lat' dir='ltr'><strong>motivam</strong></span> <span class='ocrx_word' id='word_1_318' title='bbox 1090 2105 1123 2135; x_wconf 89' lang='lat' dir='ltr'><strong>in</strong></span> <span class='ocrx_word' id='word_1_319' title='bbox 1147 2104 1328 2145; x_wconf 89' lang='lat' dir='ltr'><strong>appetitum</strong></span> 
     </span>
     <span class='ocr_line' id='line_1_43' title="bbox 252 2147 1326 2189; baseline -0.003 -7"><span class='ocrx_word' id='word_1_320' title='bbox 252 2155 285 2182; x_wconf 83' lang='lat' dir='ltr'><strong>et</strong></span> <span class='ocrx_word' id='word_1_321' title='bbox 298 2158 431 2181; x_wconf 82' lang='lat' dir='ltr'><strong>sensum</strong></span> <span class='ocrx_word' id='word_1_322' title='bbox 447 2157 486 2178; x_wconf 85' lang='lat' dir='ltr'><strong>ex</strong></span> <span class='ocrx_word' id='word_1_323' title='bbox 503 2157 568 2179; x_wconf 85' lang='lat' dir='ltr'><strong>una</strong></span> <span class='ocrx_word' id='word_1_324' title='bbox 584 2147 732 2189; x_wconf 76' lang='lat' dir='ltr'><strong>parte,&#39;et</strong></span> <span class='ocrx_word' id='word_1_325' title='bbox 750 2149 932 2189; x_wconf 88' lang='lat' dir='ltr'><strong>potentiam</strong></span> <span class='ocrx_word' id='word_1_326' title='bbox 948 2154 1165 2189; x_wconf 85' lang='lat' dir='ltr'><strong>exequentem</strong></span> <span class='ocrx_word' id='word_1_327' title='bbox 1186 2158 1223 2180; x_wconf 89' lang='lat' dir='ltr'><strong>ex</strong></span> <span class='ocrx_word' id='word_1_328' title='bbox 1248 2149 1326 2185; x_wconf 84' lang='lat' dir='ltr'><strong>alia;</strong></span> 
     </span>
     <span class='ocr_line' id='line_1_44' title="bbox 251 2194 1327 2236; baseline 0 -12"><span class='ocrx_word' id='word_1_329' title='bbox 251 2194 412 2236; x_wconf 72' lang='lat' dir='ltr'><strong>appetitui</strong></span> <span class='ocrx_word' id='word_1_330' title='bbox 435 2197 468 2223; x_wconf 87' lang='lat' dir='ltr'><strong>et</strong></span> <span class='ocrx_word' id='word_1_331' title='bbox 490 2194 610 2229; x_wconf 88' lang='lat' dir='ltr'><strong>sensui,</strong></span> <span class='ocrx_word' id='word_1_332' title='bbox 634 2199 672 2224; x_wconf 91' lang='lat' dir='ltr'><strong>ut</strong></span> <span class='ocrx_word' id='word_1_333' title='bbox 694 2199 770 2224; x_wconf 92' lang='lat' dir='ltr'><strong>sunt</strong></span> <span class='ocrx_word' id='word_1_334' title='bbox 792 2194 939 2234; x_wconf 85' lang='lat' dir='ltr'><strong>potentia</strong></span> <span class='ocrx_word' id='word_1_335' title='bbox 961 2194 1093 2230; x_wconf 83' lang='lat' dir='ltr'><strong>motiva,</strong></span> <span class='ocrx_word' id='word_1_336' title='bbox 1117 2194 1201 2224; x_wconf 91' lang='lat' dir='ltr'><strong>hanc</strong></span> <span class='ocrx_word' id='word_1_337' title='bbox 1224 2194 1327 2224; x_wconf 88' lang='lat' dir='ltr'><strong>solam</strong></span> 
     </span>
     <span class='ocr_line' id='line_1_45' title="bbox 252 2238 1328 2281; baseline -0.002 -10"><span class='ocrx_word' id='word_1_338' title='bbox 252 2239 480 2281; x_wconf 76' lang='lat' dir='ltr'><strong>operationem</strong></span> <span class='ocrx_word' id='word_1_339' title='bbox 495 2238 606 2269; x_wconf 86' lang='lat' dir='ltr'><strong>tribuit</strong></span> <span class='ocrx_word' id='word_1_340' title='bbox 629 2247 714 2279; x_wconf 90' lang='lat' dir='ltr'><strong>quae</strong></span> <span class='ocrx_word' id='word_1_341' title='bbox 737 2243 785 2268; x_wconf 90' lang='lat' dir='ltr'><strong>est</strong></span> <span class='ocrx_word' id='word_1_342' title='bbox 807 2239 967 2278; x_wconf 90' lang='lat' dir='ltr'><strong>imperare</strong></span> <span class='ocrx_word' id='word_1_343' title='bbox 985 2243 1130 2274; x_wconf 82' lang='lat' dir='ltr'><strong>motum3</strong></span> <span class='ocrx_word' id='word_1_344' title='bbox 1155 2239 1328 2279; x_wconf 88' lang='lat' dir='ltr'><strong>exequenti</strong></span> 
     </span>
     <span class='ocr_line' id='line_1_46' title="bbox 251 2281 1327 2324; baseline -0.001 -9"><span class='ocrx_word' id='word_1_345' title='bbox 251 2289 362 2315; x_wconf 88' lang='lat' dir='ltr'><strong>autem</strong></span> <span class='ocrx_word' id='word_1_346' title='bbox 393 2281 536 2314; x_wconf 85' lang='lat' dir='ltr'><strong>attribuit</strong></span> <span class='ocrx_word' id='word_1_347' title='bbox 566 2282 687 2319; x_wconf 89' lang='lat' dir='ltr'><strong>facere,</strong></span> <span class='ocrx_word' id='word_1_348' title='bbox 718 2292 775 2323; x_wconf 88' lang='lat' dir='ltr'><strong>per</strong></span> <span class='ocrx_word' id='word_1_349' title='bbox 806 2282 945 2314; x_wconf 90' lang='lat' dir='ltr'><strong>modum</strong></span> <span class='ocrx_word' id='word_1_350' title='bbox 978 2283 1143 2323; x_wconf 84' lang='lat' dir='ltr'><strong>potentiae</strong></span> <span class='ocrx_word' id='word_1_351' title='bbox 1173 2284 1327 2324; x_wconf 83' lang='lat' dir='ltr'><strong>passivae,</strong></span> 
     </span>
     <span class='ocr_line' id='line_1_47' title="bbox 251 2327 1328 2368; baseline -0.002 -8"><span class='ocrx_word' id='word_1_352' title='bbox 251 2329 398 2361; x_wconf 85' lang='lat' dir='ltr'><strong>membra</strong></span> <span class='ocrx_word' id='word_1_353' title='bbox 421 2327 607 2359; x_wconf 87' lang='lat' dir='ltr'><strong>obedientia</strong></span> <span class='ocrx_word' id='word_1_354' title='bbox 630 2328 768 2368; x_wconf 90' lang='lat' dir='ltr'><strong>imperio</strong></span> <span class='ocrx_word' id='word_1_355' title='bbox 785 2328 962 2368; x_wconf 85' lang='lat' dir='ltr'><strong>appetitus;</strong></span> <span class='ocrx_word' id='word_1_356' title='bbox 988 2333 1024 2358; x_wconf 92' lang='lat' dir='ltr'><strong>ut</strong></span> <span class='ocrx_word' id='word_1_357' title='bbox 1046 2333 1134 2368; x_wconf 89' lang='lat' dir='ltr'><strong>patet</strong></span> <span class='ocrx_word' id='word_1_358' title='bbox 1158 2333 1190 2358; x_wconf 89' lang='lat' dir='ltr'><strong>et</strong></span> <span class='ocrx_word' id='word_1_359' title='bbox 1212 2329 1246 2359; x_wconf 94' lang='lat' dir='ltr'><strong>in</strong></span> <span class='ocrx_word' id='word_1_360' title='bbox 1264 2328 1328 2358; x_wconf 93' lang='lat' dir='ltr'><strong>hoc</strong></span> 
     </span>
     <span class='ocr_line' id='line_1_48' title="bbox 252 2371 1327 2415; baseline -0.002 -10"><span class='ocrx_word' id='word_1_361' title='bbox 252 2374 375 2415; x_wconf 79' lang='lat' dir='ltr'><strong>capite3</strong></span> <span class='ocrx_word' id='word_1_362' title='bbox 397 2377 429 2404; x_wconf 89' lang='lat' dir='ltr'><strong>et</strong></span> <span class='ocrx_word' id='word_1_363' title='bbox 444 2374 478 2404; x_wconf 90' lang='lat' dir='ltr'><strong>in</strong></span> <span class='ocrx_word' id='word_1_364' title='bbox 498 2372 605 2402; x_wconf 85' lang='lat' dir='ltr'><strong>Prima</strong></span> <span class='ocrx_word' id='word_1_365' title='bbox 621 2372 723 2408; x_wconf 87' lang='lat' dir='ltr'><strong>Parte,</strong></span> <span class='ocrx_word' id='word_1_366' title='bbox 741 2382 772 2413; x_wconf 95' lang='lat' dir='ltr'><strong>q.</strong></span> <span class='ocrx_word' id='word_1_367' title='bbox 790 2382 881 2409; x_wconf 68' lang='lat' dir='ltr'><strong>Lxxxr,</strong></span> <span class='ocrx_word' id='word_1_368' title='bbox 899 2381 927 2402; x_wconf 91' lang='lat' dir='ltr'><strong>a.</strong></span> <span class='ocrx_word' id='word_1_369' title='bbox 945 2372 975 2409; x_wconf 86' lang='lat'><strong>3,</strong></span> <span class='ocrx_word' id='word_1_370' title='bbox 992 2371 1032 2403; x_wconf 88' lang='lat' dir='ltr'><strong>ad</strong></span> <span class='ocrx_word' id='word_1_371' title='bbox 1050 2372 1087 2410; x_wconf 88' lang='lat'><strong>3;</strong></span> <span class='ocrx_word' id='word_1_372' title='bbox 1105 2378 1136 2404; x_wconf 93' lang='lat' dir='ltr'><strong>et</strong></span> <span class='ocrx_word' id='word_1_373' title='bbox 1152 2382 1184 2413; x_wconf 90' lang='lat' dir='ltr'><strong>q.</strong></span> <span class='ocrx_word' id='word_1_374' title='bbox 1201 2382 1327 2409; x_wconf 65' lang='lat' dir='ltr'><strong>mxvm,</strong></span> 
     </span>
     <span class='ocr_line' id='line_1_49' title="bbox 252 2417 1328 2457; baseline -0.001 -8"><span class='ocrx_word' id='word_1_375' title='bbox 252 2428 280 2450; x_wconf 72' lang='lat' dir='ltr'><strong>a.</strong></span> <span class='ocrx_word' id='word_1_376' title='bbox 303 2426 330 2454; x_wconf 80' lang='grc' dir='ltr'><strong>ι,</strong></span> <span class='ocrx_word' id='word_1_377' title='bbox 347 2417 387 2449; x_wconf 88' lang='lat' dir='ltr'><strong>ad</strong></span> <span class='ocrx_word' id='word_1_378' title='bbox 402 2426 434 2457; x_wconf 91' lang='lat'><strong>4.</strong></span> <span class='ocrx_word' id='word_1_379' title='bbox 451 2436 474 2440; x_wconf 94' lang='lat'>-</span> <span class='ocrx_word' id='word_1_380' title='bbox 489 2417 583 2447; x_wconf 84' lang='lat' dir='ltr'><strong>Hanc</strong></span> <span class='ocrx_word' id='word_1_381' title='bbox 607 2417 705 2447; x_wconf 91' lang='lat' dir='ltr'><strong>etiam</strong></span> <span class='ocrx_word' id='word_1_382' title='bbox 736 2417 928 2457; x_wconf 80' lang='lat' dir='ltr'><strong>opinionem</strong></span> <span class='ocrx_word' id='word_1_383' title='bbox 961 2423 1050 2448; x_wconf 87' lang='lat' dir='ltr'><strong>tenet</strong></span> <span class='ocrx_word' id='word_1_384' title='bbox 1073 2417 1264 2457; x_wconf 87' lang='lat' dir='ltr'><strong>Capreolus,</strong></span> <span class='ocrx_word' id='word_1_385' title='bbox 1289 2417 1328 2448; x_wconf 93' lang='lat' dir='ltr'><strong>de</strong></span> 
     </span>
     <span class='ocr_line' id='line_1_50' title="bbox 251 2461 1330 2503; baseline -0.001 -9"><span class='ocrx_word' id='word_1_386' title='bbox 251 2467 363 2494; x_wconf 85' lang='lat' dir='ltr'><strong>mente</strong></span> <span class='ocrx_word' id='word_1_387' title='bbox 379 2462 488 2493; x_wconf 86' lang='lat' dir='ltr'><strong>Sancti</strong></span> <span class='ocrx_word' id='word_1_388' title='bbox 503 2461 663 2497; x_wconf 89' lang='lat' dir='ltr'><strong>Thomae,</strong></span> <span class='ocrx_word' id='word_1_389' title='bbox 680 2462 713 2492; x_wconf 89' lang='lat' dir='ltr'><strong>in</strong></span> <span class='ocrx_word' id='word_1_390' title='bbox 726 2461 890 2498; x_wconf 86' lang='lat' dir='ltr'><strong>Secundo,</strong></span> <span class='ocrx_word' id='word_1_391' title='bbox 903 2462 934 2492; x_wconf 95' lang='lat' dir='ltr'><strong>d.</strong></span> <span class='ocrx_word' id='word_1_392' title='bbox 947 2472 968 2499; x_wconf 88' lang='lat'><strong>1,</strong></span> <span class='ocrx_word' id='word_1_393' title='bbox 986 2471 1019 2502; x_wconf 92' lang='lat' dir='ltr'><strong>q.</strong></span> <span class='ocrx_word' id='word_1_394' title='bbox 1034 2472 1067 2499; x_wconf 86' lang='lat' dir='ltr'><strong>n,</strong></span> <span class='ocrx_word' id='word_1_395' title='bbox 1084 2461 1125 2492; x_wconf 87' lang='lat' dir='ltr'><strong>ad</strong></span> <span class='ocrx_word' id='word_1_396' title='bbox 1140 2468 1330 2503; x_wconf 85' lang='lat' dir='ltr'><strong>argumenta</strong></span> 
     </span>
    </p>
   </div>
   <div class='ocr_carea' id='block_1_6' title="bbox 2386 295 2460 343">
    <p class='ocr_par' dir='ltr' id='par_1_12' title="bbox 2386 295 2460 343">
     <span class='ocr_line' id='line_1_51' title="bbox 2386 295 2460 343; baseline 0.014 -12"><span class='ocrx_word' id='word_1_397' title='bbox 2386 295 2460 343; x_wconf 85' lang='lat'><strong>519</strong></span> 
     </span>
    </p>
   </div>
   <div class='ocr_carea' id='block_1_7' title="bbox 1382 367 2460 2500">
    <p class='ocr_par' dir='ltr' id='par_1_13' title="bbox 1385 367 2460 584">
     <span class='ocr_line' id='line_1_52' title="bbox 1385 367 2460 412; baseline 0.007 -16"><span class='ocrx_word' id='word_1_398' title='bbox 1385 367 1520 403; x_wconf 89' lang='lat' dir='ltr'><strong>ratione,</strong></span> <span class='ocrx_word' id='word_1_399' title='bbox 1546 368 1621 408; x_wconf 89' lang='lat' dir='ltr'><strong>quia</strong></span> <span class='ocrx_word' id='word_1_400' title='bbox 1646 368 1761 399; x_wconf 91' lang='lat' dir='ltr'><strong>elicere</strong></span> <span class='ocrx_word' id='word_1_401' title='bbox 1784 374 1913 399; x_wconf 90' lang='lat' dir='ltr'><strong>motum</strong></span> <span class='ocrx_word' id='word_1_402' title='bbox 1929 369 2016 400; x_wconf 82' lang='lat' dir='ltr'><strong>addit</strong></span> <span class='ocrx_word' id='word_1_403' title='bbox 2032 379 2129 411; x_wconf 91' lang='lat' dir='ltr'><strong>super</strong></span> <span class='ocrx_word' id='word_1_404' title='bbox 2151 371 2309 412; x_wconf 90' lang='lat' dir='ltr'><strong>imperare</strong></span> <span class='ocrx_word' id='word_1_405' title='bbox 2333 373 2460 403; x_wconf 90' lang='lat' dir='ltr'><strong>habitu-</strong></span> 
     </span>
     <span class='ocr_line' id='line_1_53' title="bbox 1386 411 2460 454; baseline 0.007 -13"><span class='ocrx_word' id='word_1_406' title='bbox 1386 411 1496 441; x_wconf 90' lang='lat' dir='ltr'><strong>dinem</strong></span> <span class='ocrx_word' id='word_1_407' title='bbox 1511 411 1552 442; x_wconf 86' lang='lat' dir='ltr'><strong>ad</strong></span> <span class='ocrx_word' id='word_1_408' title='bbox 1574 418 1704 443; x_wconf 88' lang='lat' dir='ltr'><strong>motum</strong></span> <span class='ocrx_word' id='word_1_409' title='bbox 1727 413 1760 443; x_wconf 92' lang='lat' dir='ltr'><strong>in</strong></span> <span class='ocrx_word' id='word_1_410' title='bbox 1785 419 1859 443; x_wconf 89' lang='lat' dir='ltr'><strong>actu</strong></span> <span class='ocrx_word' id='word_1_411' title='bbox 1878 419 2033 454; x_wconf 88' lang='lat' dir='ltr'><strong>tanquam</strong></span> <span class='ocrx_word' id='word_1_412' title='bbox 2049 414 2090 445; x_wconf 94' lang='lat' dir='ltr'><strong>ad</strong></span> <span class='ocrx_word' id='word_1_413' title='bbox 2106 415 2268 447; x_wconf 85' lang='lat' dir='ltr'><strong>effectum.</strong></span> <span class='ocrx_word' id='word_1_414' title='bbox 2293 417 2387 448; x_wconf 91' lang='lat' dir='ltr'><strong>Unde</strong></span> <span class='ocrx_word' id='word_1_415' title='bbox 2412 417 2460 448; x_wconf 88' lang='lat' dir='ltr'><strong>di-</strong></span> 
     </span>
     <span class='ocr_line' id='line_1_54' title="bbox 1386 456 2459 503; baseline 0.007 -18"><span class='ocrx_word' id='word_1_416' title='bbox 1386 464 1469 492; x_wconf 91' lang='lat' dir='ltr'><strong>cere,</strong></span> <span class='ocrx_word' id='word_1_417' title='bbox 1492 456 1652 496; x_wconf 79' lang='lat' dir='ltr'><strong>appetitus</strong></span> <span class='ocrx_word' id='word_1_418' title='bbox 1668 462 1775 487; x_wconf 80' lang='lat' dir='ltr'><strong>movet</strong></span> <span class='ocrx_word' id='word_1_419' title='bbox 1796 458 1931 494; x_wconf 87' lang='lat' dir='ltr'><strong>animal,</strong></span> <span class='ocrx_word' id='word_1_420' title='bbox 1949 459 2029 489; x_wconf 89' lang='lat' dir='ltr'><strong>nihil</strong></span> <span class='ocrx_word' id='word_1_421' title='bbox 2052 459 2140 490; x_wconf 88' lang='lat' dir='ltr'><strong>aliud</strong></span> <span class='ocrx_word' id='word_1_422' title='bbox 2164 465 2211 491; x_wconf 91' lang='lat' dir='ltr'><strong>est</strong></span> <span class='ocrx_word' id='word_1_423' title='bbox 2234 461 2339 492; x_wconf 88' lang='lat' dir='ltr'><strong>dicere</strong></span> <span class='ocrx_word' id='word_1_424' title='bbox 2360 471 2459 503; x_wconf 87' lang='lat' dir='ltr'><strong>quam</strong></span> 
     </span>
     <span class='ocr_line' id='line_1_55' title="bbox 1385 499 2457 547; baseline 0.008 -18"><span class='ocrx_word' id='word_1_425' title='bbox 1385 499 1545 540; x_wconf 79' lang='lat' dir='ltr'><strong>appetitus</strong></span> <span class='ocrx_word' id='word_1_426' title='bbox 1569 501 1707 541; x_wconf 75' lang='lat' dir='ltr'><strong>imperat</strong></span> <span class='ocrx_word' id='word_1_427' title='bbox 1730 507 1851 532; x_wconf 87' lang='lat' dir='ltr'><strong>motum</strong></span> <span class='ocrx_word' id='word_1_428' title='bbox 1876 503 2039 539; x_wconf 86' lang='lat' dir='ltr'><strong>animalis,</strong></span> <span class='ocrx_word' id='word_1_429' title='bbox 2064 505 2239 535; x_wconf 87' lang='lat' dir='ltr'><strong>actualiter</strong></span> <span class='ocrx_word' id='word_1_430' title='bbox 2266 506 2369 547; x_wconf 68' lang='lat' dir='ltr'><strong>ipsum</strong></span> <span class='ocrx_word' id='word_1_431' title='bbox 2397 517 2457 538; x_wconf 86' lang='lat' dir='ltr'><strong>suo</strong></span> 
     </span>
     <span class='ocr_line' id='line_1_56' title="bbox 1386 554 1696 584; baseline 0.003 -10"><span class='ocrx_word' id='word_1_432' title='bbox 1386 554 1522 584; x_wconf 75' lang='lat' dir='ltr'><strong>imperio</strong></span> <span class='ocrx_word' id='word_1_433' title='bbox 1547 554 1696 576; x_wconf 81' lang='lat' dir='ltr'><strong>causans.</strong></span> 
     </span>
    </p>

    <p class='ocr_par' dir='ltr' id='par_1_14' title="bbox 1382 588 2459 1391">
     <span class='ocr_line' id='line_1_57' title="bbox 1442 588 2457 631; baseline 0.007 -12"><span class='ocrx_word' id='word_1_434' title='bbox 1442 588 1472 619; x_wconf 87' lang='lat'><strong>3.</strong></span> <span class='ocrx_word' id='word_1_435' title='bbox 1497 588 1598 626; x_wconf 91' lang='lat' dir='ltr'><strong>Quod</strong></span> <span class='ocrx_word' id='word_1_436' title='bbox 1614 590 1639 619; x_wconf 91' lang='lat' dir='ltr'><strong>si</strong></span> <span class='ocrx_word' id='word_1_437' title='bbox 1664 590 1835 620; x_wconf 90' lang='lat' dir='ltr'><strong>obiiciatur</strong></span> <span class='ocrx_word' id='word_1_438' title='bbox 1851 592 2008 631; x_wconf 87' lang='lat' dir='ltr'><strong>quoniam</strong></span> <span class='ocrx_word' id='word_1_439' title='bbox 2032 593 2116 623; x_wconf 90' lang='lat' dir='ltr'><strong>actio</strong></span> <span class='ocrx_word' id='word_1_440' title='bbox 2133 594 2314 625; x_wconf 88' lang='lat' dir='ltr'><strong>immanens</strong></span> <span class='ocrx_word' id='word_1_441' title='bbox 2330 596 2457 626; x_wconf 89' lang='lat' dir='ltr'><strong>nullum</strong></span> 
     </span>
     <span class='ocr_line' id='line_1_58' title="bbox 1386 632 2458 681; baseline 0.007 -18"><span class='ocrx_word' id='word_1_442' title='bbox 1386 632 1538 663; x_wconf 86' lang='lat' dir='ltr'><strong>effectum</strong></span> <span class='ocrx_word' id='word_1_443' title='bbox 1562 639 1687 674; x_wconf 91' lang='lat' dir='ltr'><strong>praeter</strong></span> <span class='ocrx_word' id='word_1_444' title='bbox 1710 635 1874 665; x_wconf 89' lang='lat' dir='ltr'><strong>actionem</strong></span> <span class='ocrx_word' id='word_1_445' title='bbox 1904 635 2072 676; x_wconf 90' lang='lat' dir='ltr'><strong>relinquit:</strong></span> <span class='ocrx_word' id='word_1_446' title='bbox 2092 655 2113 659; x_wconf 83' lang='lat'><em>-</em></span> <span class='ocrx_word' id='word_1_447' title='bbox 2131 638 2344 678; x_wconf 91' lang='lat' dir='ltr'><strong>respondetur</strong></span> <span class='ocrx_word' id='word_1_448' title='bbox 2368 640 2458 681; x_wconf 92' lang='lat' dir='ltr'><strong>quod</strong></span> 
     </span>
     <span class='ocr_line' id='line_1_59' title="bbox 1385 678 2456 725; baseline 0.008 -18"><span class='ocrx_word' id='word_1_449' title='bbox 1385 678 1500 718; x_wconf 90' lang='lat' dir='ltr'><strong>utique</strong></span> <span class='ocrx_word' id='word_1_450' title='bbox 1523 679 1608 708; x_wconf 89' lang='lat' dir='ltr'><strong>actio</strong></span> <span class='ocrx_word' id='word_1_451' title='bbox 1635 679 1828 715; x_wconf 89' lang='lat' dir='ltr'><strong>immanens,</strong></span> <span class='ocrx_word' id='word_1_452' title='bbox 1852 680 2048 720; x_wconf 90' lang='lat' dir='ltr'><strong>inquantum</strong></span> <span class='ocrx_word' id='word_1_453' title='bbox 2069 682 2251 713; x_wconf 87' lang='lat' dir='ltr'><strong>immanens</strong></span> <span class='ocrx_word' id='word_1_454' title='bbox 2274 684 2307 714; x_wconf 90' lang='lat' dir='ltr'><strong>in</strong></span> <span class='ocrx_word' id='word_1_455' title='bbox 2331 690 2456 725; x_wconf 80' lang='lat' dir='ltr'><strong>agente,</strong></span> 
     </span>
     <span class='ocr_line' id='line_1_60' title="bbox 1385 721 2458 770; baseline 0.007 -18"><span class='ocrx_word' id='word_1_456' title='bbox 1385 722 1513 753; x_wconf 89' lang='lat' dir='ltr'><strong>nullum</strong></span> <span class='ocrx_word' id='word_1_457' title='bbox 1530 721 1682 754; x_wconf 89' lang='lat' dir='ltr'><strong>effectum</strong></span> <span class='ocrx_word' id='word_1_458' title='bbox 1697 724 1792 764; x_wconf 89' lang='lat' dir='ltr'><strong>ponit</strong></span> <span class='ocrx_word' id='word_1_459' title='bbox 1809 729 1895 754; x_wconf 84' lang='lat' dir='ltr'><strong>extra</strong></span> <span class='ocrx_word' id='word_1_460' title='bbox 1911 731 2059 764; x_wconf 87' lang='lat' dir='ltr'><strong>agentem</strong></span> <span class='ocrx_word' id='word_1_461' title='bbox 2072 726 2128 766; x_wconf 93' lang='lat' dir='ltr'><strong>qui</strong></span> <span class='ocrx_word' id='word_1_462' title='bbox 2144 728 2184 757; x_wconf 87' lang='lat' dir='ltr'><strong>sit</strong></span> <span class='ocrx_word' id='word_1_463' title='bbox 2199 727 2285 758; x_wconf 90' lang='lat' dir='ltr'><strong>idem</strong></span> <span class='ocrx_word' id='word_1_464' title='bbox 2297 738 2374 759; x_wconf 89' lang='lat' dir='ltr'><strong>cum</strong></span> <span class='ocrx_word' id='word_1_465' title='bbox 2389 729 2458 770; x_wconf 89' lang='lat' dir='ltr'><strong>ipsa</strong></span> 
     </span>
     <span class='ocr_line' id='line_1_61' title="bbox 1385 767 2458 813; baseline 0.008 -17"><span class='ocrx_word' id='word_1_466' title='bbox 1385 767 1523 803; x_wconf 89' lang='lat' dir='ltr'><strong>actione,</strong></span> <span class='ocrx_word' id='word_1_467' title='bbox 1549 767 1625 807; x_wconf 91' lang='lat' dir='ltr'><strong>quia</strong></span> <span class='ocrx_word' id='word_1_468' title='bbox 1639 767 1704 798; x_wconf 92' lang='lat' dir='ltr'><strong>hoc</strong></span> <span class='ocrx_word' id='word_1_469' title='bbox 1727 769 1975 808; x_wconf 88' lang='lat' dir='ltr'><strong>repugnantiam</strong></span> <span class='ocrx_word' id='word_1_470' title='bbox 1989 769 2143 807; x_wconf 92' lang='lat' dir='ltr'><strong>includit;</strong></span> <span class='ocrx_word' id='word_1_471' title='bbox 2168 772 2194 801; x_wconf 90' lang='lat' dir='ltr'><strong>si</strong></span> <span class='ocrx_word' id='word_1_472' title='bbox 2218 773 2305 803; x_wconf 91' lang='lat' dir='ltr'><strong>enim</strong></span> <span class='ocrx_word' id='word_1_473' title='bbox 2320 779 2458 813; x_wconf 88' lang='lat' dir='ltr'><strong>poneret</strong></span> 
     </span>
     <span class='ocr_line' id='line_1_62' title="bbox 1385 810 2459 856; baseline 0.007 -15"><span class='ocrx_word' id='word_1_474' title='bbox 1385 810 1538 842; x_wconf 84' lang='lat' dir='ltr'><strong>effectum</strong></span> <span class='ocrx_word' id='word_1_475' title='bbox 1555 821 1631 842; x_wconf 89' lang='lat' dir='ltr'><strong>cum</strong></span> <span class='ocrx_word' id='word_1_476' title='bbox 1647 821 1716 853; x_wconf 93' lang='lat' dir='ltr'><strong>quo</strong></span> <span class='ocrx_word' id='word_1_477' title='bbox 1727 813 1934 843; x_wconf 87' lang='lat' dir='ltr'><strong>materialiter</strong></span> <span class='ocrx_word' id='word_1_478' title='bbox 1949 814 1989 844; x_wconf 90' lang='lat' dir='ltr'><strong>sit</strong></span> <span class='ocrx_word' id='word_1_479' title='bbox 2005 814 2102 851; x_wconf 91' lang='lat' dir='ltr'><strong>idem,</strong></span> <span class='ocrx_word' id='word_1_480' title='bbox 2118 815 2152 845; x_wconf 92' lang='lat' dir='ltr'><strong>in</strong></span> <span class='ocrx_word' id='word_1_481' title='bbox 2168 816 2291 856; x_wconf 90' lang='lat' dir='ltr'><strong>aliquid</strong></span> <span class='ocrx_word' id='word_1_482' title='bbox 2307 818 2459 849; x_wconf 84' lang='lat' dir='ltr'><strong>extrinse-</strong></span> 
     </span>
     <span class='ocr_line' id='line_1_63' title="bbox 1385 857 2458 896; baseline 0.007 -10"><span class='ocrx_word' id='word_1_483' title='bbox 1385 865 1462 886; x_wconf 89' lang='lat' dir='ltr'><strong>cum</strong></span> <span class='ocrx_word' id='word_1_484' title='bbox 1486 857 1524 886; x_wconf 92' lang='lat' dir='ltr'><strong>ab</strong></span> <span class='ocrx_word' id='word_1_485' title='bbox 1548 862 1673 896; x_wconf 85' lang='lat' dir='ltr'><strong>agente,</strong></span> <span class='ocrx_word' id='word_1_486' title='bbox 1690 858 1756 888; x_wconf 88' lang='lat' dir='ltr'><strong>iarn</strong></span> <span class='ocrx_word' id='word_1_487' title='bbox 1770 863 1848 888; x_wconf 89' lang='lat' dir='ltr'><strong>tunc</strong></span> <span class='ocrx_word' id='word_1_488' title='bbox 1865 863 1948 888; x_wconf 88' lang='lat' dir='ltr'><strong>esset</strong></span> <span class='ocrx_word' id='word_1_489' title='bbox 1963 859 2129 895; x_wconf 90' lang='lat' dir='ltr'><strong>transiens,</strong></span> <span class='ocrx_word' id='word_1_490' title='bbox 2147 866 2178 890; x_wconf 90' lang='lat' dir='ltr'><strong>et</strong></span> <span class='ocrx_word' id='word_1_491' title='bbox 2193 870 2260 891; x_wconf 91' lang='lat' dir='ltr'><strong>non</strong></span> <span class='ocrx_word' id='word_1_492' title='bbox 2277 862 2458 893; x_wconf 89' lang='lat' dir='ltr'><strong>immanens</strong></span> 
     </span>
     <span class='ocr_line' id='line_1_64' title="bbox 1384 901 2458 946; baseline 0.006 -15"><span class='ocrx_word' id='word_1_493' title='bbox 1384 901 1418 931; x_wconf 92' lang='lat' dir='ltr'><strong>in</strong></span> <span class='ocrx_word' id='word_1_494' title='bbox 1442 906 1567 941; x_wconf 85' lang='lat' dir='ltr'><strong>agente.</strong></span> <span class='ocrx_word' id='word_1_495' title='bbox 1592 901 1655 932; x_wconf 87' lang='lat' dir='ltr'><strong>Sed</strong></span> <span class='ocrx_word' id='word_1_496' title='bbox 1678 907 1787 933; x_wconf 89' lang='lat' dir='ltr'><strong>tamen</strong></span> <span class='ocrx_word' id='word_1_497' title='bbox 1810 903 1896 933; x_wconf 88' lang='lat' dir='ltr'><strong>actio</strong></span> <span class='ocrx_word' id='word_1_498' title='bbox 1919 903 2100 934; x_wconf 88' lang='lat' dir='ltr'><strong>immanens</strong></span> <span class='ocrx_word' id='word_1_499' title='bbox 2123 910 2231 944; x_wconf 89' lang='lat' dir='ltr'><strong>potest</strong></span> <span class='ocrx_word' id='word_1_500' title='bbox 2254 915 2376 946; x_wconf 89' lang='lat' dir='ltr'><strong>ponere</strong></span> <span class='ocrx_word' id='word_1_501' title='bbox 2403 907 2458 937; x_wconf 91' lang='lat' dir='ltr'><strong>ali-</strong></span> 
     </span>
     <span class='ocr_line' id='line_1_65' title="bbox 1385 945 2458 992; baseline 0.007 -17"><span class='ocrx_word' id='word_1_502' title='bbox 1385 954 1485 985; x_wconf 89' lang='lat' dir='ltr'><strong>quem</strong></span> <span class='ocrx_word' id='word_1_503' title='bbox 1502 945 1654 977; x_wconf 88' lang='lat' dir='ltr'><strong>effectum</strong></span> <span class='ocrx_word' id='word_1_504' title='bbox 1669 947 1708 977; x_wconf 91' lang='lat' dir='ltr'><strong>ab</strong></span> <span class='ocrx_word' id='word_1_505' title='bbox 1732 947 1802 987; x_wconf 87' lang='lat' dir='ltr'><strong>ipsa</strong></span> <span class='ocrx_word' id='word_1_506' title='bbox 1821 947 1946 978; x_wconf 88' lang='lat' dir='ltr'><strong>realiter</strong></span> <span class='ocrx_word' id='word_1_507' title='bbox 1962 947 2149 979; x_wconf 89' lang='lat' dir='ltr'><strong>distinctum</strong></span> <span class='ocrx_word' id='word_1_508' title='bbox 2172 950 2206 980; x_wconf 89' lang='lat' dir='ltr'><strong>in</strong></span> <span class='ocrx_word' id='word_1_509' title='bbox 2230 950 2363 990; x_wconf 88' lang='lat' dir='ltr'><strong>aliquod</strong></span> <span class='ocrx_word' id='word_1_510' title='bbox 2386 961 2458 992; x_wconf 92' lang='lat' dir='ltr'><strong>pas-</strong></span> 
     </span>
     <span class='ocr_line' id='line_1_66' title="bbox 1384 991 2458 1026; baseline 0.007 -6"><span class='ocrx_word' id='word_1_511' title='bbox 1384 999 1458 1021; x_wconf 91' lang='lat' dir='ltr'><strong>sum</strong></span> <span class='ocrx_word' id='word_1_512' title='bbox 1471 991 1700 1021; x_wconf 85' lang='lat' dir='ltr'><strong>extrinsecum:</strong></span> <span class='ocrx_word' id='word_1_513' title='bbox 1725 997 1761 1022; x_wconf 91' lang='lat' dir='ltr'><strong>ut</strong></span> <span class='ocrx_word' id='word_1_514' title='bbox 1777 992 1821 1022; x_wconf 89' lang='lat' dir='ltr'><strong>sic</strong></span> <span class='ocrx_word' id='word_1_515' title='bbox 1838 991 1961 1022; x_wconf 88' lang='lat' dir='ltr'><strong>dicatur</strong></span> <span class='ocrx_word' id='word_1_516' title='bbox 1978 994 2134 1024; x_wconf 90' lang='lat' dir='ltr'><strong>transiens</strong></span> <span class='ocrx_word' id='word_1_517' title='bbox 2146 994 2179 1024; x_wconf 90' lang='lat' dir='ltr'><strong>in</strong></span> <span class='ocrx_word' id='word_1_518' title='bbox 2191 994 2328 1026; x_wconf 91' lang='lat' dir='ltr'><strong>alterum</strong></span> <span class='ocrx_word' id='word_1_519' title='bbox 2341 996 2458 1026; x_wconf 86' lang='lat' dir='ltr'><strong>extrin-</strong></span> 
     </span>
     <span class='ocr_line' id='line_1_67' title="bbox 1384 1035 2457 1081; baseline 0.006 -16"><span class='ocrx_word' id='word_1_520' title='bbox 1384 1044 1507 1072; x_wconf 89' lang='lat' dir='ltr'><strong>secum,</strong></span> <span class='ocrx_word' id='word_1_521' title='bbox 1530 1044 1599 1066; x_wconf 89' lang='lat' dir='ltr'><strong>non</strong></span> <span class='ocrx_word' id='word_1_522' title='bbox 1623 1035 1810 1072; x_wconf 83' lang='lat' dir='ltr'><strong>formaliter,</strong></span> <span class='ocrx_word' id='word_1_523' title='bbox 1834 1042 1990 1077; x_wconf 85' lang='lat' dir='ltr'><strong>tanquam</strong></span> <span class='ocrx_word' id='word_1_524' title='bbox 2011 1038 2044 1068; x_wconf 90' lang='lat' dir='ltr'><strong>in</strong></span> <span class='ocrx_word' id='word_1_525' title='bbox 2067 1038 2141 1078; x_wconf 91' lang='lat' dir='ltr'><strong>ipso</strong></span> <span class='ocrx_word' id='word_1_526' title='bbox 2155 1038 2304 1070; x_wconf 88' lang='lat' dir='ltr'><strong>videlicet</strong></span> <span class='ocrx_word' id='word_1_527' title='bbox 2319 1046 2457 1081; x_wconf 87' lang='lat' dir='ltr'><strong>recepta,</strong></span> 
     </span>
     <span class='ocr_line' id='line_1_68' title="bbox 1383 1078 2457 1125; baseline 0.006 -15"><span class='ocrx_word' id='word_1_528' title='bbox 1383 1078 1440 1110; x_wconf 90' lang='lat' dir='ltr'><strong>sed</strong></span> <span class='ocrx_word' id='word_1_529' title='bbox 1467 1079 1670 1120; x_wconf 89' lang='lat' dir='ltr'><strong>productive,</strong></span> <span class='ocrx_word' id='word_1_530' title='bbox 1687 1081 1773 1121; x_wconf 89' lang='lat' dir='ltr'><strong>quia,</strong></span> <span class='ocrx_word' id='word_1_531' title='bbox 1789 1081 1934 1121; x_wconf 88' lang='lat' dir='ltr'><strong>inquam,</strong></span> <span class='ocrx_word' id='word_1_532' title='bbox 1950 1082 1983 1112; x_wconf 94' lang='lat' dir='ltr'><strong>in</strong></span> <span class='ocrx_word' id='word_1_533' title='bbox 2001 1082 2100 1113; x_wconf 90' lang='lat' dir='ltr'><strong>altero</strong></span> <span class='ocrx_word' id='word_1_534' title='bbox 2118 1082 2269 1114; x_wconf 85' lang='lat' dir='ltr'><strong>effectum</strong></span> <span class='ocrx_word' id='word_1_535' title='bbox 2288 1084 2457 1125; x_wconf 86' lang='lat' dir='ltr'><strong>producit;</strong></span> 
     </span>
     <span class='ocr_line' id='line_1_69' title="bbox 1383 1125 2458 1171; baseline 0.006 -16"><span class='ocrx_word' id='word_1_536' title='bbox 1383 1125 1467 1155; x_wconf 88' lang='lat' dir='ltr'><strong>sicut</strong></span> <span class='ocrx_word' id='word_1_537' title='bbox 1490 1130 1522 1155; x_wconf 93' lang='lat' dir='ltr'><strong>et</strong></span> <span class='ocrx_word' id='word_1_538' title='bbox 1536 1134 1594 1165; x_wconf 91' lang='lat' dir='ltr'><strong>per</strong></span> <span class='ocrx_word' id='word_1_539' title='bbox 1612 1125 1789 1166; x_wconf 85' lang='lat' dir='ltr'><strong>intelligere</strong></span> <span class='ocrx_word' id='word_1_540' title='bbox 1814 1131 1846 1156; x_wconf 90' lang='lat' dir='ltr'><strong>et</strong></span> <span class='ocrx_word' id='word_1_541' title='bbox 1863 1126 1946 1157; x_wconf 90' lang='lat' dir='ltr'><strong>velle</strong></span> <span class='ocrx_word' id='word_1_542' title='bbox 1961 1126 2107 1158; x_wconf 89' lang='lat' dir='ltr'><strong>divinum</strong></span> <span class='ocrx_word' id='word_1_543' title='bbox 2130 1127 2320 1168; x_wconf 92' lang='lat' dir='ltr'><strong>producitur</strong></span> <span class='ocrx_word' id='word_1_544' title='bbox 2343 1129 2458 1171; x_wconf 89' lang='lat' dir='ltr'><strong>aliquis</strong></span> 
     </span>
     <span class='ocr_line' id='line_1_70' title="bbox 1384 1168 2459 1213; baseline 0.007 -14"><span class='ocrx_word' id='word_1_545' title='bbox 1384 1168 1517 1200; x_wconf 85' lang='lat' dir='ltr'><strong>effectus</strong></span> <span class='ocrx_word' id='word_1_546' title='bbox 1540 1169 1572 1200; x_wconf 90' lang='lat' dir='ltr'><strong>in</strong></span> <span class='ocrx_word' id='word_1_547' title='bbox 1597 1175 1750 1200; x_wconf 88' lang='lat' dir='ltr'><strong>creatura.</strong></span> <span class='ocrx_word' id='word_1_548' title='bbox 1777 1170 1869 1201; x_wconf 94' lang='lat' dir='ltr'><strong>Unde</strong></span> <span class='ocrx_word' id='word_1_549' title='bbox 1890 1171 1953 1202; x_wconf 88' lang='lat' dir='ltr'><strong>hoc</strong></span> <span class='ocrx_word' id='word_1_550' title='bbox 1976 1181 2108 1202; x_wconf 89' lang='lat' dir='ltr'><strong>movere</strong></span> <span class='ocrx_word' id='word_1_551' title='bbox 2135 1174 2295 1213; x_wconf 90' lang='lat' dir='ltr'><strong>appetitus</strong></span> <span class='ocrx_word' id='word_1_552' title='bbox 2318 1183 2387 1205; x_wconf 90' lang='lat' dir='ltr'><strong>non</strong></span> <span class='ocrx_word' id='word_1_553' title='bbox 2411 1180 2459 1206; x_wconf 89' lang='lat' dir='ltr'><strong>est</strong></span> 
     </span>
     <span class='ocr_line' id='line_1_71' title="bbox 1383 1213 2457 1256; baseline 0.006 -12"><span class='ocrx_word' id='word_1_554' title='bbox 1383 1214 1468 1245; x_wconf 88' lang='lat' dir='ltr'><strong>actio</strong></span> <span class='ocrx_word' id='word_1_555' title='bbox 1493 1213 1532 1245; x_wconf 92' lang='lat' dir='ltr'><strong>de</strong></span> <span class='ocrx_word' id='word_1_556' title='bbox 1555 1214 1817 1255; x_wconf 87' lang='lat' dir='ltr'><strong>praedicamento</strong></span> <span class='ocrx_word' id='word_1_557' title='bbox 1833 1215 1983 1252; x_wconf 81' lang='lat' dir='ltr'><strong>actionis,</strong></span> <span class='ocrx_word' id='word_1_558' title='bbox 2001 1225 2099 1256; x_wconf 92' lang='lat' dir='ltr'><strong>quam</strong></span> <span class='ocrx_word' id='word_1_559' title='bbox 2112 1216 2189 1247; x_wconf 92' lang='lat' dir='ltr'><strong>dicit</strong></span> <span class='ocrx_word' id='word_1_560' title='bbox 2199 1218 2398 1256; x_wconf 87' lang='lat' dir='ltr'><strong>Aristoteles,</strong></span> <span class='ocrx_word' id='word_1_561' title='bbox 2415 1219 2457 1250; x_wconf 88' lang='lat'><strong>111</strong></span> 
     </span>
     <span class='ocr_line' id='line_1_72' title="bbox 1383 1258 2458 1299; baseline 0.007 -11"><span class='ocrx_word' id='word_1_562' title='bbox 1383 1258 1481 1299; x_wconf 50' lang='lat' dir='ltr'><strong>Pars.</strong></span> <span class='ocrx_word' id='word_1_563' title='bbox 1494 1259 1521 1295; x_wconf 48' lang='grc' dir='ltr'><strong>ἦ</strong></span> <span class='ocrx_word' id='word_1_564' title='bbox 1546 1258 1638 1299; x_wconf 92' lang='lat' dir='ltr'><strong>quod</strong></span> <span class='ocrx_word' id='word_1_565' title='bbox 1654 1264 1702 1290; x_wconf 91' lang='lat' dir='ltr'><strong>est</strong></span> <span class='ocrx_word' id='word_1_566' title='bbox 1716 1258 1803 1290; x_wconf 92' lang='lat' dir='ltr'><strong>idem</strong></span> <span class='ocrx_word' id='word_1_567' title='bbox 1820 1260 2024 1291; x_wconf 90' lang='lat' dir='ltr'><strong>materialiter</strong></span> <span class='ocrx_word' id='word_1_568' title='bbox 2047 1271 2123 1291; x_wconf 91' lang='lat' dir='ltr'><strong>cum</strong></span> <span class='ocrx_word' id='word_1_569' title='bbox 2138 1267 2232 1292; x_wconf 93' lang='lat' dir='ltr'><strong>motu</strong></span> <span class='ocrx_word' id='word_1_570' title='bbox 2249 1268 2280 1293; x_wconf 91' lang='lat' dir='ltr'><strong>et</strong></span> <span class='ocrx_word' id='word_1_571' title='bbox 2303 1273 2379 1294; x_wconf 91' lang='lat' dir='ltr'><strong>cum</strong></span> <span class='ocrx_word' id='word_1_572' title='bbox 2395 1269 2458 1295; x_wconf 91' lang='lat' dir='ltr'><strong>ter-</strong></span> 
     </span>
     <span class='ocr_line' id='line_1_73' title="bbox 1383 1303 2456 1348; baseline 0.006 -15"><span class='ocrx_word' id='word_1_573' title='bbox 1383 1304 1474 1333; x_wconf 92' lang='lat' dir='ltr'><strong>mino</strong></span> <span class='ocrx_word' id='word_1_574' title='bbox 1490 1308 1616 1334; x_wconf 90' lang='lat' dir='ltr'><strong>motus:</strong></span> <span class='ocrx_word' id='word_1_575' title='bbox 1634 1303 1691 1334; x_wconf 90' lang='lat' dir='ltr'><strong>sed</strong></span> <span class='ocrx_word' id='word_1_576' title='bbox 1703 1309 1750 1334; x_wconf 89' lang='lat' dir='ltr'><strong>est</strong></span> <span class='ocrx_word' id='word_1_577' title='bbox 1766 1303 1806 1334; x_wconf 93' lang='lat' dir='ltr'><strong>de</strong></span> <span class='ocrx_word' id='word_1_578' title='bbox 1817 1313 1935 1344; x_wconf 88' lang='lat' dir='ltr'><strong>genere</strong></span> <span class='ocrx_word' id='word_1_579' title='bbox 1947 1305 2125 1346; x_wconf 85' lang='lat' dir='ltr'><strong>qualitatis,</strong></span> <span class='ocrx_word' id='word_1_580' title='bbox 2138 1315 2308 1337; x_wconf 88' lang='lat' dir='ltr'><strong>remanens</strong></span> <span class='ocrx_word' id='word_1_581' title='bbox 2324 1307 2456 1348; x_wconf 90' lang='lat' dir='ltr'><strong>quidem</strong></span> 
     </span>
     <span class='ocr_line' id='line_1_74' title="bbox 1382 1348 2367 1391; baseline 0.005 -14"><span class='ocrx_word' id='word_1_582' title='bbox 1382 1348 1417 1378; x_wconf 85' lang='lat' dir='ltr'><strong>in</strong></span> <span class='ocrx_word' id='word_1_583' title='bbox 1433 1353 1548 1388; x_wconf 88' lang='lat' dir='ltr'><strong>agente</strong></span> <span class='ocrx_word' id='word_1_584' title='bbox 1567 1348 1750 1379; x_wconf 87' lang='lat' dir='ltr'><strong>secundum</strong></span> <span class='ocrx_word' id='word_1_585' title='bbox 1765 1358 1809 1385; x_wconf 87' lang='lat' dir='ltr'><strong>se,</strong></span> <span class='ocrx_word' id='word_1_586' title='bbox 1834 1348 1891 1380; x_wconf 91' lang='lat' dir='ltr'><strong>sed</strong></span> <span class='ocrx_word' id='word_1_587' title='bbox 1914 1349 2066 1380; x_wconf 84' lang='lat' dir='ltr'><strong>effectum</strong></span> <span class='ocrx_word' id='word_1_588' title='bbox 2084 1350 2118 1380; x_wconf 91' lang='lat' dir='ltr'><strong>in</strong></span> <span class='ocrx_word' id='word_1_589' title='bbox 2142 1350 2206 1381; x_wconf 92' lang='lat' dir='ltr'><strong>alio</strong></span> <span class='ocrx_word' id='word_1_590' title='bbox 2229 1359 2367 1391; x_wconf 73' lang='lat' dir='ltr'><strong>ponens.</strong></span> 
     </span>
    </p>

    <p class='ocr_par' dir='ltr' id='par_1_15' title="bbox 1382 1392 2460 1834">
     <span class='ocr_line' id='line_1_75' title="bbox 1438 1392 2458 1436; baseline 0.006 -14"><span class='ocrx_word' id='word_1_591' title='bbox 1438 1402 1470 1432; x_wconf 93' lang='lat'><strong>4.</strong></span> <span class='ocrx_word' id='word_1_592' title='bbox 1494 1392 1547 1422; x_wconf 90' lang='lat' dir='ltr'><strong>Ad</strong></span> <span class='ocrx_word' id='word_1_593' title='bbox 1569 1393 1709 1423; x_wconf 88' lang='lat' dir='ltr'><strong>rationes</strong></span> <span class='ocrx_word' id='word_1_594' title='bbox 1737 1394 1908 1433; x_wconf 88' lang='lat' dir='ltr'><strong>oppositae</strong></span> <span class='ocrx_word' id='word_1_595' title='bbox 1936 1395 2100 1434; x_wconf 90' lang='lat' dir='ltr'><strong>opinionis</strong></span> <span class='ocrx_word' id='word_1_596' title='bbox 2115 1396 2131 1411; x_wconf 41' lang='grc' dir='ltr'><strong>ᾗ</strong></span> <span class='ocrx_word' id='word_1_597' title='bbox 2154 1396 2378 1436; x_wconf 88' lang='lat' dir='ltr'><strong>respondetur.</strong></span> <span class='ocrx_word' id='word_1_598' title='bbox 2405 1397 2458 1428; x_wconf 83' lang='lat' dir='ltr'><strong>Ad</strong></span> 
     </span>
     <span class='ocr_line' id='line_1_76' title="bbox 1383 1436 2457 1477; baseline 0.005 -10"><span class='ocrx_word' id='word_1_599' title='bbox 1383 1437 1521 1476; x_wconf 85' lang='lat' dir='ltr'><strong>primam</strong></span> <span class='ocrx_word' id='word_1_600' title='bbox 1538 1436 1683 1477; x_wconf 90' lang='lat' dir='ltr'><strong>quidem,</strong></span> <span class='ocrx_word' id='word_1_601' title='bbox 1700 1437 1790 1477; x_wconf 90' lang='lat' dir='ltr'><strong>quod</strong></span> <span class='ocrx_word' id='word_1_602' title='bbox 1806 1447 1874 1468; x_wconf 88' lang='lat' dir='ltr'><strong>non</strong></span> <span class='ocrx_word' id='word_1_603' title='bbox 1891 1437 2027 1469; x_wconf 86' lang='lat' dir='ltr'><strong>dicimus</strong></span> <span class='ocrx_word' id='word_1_604' title='bbox 2045 1444 2173 1470; x_wconf 90' lang='lat' dir='ltr'><strong>motum</strong></span> <span class='ocrx_word' id='word_1_605' title='bbox 2189 1449 2259 1471; x_wconf 90' lang='lat' dir='ltr'><strong>esse</strong></span> <span class='ocrx_word' id='word_1_606' title='bbox 2275 1446 2400 1472; x_wconf 88' lang='lat' dir='ltr'><strong>tantum</strong></span> <span class='ocrx_word' id='word_1_607' title='bbox 2418 1442 2457 1472; x_wconf 94' lang='lat' dir='ltr'><strong>ab</strong></span> 
     </span>
     <span class='ocr_line' id='line_1_77' title="bbox 1382 1482 2457 1526; baseline 0.006 -15"><span class='ocrx_word' id='word_1_608' title='bbox 1382 1482 1529 1522; x_wconf 90' lang='lat' dir='ltr'><strong>appetitu</strong></span> <span class='ocrx_word' id='word_1_609' title='bbox 1540 1482 1740 1522; x_wconf 89' lang='lat' dir='ltr'><strong>imperative,</strong></span> <span class='ocrx_word' id='word_1_610' title='bbox 1757 1483 1848 1522; x_wconf 88' lang='lat' dir='ltr'><strong>quasi</strong></span> <span class='ocrx_word' id='word_1_611' title='bbox 1863 1492 1986 1523; x_wconf 89' lang='lat' dir='ltr'><strong>ponere</strong></span> <span class='ocrx_word' id='word_1_612' title='bbox 2003 1489 2152 1524; x_wconf 88' lang='lat' dir='ltr'><strong>oporteat</strong></span> <span class='ocrx_word' id='word_1_613' title='bbox 2167 1484 2262 1515; x_wconf 84' lang='lat' dir='ltr'><strong>aliam</strong></span> <span class='ocrx_word' id='word_1_614' title='bbox 2277 1487 2457 1526; x_wconf 89' lang='lat' dir='ltr'><strong>potentiam</strong></span> 
     </span>
     <span class='ocr_line' id='line_1_78' title="bbox 1383 1526 2457 1572; baseline 0.007 -17"><span class='ocrx_word' id='word_1_615' title='bbox 1383 1526 1541 1556; x_wconf 90' lang='lat' dir='ltr'><strong>motivam</strong></span> <span class='ocrx_word' id='word_1_616' title='bbox 1565 1535 1649 1566; x_wconf 91' lang='lat' dir='ltr'><strong>quae</strong></span> <span class='ocrx_word' id='word_1_617' title='bbox 1673 1526 1778 1557; x_wconf 90' lang='lat' dir='ltr'><strong>eliciat</strong></span> <span class='ocrx_word' id='word_1_618' title='bbox 1801 1532 1946 1557; x_wconf 82' lang='lat' dir='ltr'><strong>motum:</strong></span> <span class='ocrx_word' id='word_1_619' title='bbox 1971 1528 2028 1558; x_wconf 91' lang='lat' dir='ltr'><strong>sed</strong></span> <span class='ocrx_word' id='word_1_620' title='bbox 2052 1529 2128 1568; x_wconf 93' lang='lat' dir='ltr'><strong>quia</strong></span> <span class='ocrx_word' id='word_1_621' title='bbox 2150 1538 2218 1559; x_wconf 92' lang='lat' dir='ltr'><strong>non</strong></span> <span class='ocrx_word' id='word_1_622' title='bbox 2243 1535 2374 1570; x_wconf 90' lang='lat' dir='ltr'><strong>oportet</strong></span> <span class='ocrx_word' id='word_1_623' title='bbox 2396 1540 2457 1572; x_wconf 92' lang='lat' dir='ltr'><strong>po-</strong></span> 
     </span>
     <span class='ocr_line' id='line_1_79' title="bbox 1383 1570 2459 1616; baseline 0.006 -16"><span class='ocrx_word' id='word_1_624' title='bbox 1383 1579 1460 1600; x_wconf 90' lang='lat' dir='ltr'><strong>nere</strong></span> <span class='ocrx_word' id='word_1_625' title='bbox 1483 1570 1583 1600; x_wconf 89' lang='lat' dir='ltr'><strong>alium</strong></span> <span class='ocrx_word' id='word_1_626' title='bbox 1606 1576 1715 1601; x_wconf 90' lang='lat' dir='ltr'><strong>actum</strong></span> <span class='ocrx_word' id='word_1_627' title='bbox 1738 1571 1772 1601; x_wconf 91' lang='lat' dir='ltr'><strong>in</strong></span> <span class='ocrx_word' id='word_1_628' title='bbox 1788 1572 1933 1612; x_wconf 90' lang='lat' dir='ltr'><strong>appetitu</strong></span> <span class='ocrx_word' id='word_1_629' title='bbox 1954 1571 2141 1603; x_wconf 90' lang='lat' dir='ltr'><strong>distinctum</strong></span> <span class='ocrx_word' id='word_1_630' title='bbox 2165 1574 2204 1603; x_wconf 89' lang='lat' dir='ltr'><strong>ab</strong></span> <span class='ocrx_word' id='word_1_631' title='bbox 2227 1574 2376 1615; x_wconf 89' lang='lat' dir='ltr'><strong>imperio,</strong></span> <span class='ocrx_word' id='word_1_632' title='bbox 2401 1577 2459 1616; x_wconf 91' lang='lat' dir='ltr'><strong>qui</strong></span> 
     </span>
     <span class='ocr_line' id='line_1_80' title="bbox 1384 1615 2457 1657; baseline 0.006 -13"><span class='ocrx_word' id='word_1_633' title='bbox 1384 1615 1424 1644; x_wconf 90' lang='lat' dir='ltr'><strong>sit</strong></span> <span class='ocrx_word' id='word_1_634' title='bbox 1447 1615 1596 1645; x_wconf 85' lang='lat' dir='ltr'><strong>executio</strong></span> <span class='ocrx_word' id='word_1_635' title='bbox 1619 1621 1740 1654; x_wconf 83' lang='lat' dir='ltr'><strong>motus,</strong></span> <span class='ocrx_word' id='word_1_636' title='bbox 1764 1615 1820 1646; x_wconf 88' lang='lat' dir='ltr'><strong>sed</strong></span> <span class='ocrx_word' id='word_1_637' title='bbox 1835 1616 2013 1655; x_wconf 90' lang='lat' dir='ltr'><strong>ipsummet</strong></span> <span class='ocrx_word' id='word_1_638' title='bbox 2036 1617 2211 1657; x_wconf 89' lang='lat' dir='ltr'><strong>imperium</strong></span> <span class='ocrx_word' id='word_1_639' title='bbox 2227 1624 2275 1648; x_wconf 86' lang='lat' dir='ltr'><strong>est</strong></span> <span class='ocrx_word' id='word_1_640' title='bbox 2297 1620 2457 1656; x_wconf 89' lang='lat' dir='ltr'><strong>executio,</strong></span> 
     </span>
     <span class='ocr_line' id='line_1_81' title="bbox 1383 1658 2459 1702; baseline 0.007 -14"><span class='ocrx_word' id='word_1_641' title='bbox 1383 1658 1494 1689; x_wconf 86' lang='lat' dir='ltr'><strong>addito</strong></span> <span class='ocrx_word' id='word_1_642' title='bbox 1518 1665 1668 1699; x_wconf 88' lang='lat' dir='ltr'><strong>respectu</strong></span> <span class='ocrx_word' id='word_1_643' title='bbox 1691 1659 1732 1690; x_wconf 90' lang='lat' dir='ltr'><strong>ad</strong></span> <span class='ocrx_word' id='word_1_644' title='bbox 1756 1659 1907 1690; x_wconf 79' lang='lat' dir='ltr'><strong>effectum</strong></span> <span class='ocrx_word' id='word_1_645' title='bbox 1936 1661 1969 1690; x_wconf 87' lang='lat' dir='ltr'><strong>in</strong></span> <span class='ocrx_word' id='word_1_646' title='bbox 1997 1667 2082 1691; x_wconf 89' lang='lat' dir='ltr'><strong>actu.</strong></span> <span class='ocrx_word' id='word_1_647' title='bbox 2107 1661 2322 1702; x_wconf 90' lang='lat' dir='ltr'><strong>Operationes</strong></span> <span class='ocrx_word' id='word_1_648' title='bbox 2349 1669 2459 1695; x_wconf 87' lang='lat' dir='ltr'><strong>autem</strong></span> 
     </span>
     <span class='ocr_line' id='line_1_82' title="bbox 1383 1703 2458 1746; baseline 0.007 -13"><span class='ocrx_word' id='word_1_649' title='bbox 1383 1713 1498 1734; x_wconf 90' lang='lat' dir='ltr'><strong>sensus</strong></span> <span class='ocrx_word' id='word_1_650' title='bbox 1521 1710 1554 1734; x_wconf 90' lang='lat' dir='ltr'><strong>et</strong></span> <span class='ocrx_word' id='word_1_651' title='bbox 1575 1703 1759 1734; x_wconf 91' lang='lat' dir='ltr'><strong>intellectus</strong></span> <span class='ocrx_word' id='word_1_652' title='bbox 1782 1709 1858 1734; x_wconf 91' lang='lat' dir='ltr'><strong>sunt</strong></span> <span class='ocrx_word' id='word_1_653' title='bbox 1881 1705 1920 1734; x_wconf 90' lang='lat' dir='ltr'><strong>ab</strong></span> <span class='ocrx_word' id='word_1_654' title='bbox 1944 1706 2092 1745; x_wconf 87' lang='lat' dir='ltr'><strong>appetitu</strong></span> <span class='ocrx_word' id='word_1_655' title='bbox 2115 1707 2305 1746; x_wconf 87' lang='lat' dir='ltr'><strong>imperative</strong></span> <span class='ocrx_word' id='word_1_656' title='bbox 2320 1713 2458 1745; x_wconf 90' lang='lat' dir='ltr'><strong>tantum,</strong></span> 
     </span>
     <span class='ocr_line' id='line_1_83' title="bbox 1384 1748 2460 1791; baseline 0.006 -13"><span class='ocrx_word' id='word_1_657' title='bbox 1384 1757 1453 1779; x_wconf 90' lang='lat' dir='ltr'><strong>non</strong></span> <span class='ocrx_word' id='word_1_658' title='bbox 1476 1753 1587 1779; x_wconf 90' lang='lat' dir='ltr'><strong>autem</strong></span> <span class='ocrx_word' id='word_1_659' title='bbox 1609 1749 1789 1779; x_wconf 84' lang='lat' dir='ltr'><strong>executive.</strong></span> <span class='ocrx_word' id='word_1_660' title='bbox 1813 1748 1891 1779; x_wconf 91' lang='lat' dir='ltr'><strong>Ideo</strong></span> <span class='ocrx_word' id='word_1_661' title='bbox 1915 1751 2062 1789; x_wconf 89' lang='lat' dir='ltr'><strong>oportuit</strong></span> <span class='ocrx_word' id='word_1_662' title='bbox 2077 1749 2147 1780; x_wconf 87' lang='lat' dir='ltr'><strong>fieri</strong></span> <span class='ocrx_word' id='word_1_663' title='bbox 2169 1753 2460 1791; x_wconf 88' lang='lat' dir='ltr'><strong>perscrutationem</strong></span> 
     </span>
     <span class='ocr_line' id='line_1_84' title="bbox 1385 1792 2377 1834; baseline 0.005 -11"><span class='ocrx_word' id='word_1_664' title='bbox 1385 1792 1425 1823; x_wconf 90' lang='lat' dir='ltr'><strong>de</strong></span> <span class='ocrx_word' id='word_1_665' title='bbox 1448 1793 1521 1834; x_wconf 88' lang='lat' dir='ltr'><strong>ipso</strong></span> <span class='ocrx_word' id='word_1_666' title='bbox 1545 1793 1691 1833; x_wconf 88' lang='lat' dir='ltr'><strong>appetitu</strong></span> <span class='ocrx_word' id='word_1_667' title='bbox 1716 1799 1752 1824; x_wconf 93' lang='lat' dir='ltr'><strong>ut</strong></span> <span class='ocrx_word' id='word_1_668' title='bbox 1774 1793 1871 1824; x_wconf 88' lang='lat' dir='ltr'><strong>habet</strong></span> <span class='ocrx_word' id='word_1_669' title='bbox 1893 1794 2054 1825; x_wconf 90' lang='lat' dir='ltr'><strong>rationem</strong></span> <span class='ocrx_word' id='word_1_670' title='bbox 2077 1795 2202 1825; x_wconf 89' lang='lat' dir='ltr'><strong>virtutis</strong></span> <span class='ocrx_word' id='word_1_671' title='bbox 2225 1797 2377 1828; x_wconf 90' lang='lat' dir='ltr'><strong>motivae.</strong></span> 
     </span>
    </p>

    <p class='ocr_par' dir='ltr' id='par_1_16' title="bbox 1383 1836 2460 1967">
     <span class='ocr_line' id='line_1_85' title="bbox 1439 1836 2460 1882; baseline 0.006 -15"><span class='ocrx_word' id='word_1_672' title='bbox 1439 1836 1492 1868; x_wconf 86' lang='lat' dir='ltr'><strong>Ad</strong></span> <span class='ocrx_word' id='word_1_673' title='bbox 1519 1837 1698 1868; x_wconf 92' lang='lat' dir='ltr'><strong>secundam</strong></span> <span class='ocrx_word' id='word_1_674' title='bbox 1727 1837 1844 1869; x_wconf 89' lang='lat' dir='ltr'><strong>dicitur</strong></span> <span class='ocrx_word' id='word_1_675' title='bbox 1874 1838 2021 1869; x_wconf 85' lang='lat' dir='ltr'><strong>similiter</strong></span> <span class='ocrx_word' id='word_1_676' title='bbox 2051 1839 2142 1880; x_wconf 93' lang='lat' dir='ltr'><strong>quod</strong></span> <span class='ocrx_word' id='word_1_677' title='bbox 2173 1846 2284 1871; x_wconf 92' lang='lat' dir='ltr'><strong>motus</strong></span> <span class='ocrx_word' id='word_1_678' title='bbox 2313 1851 2382 1872; x_wconf 88' lang='lat' dir='ltr'><strong>non</strong></span> <span class='ocrx_word' id='word_1_679' title='bbox 2412 1848 2460 1882; x_wconf 84' lang='lat' dir='ltr'><strong>est</strong></span> 
     </span>
     <span class='ocr_line' id='line_1_86' title="bbox 1383 1882 2459 1924; baseline 0.006 -12"><span class='ocrx_word' id='word_1_680' title='bbox 1383 1887 1511 1913; x_wconf 88' lang='lat' dir='ltr'><strong>tantum</strong></span> <span class='ocrx_word' id='word_1_681' title='bbox 1526 1882 1703 1923; x_wconf 89' lang='lat' dir='ltr'><strong>imperatus</strong></span> <span class='ocrx_word' id='word_1_682' title='bbox 1724 1883 1763 1912; x_wconf 86' lang='lat' dir='ltr'><strong>ab</strong></span> <span class='ocrx_word' id='word_1_683' title='bbox 1780 1883 1938 1924; x_wconf 90' lang='lat' dir='ltr'><strong>appetitu,</strong></span> <span class='ocrx_word' id='word_1_684' title='bbox 1955 1883 2011 1914; x_wconf 85' lang='lat' dir='ltr'><strong>sed</strong></span> <span class='ocrx_word' id='word_1_685' title='bbox 2027 1884 2124 1915; x_wconf 92' lang='lat' dir='ltr'><strong>etiam</strong></span> <span class='ocrx_word' id='word_1_686' title='bbox 2141 1884 2284 1916; x_wconf 89' lang='lat' dir='ltr'><strong>elicitus:</strong></span> <span class='ocrx_word' id='word_1_687' title='bbox 2301 1886 2376 1917; x_wconf 91' lang='lat' dir='ltr'><strong>licet</strong></span> <span class='ocrx_word' id='word_1_688' title='bbox 2391 1882 2459 1918; x_wconf 77' lang='lat' dir='ltr'><strong>non</strong></span> 
     </span>
     <span class='ocr_line' id='line_1_87' title="bbox 1383 1926 2201 1967; baseline 0.004 -11"><span class='ocrx_word' id='word_1_689' title='bbox 1383 1926 1447 1957; x_wconf 88' lang='lat' dir='ltr'><strong>alio</strong></span> <span class='ocrx_word' id='word_1_690' title='bbox 1472 1932 1547 1957; x_wconf 89' lang='lat' dir='ltr'><strong>actu</strong></span> <span class='ocrx_word' id='word_1_691' title='bbox 1571 1935 1671 1967; x_wconf 87' lang='lat' dir='ltr'><strong>quarn</strong></span> <span class='ocrx_word' id='word_1_692' title='bbox 1693 1927 1844 1967; x_wconf 88' lang='lat' dir='ltr'><strong>imperio,</strong></span> <span class='ocrx_word' id='word_1_693' title='bbox 1868 1928 1962 1958; x_wconf 90' lang='lat' dir='ltr'><strong>cuius</strong></span> <span class='ocrx_word' id='word_1_694' title='bbox 1986 1933 2034 1958; x_wconf 90' lang='lat' dir='ltr'><strong>est</strong></span> <span class='ocrx_word' id='word_1_695' title='bbox 2057 1927 2201 1959; x_wconf 84' lang='lat' dir='ltr'><strong>effectus.</strong></span> 
     </span>
    </p>

    <p class='ocr_par' dir='ltr' id='par_1_17' title="bbox 1383 1970 2458 2091">
     <span class='ocr_line' id='line_1_88' title="bbox 1439 1970 2458 2015; baseline 0.005 -14"><span class='ocrx_word' id='word_1_696' title='bbox 1439 1970 1492 2002; x_wconf 86' lang='lat' dir='ltr'><strong>Ad</strong></span> <span class='ocrx_word' id='word_1_697' title='bbox 1514 1972 1645 2002; x_wconf 88' lang='lat' dir='ltr'><strong>tertium</strong></span> <span class='ocrx_word' id='word_1_698' title='bbox 1669 1971 1786 2002; x_wconf 89' lang='lat' dir='ltr'><strong>dicitur</strong></span> <span class='ocrx_word' id='word_1_699' title='bbox 1802 1971 1892 2012; x_wconf 91' lang='lat' dir='ltr'><strong>quod</strong></span> <span class='ocrx_word' id='word_1_700' title='bbox 1912 1972 2093 2004; x_wconf 88' lang='lat' dir='ltr'><strong>secundum</strong></span> <span class='ocrx_word' id='word_1_701' title='bbox 2109 1973 2246 2005; x_wconf 90' lang='lat' dir='ltr'><strong>modum</strong></span> <span class='ocrx_word' id='word_1_702' title='bbox 2261 1975 2458 2015; x_wconf 86' lang='lat' dir='ltr'><strong>assignatum</strong></span> 
     </span>
     <span class='ocr_line' id='line_1_89' title="bbox 1383 2015 2456 2057; baseline 0.005 -11"><span class='ocrx_word' id='word_1_703' title='bbox 1383 2025 1452 2056; x_wconf 91' lang='lat' dir='ltr'><strong>quo</strong></span> <span class='ocrx_word' id='word_1_704' title='bbox 1475 2015 1638 2056; x_wconf 91' lang='lat' dir='ltr'><strong>appetitus</strong></span> <span class='ocrx_word' id='word_1_705' title='bbox 1661 2021 1773 2047; x_wconf 91' lang='lat' dir='ltr'><strong>movet</strong></span> <span class='ocrx_word' id='word_1_706' title='bbox 1796 2025 1926 2057; x_wconf 90' lang='lat' dir='ltr'><strong>corpus,</strong></span> <span class='ocrx_word' id='word_1_707' title='bbox 1951 2018 2071 2048; x_wconf 88' lang='lat' dir='ltr'><strong>animal</strong></span> <span class='ocrx_word' id='word_1_708' title='bbox 2093 2023 2245 2049; x_wconf 89' lang='lat' dir='ltr'><strong>movetur</strong></span> <span class='ocrx_word' id='word_1_709' title='bbox 2268 2020 2456 2057; x_wconf 85' lang='lat' dir='ltr'><strong>animaliter,</strong></span> 
     </span>
     <span class='ocr_line' id='line_1_90' title="bbox 1383 2060 1828 2091; baseline 0 0"><span class='ocrx_word' id='word_1_710' title='bbox 1383 2066 1416 2091; x_wconf 92' lang='lat' dir='ltr'><strong>et</strong></span> <span class='ocrx_word' id='word_1_711' title='bbox 1438 2070 1507 2091; x_wconf 90' lang='lat' dir='ltr'><strong>non</strong></span> <span class='ocrx_word' id='word_1_712' title='bbox 1530 2066 1657 2091; x_wconf 91' lang='lat' dir='ltr'><strong>tantum</strong></span> <span class='ocrx_word' id='word_1_713' title='bbox 1682 2060 1828 2091; x_wconf 89' lang='lat' dir='ltr'><strong>vitaliter.</strong></span> 
     </span>
    </p>

    <p class='ocr_par' dir='ltr' id='par_1_18' title="bbox 1382 2104 2458 2371">
     <span class='ocr_line' id='line_1_91' title="bbox 1439 2104 2458 2146; baseline 0.005 -11"><span class='ocrx_word' id='word_1_714' title='bbox 1439 2105 1490 2136; x_wconf 92' lang='lat' dir='ltr'><strong>Ad</strong></span> <span class='ocrx_word' id='word_1_715' title='bbox 1514 2110 1665 2146; x_wconf 88' lang='lat' dir='ltr'><strong>quartum</strong></span> <span class='ocrx_word' id='word_1_716' title='bbox 1689 2104 1806 2136; x_wconf 90' lang='lat' dir='ltr'><strong>dicitur</strong></span> <span class='ocrx_word' id='word_1_717' title='bbox 1829 2105 1919 2146; x_wconf 89' lang='lat' dir='ltr'><strong>quod</strong></span> <span class='ocrx_word' id='word_1_718' title='bbox 1943 2107 1982 2136; x_wconf 94' lang='lat' dir='ltr'><strong>ab</strong></span> <span class='ocrx_word' id='word_1_719' title='bbox 1999 2106 2171 2138; x_wconf 90' lang='lat' dir='ltr'><strong>Aristotele</strong></span> <span class='ocrx_word' id='word_1_720' title='bbox 2194 2108 2275 2138; x_wconf 90' lang='lat' dir='ltr'><strong>nihil</strong></span> <span class='ocrx_word' id='word_1_721' title='bbox 2291 2108 2378 2139; x_wconf 92' lang='lat' dir='ltr'><strong>aliud</strong></span> <span class='ocrx_word' id='word_1_722' title='bbox 2401 2109 2458 2139; x_wconf 92' lang='lat' dir='ltr'><strong>ha-</strong></span> 
     </span>
     <span class='ocr_line' id='line_1_92' title="bbox 1383 2149 2457 2193; baseline 0.005 -13"><span class='ocrx_word' id='word_1_723' title='bbox 1383 2150 1476 2181; x_wconf 89' lang='lat' dir='ltr'><strong>betur</strong></span> <span class='ocrx_word' id='word_1_724' title='bbox 1500 2159 1599 2190; x_wconf 91' lang='lat' dir='ltr'><strong>quam</strong></span> <span class='ocrx_word' id='word_1_725' title='bbox 1623 2149 1714 2190; x_wconf 94' lang='lat' dir='ltr'><strong>quod</strong></span> <span class='ocrx_word' id='word_1_726' title='bbox 1737 2151 1900 2190; x_wconf 90' lang='lat' dir='ltr'><strong>appetitus</strong></span> <span class='ocrx_word' id='word_1_727' title='bbox 1919 2156 1951 2181; x_wconf 93' lang='lat' dir='ltr'><strong>et</strong></span> <span class='ocrx_word' id='word_1_728' title='bbox 1973 2151 2065 2187; x_wconf 91' lang='lat' dir='ltr'><strong>ratio,</strong></span> <span class='ocrx_word' id='word_1_729' title='bbox 2089 2152 2155 2183; x_wconf 90' lang='lat' dir='ltr'><strong>sive</strong></span> <span class='ocrx_word' id='word_1_730' title='bbox 2171 2162 2284 2183; x_wconf 91' lang='lat' dir='ltr'><strong>sensus</strong></span> <span class='ocrx_word' id='word_1_731' title='bbox 2300 2153 2372 2193; x_wconf 91' lang='lat' dir='ltr'><strong>(per</strong></span> <span class='ocrx_word' id='word_1_732' title='bbox 2394 2154 2457 2185; x_wconf 86' lang='lat' dir='ltr'><strong>hoc</strong></span> 
     </span>
     <span class='ocr_line' id='line_1_93' title="bbox 1383 2194 2458 2238; baseline 0.005 -13"><span class='ocrx_word' id='word_1_733' title='bbox 1383 2194 1470 2225; x_wconf 90' lang='lat' dir='ltr'><strong>enim</strong></span> <span class='ocrx_word' id='word_1_734' title='bbox 1490 2194 1639 2235; x_wconf 85' lang='lat' dir='ltr'><strong>intelligit</strong></span> <span class='ocrx_word' id='word_1_735' title='bbox 1654 2194 1874 2235; x_wconf 87' lang='lat' dir='ltr'><strong>Philosophus</strong></span> <span class='ocrx_word' id='word_1_736' title='bbox 1889 2196 2070 2235; x_wconf 90' lang='lat' dir='ltr'><strong>potentiam</strong></span> <span class='ocrx_word' id='word_1_737' title='bbox 2086 2197 2366 2238; x_wconf 87' lang='lat' dir='ltr'><strong>cognoscitivam),</strong></span> <span class='ocrx_word' id='word_1_738' title='bbox 2383 2204 2458 2230; x_wconf 90' lang='lat' dir='ltr'><strong>sunt</strong></span> 
     </span>
     <span class='ocr_line' id='line_1_94' title="bbox 1382 2239 2458 2284; baseline 0.005 -15"><span class='ocrx_word' id='word_1_739' title='bbox 1382 2240 1542 2280; x_wconf 88' lang='lat' dir='ltr'><strong>principia</strong></span> <span class='ocrx_word' id='word_1_740' title='bbox 1565 2240 1731 2270; x_wconf 85' lang='lat' dir='ltr'><strong>moventia</strong></span> <span class='ocrx_word' id='word_1_741' title='bbox 1755 2239 1900 2270; x_wconf 88' lang='lat' dir='ltr'><strong>animalis</strong></span> <span class='ocrx_word' id='word_1_742' title='bbox 1924 2241 2068 2271; x_wconf 89' lang='lat' dir='ltr'><strong>membra</strong></span> <span class='ocrx_word' id='word_1_743' title='bbox 2093 2242 2190 2272; x_wconf 87' lang='lat' dir='ltr'><strong>etiam</strong></span> <span class='ocrx_word' id='word_1_744' title='bbox 2208 2243 2376 2273; x_wconf 88' lang='lat' dir='ltr'><strong>executive</strong></span> <span class='ocrx_word' id='word_1_745' title='bbox 2400 2253 2458 2284; x_wconf 90' lang='lat' dir='ltr'><strong>per</strong></span> 
     </span>
     <span class='ocr_line' id='line_1_95' title="bbox 1382 2283 2457 2327; baseline 0.004 -13"><span class='ocrx_word' id='word_1_746' title='bbox 1382 2283 1520 2315; x_wconf 89' lang='lat' dir='ltr'><strong>modurn</strong></span> <span class='ocrx_word' id='word_1_747' title='bbox 1542 2285 1665 2325; x_wconf 83' lang='lat' dir='ltr'><strong>agentis</strong></span> <span class='ocrx_word' id='word_1_748' title='bbox 1689 2289 1828 2314; x_wconf 90' lang='lat' dir='ltr'><strong>motum.</strong></span> <span class='ocrx_word' id='word_1_749' title='bbox 1848 2284 1923 2315; x_wconf 87' lang='lat' dir='ltr'><strong>Non</strong></span> <span class='ocrx_word' id='word_1_750' title='bbox 1940 2290 2050 2316; x_wconf 90' lang='lat' dir='ltr'><strong>autem</strong></span> <span class='ocrx_word' id='word_1_751' title='bbox 2066 2286 2202 2316; x_wconf 87' lang='lat' dir='ltr'><strong>habetur</strong></span> <span class='ocrx_word' id='word_1_752' title='bbox 2218 2286 2309 2327; x_wconf 93' lang='lat' dir='ltr'><strong>quod</strong></span> <span class='ocrx_word' id='word_1_753' title='bbox 2324 2296 2457 2319; x_wconf 90' lang='lat' dir='ltr'><strong>movere</strong></span> 
     </span>
     <span class='ocr_line' id='line_1_96' title="bbox 1383 2328 2219 2371; baseline 0.002 -12"><span class='ocrx_word' id='word_1_754' title='bbox 1383 2329 1423 2359; x_wconf 92' lang='lat' dir='ltr'><strong>sit</strong></span> <span class='ocrx_word' id='word_1_755' title='bbox 1446 2329 1527 2359; x_wconf 89' lang='lat' dir='ltr'><strong>alius</strong></span> <span class='ocrx_word' id='word_1_756' title='bbox 1551 2334 1641 2359; x_wconf 93' lang='lat' dir='ltr'><strong>actus</strong></span> <span class='ocrx_word' id='word_1_757' title='bbox 1664 2328 1790 2359; x_wconf 89' lang='lat' dir='ltr'><strong>realiter</strong></span> <span class='ocrx_word' id='word_1_758' title='bbox 1813 2328 1982 2360; x_wconf 88' lang='lat' dir='ltr'><strong>distinctus</strong></span> <span class='ocrx_word' id='word_1_759' title='bbox 2006 2330 2045 2360; x_wconf 94' lang='lat' dir='ltr'><strong>ab</strong></span> <span class='ocrx_word' id='word_1_760' title='bbox 2069 2330 2219 2371; x_wconf 90' lang='lat' dir='ltr'><strong>imperio.</strong></span> 
     </span>
    </p>

    <p class='ocr_par' dir='ltr' id='par_1_19' title="bbox 1383 2373 2459 2500">
     <span class='ocr_line' id='line_1_97' title="bbox 1438 2373 2457 2416; baseline 0.003 -12"><span class='ocrx_word' id='word_1_761' title='bbox 1438 2373 1521 2404; x_wconf 86' lang='lat' dir='ltr'><strong>XIII.</strong></span> <span class='ocrx_word' id='word_1_762' title='bbox 1538 2373 1591 2404; x_wconf 81' lang='lat' dir='ltr'><strong>Ad</strong></span> <span class='ocrx_word' id='word_1_763' title='bbox 1605 2374 1746 2404; x_wconf 87' lang='lat' dir='ltr'><strong>rationes</strong></span> <span class='ocrx_word' id='word_1_764' title='bbox 1762 2379 1871 2404; x_wconf 91' lang='lat' dir='ltr'><strong>autem</strong></span> <span class='ocrx_word' id='word_1_765' title='bbox 1890 2375 2075 2415; x_wconf 88' lang='lat' dir='ltr'><strong>principalis</strong></span> <span class='ocrx_word' id='word_1_766' title='bbox 2092 2375 2181 2406; x_wconf 93' lang='lat' dir='ltr'><strong>dubii</strong></span> <span class='ocrx_word' id='word_1_767' title='bbox 2193 2377 2210 2392; x_wconf 43' lang='grc' dir='ltr'>ὓ</span> <span class='ocrx_word' id='word_1_768' title='bbox 2232 2376 2457 2416; x_wconf 89' lang='lat' dir='ltr'><strong>respondetur.</strong></span> 
     </span>
     <span class='ocr_line' id='line_1_98' title="bbox 1383 2417 2458 2461; baseline 0.004 -13"><span class='ocrx_word' id='word_1_769' title='bbox 1383 2417 1435 2448; x_wconf 91' lang='lat' dir='ltr'><strong>Ad</strong></span> <span class='ocrx_word' id='word_1_770' title='bbox 1458 2419 1597 2458; x_wconf 88' lang='lat' dir='ltr'><strong>primam</strong></span> <span class='ocrx_word' id='word_1_771' title='bbox 1621 2417 1755 2459; x_wconf 90' lang='lat' dir='ltr'><strong>quidem</strong></span> <span class='ocrx_word' id='word_1_772' title='bbox 1779 2417 1896 2449; x_wconf 88' lang='lat' dir='ltr'><strong>dicitur</strong></span> <span class='ocrx_word' id='word_1_773' title='bbox 1923 2419 2014 2459; x_wconf 91' lang='lat' dir='ltr'><strong>quod</strong></span> <span class='ocrx_word' id='word_1_774' title='bbox 2043 2429 2175 2450; x_wconf 92' lang='lat' dir='ltr'><strong>movere</strong></span> <span class='ocrx_word' id='word_1_775' title='bbox 2204 2421 2367 2461; x_wconf 91' lang='lat' dir='ltr'><strong>appetitus</strong></span> <span class='ocrx_word' id='word_1_776' title='bbox 2390 2431 2458 2452; x_wconf 90' lang='lat' dir='ltr'><strong>non</strong></span> 
     </span>
     <span class='ocr_line' id='line_1_99' title="bbox 1383 2462 2459 2500; baseline 0.004 -8"><span class='ocrx_word' id='word_1_777' title='bbox 1383 2468 1432 2493; x_wconf 90' lang='lat' dir='ltr'><strong>est</strong></span> <span class='ocrx_word' id='word_1_778' title='bbox 1461 2463 1544 2493; x_wconf 88' lang='lat' dir='ltr'><strong>actio</strong></span> <span class='ocrx_word' id='word_1_779' title='bbox 1576 2463 1733 2493; x_wconf 87' lang='lat' dir='ltr'><strong>transiens</strong></span> <span class='ocrx_word' id='word_1_780' title='bbox 1766 2462 1953 2500; x_wconf 88' lang='lat' dir='ltr'><strong>formaliter,</strong></span> <span class='ocrx_word' id='word_1_781' title='bbox 1977 2463 2034 2494; x_wconf 90' lang='lat' dir='ltr'><strong>sed</strong></span> <span class='ocrx_word' id='word_1_782' title='bbox 2058 2465 2254 2495; x_wconf 88' lang='lat' dir='ltr'><strong>immanens:</strong></span> <span class='ocrx_word' id='word_1_783' title='bbox 2279 2470 2327 2495; x_wconf 88' lang='lat' dir='ltr'><strong>est</strong></span> <span class='ocrx_word' id='word_1_784' title='bbox 2349 2471 2459 2497; x_wconf 88' lang='lat' dir='ltr'><strong>tamen</strong></span> 
     </span>
    </p>
   </div>
   <div class='ocr_carea' id='block_1_8' title="bbox 252 2503 2459 2548">
    <p class='ocr_par' dir='ltr' id='par_1_20' title="bbox 252 2503 2459 2548">
     <span class='ocr_line' id='line_1_100' title="bbox 252 2503 2459 2548; baseline 0 -8"><span class='ocrx_word' id='word_1_785' title='bbox 252 2507 388 2540; x_wconf 80' lang='lat' dir='ltr'><strong>Aureoli</strong></span> <span class='ocrx_word' id='word_1_786' title='bbox 404 2512 515 2537; x_wconf 85' lang='lat' dir='ltr'><strong>contra</strong></span> <span class='ocrx_word' id='word_1_787' title='bbox 532 2506 671 2546; x_wconf 85' lang='lat' dir='ltr'><strong>primam</strong></span> <span class='ocrx_word' id='word_1_788' title='bbox 683 2506 942 2543; x_wconf 86' lang='lat' dir='ltr'><strong>conclusionem,</strong></span> <span class='ocrx_word' id='word_1_789' title='bbox 958 2507 993 2537; x_wconf 91' lang='lat' dir='ltr'><strong>in</strong></span> <span class='ocrx_word' id='word_1_790' title='bbox 1009 2508 1223 2548; x_wconf 87' lang='lat' dir='ltr'><strong>responsione</strong></span> <span class='ocrx_word' id='word_1_791' title='bbox 1241 2507 1281 2538; x_wconf 86' lang='lat' dir='ltr'><strong>ad</strong></span> <span class='ocrx_word' id='word_1_792' title='bbox 1302 2515 1328 2544; x_wconf 84' lang='grc' dir='ltr'><strong>ι,</strong></span> <span class='ocrx_word' id='word_1_793' title='bbox 1354 2503 1358 2541; x_wconf 78' lang='grc' dir='ltr'>ἰ</span> <span class='ocrx_word' id='word_1_794' title='bbox 1382 2508 1539 2538; x_wconf 87' lang='lat' dir='ltr'><strong>transiens</strong></span> <span class='ocrx_word' id='word_1_795' title='bbox 1550 2507 1752 2547; x_wconf 90' lang='lat' dir='ltr'><strong>productive,</strong></span> <span class='ocrx_word' id='word_1_796' title='bbox 1769 2508 1846 2548; x_wconf 93' lang='lat' dir='ltr'><strong>quia</strong></span> <span class='ocrx_word' id='word_1_797' title='bbox 1862 2508 2012 2539; x_wconf 89' lang='lat' dir='ltr'><strong>videlicet</strong></span> <span class='ocrx_word' id='word_1_798' title='bbox 2027 2509 2178 2548; x_wconf 91' lang='lat' dir='ltr'><strong>producit</strong></span> <span class='ocrx_word' id='word_1_799' title='bbox 2193 2515 2321 2540; x_wconf 91' lang='lat' dir='ltr'><strong>motum</strong></span> <span class='ocrx_word' id='word_1_800' title='bbox 2338 2510 2370 2540; x_wconf 92' lang='lat' dir='ltr'><strong>in</strong></span> <span class='ocrx_word' id='word_1_801' title='bbox 2387 2520 2459 2541; x_wconf 91' lang='lat' dir='ltr'><strong>cor-</strong></span> 
     </span>
    </p>
   </div>
   <div class='ocr_carea' id='block_1_9' title="bbox 219 2550 591 2588">
    <p class='ocr_par' dir='ltr' id='par_1_21' title="bbox 219 2550 591 2588">
     <span class='ocr_line' id='line_1_101' title="bbox 219 2550 591 2588; baseline -0.011 -4"><span class='ocrx_word' id='word_1_802' title='bbox 219 2552 364 2588; x_wconf 81' lang='lat' dir='ltr'><strong>-ad12,</strong></span> <span class='ocrx_word' id='word_1_803' title='bbox 389 2557 421 2582; x_wconf 91' lang='lat' dir='ltr'><strong>et</strong></span> <span class='ocrx_word' id='word_1_804' title='bbox 443 2550 484 2582; x_wconf 88' lang='lat' dir='ltr'><strong>ad</strong></span> <span class='ocrx_word' id='word_1_805' title='bbox 513 2551 591 2581; x_wconf 71' lang='lat'><strong>15*.</strong></span> 
     </span>
    </p>
   </div>
   <div class='ocr_carea' id='block_1_10' title="bbox 253 2594 1331 2906">
    <p class='ocr_par' dir='ltr' id='par_1_22' title="bbox 253 2594 1331 2906">
     <span class='ocr_line' id='line_1_102' title="bbox 311 2594 1329 2637; baseline 0 -10"><span class='ocrx_word' id='word_1_806' title='bbox 311 2606 341 2627; x_wconf 88' lang='lat'><strong>2.</strong></span> <span class='ocrx_word' id='word_1_807' title='bbox 366 2596 428 2626; x_wconf 82' lang='lat' dir='ltr'><strong>Pro</strong></span> <span class='ocrx_word' id='word_1_808' title='bbox 451 2595 549 2626; x_wconf 91' lang='lat' dir='ltr'><strong>huius</strong></span> <span class='ocrx_word' id='word_1_809' title='bbox 572 2601 682 2626; x_wconf 89' lang='lat' dir='ltr'><strong>autem</strong></span> <span class='ocrx_word' id='word_1_810' title='bbox 697 2594 925 2632; x_wconf 89' lang='lat' dir='ltr'><strong>declaratione,</strong></span> <span class='ocrx_word' id='word_1_811' title='bbox 950 2595 1222 2627; x_wconf 87' lang='lat' dir='ltr'><strong>considerandum</strong></span> <span class='ocrx_word' id='word_1_812' title='bbox 1239 2596 1329 2637; x_wconf 90' lang='lat' dir='ltr'><strong>quod</strong></span> 
     </span>
     <span class='ocr_line' id='line_1_103' title="bbox 253 2640 1330 2682; baseline -0.001 -10"><span class='ocrx_word' id='word_1_813' title='bbox 253 2641 344 2672; x_wconf 88' lang='lat' dir='ltr'><strong>aliter</strong></span> <span class='ocrx_word' id='word_1_814' title='bbox 367 2646 575 2681; x_wconf 88' lang='lat' dir='ltr'><strong>comparatur</strong></span> <span class='ocrx_word' id='word_1_815' title='bbox 597 2646 707 2671; x_wconf 89' lang='lat' dir='ltr'><strong>motus</strong></span> <span class='ocrx_word' id='word_1_816' title='bbox 730 2640 876 2671; x_wconf 91' lang='lat' dir='ltr'><strong>animalis</strong></span> <span class='ocrx_word' id='word_1_817' title='bbox 900 2640 939 2671; x_wconf 91' lang='lat' dir='ltr'><strong>ad</strong></span> <span class='ocrx_word' id='word_1_818' title='bbox 963 2641 1159 2682; x_wconf 90' lang='lat' dir='ltr'><strong>appetitum:</strong></span> <span class='ocrx_word' id='word_1_819' title='bbox 1185 2646 1216 2671; x_wconf 92' lang='lat' dir='ltr'><strong>et</strong></span> <span class='ocrx_word' id='word_1_820' title='bbox 1239 2641 1330 2671; x_wconf 91' lang='lat' dir='ltr'><strong>aliter</strong></span> 
     </span>
     <span class='ocr_line' id='line_1_104' title="bbox 253 2684 1329 2726; baseline 0 -10"><span class='ocrx_word' id='word_1_821' title='bbox 253 2691 363 2717; x_wconf 88' lang='lat' dir='ltr'><strong>motus</strong></span> <span class='ocrx_word' id='word_1_822' title='bbox 376 2685 511 2716; x_wconf 90' lang='lat' dir='ltr'><strong>alicuius</strong></span> <span class='ocrx_word' id='word_1_823' title='bbox 527 2685 673 2726; x_wconf 91' lang='lat' dir='ltr'><strong>corporis</strong></span> <span class='ocrx_word' id='word_1_824' title='bbox 686 2684 726 2715; x_wconf 87' lang='lat' dir='ltr'><strong>ad</strong></span> <span class='ocrx_word' id='word_1_825' title='bbox 737 2694 874 2716; x_wconf 89' lang='lat' dir='ltr'><strong>movens</strong></span> <span class='ocrx_word' id='word_1_826' title='bbox 891 2694 1086 2725; x_wconf 87' lang='lat' dir='ltr'><strong>corporeum</strong></span> <span class='ocrx_word' id='word_1_827' title='bbox 1103 2685 1329 2716; x_wconf 88' lang='lat' dir='ltr'><strong>extrinsecum.</strong></span> 
     </span>
     <span class='ocr_line' id='line_1_105' title="bbox 254 2729 1330 2770; baseline -0.001 -9"><span class='ocrx_word' id='word_1_828' title='bbox 254 2730 365 2762; x_wconf 88' lang='lat' dir='ltr'><strong>Motus</strong></span> <span class='ocrx_word' id='word_1_829' title='bbox 390 2731 478 2760; x_wconf 91' lang='lat' dir='ltr'><strong>enim</strong></span> <span class='ocrx_word' id='word_1_830' title='bbox 501 2729 542 2760; x_wconf 90' lang='lat' dir='ltr'><strong>ad</strong></span> <span class='ocrx_word' id='word_1_831' title='bbox 564 2739 701 2760; x_wconf 87' lang='lat' dir='ltr'><strong>movens</strong></span> <span class='ocrx_word' id='word_1_832' title='bbox 729 2739 926 2770; x_wconf 89' lang='lat' dir='ltr'><strong>corporeum</strong></span> <span class='ocrx_word' id='word_1_833' title='bbox 957 2730 1172 2760; x_wconf 86' lang='lat' dir='ltr'><strong>extrinsecum</strong></span> <span class='ocrx_word' id='word_1_834' title='bbox 1196 2739 1330 2770; x_wconf 90' lang='lat' dir='ltr'><strong>compa-</strong></span> 
     </span>
     <span class='ocr_line' id='line_1_106' title="bbox 253 2773 1330 2815; baseline -0.002 -9"><span class='ocrx_word' id='word_1_835' title='bbox 253 2781 341 2807; x_wconf 87' lang='lat' dir='ltr'><strong>ratur</strong></span> <span class='ocrx_word' id='word_1_836' title='bbox 363 2784 432 2806; x_wconf 90' lang='lat' dir='ltr'><strong>non</strong></span> <span class='ocrx_word' id='word_1_837' title='bbox 451 2774 559 2805; x_wconf 84' lang='lat' dir='ltr'><strong>solum</strong></span> <span class='ocrx_word' id='word_1_838' title='bbox 582 2783 641 2815; x_wconf 92' lang='lat' dir='ltr'><strong>per</strong></span> <span class='ocrx_word' id='word_1_839' title='bbox 655 2774 794 2806; x_wconf 89' lang='lat' dir='ltr'><strong>modum</strong></span> <span class='ocrx_word' id='word_1_840' title='bbox 814 2774 958 2810; x_wconf 81' lang='lat' dir='ltr'><strong>effectus,</strong></span> <span class='ocrx_word' id='word_1_841' title='bbox 978 2773 1035 2805; x_wconf 90' lang='lat' dir='ltr'><strong>sed</strong></span> <span class='ocrx_word' id='word_1_842' title='bbox 1057 2775 1154 2805; x_wconf 86' lang='lat' dir='ltr'><strong>etiam</strong></span> <span class='ocrx_word' id='word_1_843' title='bbox 1178 2784 1235 2815; x_wconf 90' lang='lat' dir='ltr'><strong>per</strong></span> <span class='ocrx_word' id='word_1_844' title='bbox 1257 2784 1330 2805; x_wconf 85' lang='lat' dir='ltr'><strong>mo-</strong></span> 
     </span>
     <span class='ocr_line' id='line_1_107' title="bbox 254 2818 1329 2860; baseline -0.001 -9"><span class='ocrx_word' id='word_1_845' title='bbox 254 2819 335 2851; x_wconf 86' lang='lat' dir='ltr'><strong>dum</strong></span> <span class='ocrx_word' id='word_1_846' title='bbox 350 2819 486 2851; x_wconf 83' lang='lat' dir='ltr'><strong>actionis</strong></span> <span class='ocrx_word' id='word_1_847' title='bbox 502 2828 567 2860; x_wconf 90' lang='lat' dir='ltr'><strong>qua</strong></span> <span class='ocrx_word' id='word_1_848' title='bbox 582 2818 759 2850; x_wconf 85' lang='lat' dir='ltr'><strong>formaliter</strong></span> <span class='ocrx_word' id='word_1_849' title='bbox 778 2828 916 2850; x_wconf 89' lang='lat' dir='ltr'><strong>movens</strong></span> <span class='ocrx_word' id='word_1_850' title='bbox 935 2818 1051 2850; x_wconf 89' lang='lat' dir='ltr'><strong>dicitur</strong></span> <span class='ocrx_word' id='word_1_851' title='bbox 1070 2828 1220 2850; x_wconf 89' lang='lat' dir='ltr'><strong>movere:</strong></span> <span class='ocrx_word' id='word_1_852' title='bbox 1244 2820 1329 2850; x_wconf 90' lang='lat' dir='ltr'><strong>actio</strong></span> 
     </span>
     <span class='ocr_line' id='line_1_108' title="bbox 254 2862 1331 2906; baseline -0.002 -10"><span class='ocrx_word' id='word_1_853' title='bbox 254 2865 343 2896; x_wconf 88' lang='lat' dir='ltr'><strong>enim</strong></span> <span class='ocrx_word' id='word_1_854' title='bbox 366 2864 528 2895; x_wconf 89' lang='lat' dir='ltr'><strong>moventis</strong></span> <span class='ocrx_word' id='word_1_855' title='bbox 553 2869 600 2894; x_wconf 89' lang='lat' dir='ltr'><strong>est</strong></span> <span class='ocrx_word' id='word_1_856' title='bbox 625 2863 691 2904; x_wconf 84' lang='lat' dir='ltr'><strong>ipse</strong></span> <span class='ocrx_word' id='word_1_857' title='bbox 715 2868 821 2894; x_wconf 83' lang='lat' dir='ltr'><strong>motus</strong></span> <span class='ocrx_word' id='word_1_858' title='bbox 844 2873 916 2894; x_wconf 86' lang='lat' dir='ltr'><strong>cum</strong></span> <span class='ocrx_word' id='word_1_859' title='bbox 940 2862 1128 2894; x_wconf 83' lang='lat' dir='ltr'><strong>habitudine</strong></span> <span class='ocrx_word' id='word_1_860' title='bbox 1150 2863 1279 2906; x_wconf 81' lang='lat' dir='ltr'><strong>agentis</strong></span> <span class='ocrx_word' id='word_1_861' title='bbox 1295 2869 1331 2894; x_wconf 85' lang='lat' dir='ltr'><strong>ut</strong></span> 
     </span>
    </p>
   </div>
   <div class='ocr_carea' id='block_1_11' title="bbox 219 2907 1330 2950">
    <p class='ocr_par' dir='ltr' id='par_1_23' title="bbox 219 2907 1330 2950">
     <span class='ocr_line' id='line_1_109' title="bbox 219 2907 1330 2950; baseline -0.002 -10"><span class='ocrx_word' id='word_1_862' title='bbox 219 2925 228 2931; x_wconf 89' lang='lat'>-</span> <span class='ocrx_word' id='word_1_863' title='bbox 254 2919 275 2941; x_wconf 89' lang='lat' dir='ltr'><strong>a</strong></span> <span class='ocrx_word' id='word_1_864' title='bbox 298 2918 362 2950; x_wconf 80' lang='lat' dir='ltr'><strong>quo</strong></span> <span class='ocrx_word' id='word_1_865' title='bbox 379 2909 468 2944; x_wconf 73' lang='lat' dir='ltr'><strong>est*;</strong></span> <span class='ocrx_word' id='word_1_866' title='bbox 486 2908 570 2938; x_wconf 92' lang='lat' dir='ltr'><strong>sicut</strong></span> <span class='ocrx_word' id='word_1_867' title='bbox 585 2908 668 2948; x_wconf 88' lang='lat' dir='ltr'><strong>ignis</strong></span> <span class='ocrx_word' id='word_1_868' title='bbox 684 2907 913 2939; x_wconf 90' lang='lat' dir='ltr'><strong>denominatur</strong></span> <span class='ocrx_word' id='word_1_869' title='bbox 936 2907 1128 2939; x_wconf 87' lang='lat' dir='ltr'><strong>calefaciens</strong></span> <span class='ocrx_word' id='word_1_870' title='bbox 1144 2907 1330 2945; x_wconf 89' lang='lat' dir='ltr'><strong>formaliter,</strong></span> 
     </span>
    </p>
   </div>
   <div class='ocr_carea' id='block_1_12' title="bbox 157 2948 1329 2994">
    <p class='ocr_par' dir='ltr' id='par_1_24' title="bbox 157 2948 1329 2994">
     <span class='ocr_line' id='line_1_110' title="bbox 157 2948 1329 2994; baseline -0.002 -10"><span class='ocrx_word' id='word_1_871' title='bbox 157 2967 193 2990; x_wconf 67' lang='grc' dir='ltr'><strong>ρο</strong></span> <span class='ocrx_word' id='word_1_872' title='bbox 211 2948 227 2984; x_wconf 74' lang='grc' dir='ltr'><strong>’Ξ</strong></span> <span class='ocrx_word' id='word_1_873' title='bbox 253 2959 410 2994; x_wconf 86' lang='lat' dir='ltr'><strong>tanquam</strong></span> <span class='ocrx_word' id='word_1_874' title='bbox 426 2953 565 2989; x_wconf 86' lang='lat' dir='ltr'><strong>actione,</strong></span> <span class='ocrx_word' id='word_1_875' title='bbox 582 2962 600 2982; x_wconf 91' lang='lat' dir='ltr'><strong>a</strong></span> <span class='ocrx_word' id='word_1_876' title='bbox 615 2957 710 2983; x_wconf 91' lang='lat' dir='ltr'><strong>motu</strong></span> <span class='ocrx_word' id='word_1_877' title='bbox 725 2952 944 2983; x_wconf 85' lang='lat' dir='ltr'><strong>calefactionis</strong></span> <span class='ocrx_word' id='word_1_878' title='bbox 960 2961 1036 2983; x_wconf 88' lang='lat' dir='ltr'><strong>cum</strong></span> <span class='ocrx_word' id='word_1_879' title='bbox 1052 2952 1107 2982; x_wconf 90' lang='lat' dir='ltr'><strong>tali</strong></span> <span class='ocrx_word' id='word_1_880' title='bbox 1127 2952 1329 2988; x_wconf 76' lang='lat' dir='ltr'><strong>habitudine3</strong></span> 
     </span>
    </p>
   </div>
   <div class='ocr_carea' id='block_1_13' title="bbox 0 3872 7 4031">
    <p class='ocr_par' dir='ltr' id='par_1_25' title="bbox 0 3872 7 4031">
     <span class='ocr_line' id='line_1_111' title="bbox 0 3872 7 4031; textangle 90"><span class='ocrx_word' id='word_1_881' title='bbox 0 3872 7 4031; x_wconf 46' lang='lat' dir='ltr'><strong>wv-—m-ffi-—s-</strong></span> 
     </span>
    </p>
   </div>
   <div class='ocr_carea' id='block_1_14' title="bbox 0 2277 222 3317">
    <p class='ocr_par' dir='ltr' id='par_1_26' title="bbox 0 2277 222 3317">
     <span class='ocr_line' id='line_1_112' title="bbox 0 2277 222 3317; baseline 0 0"><span class='ocrx_word' id='word_1_882' title='bbox 0 2277 222 3317; x_wconf 95' lang='lat' dir='ltr'><strong> </strong></span> 
     </span>
    </p>
   </div>
   <div class='ocr_carea' id='block_1_15' title="bbox 254 2996 1334 3618">
    <p class='ocr_par' dir='ltr' id='par_1_27' title="bbox 254 2996 1334 3618">
     <span class='ocr_line' id='line_1_113' title="bbox 254 2996 1331 3038; baseline -0.002 -9"><span class='ocrx_word' id='word_1_883' title='bbox 254 2997 343 3029; x_wconf 88' lang='lat' dir='ltr'><strong>unde</strong></span> <span class='ocrx_word' id='word_1_884' title='bbox 365 2998 475 3038; x_wconf 91' lang='lat' dir='ltr'><strong>ipsum</strong></span> <span class='ocrx_word' id='word_1_885' title='bbox 490 2996 667 3028; x_wconf 86' lang='lat' dir='ltr'><strong>calefacere</strong></span> <span class='ocrx_word' id='word_1_886' title='bbox 682 2997 761 3027; x_wconf 87' lang='lat' dir='ltr'><strong>nihil</strong></span> <span class='ocrx_word' id='word_1_887' title='bbox 782 2997 869 3027; x_wconf 89' lang='lat' dir='ltr'><strong>aliud</strong></span> <span class='ocrx_word' id='word_1_888' title='bbox 886 2996 963 3028; x_wconf 90' lang='lat' dir='ltr'><strong>dicit</strong></span> <span class='ocrx_word' id='word_1_889' title='bbox 979 3006 1078 3038; x_wconf 86' lang='lat' dir='ltr'><strong>quarn</strong></span> <span class='ocrx_word' id='word_1_890' title='bbox 1094 3002 1222 3027; x_wconf 90' lang='lat' dir='ltr'><strong>motum</strong></span> <span class='ocrx_word' id='word_1_891' title='bbox 1238 2997 1331 3028; x_wconf 88' lang='lat' dir='ltr'><strong>illum</strong></span> 
     </span>
     <span class='ocr_line' id='line_1_114' title="bbox 255 3041 1331 3082; baseline -0.002 -8"><span class='ocrx_word' id='word_1_892' title='bbox 255 3051 332 3075; x_wconf 90' lang='lat' dir='ltr'><strong>cum</strong></span> <span class='ocrx_word' id='word_1_893' title='bbox 347 3042 401 3074; x_wconf 90' lang='lat' dir='ltr'><strong>illa</strong></span> <span class='ocrx_word' id='word_1_894' title='bbox 416 3041 615 3073; x_wconf 86' lang='lat' dir='ltr'><strong>habitudine.</strong></span> <span class='ocrx_word' id='word_1_895' title='bbox 632 3060 654 3064; x_wconf 97' lang='lat'><em>-</em></span> <span class='ocrx_word' id='word_1_896' title='bbox 670 3041 723 3072; x_wconf 87' lang='lat' dir='ltr'><strong>Ad</strong></span> <span class='ocrx_word' id='word_1_897' title='bbox 737 3042 917 3082; x_wconf 84' lang='lat' dir='ltr'><strong>appetitum</strong></span> <span class='ocrx_word' id='word_1_898' title='bbox 935 3047 1044 3073; x_wconf 89' lang='lat' dir='ltr'><strong>autem</strong></span> <span class='ocrx_word' id='word_1_899' title='bbox 1060 3047 1170 3073; x_wconf 89' lang='lat' dir='ltr'><strong>motus</strong></span> <span class='ocrx_word' id='word_1_900' title='bbox 1186 3042 1331 3072; x_wconf 89' lang='lat' dir='ltr'><strong>animalis</strong></span> 
     </span>
     <span class='ocr_line' id='line_1_115' title="bbox 255 3085 1332 3128; baseline -0.001 -10"><span class='ocrx_word' id='word_1_901' title='bbox 255 3092 478 3128; x_wconf 85' lang='lat' dir='ltr'><strong>comparatur,</strong></span> <span class='ocrx_word' id='word_1_902' title='bbox 514 3096 582 3117; x_wconf 90' lang='lat' dir='ltr'><strong>non</strong></span> <span class='ocrx_word' id='word_1_903' title='bbox 611 3091 768 3126; x_wconf 90' lang='lat' dir='ltr'><strong>tanquam</strong></span> <span class='ocrx_word' id='word_1_904' title='bbox 796 3086 881 3117; x_wconf 89' lang='lat' dir='ltr'><strong>actio</strong></span> <span class='ocrx_word' id='word_1_905' title='bbox 913 3085 1090 3117; x_wconf 85' lang='lat' dir='ltr'><strong>formaliter</strong></span> <span class='ocrx_word' id='word_1_906' title='bbox 1117 3086 1332 3117; x_wconf 86' lang='lat' dir='ltr'><strong>denominans</strong></span> 
     </span>
     <span class='ocr_line' id='line_1_116' title="bbox 254 3130 1331 3174; baseline -0.002 -11"><span class='ocrx_word' id='word_1_907' title='bbox 254 3133 365 3174; x_wconf 86' lang='lat' dir='ltr'><strong>ipsum</strong></span> <span class='ocrx_word' id='word_1_908' title='bbox 379 3137 582 3162; x_wconf 86' lang='lat' dir='ltr'><strong>moventem:</strong></span> <span class='ocrx_word' id='word_1_909' title='bbox 607 3130 664 3162; x_wconf 92' lang='lat' dir='ltr'><strong>sed</strong></span> <span class='ocrx_word' id='word_1_910' title='bbox 683 3130 850 3162; x_wconf 84' lang='lat' dir='ltr'><strong>dumtaxat</strong></span> <span class='ocrx_word' id='word_1_911' title='bbox 864 3136 1019 3171; x_wconf 89' lang='lat' dir='ltr'><strong>tanquam</strong></span> <span class='ocrx_word' id='word_1_912' title='bbox 1040 3130 1172 3162; x_wconf 85' lang='lat' dir='ltr'><strong>effectus</strong></span> <span class='ocrx_word' id='word_1_913' title='bbox 1195 3131 1331 3162; x_wconf 91' lang='lat' dir='ltr'><strong>actionis</strong></span> 
     </span>
     <span class='ocr_line' id='line_1_117' title="bbox 256 3175 1332 3218; baseline -0.002 -10"><span class='ocrx_word' id='word_1_914' title='bbox 256 3186 322 3218; x_wconf 91' lang='lat' dir='ltr'><strong>qua</strong></span> <span class='ocrx_word' id='word_1_915' title='bbox 345 3176 523 3207; x_wconf 82' lang='lat' dir='ltr'><strong>formaliter</strong></span> <span class='ocrx_word' id='word_1_916' title='bbox 546 3175 663 3206; x_wconf 89' lang='lat' dir='ltr'><strong>dicitur</strong></span> <span class='ocrx_word' id='word_1_917' title='bbox 685 3185 832 3206; x_wconf 91' lang='lat' dir='ltr'><strong>movens.</strong></span> <span class='ocrx_word' id='word_1_918' title='bbox 849 3175 936 3209; x_wconf 91' lang='lat' dir='ltr'><strong>Cum</strong></span> <span class='ocrx_word' id='word_1_919' title='bbox 960 3175 1047 3206; x_wconf 90' lang='lat' dir='ltr'><strong>enim</strong></span> <span class='ocrx_word' id='word_1_920' title='bbox 1071 3175 1210 3206; x_wconf 89' lang='lat' dir='ltr'><strong>dicimus</strong></span> <span class='ocrx_word' id='word_1_921' title='bbox 1233 3185 1332 3216; x_wconf 89' lang='lat' dir='ltr'><strong>appe-</strong></span> 
     </span>
     <span class='ocr_line' id='line_1_118' title="bbox 255 3219 1332 3260; baseline -0.002 -8"><span class='ocrx_word' id='word_1_922' title='bbox 255 3221 353 3252; x_wconf 88' lang='lat' dir='ltr'><strong>titum</strong></span> <span class='ocrx_word' id='word_1_923' title='bbox 371 3230 503 3251; x_wconf 88' lang='lat' dir='ltr'><strong>movete</strong></span> <span class='ocrx_word' id='word_1_924' title='bbox 521 3220 649 3256; x_wconf 88' lang='lat' dir='ltr'><strong>animal,</strong></span> <span class='ocrx_word' id='word_1_925' title='bbox 665 3220 774 3260; x_wconf 92' lang='lat' dir='ltr'><strong>ipsum</strong></span> <span class='ocrx_word' id='word_1_926' title='bbox 790 3229 923 3250; x_wconf 90' lang='lat' dir='ltr'><strong>movere</strong></span> <span class='ocrx_word' id='word_1_927' title='bbox 938 3219 1099 3260; x_wconf 90' lang='lat' dir='ltr'><strong>appetitus</strong></span> <span class='ocrx_word' id='word_1_928' title='bbox 1114 3229 1183 3250; x_wconf 91' lang='lat' dir='ltr'><strong>non</strong></span> <span class='ocrx_word' id='word_1_929' title='bbox 1201 3225 1248 3250; x_wconf 92' lang='lat' dir='ltr'><strong>est</strong></span> <span class='ocrx_word' id='word_1_930' title='bbox 1263 3221 1332 3260; x_wconf 91' lang='lat' dir='ltr'><strong>ipse</strong></span> 
     </span>
     <span class='ocr_line' id='line_1_119' title="bbox 257 3264 1332 3305; baseline -0.003 -8"><span class='ocrx_word' id='word_1_931' title='bbox 257 3271 368 3297; x_wconf 89' lang='lat' dir='ltr'><strong>motus</strong></span> <span class='ocrx_word' id='word_1_932' title='bbox 392 3275 469 3296; x_wconf 92' lang='lat' dir='ltr'><strong>cum</strong></span> <span class='ocrx_word' id='word_1_933' title='bbox 493 3264 682 3296; x_wconf 88' lang='lat' dir='ltr'><strong>habitudine</strong></span> <span class='ocrx_word' id='word_1_934' title='bbox 705 3265 867 3305; x_wconf 86' lang='lat' dir='ltr'><strong>appetitus</strong></span> <span class='ocrx_word' id='word_1_935' title='bbox 891 3270 927 3295; x_wconf 92' lang='lat' dir='ltr'><strong>ut</strong></span> <span class='ocrx_word' id='word_1_936' title='bbox 957 3274 975 3294; x_wconf 90' lang='lat' dir='ltr'><strong>a</strong></span> <span class='ocrx_word' id='word_1_937' title='bbox 1003 3273 1087 3304; x_wconf 90' lang='lat' dir='ltr'><strong>quo:</strong></span> <span class='ocrx_word' id='word_1_938' title='bbox 1112 3264 1168 3295; x_wconf 91' lang='lat' dir='ltr'><strong>sed</strong></span> <span class='ocrx_word' id='word_1_939' title='bbox 1192 3270 1238 3295; x_wconf 87' lang='lat' dir='ltr'><strong>est</strong></span> <span class='ocrx_word' id='word_1_940' title='bbox 1261 3265 1332 3305; x_wconf 91' lang='lat' dir='ltr'><strong>ipse</strong></span> 
     </span>
     <span class='ocr_line' id='line_1_120' title="bbox 258 3309 1332 3350; baseline -0.002 -9"><span class='ocrx_word' id='word_1_941' title='bbox 258 3315 348 3341; x_wconf 90' lang='lat' dir='ltr'><strong>actus</strong></span> <span class='ocrx_word' id='word_1_942' title='bbox 363 3311 545 3341; x_wconf 88' lang='lat' dir='ltr'><strong>immanens</strong></span> <span class='ocrx_word' id='word_1_943' title='bbox 561 3310 618 3350; x_wconf 91' lang='lat' dir='ltr'><strong>qui</strong></span> <span class='ocrx_word' id='word_1_944' title='bbox 634 3314 682 3340; x_wconf 90' lang='lat' dir='ltr'><strong>est</strong></span> <span class='ocrx_word' id='word_1_945' title='bbox 697 3315 850 3350; x_wconf 89' lang='lat' dir='ltr'><strong>appetere</strong></span> <span class='ocrx_word' id='word_1_946' title='bbox 867 3314 898 3339; x_wconf 92' lang='lat' dir='ltr'><strong>et</strong></span> <span class='ocrx_word' id='word_1_947' title='bbox 913 3310 1071 3349; x_wconf 90' lang='lat' dir='ltr'><strong>imperare</strong></span> <span class='ocrx_word' id='word_1_948' title='bbox 1084 3314 1222 3345; x_wconf 90' lang='lat' dir='ltr'><strong>motum,</strong></span> <span class='ocrx_word' id='word_1_949' title='bbox 1240 3309 1332 3340; x_wconf 90' lang='lat' dir='ltr'><strong>cuius</strong></span> 
     </span>
     <span class='ocr_line' id='line_1_121' title="bbox 257 3353 1332 3395; baseline -0.002 -10"><span class='ocrx_word' id='word_1_950' title='bbox 257 3355 328 3395; x_wconf 89' lang='lat' dir='ltr'><strong>ipse</strong></span> <span class='ocrx_word' id='word_1_951' title='bbox 352 3360 462 3385; x_wconf 87' lang='lat' dir='ltr'><strong>motus</strong></span> <span class='ocrx_word' id='word_1_952' title='bbox 479 3360 527 3385; x_wconf 91' lang='lat' dir='ltr'><strong>est</strong></span> <span class='ocrx_word' id='word_1_953' title='bbox 550 3354 693 3385; x_wconf 78' lang='lat' dir='ltr'><strong>effectus.</strong></span> <span class='ocrx_word' id='word_1_954' title='bbox 711 3354 774 3385; x_wconf 92' lang='lat' dir='ltr'><strong>Sed</strong></span> <span class='ocrx_word' id='word_1_955' title='bbox 790 3363 903 3384; x_wconf 87' lang='lat' dir='ltr'><strong>verum</strong></span> <span class='ocrx_word' id='word_1_956' title='bbox 921 3359 969 3384; x_wconf 90' lang='lat' dir='ltr'><strong>est</strong></span> <span class='ocrx_word' id='word_1_957' title='bbox 984 3353 1075 3393; x_wconf 94' lang='lat' dir='ltr'><strong>quod</strong></span> <span class='ocrx_word' id='word_1_958' title='bbox 1090 3354 1248 3393; x_wconf 89' lang='lat' dir='ltr'><strong>imperare</strong></span> <span class='ocrx_word' id='word_1_959' title='bbox 1263 3363 1332 3384; x_wconf 93' lang='lat' dir='ltr'><strong>non</strong></span> 
     </span>
     <span class='ocr_line' id='line_1_122' title="bbox 258 3397 1332 3438; baseline -0.001 -9"><span class='ocrx_word' id='word_1_960' title='bbox 258 3399 356 3429; x_wconf 85' lang='lat' dir='ltr'><strong>habet</strong></span> <span class='ocrx_word' id='word_1_961' title='bbox 377 3400 538 3430; x_wconf 87' lang='lat' dir='ltr'><strong>rationem</strong></span> <span class='ocrx_word' id='word_1_962' title='bbox 554 3399 709 3429; x_wconf 88' lang='lat' dir='ltr'><strong>motionis</strong></span> <span class='ocrx_word' id='word_1_963' title='bbox 724 3399 786 3429; x_wconf 90' lang='lat' dir='ltr'><strong>nisi</strong></span> <span class='ocrx_word' id='word_1_964' title='bbox 803 3398 955 3429; x_wconf 90' lang='lat' dir='ltr'><strong>adiuncto</strong></span> <span class='ocrx_word' id='word_1_965' title='bbox 972 3403 1120 3438; x_wconf 83' lang='lat' dir='ltr'><strong>respectu</strong></span> <span class='ocrx_word' id='word_1_966' title='bbox 1145 3397 1185 3428; x_wconf 91' lang='lat' dir='ltr'><strong>ad</strong></span> <span class='ocrx_word' id='word_1_967' title='bbox 1203 3403 1332 3428; x_wconf 92' lang='lat' dir='ltr'><strong>motum</strong></span> 
     </span>
     <span class='ocr_line' id='line_1_123' title="bbox 259 3441 1334 3484; baseline -0.002 -10"><span class='ocrx_word' id='word_1_968' title='bbox 259 3442 405 3474; x_wconf 77' lang='lat' dir='ltr'><strong>animalis</strong></span> <span class='ocrx_word' id='word_1_969' title='bbox 427 3449 584 3484; x_wconf 85' lang='lat' dir='ltr'><strong>tanquam</strong></span> <span class='ocrx_word' id='word_1_970' title='bbox 600 3443 640 3474; x_wconf 90' lang='lat' dir='ltr'><strong>ad</strong></span> <span class='ocrx_word' id='word_1_971' title='bbox 664 3442 816 3474; x_wconf 88' lang='lat' dir='ltr'><strong>effectum</strong></span> <span class='ocrx_word' id='word_1_972' title='bbox 840 3444 873 3473; x_wconf 90' lang='lat' dir='ltr'><strong>in</strong></span> <span class='ocrx_word' id='word_1_973' title='bbox 890 3448 974 3473; x_wconf 88' lang='lat' dir='ltr'><strong>actu.</strong></span> <span class='ocrx_word' id='word_1_974' title='bbox 999 3442 1076 3473; x_wconf 89' lang='lat' dir='ltr'><strong>Non</strong></span> <span class='ocrx_word' id='word_1_975' title='bbox 1100 3441 1238 3472; x_wconf 90' lang='lat' dir='ltr'><strong>dicimus</strong></span> <span class='ocrx_word' id='word_1_976' title='bbox 1255 3451 1334 3483; x_wconf 85' lang='lat' dir='ltr'><strong>ergo</strong></span> 
     </span>
     <span class='ocr_line' id='line_1_124' title="bbox 260 3486 1333 3528; baseline -0.002 -9"><span class='ocrx_word' id='word_1_977' title='bbox 260 3486 352 3528; x_wconf 92' lang='lat' dir='ltr'><strong>quod</strong></span> <span class='ocrx_word' id='word_1_978' title='bbox 374 3488 455 3519; x_wconf 90' lang='lat' dir='ltr'><strong>alius</strong></span> <span class='ocrx_word' id='word_1_979' title='bbox 478 3493 568 3519; x_wconf 88' lang='lat' dir='ltr'><strong>actus</strong></span> <span class='ocrx_word' id='word_1_980' title='bbox 592 3489 755 3528; x_wconf 91' lang='lat' dir='ltr'><strong>appetitus</strong></span> <span class='ocrx_word' id='word_1_981' title='bbox 779 3489 820 3518; x_wconf 87' lang='lat' dir='ltr'><strong>sit</strong></span> <span class='ocrx_word' id='word_1_982' title='bbox 842 3488 1001 3528; x_wconf 88' lang='lat' dir='ltr'><strong>imperare</strong></span> <span class='ocrx_word' id='word_1_983' title='bbox 1024 3491 1164 3523; x_wconf 88' lang='lat' dir='ltr'><strong>motum,</strong></span> <span class='ocrx_word' id='word_1_984' title='bbox 1197 3492 1229 3517; x_wconf 91' lang='lat' dir='ltr'><strong>et</strong></span> <span class='ocrx_word' id='word_1_985' title='bbox 1252 3487 1333 3519; x_wconf 88' lang='lat' dir='ltr'><strong>alius</strong></span> 
     </span>
     <span class='ocr_line' id='line_1_125' title="bbox 259 3530 1334 3573; baseline -0.001 -10"><span class='ocrx_word' id='word_1_986' title='bbox 259 3541 394 3563; x_wconf 87' lang='lat' dir='ltr'><strong>movere</strong></span> <span class='ocrx_word' id='word_1_987' title='bbox 417 3532 570 3563; x_wconf 82' lang='lat' dir='ltr'><strong>elicitive:</strong></span> <span class='ocrx_word' id='word_1_988' title='bbox 594 3532 652 3564; x_wconf 89' lang='lat' dir='ltr'><strong>sed</strong></span> <span class='ocrx_word' id='word_1_989' title='bbox 672 3532 763 3573; x_wconf 92' lang='lat' dir='ltr'><strong>quod</strong></span> <span class='ocrx_word' id='word_1_990' title='bbox 786 3532 873 3563; x_wconf 90' lang='lat' dir='ltr'><strong>idem</strong></span> <span class='ocrx_word' id='word_1_991' title='bbox 889 3538 979 3562; x_wconf 88' lang='lat' dir='ltr'><strong>actus</strong></span> <span class='ocrx_word' id='word_1_992' title='bbox 1003 3530 1185 3562; x_wconf 90' lang='lat' dir='ltr'><strong>secundum</strong></span> <span class='ocrx_word' id='word_1_993' title='bbox 1200 3541 1269 3562; x_wconf 90' lang='lat' dir='ltr'><strong>rem</strong></span> <span class='ocrx_word' id='word_1_994' title='bbox 1286 3537 1334 3562; x_wconf 89' lang='lat' dir='ltr'><strong>est</strong></span> 
     </span>
     <span class='ocr_line' id='line_1_126' title="bbox 260 3575 1333 3618; baseline -0.001 -11"><span class='ocrx_word' id='word_1_995' title='bbox 260 3578 418 3618; x_wconf 88' lang='lat' dir='ltr'><strong>imperare</strong></span> <span class='ocrx_word' id='word_1_996' title='bbox 442 3582 572 3608; x_wconf 90' lang='lat' dir='ltr'><strong>motum</strong></span> <span class='ocrx_word' id='word_1_997' title='bbox 595 3583 627 3608; x_wconf 88' lang='lat' dir='ltr'><strong>et</strong></span> <span class='ocrx_word' id='word_1_998' title='bbox 650 3577 765 3608; x_wconf 88' lang='lat' dir='ltr'><strong>elicere</strong></span> <span class='ocrx_word' id='word_1_999' title='bbox 789 3582 932 3613; x_wconf 86' lang='lat' dir='ltr'><strong>motum;</strong></span> <span class='ocrx_word' id='word_1_1000' title='bbox 957 3575 1196 3616; x_wconf 87' lang='lat' dir='ltr'><strong>distinguuntur</strong></span> <span class='ocrx_word' id='word_1_1001' title='bbox 1223 3581 1333 3606; x_wconf 88' lang='lat' dir='ltr'><strong>tamen</strong></span> 
     </span>
    </p>
   </div>
   <div class='ocr_carea' id='block_1_16' title="bbox 1383 2552 2459 3617">
    <p class='ocr_par' dir='ltr' id='par_1_28' title="bbox 1384 2552 1646 2592">
     <span class='ocr_line' id='line_1_127' title="bbox 1384 2552 1646 2592; baseline 0 -10"><span class='ocrx_word' id='word_1_1002' title='bbox 1384 2561 1464 2592; x_wconf 90' lang='lat' dir='ltr'><strong>pore</strong></span> <span class='ocrx_word' id='word_1_1003' title='bbox 1488 2552 1646 2582; x_wconf 89' lang='lat' dir='ltr'><strong>animalis.</strong></span> 
     </span>
    </p>

    <p class='ocr_par' dir='ltr' id='par_1_29' title="bbox 1383 2595 2458 2859">
     <span class='ocr_line' id='line_1_128' title="bbox 1439 2595 2458 2638; baseline 0.003 -12"><span class='ocrx_word' id='word_1_1004' title='bbox 1439 2596 1492 2627; x_wconf 90' lang='lat' dir='ltr'><strong>Ad</strong></span> <span class='ocrx_word' id='word_1_1005' title='bbox 1507 2595 1688 2627; x_wconf 90' lang='lat' dir='ltr'><strong>secundum</strong></span> <span class='ocrx_word' id='word_1_1006' title='bbox 1704 2595 1876 2636; x_wconf 90' lang='lat' dir='ltr'><strong>dupliciter</strong></span> <span class='ocrx_word' id='word_1_1007' title='bbox 1891 2602 1999 2636; x_wconf 89' lang='lat' dir='ltr'><strong>potest</strong></span> <span class='ocrx_word' id='word_1_1008' title='bbox 2014 2597 2213 2637; x_wconf 91' lang='lat' dir='ltr'><strong>responderi.</strong></span> <span class='ocrx_word' id='word_1_1009' title='bbox 2230 2598 2350 2634; x_wconf 90' lang='lat' dir='ltr'><strong>Primo,</strong></span> <span class='ocrx_word' id='word_1_1010' title='bbox 2367 2598 2458 2638; x_wconf 93' lang='lat' dir='ltr'><strong>quod</strong></span> 
     </span>
     <span class='ocr_line' id='line_1_129' title="bbox 1383 2640 2458 2683; baseline 0.003 -13"><span class='ocrx_word' id='word_1_1011' title='bbox 1383 2651 1442 2682; x_wconf 89' lang='lat' dir='ltr'><strong>per</strong></span> <span class='ocrx_word' id='word_1_1012' title='bbox 1465 2641 1619 2671; x_wconf 79' lang='lat' dir='ltr'><strong>motivum</strong></span> <span class='ocrx_word' id='word_1_1013' title='bbox 1642 2640 1820 2671; x_wconf 83' lang='lat' dir='ltr'><strong>secundum</strong></span> <span class='ocrx_word' id='word_1_1014' title='bbox 1844 2641 1961 2677; x_wconf 85' lang='lat' dir='ltr'><strong>locum,</strong></span> <span class='ocrx_word' id='word_1_1015' title='bbox 1987 2640 2173 2672; x_wconf 91' lang='lat' dir='ltr'><strong>distinctum</strong></span> <span class='ocrx_word' id='word_1_1016' title='bbox 2198 2647 2310 2672; x_wconf 89' lang='lat' dir='ltr'><strong>contra</strong></span> <span class='ocrx_word' id='word_1_1017' title='bbox 2334 2644 2458 2683; x_wconf 85' lang='lat' dir='ltr'><strong>appeti-</strong></span> 
     </span>
     <span class='ocr_line' id='line_1_130' title="bbox 1383 2685 2456 2727; baseline 0.003 -12"><span class='ocrx_word' id='word_1_1018' title='bbox 1383 2691 1465 2722; x_wconf 87' lang='lat' dir='ltr'><strong>tum,</strong></span> <span class='ocrx_word' id='word_1_1019' title='bbox 1489 2685 1627 2716; x_wconf 87' lang='lat' dir='ltr'><strong>intendit</strong></span> <span class='ocrx_word' id='word_1_1020' title='bbox 1641 2685 1831 2715; x_wconf 89' lang='lat' dir='ltr'><strong>Aristoteles</strong></span> <span class='ocrx_word' id='word_1_1021' title='bbox 1849 2686 2030 2725; x_wconf 87' lang='lat' dir='ltr'><strong>potentiam</strong></span> <span class='ocrx_word' id='word_1_1022' title='bbox 2054 2687 2210 2717; x_wconf 90' lang='lat' dir='ltr'><strong>motivam</strong></span> <span class='ocrx_word' id='word_1_1023' title='bbox 2230 2693 2456 2727; x_wconf 89' lang='lat' dir='ltr'><strong>exequentem,</strong></span> 
     </span>
     <span class='ocr_line' id='line_1_131' title="bbox 1385 2730 2455 2772; baseline 0.003 -12"><span class='ocrx_word' id='word_1_1024' title='bbox 1385 2740 1468 2770; x_wconf 90' lang='lat' dir='ltr'><strong>quae</strong></span> <span class='ocrx_word' id='word_1_1025' title='bbox 1485 2735 1532 2760; x_wconf 91' lang='lat' dir='ltr'><strong>est</strong></span> <span class='ocrx_word' id='word_1_1026' title='bbox 1554 2730 1700 2770; x_wconf 87' lang='lat' dir='ltr'><strong>potentia</strong></span> <span class='ocrx_word' id='word_1_1027' title='bbox 1716 2730 1841 2770; x_wconf 87' lang='lat' dir='ltr'><strong>passiva</strong></span> <span class='ocrx_word' id='word_1_1028' title='bbox 1856 2731 1890 2760; x_wconf 92' lang='lat' dir='ltr'><strong>in</strong></span> <span class='ocrx_word' id='word_1_1029' title='bbox 1905 2731 2059 2761; x_wconf 88' lang='lat' dir='ltr'><strong>membris</strong></span> <span class='ocrx_word' id='word_1_1030' title='bbox 2072 2731 2295 2772; x_wconf 88' lang='lat' dir='ltr'><strong>corporalibus</strong></span> <span class='ocrx_word' id='word_1_1031' title='bbox 2307 2733 2455 2763; x_wconf 65' lang='lat' dir='ltr'><strong>existens</strong></span> 
     </span>
     <span class='ocr_line' id='line_1_132' title="bbox 1384 2773 2457 2814; baseline 0.002 -9"><span class='ocrx_word' id='word_1_1032' title='bbox 1384 2775 1426 2805; x_wconf 90' lang='lat' dir='ltr'><strong>Et</strong></span> <span class='ocrx_word' id='word_1_1033' title='bbox 1447 2775 1528 2805; x_wconf 91' lang='lat' dir='ltr'><strong>haec</strong></span> <span class='ocrx_word' id='word_1_1034' title='bbox 1551 2775 1721 2814; x_wconf 89' lang='lat' dir='ltr'><strong>responsio</strong></span> <span class='ocrx_word' id='word_1_1035' title='bbox 1744 2773 1872 2805; x_wconf 90' lang='lat' dir='ltr'><strong>videtur</strong></span> <span class='ocrx_word' id='word_1_1036' title='bbox 1886 2784 1956 2806; x_wconf 90' lang='lat' dir='ltr'><strong>esse</strong></span> <span class='ocrx_word' id='word_1_1037' title='bbox 1980 2775 2020 2805; x_wconf 93' lang='lat' dir='ltr'><strong>de</strong></span> <span class='ocrx_word' id='word_1_1038' title='bbox 2043 2782 2152 2806; x_wconf 89' lang='lat' dir='ltr'><strong>mente</strong></span> <span class='ocrx_word' id='word_1_1039' title='bbox 2172 2776 2279 2807; x_wconf 90' lang='lat' dir='ltr'><strong>Sancti</strong></span> <span class='ocrx_word' id='word_1_1040' title='bbox 2308 2776 2457 2807; x_wconf 92' lang='lat' dir='ltr'><strong>Thomae</strong></span> 
     </span>
     <span class='ocr_line' id='line_1_133' title="bbox 1384 2818 1898 2859; baseline 0.002 -10"><span class='ocrx_word' id='word_1_1041' title='bbox 1384 2819 1501 2855; x_wconf 89' lang='lat' dir='ltr'><strong>Prima,</strong></span> <span class='ocrx_word' id='word_1_1042' title='bbox 1525 2829 1557 2859; x_wconf 91' lang='lat' dir='ltr'><strong>q.</strong></span> <span class='ocrx_word' id='word_1_1043' title='bbox 1574 2829 1700 2856; x_wconf 77' lang='lat' dir='ltr'><strong>Lxxvm,</strong></span> <span class='ocrx_word' id='word_1_1044' title='bbox 1719 2828 1746 2849; x_wconf 88' lang='lat' dir='ltr'><strong>a.</strong></span> <span class='ocrx_word' id='word_1_1045' title='bbox 1767 2827 1794 2858; x_wconf 88' lang='lat'><strong>1,</strong></span> <span class='ocrx_word' id='word_1_1046' title='bbox 1811 2818 1852 2850; x_wconf 90' lang='lat' dir='ltr'><strong>ad</strong></span> <span class='ocrx_word' id='word_1_1047' title='bbox 1866 2828 1898 2859; x_wconf 91' lang='lat'><strong>4.</strong></span> 
     </span>
    </p>

    <p class='ocr_par' dir='ltr' id='par_1_30' title="bbox 1383 2862 2459 3617">
     <span class='ocr_line' id='line_1_134' title="bbox 1441 2862 2456 2906; baseline 0.001 -12"><span class='ocrx_word' id='word_1_1048' title='bbox 1441 2863 1606 2900; x_wconf 90' lang='lat' dir='ltr'><strong>Secundo,</strong></span> <span class='ocrx_word' id='word_1_1049' title='bbox 1637 2862 1728 2904; x_wconf 93' lang='lat' dir='ltr'><strong>quod</strong></span> <span class='ocrx_word' id='word_1_1050' title='bbox 1755 2863 1910 2895; x_wconf 85' lang='lat' dir='ltr'><strong>motivum</strong></span> <span class='ocrx_word' id='word_1_1051' title='bbox 1938 2864 2114 2894; x_wconf 85' lang='lat' dir='ltr'><strong>secundum</strong></span> <span class='ocrx_word' id='word_1_1052' title='bbox 2139 2864 2245 2895; x_wconf 86' lang='lat' dir='ltr'><strong>locum</strong></span> <span class='ocrx_word' id='word_1_1053' title='bbox 2275 2866 2369 2905; x_wconf 92' lang='lat' dir='ltr'><strong>ponit</strong></span> <span class='ocrx_word' id='word_1_1054' title='bbox 2395 2875 2456 2906; x_wconf 92' lang='lat' dir='ltr'><strong>po-</strong></span> 
     </span>
     <span class='ocr_line' id='line_1_135' title="bbox 1383 2907 2456 2949; baseline 0.002 -11"><span class='ocrx_word' id='word_1_1055' title='bbox 1383 2909 1517 2939; x_wconf 87' lang='lat' dir='ltr'><strong>tentiam</strong></span> <span class='ocrx_word' id='word_1_1056' title='bbox 1541 2907 1725 2939; x_wconf 89' lang='lat' dir='ltr'><strong>distinctam</strong></span> <span class='ocrx_word' id='word_1_1057' title='bbox 1748 2908 1787 2939; x_wconf 96' lang='lat' dir='ltr'><strong>ab</strong></span> <span class='ocrx_word' id='word_1_1058' title='bbox 1812 2909 1968 2949; x_wconf 89' lang='lat' dir='ltr'><strong>appetitu,</strong></span> <span class='ocrx_word' id='word_1_1059' title='bbox 1992 2918 2060 2939; x_wconf 92' lang='lat' dir='ltr'><strong>non</strong></span> <span class='ocrx_word' id='word_1_1060' title='bbox 2085 2909 2217 2949; x_wconf 92' lang='lat' dir='ltr'><strong>quidem</strong></span> <span class='ocrx_word' id='word_1_1061' title='bbox 2241 2909 2375 2946; x_wconf 90' lang='lat' dir='ltr'><strong>realiter,</strong></span> <span class='ocrx_word' id='word_1_1062' title='bbox 2400 2909 2456 2941; x_wconf 90' lang='lat' dir='ltr'><strong>sed</strong></span> 
     </span>
     <span class='ocr_line' id='line_1_136' title="bbox 1384 2953 2456 2993; baseline 0.002 -10"><span class='ocrx_word' id='word_1_1063' title='bbox 1384 2953 1563 2983; x_wconf 89' lang='lat' dir='ltr'><strong>formaliter</strong></span> <span class='ocrx_word' id='word_1_1064' title='bbox 1577 2958 1714 2989; x_wconf 91' lang='lat' dir='ltr'><strong>tantum,</strong></span> <span class='ocrx_word' id='word_1_1065' title='bbox 1730 2959 1864 2993; x_wconf 90' lang='lat' dir='ltr'><strong>propter</strong></span> <span class='ocrx_word' id='word_1_1066' title='bbox 1879 2953 2095 2984; x_wconf 88' lang='lat' dir='ltr'><strong>diversitatem</strong></span> <span class='ocrx_word' id='word_1_1067' title='bbox 2111 2959 2244 2984; x_wconf 90' lang='lat' dir='ltr'><strong>actuum</strong></span> <span class='ocrx_word' id='word_1_1068' title='bbox 2260 2955 2456 2985; x_wconf 88' lang='lat' dir='ltr'><strong>convenien—</strong></span> 
     </span>
     <span class='ocr_line' id='line_1_137' title="bbox 1384 2997 2456 3038; baseline 0.001 -10"><span class='ocrx_word' id='word_1_1069' title='bbox 1384 2998 1467 3028; x_wconf 88' lang='lat' dir='ltr'><strong>tium</strong></span> <span class='ocrx_word' id='word_1_1070' title='bbox 1483 2997 1642 3038; x_wconf 90' lang='lat' dir='ltr'><strong>appetitui</strong></span> <span class='ocrx_word' id='word_1_1071' title='bbox 1664 2998 1859 3038; x_wconf 86' lang='lat' dir='ltr'><strong>inquantum</strong></span> <span class='ocrx_word' id='word_1_1072' title='bbox 1876 2999 2039 3038; x_wconf 86' lang='lat' dir='ltr'><strong>appetitus</strong></span> <span class='ocrx_word' id='word_1_1073' title='bbox 2055 3004 2112 3035; x_wconf 92' lang='lat' dir='ltr'><strong>est,</strong></span> <span class='ocrx_word' id='word_1_1074' title='bbox 2137 3003 2168 3028; x_wconf 92' lang='lat' dir='ltr'><strong>et</strong></span> <span class='ocrx_word' id='word_1_1075' title='bbox 2191 2999 2456 3029; x_wconf 85' lang='lat' dir='ltr'><strong>convenientium</strong></span> 
     </span>
     <span class='ocr_line' id='line_1_138' title="bbox 1385 3042 2456 3083; baseline 0.001 -10"><span class='ocrx_word' id='word_1_1076' title='bbox 1385 3042 1431 3073; x_wconf 91' lang='lat' dir='ltr'><strong>illi</strong></span> <span class='ocrx_word' id='word_1_1077' title='bbox 1446 3047 1483 3073; x_wconf 89' lang='lat' dir='ltr'><strong>ut</strong></span> <span class='ocrx_word' id='word_1_1078' title='bbox 1507 3047 1555 3073; x_wconf 89' lang='lat' dir='ltr'><strong>est</strong></span> <span class='ocrx_word' id='word_1_1079' title='bbox 1570 3043 1767 3083; x_wconf 88' lang='lat' dir='ltr'><strong>principium</strong></span> <span class='ocrx_word' id='word_1_1080' title='bbox 1784 3043 1943 3073; x_wconf 89' lang='lat' dir='ltr'><strong>motivum</strong></span> <span class='ocrx_word' id='word_1_1081' title='bbox 1961 3043 2116 3073; x_wconf 83' lang='lat' dir='ltr'><strong>animalis.</strong></span> <span class='ocrx_word' id='word_1_1082' title='bbox 2133 3042 2200 3081; x_wconf 92' lang='lat' dir='ltr'><strong>Qui</strong></span> <span class='ocrx_word' id='word_1_1083' title='bbox 2217 3042 2350 3083; x_wconf 91' lang='lat' dir='ltr'><strong>quidem</strong></span> <span class='ocrx_word' id='word_1_1084' title='bbox 2366 3049 2456 3074; x_wconf 86' lang='lat' dir='ltr'><strong>actus</strong></span> 
     </span>
     <span class='ocr_line' id='line_1_139' title="bbox 1384 3086 2456 3128; baseline 0.001 -11"><span class='ocrx_word' id='word_1_1085' title='bbox 1384 3088 1418 3118; x_wconf 90' lang='lat' dir='ltr'><strong>in</strong></span> <span class='ocrx_word' id='word_1_1086' title='bbox 1434 3087 1628 3118; x_wconf 86' lang='lat' dir='ltr'><strong>animalibus</strong></span> <span class='ocrx_word' id='word_1_1087' title='bbox 1643 3086 1777 3118; x_wconf 88' lang='lat' dir='ltr'><strong>diversis</strong></span> <span class='ocrx_word' id='word_1_1088' title='bbox 1800 3093 1998 3127; x_wconf 88' lang='lat' dir='ltr'><strong>separantur.</strong></span> <span class='ocrx_word' id='word_1_1089' title='bbox 2023 3088 2059 3118; x_wconf 89' lang='lat' dir='ltr'><strong>In</strong></span> <span class='ocrx_word' id='word_1_1090' title='bbox 2075 3087 2268 3128; x_wconf 86' lang='lat' dir='ltr'><strong>quibusdam</strong></span> <span class='ocrx_word' id='word_1_1091' title='bbox 2285 3088 2372 3118; x_wconf 90' lang='lat' dir='ltr'><strong>enim</strong></span> <span class='ocrx_word' id='word_1_1092' title='bbox 2388 3089 2456 3118; x_wconf 86' lang='lat' dir='ltr'><strong>ani-</strong></span> 
     </span>
     <span class='ocr_line' id='line_1_140' title="bbox 1385 3131 2457 3172; baseline 0 -10"><span class='ocrx_word' id='word_1_1093' title='bbox 1385 3131 1523 3162; x_wconf 89' lang='lat' dir='ltr'><strong>malibus</strong></span> <span class='ocrx_word' id='word_1_1094' title='bbox 1545 3131 1709 3162; x_wconf 85' lang='lat' dir='ltr'><strong>invenitur</strong></span> <span class='ocrx_word' id='word_1_1095' title='bbox 1731 3132 1892 3172; x_wconf 89' lang='lat' dir='ltr'><strong>appetitus</strong></span> <span class='ocrx_word' id='word_1_1096' title='bbox 1916 3137 2075 3172; x_wconf 89' lang='lat' dir='ltr'><strong>quantum</strong></span> <span class='ocrx_word' id='word_1_1097' title='bbox 2102 3131 2142 3162; x_wconf 92' lang='lat' dir='ltr'><strong>ad</strong></span> <span class='ocrx_word' id='word_1_1098' title='bbox 2165 3137 2272 3162; x_wconf 91' lang='lat' dir='ltr'><strong>actum</strong></span> <span class='ocrx_word' id='word_1_1099' title='bbox 2296 3132 2457 3172; x_wconf 84' lang='lat' dir='ltr'><strong>appetitus</strong></span> 
     </span>
     <span class='ocr_line' id='line_1_141' title="bbox 1384 3176 2456 3217; baseline 0.001 -11"><span class='ocrx_word' id='word_1_1100' title='bbox 1384 3176 1581 3216; x_wconf 90' lang='lat' dir='ltr'><strong>inquantum</strong></span> <span class='ocrx_word' id='word_1_1101' title='bbox 1604 3181 1652 3206; x_wconf 91' lang='lat' dir='ltr'><strong>est</strong></span> <span class='ocrx_word' id='word_1_1102' title='bbox 1675 3177 1848 3217; x_wconf 91' lang='lat' dir='ltr'><strong>appetitus,</strong></span> <span class='ocrx_word' id='word_1_1103' title='bbox 1873 3177 1907 3207; x_wconf 92' lang='lat' dir='ltr'><strong>in</strong></span> <span class='ocrx_word' id='word_1_1104' title='bbox 1930 3177 2049 3216; x_wconf 90' lang='lat' dir='ltr'><strong>quibus</strong></span> <span class='ocrx_word' id='word_1_1105' title='bbox 2071 3186 2140 3207; x_wconf 95' lang='lat' dir='ltr'><strong>non</strong></span> <span class='ocrx_word' id='word_1_1106' title='bbox 2167 3177 2330 3207; x_wconf 90' lang='lat' dir='ltr'><strong>invenitur</strong></span> <span class='ocrx_word' id='word_1_1107' title='bbox 2354 3185 2456 3216; x_wconf 91' lang='lat' dir='ltr'><strong>quan-</strong></span> 
     </span>
     <span class='ocr_line' id='line_1_142' title="bbox 1385 3219 2458 3261; baseline 0 -10"><span class='ocrx_word' id='word_1_1108' title='bbox 1385 3225 1456 3251; x_wconf 87' lang='lat' dir='ltr'><strong>tum</strong></span> <span class='ocrx_word' id='word_1_1109' title='bbox 1480 3219 1521 3251; x_wconf 92' lang='lat' dir='ltr'><strong>ad</strong></span> <span class='ocrx_word' id='word_1_1110' title='bbox 1544 3226 1653 3251; x_wconf 91' lang='lat' dir='ltr'><strong>actum</strong></span> <span class='ocrx_word' id='word_1_1111' title='bbox 1669 3221 1727 3261; x_wconf 94' lang='lat' dir='ltr'><strong>qui</strong></span> <span class='ocrx_word' id='word_1_1112' title='bbox 1743 3226 1790 3251; x_wconf 90' lang='lat' dir='ltr'><strong>est</strong></span> <span class='ocrx_word' id='word_1_1113' title='bbox 1813 3230 1944 3251; x_wconf 88' lang='lat' dir='ltr'><strong>causare</strong></span> <span class='ocrx_word' id='word_1_1114' title='bbox 1959 3226 2088 3251; x_wconf 89' lang='lat' dir='ltr'><strong>motum</strong></span> <span class='ocrx_word' id='word_1_1115' title='bbox 2104 3230 2164 3251; x_wconf 88' lang='lat' dir='ltr'><strong>suo</strong></span> <span class='ocrx_word' id='word_1_1116' title='bbox 2180 3221 2329 3261; x_wconf 90' lang='lat' dir='ltr'><strong>imperio,</strong></span> <span class='ocrx_word' id='word_1_1117' title='bbox 2353 3226 2385 3251; x_wconf 91' lang='lat' dir='ltr'><strong>et</strong></span> <span class='ocrx_word' id='word_1_1118' title='bbox 2400 3230 2458 3261; x_wconf 90' lang='lat' dir='ltr'><strong>per</strong></span> 
     </span>
     <span class='ocr_line' id='line_1_143' title="bbox 1385 3266 2458 3306; baseline 0 -11"><span class='ocrx_word' id='word_1_1119' title='bbox 1385 3274 1591 3305; x_wconf 87' lang='lat' dir='ltr'><strong>consequens</strong></span> <span class='ocrx_word' id='word_1_1120' title='bbox 1604 3274 1672 3295; x_wconf 89' lang='lat' dir='ltr'><strong>non</strong></span> <span class='ocrx_word' id='word_1_1121' title='bbox 1690 3271 1737 3295; x_wconf 91' lang='lat' dir='ltr'><strong>est</strong></span> <span class='ocrx_word' id='word_1_1122' title='bbox 1759 3266 1792 3295; x_wconf 91' lang='lat' dir='ltr'><strong>in</strong></span> <span class='ocrx_word' id='word_1_1123' title='bbox 1813 3266 1858 3295; x_wconf 90' lang='lat' dir='ltr'><strong>eis</strong></span> <span class='ocrx_word' id='word_1_1124' title='bbox 1881 3266 2042 3306; x_wconf 90' lang='lat' dir='ltr'><strong>appetitus</strong></span> <span class='ocrx_word' id='word_1_1125' title='bbox 2058 3270 2095 3295; x_wconf 91' lang='lat' dir='ltr'><strong>ut</strong></span> <span class='ocrx_word' id='word_1_1126' title='bbox 2112 3266 2208 3295; x_wconf 90' lang='lat' dir='ltr'><strong>habet</strong></span> <span class='ocrx_word' id='word_1_1127' title='bbox 2222 3266 2380 3295; x_wconf 89' lang='lat' dir='ltr'><strong>rationem</strong></span> <span class='ocrx_word' id='word_1_1128' title='bbox 2395 3266 2458 3296; x_wconf 89' lang='lat' dir='ltr'><strong>vir-</strong></span> 
     </span>
     <span class='ocr_line' id='line_1_144' title="bbox 1385 3310 2458 3350; baseline 0 -10"><span class='ocrx_word' id='word_1_1129' title='bbox 1385 3310 1462 3340; x_wconf 89' lang='lat' dir='ltr'><strong>tutis</strong></span> <span class='ocrx_word' id='word_1_1130' title='bbox 1485 3310 1643 3340; x_wconf 87' lang='lat' dir='ltr'><strong>motivae:</strong></span> <span class='ocrx_word' id='word_1_1131' title='bbox 1669 3314 1705 3339; x_wconf 94' lang='lat' dir='ltr'><strong>ut</strong></span> <span class='ocrx_word' id='word_1_1132' title='bbox 1728 3315 1816 3350; x_wconf 90' lang='lat' dir='ltr'><strong>patet</strong></span> <span class='ocrx_word' id='word_1_1133' title='bbox 1838 3310 1870 3339; x_wconf 91' lang='lat' dir='ltr'><strong>in</strong></span> <span class='ocrx_word' id='word_1_1134' title='bbox 1888 3310 2080 3340; x_wconf 89' lang='lat' dir='ltr'><strong>animalibus</strong></span> <span class='ocrx_word' id='word_1_1135' title='bbox 2096 3319 2180 3349; x_wconf 87' lang='lat' dir='ltr'><strong>quae</strong></span> <span class='ocrx_word' id='word_1_1136' title='bbox 2195 3320 2263 3340; x_wconf 91' lang='lat' dir='ltr'><strong>non</strong></span> <span class='ocrx_word' id='word_1_1137' title='bbox 2284 3315 2458 3340; x_wconf 90' lang='lat' dir='ltr'><strong>moventur</strong></span> 
     </span>
     <span class='ocr_line' id='line_1_145' title="bbox 1385 3353 2457 3394; baseline 0 -10"><span class='ocrx_word' id='word_1_1138' title='bbox 1385 3360 1479 3384; x_wconf 91' lang='lat' dir='ltr'><strong>motu</strong></span> <span class='ocrx_word' id='word_1_1139' title='bbox 1491 3354 1704 3394; x_wconf 86' lang='lat' dir='ltr'><strong>progressivo.</strong></span> <span class='ocrx_word' id='word_1_1140' title='bbox 1717 3355 1811 3384; x_wconf 91' lang='lat' dir='ltr'><strong>Hanc</strong></span> <span class='ocrx_word' id='word_1_1141' title='bbox 1823 3354 2069 3394; x_wconf 91' lang='lat' dir='ltr'><strong>responsionem</strong></span> <span class='ocrx_word' id='word_1_1142' title='bbox 2079 3353 2206 3384; x_wconf 91' lang='lat' dir='ltr'><strong>videtur</strong></span> <span class='ocrx_word' id='word_1_1143' title='bbox 2217 3359 2346 3394; x_wconf 89' lang='lat' dir='ltr'><strong>tangere</strong></span> <span class='ocrx_word' id='word_1_1144' title='bbox 2356 3354 2457 3385; x_wconf 91' lang='lat' dir='ltr'><strong>Com-</strong></span> 
     </span>
     <span class='ocr_line' id='line_1_146' title="bbox 1385 3398 2457 3439; baseline 0 -10"><span class='ocrx_word' id='word_1_1145' title='bbox 1385 3404 1557 3435; x_wconf 86' lang='lat' dir='ltr'><strong>mentator,</strong></span> <span class='ocrx_word' id='word_1_1146' title='bbox 1582 3399 1608 3429; x_wconf 89' lang='lat'><strong>11</strong></span> <span class='ocrx_word' id='word_1_1147' title='bbox 1633 3398 1672 3428; x_wconf 83' lang='lat' dir='ltr'><strong>de</strong></span> <span class='ocrx_word' id='word_1_1148' title='bbox 1695 3399 1822 3434; x_wconf 87' lang='lat' dir='ltr'><strong>Anima,</strong></span> <span class='ocrx_word' id='word_1_1149' title='bbox 1847 3404 2023 3429; x_wconf 90' lang='lat' dir='ltr'><strong>comment.</strong></span> <span class='ocrx_word' id='word_1_1150' title='bbox 2050 3408 2102 3438; x_wconf 89' lang='lat'><strong>27,</strong></span> <span class='ocrx_word' id='word_1_1151' title='bbox 2126 3399 2182 3428; x_wconf 93' lang='lat' dir='ltr'><strong>ubi</strong></span> <span class='ocrx_word' id='word_1_1152' title='bbox 2206 3399 2250 3429; x_wconf 90' lang='lat' dir='ltr'><strong>ait</strong></span> <span class='ocrx_word' id='word_1_1153' title='bbox 2272 3398 2362 3439; x_wconf 91' lang='lat' dir='ltr'><strong>quod</strong></span> <span class='ocrx_word' id='word_1_1154' title='bbox 2386 3399 2457 3429; x_wconf 90' lang='lat' dir='ltr'><strong>Ari-</strong></span> 
     </span>
     <span class='ocr_line' id='line_1_147' title="bbox 1385 3443 2457 3484; baseline 0.001 -11"><span class='ocrx_word' id='word_1_1155' title='bbox 1385 3443 1517 3474; x_wconf 89' lang='lat' dir='ltr'><strong>stoteles</strong></span> <span class='ocrx_word' id='word_1_1156' title='bbox 1534 3453 1599 3484; x_wconf 82' lang='lat' dir='ltr'><strong>per</strong></span> <span class='ocrx_word' id='word_1_1157' title='bbox 1625 3456 1638 3469; x_wconf 78' lang='grc'><strong>«</strong></span> <span class='ocrx_word' id='word_1_1158' title='bbox 1655 3443 1849 3474; x_wconf 84' lang='lat' dir='ltr'><strong>desiderium</strong></span> <span class='ocrx_word' id='word_1_1159' title='bbox 1866 3456 1879 3469; x_wconf 82' lang='grc'><strong><em>»</em></strong></span> <span class='ocrx_word' id='word_1_1160' title='bbox 1907 3443 2082 3483; x_wconf 83' lang='lat' dir='ltr'><strong>appetitum</strong></span> <span class='ocrx_word' id='word_1_1161' title='bbox 2109 3443 2152 3473; x_wconf 85' lang='lat' dir='ltr'><strong>ad</strong></span> <span class='ocrx_word' id='word_1_1162' title='bbox 2178 3443 2282 3474; x_wconf 84' lang='lat' dir='ltr'><strong>cibum</strong></span> <span class='ocrx_word' id='word_1_1163' title='bbox 2310 3443 2457 3479; x_wconf 85' lang='lat' dir='ltr'><strong>intendit,</strong></span> 
     </span>
     <span class='ocr_line' id='line_1_148' title="bbox 1386 3487 2457 3528; baseline 0.001 -10"><span class='ocrx_word' id='word_1_1164' title='bbox 1386 3492 1418 3518; x_wconf 85' lang='lat' dir='ltr'><strong>et</strong></span> <span class='ocrx_word' id='word_1_1165' title='bbox 1433 3487 1505 3518; x_wconf 82' lang='lat' dir='ltr'><strong>ideo</strong></span> <span class='ocrx_word' id='word_1_1166' title='bbox 1529 3488 1696 3528; x_wconf 77' lang='lat' dir='ltr'><strong>separavit</strong></span> <span class='ocrx_word' id='word_1_1167' title='bbox 1712 3488 1814 3528; x_wconf 82' lang='lat' dir='ltr'><strong>ipsum</strong></span> <span class='ocrx_word' id='word_1_1168' title='bbox 1831 3497 1851 3517; x_wconf 89' lang='lat' dir='ltr'><strong>a</strong></span> <span class='ocrx_word' id='word_1_1169' title='bbox 1868 3492 2014 3518; x_wconf 83' lang='lat' dir='ltr'><strong>movente</strong></span> <span class='ocrx_word' id='word_1_1170' title='bbox 2031 3488 2062 3518; x_wconf 87' lang='lat' dir='ltr'><strong>in</strong></span> <span class='ocrx_word' id='word_1_1171' title='bbox 2081 3488 2164 3523; x_wconf 88' lang='lat' dir='ltr'><strong>loco,</strong></span> <span class='ocrx_word' id='word_1_1172' title='bbox 2185 3492 2217 3518; x_wconf 91' lang='lat' dir='ltr'><strong>et</strong></span> <span class='ocrx_word' id='word_1_1173' title='bbox 2227 3488 2339 3528; x_wconf 81' lang='lat' dir='ltr'><strong>posuit</strong></span> <span class='ocrx_word' id='word_1_1174' title='bbox 2354 3488 2457 3528; x_wconf 79' lang='lat' dir='ltr'><strong>ipsum</strong></span> 
     </span>
     <span class='ocr_line' id='line_1_149' title="bbox 1384 3532 2459 3573; baseline 0.001 -11"><span class='ocrx_word' id='word_1_1175' title='bbox 1384 3541 1491 3573; x_wconf 82' lang='lat' dir='ltr'><strong>genus</strong></span> <span class='ocrx_word' id='word_1_1176' title='bbox 1510 3542 1572 3572; x_wconf 83' lang='lat' dir='ltr'><strong>per</strong></span> <span class='ocrx_word' id='word_1_1177' title='bbox 1593 3540 1645 3563; x_wconf 87' lang='lat' dir='ltr'><strong>se:</strong></span> <span class='ocrx_word' id='word_1_1178' title='bbox 1668 3542 1740 3562; x_wconf 91' lang='lat' dir='ltr'><strong>cum</strong></span> <span class='ocrx_word' id='word_1_1179' title='bbox 1765 3532 1827 3562; x_wconf 84' lang='lat' dir='ltr'><strong>ista</strong></span> <span class='ocrx_word' id='word_1_1180' title='bbox 1861 3532 1964 3562; x_wconf 81' lang='lat' dir='ltr'><strong>virtus</strong></span> <span class='ocrx_word' id='word_1_1181' title='bbox 1988 3532 2176 3562; x_wconf 81' lang='lat' dir='ltr'><strong>inveniatur</strong></span> <span class='ocrx_word' id='word_1_1182' title='bbox 2200 3533 2232 3563; x_wconf 88' lang='lat' dir='ltr'><strong>in</strong></span> <span class='ocrx_word' id='word_1_1183' title='bbox 2262 3532 2459 3564; x_wconf 82' lang='lat' dir='ltr'><strong>animalibus</strong></span> 
     </span>
     <span class='ocr_line' id='line_1_150' title="bbox 1387 3582 1765 3617; baseline 0 -10"><span class='ocrx_word' id='word_1_1184' title='bbox 1387 3586 1471 3617; x_wconf 83' lang='lat' dir='ltr'><strong>quae</strong></span> <span class='ocrx_word' id='word_1_1185' title='bbox 1494 3587 1560 3607; x_wconf 87' lang='lat' dir='ltr'><strong>non</strong></span> <span class='ocrx_word' id='word_1_1186' title='bbox 1585 3582 1765 3607; x_wconf 78' lang='lat' dir='ltr'><strong>mouentur.</strong></span> 
     </span>
    </p>
   </div>
   <div class='ocr_carea' id='block_1_17' title="bbox 1334 3661 1389 3703">
    <p class='ocr_par' dir='ltr' id='par_1_31' title="bbox 1334 3661 1389 3703">
     <span class='ocr_line' id='line_1_151' title="bbox 1334 3661 1389 3703; baseline 0 -28"><span class='ocrx_word' id='word_1_1187' title='bbox 1334 3661 1389 3703; x_wconf 48' lang='grc' dir='ltr'><strong>ψ.</strong></span> 
     </span>
    </p>
   </div>
   <div class='ocr_carea' id='block_1_18' title="bbox 2484 1269 2616 1297">
    <p class='ocr_par' dir='ltr' id='par_1_32' title="bbox 2484 1269 2616 1297">
     <span class='ocr_line' id='line_1_152' title="bbox 2484 1269 2616 1297; baseline 0.008 -6"><span class='ocrx_word' id='word_1_1188' title='bbox 2484 1271 2492 1279; x_wconf 89' lang='grc'><em>·</em></span> <span class='ocrx_word' id='word_1_1189' title='bbox 2509 1269 2565 1297; x_wconf 86' lang='lat' dir='ltr'><strong>Cap.</strong></span> <span class='ocrx_word' id='word_1_1190' title='bbox 2582 1275 2616 1292; x_wconf 84' lang='grc' dir='ltr'>ιιι.</span> 
     </span>
    </p>
   </div>
   <div class='ocr_carea' id='block_1_19' title="bbox 2485 1398 2654 1424">
    <p class='ocr_par' dir='ltr' id='par_1_33' title="bbox 2485 1398 2654 1424">
     <span class='ocr_line' id='line_1_153' title="bbox 2485 1398 2654 1424; baseline 0.006 -4"><span class='ocrx_word' id='word_1_1191' title='bbox 2485 1399 2494 1408; x_wconf 91' lang='grc'>·</span> <span class='ocrx_word' id='word_1_1192' title='bbox 2509 1398 2580 1420; x_wconf 87' lang='lat' dir='ltr'><strong>Num.</strong></span> <span class='ocrx_word' id='word_1_1193' title='bbox 2590 1404 2623 1424; x_wconf 78' lang='lat' dir='ltr'><strong>xi,</strong></span> <span class='ocrx_word' id='word_1_1194' title='bbox 2632 1404 2654 1422; x_wconf 75' lang='lat' dir='ltr'><strong>a.</strong></span> 
     </span>
    </p>
   </div>
   <div class='ocr_carea' id='block_1_20' title="bbox 2486 2384 2619 2407">
    <p class='ocr_par' dir='ltr' id='par_1_34' title="bbox 2486 2384 2619 2407">
     <span class='ocr_line' id='line_1_154' title="bbox 2486 2384 2619 2407; baseline 0 -1"><span class='ocrx_word' id='word_1_1195' title='bbox 2486 2386 2495 2395; x_wconf 72' lang='lat'><strong><em>‘</em></strong></span> <span class='ocrx_word' id='word_1_1196' title='bbox 2510 2384 2580 2407; x_wconf 87' lang='lat' dir='ltr'><strong>Num.</strong></span> <span class='ocrx_word' id='word_1_1197' title='bbox 2596 2390 2619 2406; x_wconf 85' lang='lat' dir='ltr'><strong>x.</strong></span> 
     </span>
    </p>
   </div>
  </div>
 </body>
</html>
