2768 4134
28 1949 41 1961 ⁶
54 1947 93 1972 cf.
102 1954 126 1971 n.
134 1955 183 1976 xxv,
192 1948 244 1972 init.

871 301 1058 339 SUMMA
1089 303 1310 343 CONTRA
1339 306 1614 354 GENTILES,
1646 307 1756 344 CAP.
1777 309 1875 345 LIX.

273 378 508 419 productionis,
525 379 582 410 sed
598 379 696 410 etiam
712 379 908 419 cognitionis
931 390 1049 412 rerum.
1065 401 1087 404 -
1103 383 1195 414 Hanc
1212 394 1346 424 respon—

272 424 400 455 sionem
423 424 593 454 meliorem
617 430 710 464 puto,
735 428 767 454 et
793 424 895 463 magis
925 424 964 455 ad
994 426 1208 458 intentionem
1237 429 1345 459 Sancti

273 468 303 498 T
304 469 432 499 homae.

331 523 360 544 2.
385 513 438 544 Ad
453 512 634 543 secundum
651 511 768 543 dicitur
784 512 875 552 quod
891 522 958 543 non
976 520 1022 544 est
1038 515 1083 545 sic
1099 516 1345 557 intelligendum

273 558 363 598 quod
380 557 497 589 dicitur
511 558 576 588 hoc
591 558 679 593 loco,
696 556 843 587 divinum
862 558 1062 589 intellectum
1081 562 1345 601 compositionem

272 608 330 633 aut
345 602 536 633 divisionem
548 602 665 638 dicere,
680 601 772 641 quasi
785 600 869 632 dicat
881 604 1155 642 compositionem
1167 615 1224 645 per
1238 607 1346 647 ipsum

272 647 420 678 divinum
434 646 636 678 intellectum
659 645 788 682 factam,
804 651 841 676 ut
861 647 1002 677 obiectio
1019 649 1175 687 procedit,
1195 651 1277 681 sicut
1297 653 1346 682 in-

273 692 419 722 tellectus
430 697 541 722 noster
556 690 633 721 dicit
648 691 784 721 verbum
797 691 1006 732 complexum
1022 692 1102 723 illud
1118 693 1344 733 producendo:

271 735 328 766 sed
351 737 428 776 quia
451 735 539 772 dicit,
563 735 646 766 idest
670 735 814 776 concipit
837 741 869 766 et
891 736 1050 776 intelligit,
1074 740 1346 778 compositionem

272 786 304 811 et
327 780 520 811 divisionem
536 780 718 811 intellectus
734 780 836 810 nostri
851 789 910 820 per
932 781 1067 811 verbum
1089 782 1234 823 simplex,
1257 786 1346 825 quod

272 834 407 856 omnem
430 825 612 856 intellectus
628 825 729 855 nostri
749 825 1025 865 compositionem
1046 833 1271 866 repraesentat.
1288 829 1347 860 Pa-

272 875 331 901 tet:
349 870 426 911 quia
449 869 581 900 deducit
603 870 667 900 hoc
684 879 722 900 ex
747 879 787 900 eo
804 869 895 910 quod
910 870 1081 912 cognoscit
1095 873 1345 911 enuntiationes,

272 923 340 946 non
364 914 499 956 quidem
522 915 562 945 ab
585 915 659 955 ipso
684 914 848 950 formatas,
873 924 950 945 cum
980 921 1148 946 ostensum
1177 917 1217 947 sit
1240 918 1347 958 ipsum

272 969 341 991 non
357 969 568 1002 componere,
585 959 641 990 sed
657 960 696 989 ab
711 959 879 990 intellectu
895 964 1019 990 nostro.
1033 959 1133 998 Quod
1149 962 1244 992 etiam
1261 969 1348 1003 patet

273 1014 387 1036 verum
411 1014 480 1035 esse
504 1014 542 1035 ex
565 1005 604 1035 iis
628 1013 712 1044 quae
728 1003 881 1034 dicuntur
903 1004 1019 1040 Prima,
1037 1014 1069 1045 q.
1086 1015 1148 1041 xvi,
1166 1016 1193 1036 a.
1214 1007 1242 1042 5,
1260 1007 1299 1037 ad
1320 1017 1346 1044 ι,

272 1050 329 1081 ubi
353 1049 470 1080 dicitur
493 1049 585 1090 quod
601 1049 782 1080 intellectus
805 1048 936 1079 divinus
957 1049 1134 1080 secundum
1157 1060 1250 1081 suam
1272 1053 1347 1083 sim-

267 1095 387 1135 plicem
399 1094 650 1136 intelligentiam
667 1093 792 1124 iudicat
799 1093 840 1124 de
851 1093 999 1124 omnibus
1011 1098 1043 1124 et
1052 1096 1222 1136 cognoscit
1237 1097 1347 1128 omnia

273 1140 455 1181 complexa.
479 1139 556 1170 Hoc
578 1144 689 1170 autem
711 1137 830 1169 sufficit
853 1137 894 1169 ad
916 1139 1125 1179 propositum
1148 1150 1255 1177 suum,
1280 1151 1348 1182 quo

273 1185 343 1215 vult
357 1183 529 1215 ostendere
543 1184 653 1224 ipsum
667 1183 835 1214 veritatem
851 1192 1060 1223 cognoscere,
1076 1185 1151 1215 licet
1174 1195 1241 1216 non
1258 1195 1348 1217 com-

273 1234 384 1270 ponat.
412 1228 446 1260 Si
467 1229 555 1260 enim
571 1228 743 1269 cognoscit
758 1228 1035 1268 compositionem
1051 1229 1232 1261 intellectus
1248 1232 1348 1261 nostri

273 1274 476 1316 (simpliciter
490 1279 611 1309 tamen,
630 1278 663 1303 et
686 1273 809 1313 absque
825 1273 1067 1313 compositione
1086 1283 1125 1304 ex
1146 1281 1236 1314 parte
1259 1283 1349 1307 actus

273 1317 349 1361 sui),
377 1327 454 1350 cum
480 1318 551 1358 ipsa
577 1317 776 1358 compositio
803 1317 970 1348 veritatem
1001 1319 1176 1355 contineat,
1204 1321 1350 1361 sequitur

251 1362 260 1364 ⁴
273 1362 366 1405 quod
387 1363 558 1394 veritatem
580 1367 768 1403 cognoscat.
1001 1387 1003 1389 ,

331 1407 361 1439 3.
380 1407 434 1439 Ad
448 1408 580 1438 tertium
596 1407 713 1439 dicitur
728 1405 830 1448 quod,
847 1416 923 1437 cum
942 1407 1119 1448 intelligere
1143 1418 1211 1439 non
1234 1409 1349 1440 habeat

273 1453 434 1484 rationem
451 1452 721 1494 repraesentantis
739 1452 916 1488 obiectum,
936 1452 992 1483 sed
1015 1458 1142 1484 tantum
1166 1454 1350 1494 attingentis

272 1498 392 1539 ipsum,
408 1497 498 1528 nulla
513 1503 624 1538 posset
639 1497 672 1527 in
688 1497 762 1538 ipso
777 1496 913 1537 intelligi
928 1496 1120 1538 adaequatio
1143 1499 1205 1529 nisi
1225 1499 1258 1529 in
1281 1508 1349 1529 esse

273 1548 417 1574 naturae.
441 1542 484 1573 Et
509 1542 596 1578 ideo,
623 1551 701 1573 cum
723 1542 833 1583 ipsum
856 1543 1039 1573 necessario
1067 1543 1107 1573 sit
1128 1543 1349 1579 immateriale,

273 1588 300 1618 si
322 1597 373 1618 res
396 1587 559 1618 intellecta
581 1587 622 1618 sit
645 1586 828 1622 materialis,
853 1595 921 1618 non
949 1588 1068 1628 poterit
1095 1588 1178 1618 inter
1200 1587 1254 1618 illa
1281 1598 1350 1619 esse

273 1631 478 1673 adaequatio.
503 1631 694 1672 Conceptus
710 1637 820 1662 autem
834 1631 1018 1663 intellectus
1034 1638 1082 1663 est
1097 1631 1202 1663 forma
1224 1642 1350 1673 reprae-

272 1677 428 1708 sentativa
442 1677 488 1708 rei
512 1676 703 1708 intellectae.
729 1675 816 1713 ldeo,
833 1676 908 1708 licet
931 1686 998 1707 non
1023 1678 1063 1707 sit
1086 1677 1168 1708 inter
1190 1677 1299 1717 ipsum
1320 1684 1352 1709 et

273 1730 343 1753 rem
365 1721 559 1763 adaequatio
575 1721 759 1753 secundum
775 1730 843 1753 esse
859 1727 1004 1758 naturae,
1020 1727 1129 1762 potest
1152 1728 1261 1752 tamen
1282 1732 1351 1753 esse

273 1766 468 1808 adaequatio
483 1765 666 1797 secundum
682 1767 1022 1807 repraesentationem,
1039 1766 1119 1797 dum
1135 1773 1352 1807 repraesentat

273 1811 455 1843 secundum
477 1811 570 1852 quod
593 1817 641 1842 est
656 1812 689 1842 in
713 1820 758 1842 re.
779 1811 856 1842 ldeo
880 1811 933 1842 illa
957 1817 1005 1842 est
1027 1810 1190 1842 sufficiens
1212 1813 1294 1843 ratio
1311 1812 1350 1843 de

272 1857 345 1898 ipso
368 1856 561 1897 intelligere:
580 1865 664 1896 quae
687 1865 756 1886 non
779 1861 862 1886 esset
885 1855 1048 1886 sufficiens
1065 1855 1105 1886 de
1129 1865 1170 1886 eo
1191 1856 1282 1897 quod
1303 1857 1351 1887 di-

273 1902 367 1938 citur,
390 1902 458 1932 sive
481 1901 522 1932 de
546 1905 721 1940 conceptu.

328 1945 382 1977 IV.
407 1945 557 1976 Secundo
574 1946 601 1975 *.
626 1945 712 1976 Dato
736 1953 794 1985 per
825 1944 1026 1985 impossibile
1054 1943 1145 1984 quod
1168 1945 1350 1976 intellectus

273 1990 402 2022 divinus
416 1991 525 2021 solum
539 1989 747 2030 incomplexa
762 1994 984 2029 cognosceret,
1001 1988 1059 2019 illo
1078 1988 1180 2019 modo
1205 1999 1272 2030 quo
1289 1999 1349 2020 no-

272 2041 336 2066 ster
357 2035 551 2070 intellectus,
568 2033 674 2065 adhuc
697 2040 780 2065 esset
796 2043 900 2065 verus.
922 2033 1008 2073 Ergo
1025 2043 1062 2063 ex
1078 2033 1142 2063 hoc
1166 2034 1257 2074 quod
1281 2044 1347 2064 non

273 2079 455 2120 componit,
481 2080 520 2110 ab
549 2088 590 2110 eo
614 2087 683 2109 non
713 2084 760 2109 est
788 2079 903 2109 veritas
930 2077 1136 2108 removenda.
1154 2096 1175 2099 -
1191 2078 1349 2109 Probatur

273 2125 518 2166 consequentia.
548 2123 635 2161 Quia
661 2123 845 2154 intellectus
872 2128 982 2153 noster
1011 2123 1044 2153 in
1073 2122 1347 2162 apprehendendo

273 2169 488 2210 quidditatem
511 2177 640 2209 semper
663 2173 710 2199 est
734 2177 839 2198 verus.

327 2213 380 2245 Ad
394 2214 494 2245 huius
507 2211 802 2244 manifestationem
819 2218 911 2243 notat
926 2211 1004 2242 duo.
1028 2211 1173 2242 Primum
1195 2217 1242 2242 est
1258 2211 1348 2252 quod

272 2258 452 2290 differentia
475 2264 524 2288 est
546 2258 630 2288 inter
653 2257 900 2298 incomplexum
923 2255 1015 2297 quod
1041 2255 1158 2287 dicitur
1180 2256 1231 2286 vel
1254 2257 1348 2287 intel-

271 2304 390 2344 ligitur,
407 2309 439 2334 et
454 2303 675 2343 complexum,
698 2303 775 2342 quia
788 2301 1044 2342 incomplexum,
1061 2306 1221 2341 quantum
1240 2307 1288 2331 est
1310 2311 1348 2332 ex

272 2358 316 2385 se,
340 2357 411 2379 non
434 2353 482 2378 est
499 2348 546 2378 rei
570 2352 746 2388 aequatum
769 2356 830 2378 nec
853 2345 1035 2387 inaequale,
1061 2354 1137 2376 cum
1161 2355 1199 2376 ex
1223 2354 1256 2376 se
1279 2355 1348 2376 non

272 2393 438 2424 contineat
468 2392 611 2433 aliquam
642 2392 918 2433 compositionem
949 2390 1000 2421 vel
1029 2390 1282 2431 applicationem
1309 2390 1350 2421 ad

271 2446 354 2469 rem:
379 2436 436 2468 sed
457 2437 540 2468 bene
561 2437 782 2477 complexum,
798 2437 832 2467 in
855 2445 923 2477 quo
943 2435 1128 2475 designatur
1147 2435 1348 2475 comparatio

270 2482 470 2522 incomplexi
493 2481 534 2513 ad
555 2491 625 2512 rem
643 2491 702 2522 per
721 2487 836 2512 notam
854 2479 1103 2521 compositionis
1119 2485 1151 2509 et
1170 2478 1348 2510 divisionis.

327 2525 516 2558 Secundum
540 2533 589 2557 est
612 2525 703 2567 quod
724 2531 833 2556 tamen
849 2525 1032 2556 intellectus
1047 2523 1273 2564 incomplexus
1293 2534 1348 2565 ap-

271 2570 443 2612 prehendit
458 2570 674 2611 quidditatem
685 2571 733 2601 rei
747 2571 781 2601 in
797 2570 937 2611 quadam
952 2569 1196 2610 comparatione
1209 2568 1250 2599 ad
1264 2578 1347 2600 rem:

272 2616 348 2656 quia
371 2615 585 2656 apprehendit
607 2625 681 2646 eam
703 2620 740 2646 ut
762 2616 859 2646 huius
882 2615 929 2645 rei
952 2613 1175 2655 quidditatem.
1200 2613 1277 2644 ldeo
1302 2613 1349 2644 di-

271 2661 354 2692 citur
376 2660 448 2691 talis
470 2659 654 2691 intellectus
669 2669 798 2700 semper
815 2669 909 2690 verus
924 2668 982 2700 per
998 2668 1042 2694 se,
1060 2663 1096 2688 ut
1119 2657 1236 2688 dicitur
1251 2658 1293 2688 111
1309 2658 1350 2688 de

272 2705 403 2742 Anima,
424 2710 500 2735 text.
518 2704 576 2735 26:
600 2704 677 2735 licet
699 2703 798 2735 falsus
817 2713 887 2734 esse
910 2703 1013 2744 possit
1036 2712 1093 2743 per
1115 2701 1275 2738 accidens,
1299 2712 1347 2732 ra-

271 2751 361 2781 tione
385 2749 545 2781 admixtae
561 2748 798 2788 complexionis
818 2748 870 2779 vel
885 2748 1025 2789 partium
1049 2745 1246 2777 definitionis
1266 2747 1349 2776 inter

272 2804 316 2831 se,
332 2794 384 2825 vel
400 2795 501 2825 totius
516 2792 716 2824 definitionis
731 2792 771 2823 ad
783 2792 971 2828 definitum3
989 2800 1131 2832 quorum
1147 2800 1215 2821 uno
1232 2790 1349 2821 dicitur

272 2839 460 2880 simpliciter
483 2837 560 2869 falsa
584 2836 741 2873 definitio,
763 2837 864 2869 altero
885 2846 963 2867 vero
983 2835 1061 2867 falsa
1083 2840 1232 2875 respectu
1251 2835 1348 2865 huius

272 2885 327 2915 rei.
353 2883 505 2915 Similiter
528 2891 605 2922 ergo
629 2881 758 2912 divinus
787 2881 969 2912 intellectus
998 2889 1093 2910 verus
1118 2885 1201 2910 esset
1225 2888 1348 2919 cogno·—

272 2928 394 2960 scendo
418 2928 591 2959 essentiam
614 2936 707 2958 suam
729 2931 767 2957 ut
789 2935 892 2956 suam.

328 2973 367 3003 V.
393 2972 488 3003 Circa
512 2982 547 3003 ea
572 2980 656 3011 quae
679 2971 732 3001 hic
756 2970 907 3001 dicuntur
930 2969 971 3000 de
996 2968 1216 3008 incomplexo,
1241 2969 1348 2999 consi-

273 3016 452 3048 derandum
469 3022 517 3047 est
531 3016 623 3056 quod
644 3025 713 3046 non
736 3021 812 3046 sunt
826 3014 913 3045 idem
936 3017 1109 3053 conceptus
1125 3013 1348 3054 incomplexus

273 3068 305 3093 et
329 3062 570 3102 incomplexam
593 3061 657 3092 hoc
681 3060 768 3091 loco.
799 3058 864 3090 Sed
892 3058 1132 3099 incomplexam
1163 3063 1212 3088 est
1238 3058 1348 3097 ipsum

274 3108 451 3143 obiectum,
464 3106 641 3136 formaliter
653 3110 685 3135 et
696 3104 838 3145 praecise
851 3108 1029 3143 sumptum,
1039 3101 1130 3143 quod
1140 3111 1198 3142 per
1209 3102 1348 3142 primam

274 3152 499 3193 operationem
529 3150 711 3181 intellectus
743 3147 996 3189 apprehenditur
1029 3153 1061 3178 et
1092 3152 1348 3187 repraesentatur

274 3207 332 3237 per
354 3201 544 3237 conceptum
568 3194 819 3234 incomplexam,
840 3202 940 3233 quem
955 3193 990 3222 in
1005 3192 1112 3232 seipso
1133 3191 1276 3232 concipit
1298 3191 1347 3222 in-

275 3242 430 3272 tellectus.
456 3241 497 3271 Et
520 3241 566 3271 sic
593 3239 835 3278 distinguuntur
858 3236 1096 3277 incomplexam
1122 3243 1153 3267 et
1175 3241 1348 3276 conceptus

275 3287 499 3327 incomplexus
522 3286 604 3315 sicut
629 3287 905 3324 repraesentatum
922 3287 953 3312 et
973 3281 1150 3312 similitudo
1174 3281 1348 3311 actualiter

275 3336 533 3373 repraesentans.

330 3375 441 3416 Ipsum
465 3384 542 3415 ergo
565 3373 821 3413 incomplexam,
838 3377 916 3411 puta
938 3371 1002 3401 hoc
1018 3369 1110 3410 quod
1125 3369 1198 3400 dico
1223 3369 1348 3400 animal

275 3421 449 3456 rationale,
473 3430 512 3451 ex
535 3424 625 3460 parte
649 3418 694 3448 rei
717 3417 888 3457 dupliciter
911 3414 1106 3446 considerari
1128 3419 1245 3454 potest.
1269 3413 1345 3445 Uno

273 3465 387 3502 modo,
407 3465 556 3496 absolute
579 3470 611 3494 et
634 3461 815 3493 secundum
838 3471 883 3496 se,
907 3460 1027 3490 scilicet
1049 3464 1208 3499 quantum
1232 3458 1272 3488 ad
1295 3459 1346 3488 sui

273 3516 421 3541 naturam
445 3509 588 3550 praecise
617 3514 648 3538 et
677 3506 853 3538 formaliter
880 3510 1053 3545 sumptam.
1083 3503 1124 3534 Et
1151 3504 1195 3533 sic
1219 3508 1346 3533 constat

274 3554 365 3595 quod
387 3554 512 3586 nullam
534 3554 689 3593 importat
712 3551 989 3591 comparationem
1013 3558 1049 3579 ac
1076 3547 1346 3588 adaequationem

274 3599 314 3630 ad
326 3609 408 3630 rem:
425 3598 551 3630 animal
567 3598 655 3628 enim
674 3596 838 3627 rationale
849 3594 929 3626 nihil
940 3592 1027 3624 aliud
1039 3592 1115 3623 dicit
1127 3601 1226 3632 quam
1241 3592 1345 3632 ipsam

274 3650 430 3675 naturam
443 3644 620 3674 humanam
643 3640 793 3682 specifice
816 3638 1036 3680 significatam,
1055 3638 1120 3668 hoc
1143 3642 1201 3672 est,
1224 3635 1345 3676 signifi—

275 3694 379 3719 catam
402 3689 471 3719 sine
494 3686 714 3718 accidentibus
737 3683 1020 3715 individuantibus.

417 3749 511 3774 Sumu
531 3748 641 3773 CONTRA
661 3747 794 3772 Gemens
815 3746 846 3771 D.
864 3746 980 3770 Tamna
999 3745 1068 3769 Tou.
1088 3744 1105 3769 1.

2400 313 2470 360 169

1456 386 1531 416 Alio
1555 385 1656 416 modo
1680 392 1787 426 potest
1811 388 2005 419 considerari
2037 389 2218 420 secundum
2241 390 2332 431 quod
2358 400 2471 431 appre-

1402 429 1553 460 henditur
1576 431 1615 460 ab
1640 431 1814 462 intellectu.
1840 432 1880 462 Et
1903 433 1948 463 sic
1971 434 2107 464 includit
2131 435 2409 475 comparationem
2431 434 2472 465 ad

1402 483 1470 504 rem
1486 475 1753 505 concomitanter.
1771 476 1812 506 Et
1828 477 1891 507 hoc
1908 483 1955 507 est
1970 478 2076 517 ipsum
2092 479 2226 519 intelligi
2246 488 2318 509 cum
2342 489 2471 520 compa-

1403 518 1532 548 ratione
1546 518 1590 549 ad
1605 528 1683 549 rem.
1702 519 1884 550 Intellectus
1901 522 1988 551 enim
2007 523 2218 563 apprehendit
2233 524 2358 554 animal
2369 523 2471 554 ratio-

1403 563 1487 598 nale,
1504 572 1572 593 non
1587 573 1645 603 per
1661 564 1908 595 abstractionem
1932 576 1950 595 a
1971 575 2181 607 quocumque
2198 574 2229 598 et
2244 567 2470 604 indifferenter,

1402 607 1459 637 sed
1482 613 1518 637 ut
1541 608 1636 638 huius
1649 608 1704 638 -rei
1729 608 1957 648 quidditatem:
1983 611 2094 641 volens
2111 613 2197 642 enim
2217 612 2392 652 intelligere
2411 613 2471 643 ho-

1402 652 1498 682 minis
1509 651 1731 691 quidditatem,
1743 653 1859 683 format
1872 653 1911 684 de
1927 655 1999 694 ipso
2011 655 2094 686 hanc
2111 657 2331 696 quidditatem,
2347 658 2472 688 animal

1403 696 1576 727 rationale.
1602 697 1642 727 Et
1666 698 1711 727 sic
1734 697 1825 737 quod
1856 699 2036 730 secundum
2068 710 2101 730 se
2133 702 2407 741 comparationem
2431 701 2471 732 ad

1402 750 1470 770 rem
1494 750 1563 771 non
1579 740 1656 772 dicit
1672 747 1703 772 et
1720 748 1957 782 consequenter
1973 753 2033 774 nec
2057 754 2168 775 verum
2192 755 2252 776 nec
2275 745 2389 776 falsum
2413 752 2469 782 est,

1402 785 1588 825 intelligitur
1604 795 1680 816 cum
1704 787 1958 827 comparatione,
1976 794 2007 818 et
2030 798 2103 819 vere
2122 790 2317 830 intelligitur,
2334 791 2470 830 inquan-

1402 835 1472 859 tum
1485 830 1527 860 ita
1540 836 1586 860 est
1601 831 1635 861 in
1647 839 1682 861 re
1695 831 1785 871 quod
1800 831 1854 862 illa
1871 837 1918 862 est
1930 833 1999 862 eius
2011 833 2181 873 quidditas‚
2195 835 2276 865 sicut
2292 834 2471 865 intellectus

1403 874 1614 914 apprehendit
1637 875 1719 906 hanc
1743 881 1779 906 ut
1801 876 1898 906 buius
1914 876 2135 916 quidditatem.
2160 878 2201 909 Et
2224 879 2268 909 sic
2292 879 2471 909 intellectus

1403 924 1449 948 est
1473 928 1576 955 verus,
1596 925 1750 960 tanquam
1781 921 1901 951 habens
1924 922 1957 951 in
1981 931 2015 952 se
2039 922 2307 963 adaequationem
2338 922 2377 953 ad
2403 933 2471 953 rem

1402 962 1607 1000 intellectam,
1627 973 1710 1004 quae
1734 964 1926 1005 adaequatio
1950 965 2126 998 formaliter
2149 967 2292 1008 complet
2314 967 2471 998 rationem

1402 1007 1555 1038 veritatis:
1572 1018 1640 1038 non
1656 1014 1765 1039 tamen
1780 1015 1935 1050 tanquam
1952 1020 2065 1041 verum
2081 1011 2246 1043 actualiter
2261 1021 2471 1052 cognoscem,

1403 1060 1478 1082 cum
1494 1052 1591 1082 talem
1607 1052 1876 1094 adaequationem
1893 1055 1942 1085 sui
1958 1061 2136 1096 conceptus
2156 1056 2196 1087 ad
2219 1065 2287 1087 rem
2310 1065 2368 1096 per
2390 1057 2472 1087 hanc

1404 1097 1628 1136 operationem
1652 1107 1716 1138 qua
1740 1098 1951 1138 quidditatem
1968 1099 2096 1137 format,
2114 1110 2181 1131 non
2198 1100 2426 1141 apprehendat.

1459 1140 1512 1170 Vl.
1536 1141 1630 1172 Circa
1646 1142 1733 1173 illam
1750 1144 2020 1183 propositionem,
2039 1145 2077 1175 In
2094 1146 2265 1186 complexo
2280 1145 2472 1187 designatur

1403 1186 1605 1225 comparatio
1627 1187 1822 1227 incomplexi
1843 1189 1886 1219 ad
1910 1198 1987 1225 rem,
2004 1189 2172 1221 sciendum
2196 1196 2242 1221 est
2266 1200 2303 1220 ex
2328 1189 2472 1220 doctrina

1404 1228 1511 1260 Sancti
1535 1230 1683 1262 Thomae
1706 1231 1812 1269 Ver-it„
1831 1242 1862 1273 q.
1880 1243 1900 1268 1,
1925 1243 1952 1263 a.
1974 1244 2004 1273 9,
2022 1239 2053 1264 et
2075 1234 2117 1264 Vl
2134 1235 2288 1275 Metaph.‚
2313 1234 2385 1265 lect.
2403 1235 2471 1271 ult„

1404 1273 1493 1313 quod
1517 1275 1630 1306 veritas
1646 1277 1853 1316 cognoscitur
1875 1277 1915 1307 ab
1930 1278 2095 1309 intellectu
2121 1279 2297 1310 secundum
2313 1278 2400 1320 quod
2423 1289 2473 1309 re·

1395 1319 1547 1358 flectitur
1567 1329 1667 1360 supra
1692 1325 1799 1351 actum
1822 1331 1916 1352 suum
1940 1327 1971 1352 et
1990 1323 2243 1354 similitudinem.
2271 1323 2371 1362 Quod
2396 1333 2473 1354 sane

1404 1372 1472 1393 non
1487 1363 1595 1394 solum
1619 1370 1666 1395 est
1682 1374 1794 1395 verum
1810 1365 1850 1396 de
1867 1367 2054 1406 cognitione
2070 1373 2201 1399 naturae
2217 1368 2366 1404 veritatis,
2383 1367 2473 1408 quod

1404 1408 1542 1448 pertinet
1558 1408 1598 1439 ad
1621 1410 1757 1449 primam
1775 1411 1999 1450 operationem
2022 1412 2218 1450 intellectus;
2242 1412 2298 1443 sed
2321 1413 2417 1443 etiam
2433 1412 2473 1443 de

1404 1452 1473 1492 ipsa
1489 1453 1605 1483 actuali
1625 1453 1863 1491 conformitate,
1881 1460 1916 1485 ut
1937 1456 2136 1487 intellectum
2160 1457 2399 1494 denominante,
2416 1466 2474 1497 per

1405 1497 1615 1537 complexum
1638 1499 1821 1538 importata,
1847 1499 1936 1539 quod
1960 1501 2098 1540 pertinet
2121 1501 2160 1532 ad
2184 1501 2358 1532 secundam
2380 1501 2474 1532 intel-

1405 1541 1508 1572 lectus
1531 1543 1766 1582 operationem.
1795 1543 1895 1581 Quod
1926 1545 2039 1584 utique
2063 1555 2124 1585 ego
2155 1547 2199 1576 sic
2227 1546 2381 1586 intelligo,
2405 1555 2472 1576 non

1406 1585 1497 1626 quod
1520 1587 1663 1626 cognitio
1687 1589 1825 1618 veritatis
1845 1589 1886 1619 sit
1906 1590 2036 1629 proprie
2055 1596 2086 1620 et
2109 1591 2294 1630 simpliciter
2317 1596 2406 1621 actus
2425 1599 2474 1621 re—

1406 1629 1518 1667 flexus,
1543 1631 1723 1662 secundum
1747 1632 1882 1663 eandem
1906 1634 2047 1673 speciem
2072 1639 2172 1671 actus,
2197 1635 2271 1675 quia
2295 1640 2419 1665 constat
2441 1635 2474 1665 in

1407 1675 1594 1715 cognitione
1624 1677 1860 1717 cuiuscumque
1888 1679 2120 1718 propositionis
2144 1688 2226 1719 quae
2250 1685 2322 1710 actu
2353 1678 2474 1709 directo

1406 1720 1624 1759 cognoscitur,
1650 1721 1814 1751 veritatem
1840 1723 2006 1762 cognosci:
2032 1722 2088 1753 sed
2112 1724 2187 1763 quia
2211 1723 2354 1764 cognitio
2378 1723 2475 1763 perti—

1406 1773 1487 1794 nens
1510 1763 1550 1794 ad
1573 1765 1749 1795 secundam
1778 1767 2001 1806 operationem
2030 1767 2221 1804 intellectus,
2246 1777 2328 1809 quae
2352 1773 2398 1798 est
2421 1768 2475 1797 ab·

1407 1808 1512 1839 solute
1536 1810 1680 1850 cognitio
1705 1810 1823 1841 directa
1848 1811 2020 1851 complexi,
2044 1818 2151 1852 potest
2175 1812 2236 1843 dici
2261 1813 2403 1853 cognitio
2427 1821 2475 1842 re-

1406 1852 1488 1884 flexa
1503 1862 1561 1893 per
1576 1855 1852 1895 comparationem
1869 1855 1908 1886 ad
1925 1857 2104 1896 simplicem
2116 1858 2160 1887 rei
2173 1857 2474 1897 apprehensionem,

1377 1930 1378 1933 Ἰ
1406 1906 1446 1928 eo
1463 1897 1554 1938 quod
1569 1898 1750 1930 intellectus
1766 1899 1904 1931 formare
1921 1901 2178 1941 propositionem
2203 1911 2270 1932 non
2293 1901 2395 1942 possit
2414 1902 2474 1931 nisi

1405 1941 1587 1973 reflectatur
1609 1953 1705 1984 supra
1729 1945 1949 1984 cognitionem
1973 1946 2153 1986 simplicem
2175 1955 2238 1986 qua
2262 1946 2474 1976 consideravit

1404 1986 1493 2026 prius
1517 1986 1741 2026 quidditatem,
1765 1994 1820 2019 aut
1846 1989 1968 2029 aliquid
2000 1990 2096 2026 aliud,
2128 1990 2322 2030 simpliciter.
2347 1990 2388 2020 Et
2410 1990 2474 2020 hoc

1405 2036 1452 2061 est
1475 2030 1567 2071 quod
1596 2031 1734 2062 intendit
1757 2032 1894 2063 Sanctus
1922 2033 2067 2064 Thomas
2091 2044 2165 2065 cum
2197 2035 2302 2074 inquit
2325 2034 2415 2074 quod
2439 2034 2472 2064 in

1403 2075 1573 2116 complexo
1588 2076 1782 2118 designatur
1793 2079 1995 2118 comparatio
2012 2078 2207 2119 incomplexi
2222 2079 2266 2109 ad
2278 2086 2364 2109 rem:
2382 2078 2472 2114 idest,

1403 2119 1595 2156 intellectus,
1626 2120 1797 2152 formando
1829 2129 2026 2162 conceptum
2057 2124 2275 2163 complexum,
2307 2128 2473 2163 comparat

1404 2164 1495 2204 quod
1510 2165 1599 2205 prius
1615 2172 1808 2206 conceperat
1824 2167 2029 2207 incomplexe
2045 2167 2084 2198 ad
2100 2177 2178 2202 rem,
2194 2167 2274 2198 illud
2291 2168 2335 2198 sic
2347 2168 2471 2197 incom-

1403 2209 1497 2249 plexe
1521 2216 1719 2250 conceptum
1735 2211 1780 2240 rei
1800 2211 2020 2247 attribuendo;
2038 2217 2069 2242 et
2087 2213 2131 2243 sic
2147 2213 2180 2243 in
2204 2213 2276 2252 ipso
2300 2211 2472 2252 complexo

1404 2254 1596 2294 importatur
1612 2255 1810 2295 comparatio
1827 2256 2023 2296 incomplexi
2039 2257 2127 2296 prius
2142 2256 2294 2287 intellecti
2310 2256 2350 2286 ad
2371 2257 2472 2296 ipsam

1404 2307 1483 2334 rem,
1508 2299 1561 2328 cui
1584 2299 1766 2329 attribuitur
1788 2309 1846 2339 per
1869 2301 2022 2340 copulam
2046 2301 2216 2332 verbalem.

1459 2341 1704 2374 Advertendum
1732 2344 1876 2375 secundo
1908 2344 2008 2384 quod,
2033 2355 2109 2375 cum
2140 2345 2347 2386 complexum
2372 2350 2403 2375 et
2425 2345 2474 2374 in-

1405 2387 1614 2427 complexum
1630 2397 1698 2418 non
1716 2387 1871 2424 differant,
1893 2396 1928 2420 ut
1943 2390 1996 2420 hic
2019 2389 2144 2426 dicitur,
2161 2391 2222 2420 nisi
2241 2390 2322 2420 sicut
2341 2398 2474 2429 compa-

1404 2432 1563 2462 rationem
1579 2431 1756 2463 formaliter
1770 2433 1949 2473 importans
1973 2440 2003 2464 et
2024 2434 2114 2474 quod
2129 2444 2196 2464 non
2216 2435 2369 2474 importat
2385 2442 2474 2464 com—

1404 2476 1607 2517 parationem
1621 2477 1718 2507 talem
1730 2477 1786 2508 sed
1799 2478 1945 2509 absolute
1962 2478 2090 2512 dicitur:
2108 2485 2139 2509 et
2156 2479 2328 2519 complexo
2344 2478 2472 2508 obiecto

1404 2520 1599 2561 respondeat
1626 2527 1804 2562 conceptus
1832 2523 2032 2563 complexus,
2061 2524 2143 2553 sicut
2173 2523 2398 2564 incomplexus
2423 2532 2472 2552 re-

1404 2565 1544 2606 spondet
1559 2566 1789 2606 incomplexoz³
1802 2568 1998 2607 compositio
2015 2573 2046 2597 et
2062 2568 2247 2607 complexio
2262 2568 2295 2597 in
2308 2567 2472 2597 intellectu

1404 2619 1473 2640 non
1496 2610 1686 2649 intelligitur
1703 2616 1859 2650 tanquam
1877 2612 1918 2641 sit
1940 2611 2062 2651 aliquid
2085 2621 2142 2651 per
2160 2617 2267 2642 actum
2291 2611 2471 2641 intellectus

1404 2654 1617 2685 constitutum
1634 2654 1725 2694 quod
1741 2664 1779 2685 ex
1795 2655 1941 2695 pluribus
1964 2656 2175 2696 conceptibus
2197 2661 2413 2695 componatur
2427 2655 2471 2684 ita

1404 2698 1496 2738 quod
1519 2707 1557 2728 ex
1580 2698 1642 2728 illis
1665 2697 1720 2728 fiat
1748 2708 1851 2730 unum
1883 2700 1966 2730 sicut
1989 2709 2027 2730 ex
2050 2700 2181 2730 materia
2212 2705 2243 2730 et
2272 2699 2389 2735 forma;
2415 2698 2470 2729 sed

1404 2743 1480 2783 quia
1503 2742 1660 2773 formatur
1674 2743 1709 2773 in
1724 2744 1889 2774 intellectu
1906 2749 2084 2784 conceptus
2107 2744 2393 2784 repraesentativus
2413 2743 2469 2779 rei,

1403 2792 1436 2817 et
1451 2787 1520 2817 eius
1536 2786 1627 2827 quod
1643 2787 1683 2818 de
1692 2797 1727 2818 re
1742 2788 1947 2829 incomplexe
1961 2789 2111 2828 concepit
2122 2789 2312 2824 intellectus,
2327 2794 2358 2819 et
2374 2788 2470 2818 etiam

1402 2832 1503 2872 ipsius
1527 2830 1762 2862 conformitatis
1778 2832 1819 2863 ad
1841 2842 1920 2869 rem,
1937 2842 2035 2873 quam
2054 2842 2112 2873 per
2134 2833 2286 2873 copulam
2309 2832 2469 2863 verbalem

1403 2876 1566 2916 exprimit;
1581 2882 1613 2906 et
1620 2877 1681 2907 hac
1693 2877 1818 2907 ratione
1830 2877 1945 2908 dicitur
1954 2884 2131 2918 conceptus
2143 2877 2340 2917 complexus.
2352 2876 2469 2916 Sicque

1403 2920 1635 2961 componendo
1658 2921 1839 2952 intellectus
1855 2922 2023 2962 cognoscit
2038 2927 2070 2952 et
2092 2921 2211 2952 iudicat
2234 2931 2266 2952 se
2290 2931 2358 2952 esse
2378 2920 2469 2951 adae-

1403 2971 1540 3005 quatum
1562 2966 1625 2996 rei:
1647 2966 1724 3006 quia
1740 2965 1830 3006 quod
1854 2966 1893 2997 de
1915 2976 1949 2997 re
1972 2966 2177 3006 incomplexe
2198 2966 2348 3006 concepit
2365 2966 2410 2995 rei
2429 2964 2469 2995 ad

1403 3015 1490 3040 extra
1513 3010 1664 3046 attn'buit,
1682 3017 1713 3041 et
1736 3011 1781 3041 sic
1801 3010 1921 3041 iudicat
1944 3011 1987 3041 ita
2010 3020 2078 3041 esse
2101 3011 2134 3041 in
2158 3020 2191 3041 re
2214 3011 2296 3041 sicut
2319 3010 2469 3050 concepit

1403 3053 1444 3084 de
1458 3055 1538 3094 ipsa,
1552 3054 1643 3095 quod
1656 3061 1703 3086 est
1715 3064 1913 3095 cognoscere
1929 3065 1963 3085 se
1975 3065 2044 3086 esse
2061 3055 2274 3095 adaequatum
2291 3055 2345 3085 rei.
2363 3053 2467 3089 Unde,

1403 3108 1479 3129 cum
1510 3098 1587 3129 dicit
1614 3099 1796 3130 intellectus
1825 3100 1993 3130 hominem
2024 3109 2092 3130 esse
2119 3099 2246 3135 animal,
2270 3108 2337 3129 non
2361 3098 2467 3128 solum

1403 3148 1609 3183 comparatur
1632 3144 1757 3174 animal
1783 3144 1823 3174 ad
1850 3145 2010 3175 hominem
2034 3150 2069 3174 ut
2099 3144 2206 3184 ipsum
2236 3142 2352 3173 animal
2382 3147 2468 3172 extra

1402 3188 1603 3219 intellectum
1619 3195 1676 3225 est,
1701 3188 1758 3219 sed
1774 3189 1869 3219 etiam
1886 3194 1922 3219 ut
1938 3194 1984 3219 est
2007 3189 2045 3219 ab
2069 3188 2232 3219 intellectu
2254 3192 2466 3227 conceptum:

1402 3233 1436 3263 in
1452 3242 1520 3273 quo
1536 3233 1729 3273 importatur
1745 3234 1943 3273 comparatio
1959 3233 2139 3263 intellectus
2163 3232 2374 3272 concipientis
2388 3231 2468 3261 illud

1401 3277 1646 3318 incomplexum
1669 3277 1710 3308 ad
1731 3287 1800 3308 rem
1821 3283 1906 3308 extra
1926 3277 2134 3308 intellectum.
2158 3277 2292 3316 Propter
2310 3274 2399 3316 quod
2419 3275 2467 3305 in-

1403 3322 1473 3362 quit
1496 3321 1632 3353 Sanctus
1648 3322 1792 3352 Thomas
1808 3322 1923 3358 Prima,
1941 3331 1972 3361 q.
1988 3332 2051 3358 xV1,
2067 3331 2094 3351 a.
2113 3331 2142 3357 2,
2160 3320 2249 3361 quod
2266 3325 2342 3350 tunc
2356 3319 2466 3360 primo

1403 3366 1583 3397 intellectus
1605 3367 1776 3408 cognoscit
1798 3372 1830 3397 et
1856 3367 1934 3397 dicit
1961 3376 2070 3396 verum
2098 3365 2228 3406 quando
2253 3365 2377 3395 iudicat
2399 3374 2467 3394 rem

1403 3411 1448 3441 ita
1471 3421 1506 3442 se
1527 3411 1646 3442 habere
1661 3411 1746 3442 sicut
1760 3417 1808 3442 est
1812 3412 1931 3453 sorma
1948 3420 2044 3451 quam
2060 3410 2099 3440 de
2119 3419 2155 3440 re
2178 3408 2405 3449 apprehendit:
2424 3409 2467 3439 ita

1401 3455 1549 3487 videlicet
1565 3455 1656 3496 quod
1679 3456 1860 3486 subiectum
1883 3455 2114 3495 propositionis
2131 3453 2206 3484 dicit
2221 3463 2289 3484 rem
2306 3454 2358 3484 cui
2374 3453 2467 3483 intel-

1401 3500 1503 3531 lectus
1523 3500 1645 3541 aliquid
1667 3499 1706 3530 de
1726 3501 1800 3541 ipsa·
1814 3505 2010 3539 conceptum
2029 3498 2179 3534 attribuit,
2200 3503 2231 3528 et
2249 3497 2465 3538 praedicatum

1401 3544 1478 3575 dicit
1501 3544 1639 3575 formam
1663 3554 1761 3584 quam
1777 3544 1817 3575 de
1840 3545 1911 3584 ipso
1928 3543 2016 3583 prius
2037 3542 2243 3583 incomplexe
2263 3547 2466 3582 conceperat,

1401 3595 1432 3620 et
1455 3590 1616 3630 posterius
1636 3598 1712 3619 cum
1736 3588 1962 3628 complexione
1993 3587 2032 3618 ad
2055 3596 2123 3618 rem
2153 3587 2301 3627 intelligit
2324 3592 2355 3617 et
2380 3586 2466 3617 dicit.

1400 3634 1442 3664 Et
1464 3634 1547 3664 hanc
1577 3633 1837 3673 complexionem
1867 3631 2024 3672 significat
2053 3637 2130 3662 nota
2158 3631 2406 3672 compositionis
2436 3635 2467 3661 et

1400 3678 1575 3709 divisionis.

2292 3745 2322 3762 22
