2756 4322
13 483 36 505 35
45 483 58 497 v
74 476 86 497 b
99 476 149 502 ὃν.
158 474 204 503 338.

18 1407 50 1428 lb.
67 1412 106 1434 mg
121 1406 161 1427 ins.

426 319 506 359 Cap.
532 315 630 347 XXX.
656 314 820 353 QUALITER
846 321 877 341 m
903 319 997 340 Raaus
1023 316 1150 338 carinis

485 378 554 398 assa
578 374 694 396 rorasr
718 371 899 393 uacassrrns
924 369 1095 390 ABSOLUTA.

300 464 465 503 Qualiter.
479 486 486 492 .
502 486 508 491 .
523 459 679 491 absoluta.
693 476 713 480 —
728 458 745 495 ἓ
759 457 849 486 Licet
867 460 976 485 autem
998 457 1070 481 Deus
1091 451 1202 481 omnia
1215 459 1252 479 ex
1270 448 1330 478 Dei
1356 463 1365 483 ς

254 516 419 547 voluntate
445 510 647 553 dependeant
671 509 754 538 sicut
778 516 816 537 ex
841 507 944 546 prima
965 513 1071 539 causa,
1090 511 1173 542 quae
1197 501 1230 530 in
1253 508 1331 540 ope-

254 567 354 598 rando
372 565 594 596 necessitatem
607 571 674 592 non
687 563 782 596 patitur
799 557 921 600 (habet)
940 556 1000 587 nisi
1017 565 1054 585 ex
1075 554 1124 584 sui
1139 555 1333 589 propositionis

254 618 412 660 propositi
429 615 664 656 suppositione,
682 622 749 642 non
766 617 874 641 tamen
892 613 1025 649 propter
1040 607 1103 637 hoc
1117 605 1264 636 absoluta
1277 613 1333 634 ne-

254 671 382 702 cessitas
406 679 423 699 a
448 668 542 698 rebus
571 664 760 699 excluditur,
787 667 821 692 ut
842 662 881 692 sit
906 659 1123 691 necessarium
1154 667 1215 687 nos
1245 655 1332 685 fateri

255 723 365 753 omnia
382 718 601 759 contingentia
620 725 698 751 esse,
719 726 749 743 ex
775 724 829 750 quo
847 711 953 753 (quod
969 716 1079 752 posset
1095 709 1189 740 alicui
1209 707 1334 738 videtur
1352 722 1376 735 10

255 784 293 804 ex
309 774 373 804 hoc
384 768 487 812 quod)
500 779 517 799 a
532 778 626 799 causa
647 777 704 797 sua
722 776 788 796 non
807 765 846 796 de
863 763 1052 795 necessitate
1070 760 1217 791 absoluta
1233 758 1334 789 fluxe-

255 830 339 861 runt,
364 827 431 852 illud
449 826 519 851 enim
538 824 606 850 solet
626 828 701 849 cum
729 817 831 848 soleat
855 816 886 846 in
920 815 1015 845 rebus
1045 822 1113 844 esse
1142 811 1334 850 contingens

257 876 389 908 effectus
417 875 473 915 qui
505 883 542 903 ex
573 872 670 902 cau'sa
694 879 751 900 sua
782 878 850 899 non
884 866 923 897 de
955 865 1144 896 necessitate
1176 860 1333 902 procedit.

255 932 340 957 Immo
365 930 390 955 in
415 929 495 954 rebus
521 926 650 961 quaedam
671 929 732 950 sunt
756 919 853 961 (Sunt
878 919 964 949 enim
994 915 1153 957 quaedam
1178 914 1210 944 in
1240 914 1335 943 rebus

257 978 383 1020 creatis)
402 987 486 1018 quae
503 975 691 1016 simpliciter
708 979 738 1004 et
763 971 911 1002 absolute
935 978 1066 1000 necesse
1089 973 1135 998 est
1159 976 1238 997 esse.
1265 965 1336 996 Illas
1354 981 1374 1000 ις

257 1032 344 1062 enirn
372 1039 421 1060 res
445 1028 632 1069 simpliciter
657 1031 688 1056 et
712 1023 858 1055 absolute
883 1029 1014 1052 necesse
1042 1025 1088 1049 est
1114 1027 1181 1049 esse
1206 1018 1238 1048 in
1265 1017 1336 1057 qui-

256 1084 317 1114 bus
347 1091 415 1112 non
448 1085 494 1111 est
524 1077 717 1120 possibilitas
749 1075 787 1106 ad
819 1084 885 1105 non
919 1082 998 1103 esse.
1028 1069 1198 1109 Quaedam
1227 1074 1335 1099 autem

257 1145 306 1166 res
330 1135 374 1165 sic
395 1138 470 1164 sunt
487 1142 503 1162 a
521 1131 591 1161 Deo
610 1131 642 1160 in
668 1139 735 1159 esse
761 1126 939 1168 productae
964 1130 999 1154 ut
1023 1124 1055 1154 in
1081 1131 1193 1153 earum
1224 1126 1337 1151 natura

257 1187 297 1218 sit
316 1188 476 1223 possibilitas
503 1179 673 1222 (potentia)
704 1179 743 1210 ad
767 1187 834 1209 non
865 1186 944 1207 esse.
974 1173 1074 1213 Quod
1099 1172 1232 1213 quidem
1258 1181 1337 1203 con-

257 1237 351 1277 tingit
375 1245 412 1266 ex
437 1235 500 1264 hoc
518 1232 608 1273 quod
624 1231 757 1262 materia
781 1231 813 1260 in
833 1229 877 1259 eis
902 1233 949 1258 est
965 1227 997 1257 in
1023 1225 1169 1266 potentia
1186 1223 1225 1254 ad
1243 1224 1337 1254 aliam
1354 1240 1380 1254 20

258 1290 396 1320 formam
421 1298 500 1324 quam
520 1289 552 1314 ad
578 1289 649 1313 illam
675 1295 722 1320 per
746 1293 826 1319 quam
846 1283 978 1318 perficitur
1003 1283 1029 1308 in
1054 1289 1124 1307 esse.
1151 1276 1225 1307 Illae
1242 1276 1339 1316 igitur

259 1352 307 1373 res
326 1365 331 1371 .
348 1365 354 1371 .
371 1365 376 1371 .
395 1339 435 1371 ad
450 1349 518 1370 non
542 1347 621 1369 esse.
639 1337 702 1367 Eas
724 1336 820 1376 igitur
840 1345 899 1363 esse
924 1331 1071 1363 absolute
1096 1335 1127 1360 et
1151 1328 1339 1369 simpliciter

259 1402 390 1424 necesse
411 1397 458 1422 est
483 1400 561 1421 esse.
587 1391 603 1406 ξ
621 1387 652 1430 (ξ
670 1388 702 1419 Si
725 1393 834 1418 autem
852 1385 977 1416 dicatur
995 1408 1020 1414 ..
1037 1407 1043 1413 .
1061 1392 1128 1413 non
1154 1381 1257 1421 sequi.
1283 1379 1338 1410 Di-

203 1442 211 1448 *
260 1450 377 1476 cuntur
394 1444 481 1474 enim
506 1452 554 1472 res
571 1446 695 1472 creatae
721 1449 761 1470 eo
778 1436 879 1469 modo
898 1438 930 1468 in
955 1435 1092 1467 nihilum
1113 1432 1246 1464 tendere
1271 1440 1339 1472 quo

18 1615 52 1636 lb.
67 1615 80 1636 b
92 1620 124 1642 23.

22 2490 70 2515 -qor
84 2495 96 2509 a
110 2495 125 2510 ι.

260 1502 336 1528 sunt
359 1505 397 1526 ex
421 1494 535 1526 nihilo.
562 1497 620 1522 Hoc
638 1498 729 1521 autem
750 1489 852 1529 Quod
877 1488 1010 1530 quidem
1035 1497 1102 1517 non
1128 1491 1175 1516 est
1205 1484 1266 1515 nisi
1291 1493 1339 1513 se—
1357 1500 1378 1519 ,ς

261 1548 407 1580 cundum
431 1546 611 1588 potentiam
628 1545 761 1585 agentis.
787 1542 840 1574 Sic
865 1542 961 1582 igitur
980 1565 1006 1571 ..
1023 1564 1029 1570 .
1047 1550 1084 1570 ex
1109 1539 1287 1572 voluntate,
1306 1541 1341 1566 ut

261 1606 305 1631 dic
323 1607 491 1632 ostensum
513 1598 584 1639 est.)
610 1598 625 1614 ⁴*
642 1598 660 1636 ἓ
677 1597 768 1627 Item.
793 1595 841 1625 Ex
859 1604 926 1635 quo
951 1603 1000 1624 res
1018 1597 1142 1623 creatae
1161 1614 1166 1620 .
1183 1614 1189 1619 .
1206 1614 1211 1620 .
1230 1597 1341 1619 neces-

261 1654 357 1684 sarias
386 1661 464 1682 esse.
490 1652 507 1689 ξ
524 1649 650 1680 Adhuc.
682 1647 732 1678 Ad
761 1646 902 1677 divinam
935 1643 1171 1686 perfectionem
1204 1641 1342 1682 pertinet

262 1704 353 1746 quod
370 1704 464 1734 rebus
486 1702 599 1733 creatis
616 1710 706 1731 suam
732 1697 977 1729 similitudinem
995 1695 1145 1727 indiderit
1161 1694 1222 1724 nisi
1240 1701 1342 1733 quan-

261 1763 332 1787 tum
348 1755 388 1786 ad
403 1755 456 1786 illa
473 1763 556 1794 quae
573 1757 754 1792 repugnant
778 1753 881 1779 rationi
899 1747 941 1791 (ei
967 1747 1056 1789 quod
1082 1744 1142 1783 est)
1168 1754 1236 1775 esse
1256 1752 1343 1774 crea·
1361 1760 1385 1779 30

262 1814 331 1839 tum
352 1817 407 1836 esse
425 1812 515 1834 autem
535 1814 639 1833 necesse
659 1814 710 1831 non
732 1807 867 1838 repugnat
886 1803 990 1829 rafiam*
1008 1799 1132 1840 agentis
1159 1797 1247 1827 enim
1272 1804 1343 1836 per-

263 1859 338 1891 fecti
362 1863 408 1889 est
434 1856 613 1897 producere
630 1855 690 1885 sibi
712 1853 816 1885 simile
834 1858 993 1893 quantum
1011 1849 1164 1891 possibile
1190 1853 1247 1878 est.
1266 1847 1343 1877 Esse

264 1913 372 1941 autem
387 1933 393 1939 .
409 1933 415 1938 .
432 1932 437 1938 .
453 1908 579 1938 divinae
597 1905 789 1946 perfectioni
806 1908 981 1934 attestatur.
1000 1903 1018 1940 ξ
1031 1900 1192 1940 Amplius.
1208 1899 1342 1936 Quanto

263 1960 384 2001 aliquid
401 1959 502 1999 magis
518 1958 612 1988 distat
637 1958 675 1986 ab
701 1965 740 1986 eo
766 1954 856 1995 quod
874 1963 930 1994 per
953 1954 1095 1992 seipsum
1122 1957 1167 1981 est
1193 1960 1249 1980 ens
1270 1948 1343 1990 (sci-

262 2014 337 2055 licet
350 2011 435 2051 Deo)
449 2015 539 2041 tanto
558 2009 658 2049 magis
672 2008 897 2048 propinquum
915 2011 962 2035 est
975 2004 1013 2035 ad
1030 2013 1097 2034 non
1111 2013 1190 2034 esse.
1209 2001 1342 2040 Quanto
1360 2013 1382 2033 ις

262 2065 358 2105 igitur
382 2062 504 2103 aliquid
529 2066 575 2092 est
592 2060 810 2101 propinquius
830 2062 852 2085 ei
873 2055 972 2097 (Deo)
992 2061 1082 2087 tanto
1099 2052 1343 2095 magisrecedit

262 2127 279 2146 a
308 2125 374 2146 non
399 2124 478 2145 esse.
504 2113 597 2151 Quae
623 2117 731 2142 autem
757 2110 848 2151 (iam)
875 2115 960 2144 sunt,
990 2108 1176 2149 propinqua
1197 2117 1247 2133 nun
1268 2111 1343 2135 sunt

262 2169 301 2199 ad
324 2177 391 2198 non
416 2176 484 2197 esse
505 2170 553 2194 nisi
573 2174 630 2205 per
654 2164 717 2194 hoc
742 2162 834 2204 quod
858 2162 976 2193 habent
1002 2159 1182 2201 potentiam
1211 2157 1250 2188 ad
1276 2166 1342 2187 non

263 2230 342 2252 esse.
362 2220 416 2250 llla
440 2219 536 2259 igitur
553 2226 636 2258 quae
654 2221 728 2257 sunt
751 2216 823 2246 Deo
849 2213 1126 2255 propinquissima
1143 2216 1175 2241 et
1198 2219 1255 2251 per
1279 2210 1343 2240 hoc

263 2282 280 2302 a
304 2281 371 2302 non
396 2280 464 2301 esse
489 2269 714 2304 remotissima,
732 2267 806 2298 talia
830 2275 898 2296 esse
924 2269 1054 2305 oportet
1075 2266 1101 2291 in
1122 2265 1216 2299 quibus
1235 2271 1288 2290 non
1309 2263 1345 2289 sit
1359 2273 1386 2293 4ο

260 2326 383 2360 potentia
402 2321 441 2352 ad
461 2322 524 2352 hoc
543 2319 633 2360 quod
657 2320 696 2350 sit
719 2327 828 2350 rerum
854 2316 935 2347 ordo
961 2315 1155 2356 completus,
1181 2319 1216 2344 ut
1241 2314 1272 2343 in
1298 2313 1344 2343 eis

263 2384 331 2406 non
348 2374 387 2404 sit
404 2373 549 2413 potentia
567 2370 606 2401 ad
623 2366 689 2401 non
707 2377 786 2400 esse.
806 2368 896 2399 Talia
922 2373 1031 2398 autem
1054 2371 1130 2397 sunt
1155 2375 1265 2394 necesse
1284 2374 1346 2393 esse

264 2430 383 2456 absolute
404 2423 595 2464 (necessaria
604 2422 791 2457 sabsolute.)
822 2420 874 2451 Sic
907 2420 1004 2460 igitur
1034 2420 1143 2460 aliqua
1170 2423 1274 2449 creata
1305 2416 1344 2448 de

264 2477 454 2509 necessitate
470 2476 486 2492 ³*
503 2475 622 2505 habent
639 2483 718 2504 esse.
736 2475 753 2512 §
769 2477 843 2502 Item.
864 2471 1039 2502 Sciendum
1054 2476 1101 2502 est
1116 2471 1226 2511 itaque
1244 2468 1345 2511 quod,

264 2531 290 2561 si
314 2538 421 2560 rerum
446 2533 623 2558 creatarum
650 2526 837 2556 universitas
858 2523 1079 2555 consideretur
1099 2528 1197 2563 prout
1217 2526 1347 2560 dependet
1362 2535 1386 2554 ⁴5

266 2581 367 2621 (sunt)
386 2591 402 2610 a
419 2580 525 2621 primo
543 2578 714 2619 principio.
733 2577 943 2607 inveniuntur
967 2574 1150 2616 dependere
1174 2584 1212 2605 ex
1230 2574 1348 2605 voiun-

265 2638 328 2663 tate
343 2634 427 2668 primi
442 2634 573 2667 principii
587 2639 655 2659 non
681 2638 719 2659 ex
744 2628 933 2658 necessitate
958 2626 1108 2668 principii
1131 2626 1190 2657 nisi
1209 2626 1347 2657 necessi-

266 2691 328 2716 tate
353 2683 597 2724 suppositionis,
623 2682 705 2712 sicut
738 2680 861 2711 dictum
896 2685 953 2710 est.
982 2679 1015 2710 Si
1045 2689 1122 2710 vero
1142 2682 1238 2708 consid
1256 2687 1347 2709 com—

266 2742 417 2777 parentur
442 2734 480 2765 ad
507 2731 692 2774 (principia)
717 2732 864 2773 proxima
890 2731 1099 2762 inveniuntur
1123 2731 1347 2761 necessitatem

267 2788 384 2819 habere
407 2786 598 2816 absolutam.
620 2784 706 2815 Nihil
733 2784 820 2814 enim
850 2783 1001 2824 prohibet
1020 2787 1178 2820 positionem
1199 2787 1349 2820 aliquorum
1366 2795 1391 2815 ςο

268 2843 451 2876 principiorum
480 2849 532 2866 non
561 2849 591 2866 ex
621 2840 775 2866 necessitate
805 2840 950 2864 secundum
985 2840 1064 2864 talem
1094 2839 1349 2872 (compositionem)

268 2894 400 2930 (cursum)
413 2894 467 2920 fieri
483 2895 567 2928 (qua)
589 2892 666 2927 (quo)
691 2899 777 2918 tamen
798 2893 916 2926 (posita)
938 2892 1087 2927 (existente)
1115 2889 1235 2932 (aliqua
1263 2889 1350 2930 prin-

270 2945 353 2985 cipia
381 2953 448 2974 non
478 2953 514 2974 ex
544 2942 732 2973 necessitate
761 2941 909 2981 produci,
936 2942 1055 2982 quibus
1083 2947 1191 2972 tamen
1223 2944 1351 2970 stabilitis

270 2995 396 3036 positis)
426 2994 465 3025 de
490 2994 678 3024 necessitate
703 2994 848 3033 sequitur
874 2993 942 3023 talis
969 2992 1118 3024 effectus:
1156 2994 1238 3024 sicut
1262 3002 1351 3023 mors

271 3046 416 3077 animalis
433 3046 529 3076 huius
554 3045 735 3074 absolutam
753 3044 975 3074 necessitatem
994 3045 1089 3074 habet
1113 3048 1235 3080 quamvis
1253 3053 1351 3085 prop·
1368 3055 1391 3076 55

272 3103 319 3127 ter
335 3098 397 3127 hoc
415 3096 504 3137 quod
530 3097 591 3126 iam
618 3105 655 3125 ex
681 3095 847 3125 contrariis
873 3100 919 3125 est
945 3096 1177 3136 compositum,
1203 3095 1352 3136 quamvis

271 3151 378 3190 ipsum
414 3159 451 3179 ex
487 3148 652 3179 contrariis
689 3148 843 3188 componi
884 3157 950 3178 non
988 3147 1099 3178 fuisset
1134 3148 1351 3178 necessarium

274 3201 428 3231 absolute.
447 3200 598 3231 Similiter
619 3205 726 3230 autem
745 3199 834 3239 quod
859 3199 936 3230 tales
962 3209 1068 3230 rerum
1089 3205 1221 3230 naturae
1246 3209 1263 3230 a
1281 3199 1352 3229 Deo

274 3253 538 3293 producerentur,
565 3251 782 3282 voluntarium
810 3250 883 3281 fuit:
911 3251 1000 3291 quod
1025 3257 1133 3282 autem
1160 3252 1205 3282 eis
1222 3251 1267 3281 sic
1292 3256 1353 3281 sta-

274 3304 359 3339 tutis,
385 3302 505 3343 aliquid
532 3314 569 3332 ex
594 3302 761 3342 proveniat
786 3302 834 3332 vel
861 3302 982 3338 existat,
1008 3302 1188 3332 absolutam
1215 3303 1353 3333 necessi·
1369 3309 1396 3330 60

276 3360 371 3385 tatem
389 3355 494 3384 habet.
514 3357 550 3382 Et
562 3357 585 3382 si
601 3357 706 3389 quidem
727 3357 790 3382 talis
803 3358 948 3382 necessitas
967 3355 984 3392 §
1002 3353 1227 3384 Diversimode
1245 3360 1353 3384 autem

277 3415 314 3435 ex
339 3405 469 3435 diversis
489 3405 592 3435 causis
610 3405 781 3434 necessitas
798 3405 936 3434 sumitur
953 3405 985 3435 in
1011 3405 1105 3435 rebus
1130 3406 1252 3436 creatis.
1271 3405 1353 3436 Nam

278 3457 351 3496 quia
377 3457 444 3486 sine
469 3457 534 3486 suis
559 3456 781 3486 essentialibus
806 3457 972 3496 principiis
997 3457 1095 3497 (quae
1120 3462 1194 3487 sunt
1222 3458 1355 3488 materia

279 3513 308 3537 et
333 3506 450 3546 forma)
475 3517 524 3537 res
550 3517 617 3537 esse
643 3517 708 3537 non
734 3513 840 3548 potest
860 3512 946 3537 omnis
965 3519 1043 3537 necce
1062 3508 1151 3548 quod
1169 3518 1206 3539 ex
1232 3509 1355 3539 ratione

279 3559 511 3598 principiorum
538 3558 754 3589 essentialium
779 3559 823 3589 rei
850 3561 1017 3599 competit,
1039 3560 1220 3591 absolutam
1245 3570 1356 3592 neces·
1371 3569 1394 3594 (ις

280 3610 403 3639 sitatem
421 3610 452 3639 in
471 3611 623 3640 omnibus
640 3611 757 3640 habere
775 3620 905 3641 necesse
923 3617 979 3641 est.
998 3612 1044 3641 Ex
1070 3612 1118 3642 his
1143 3618 1251 3643 autem
1270 3613 1356 3653 prin-

282 3660 372 3699 cipiis
398 3659 590 3692 (secundum
616 3660 706 3700 quod
735 3666 809 3691 sunt
841 3661 964 3691 essendi
996 3656 1166 3703 principia)
1192 3663 1357 3704 tripliciter

282 3710 418 3740 sumitur
442 3712 613 3741 necessitas
638 3712 783 3742 absoluta
809 3713 840 3742 in
866 3713 970 3743 rebus.
997 3714 1071 3744 Uno
1097 3714 1230 3754 quidem
1255 3714 1356 3745 modo

283 3771 339 3802 per
363 3761 510 3792 ordinem
535 3762 574 3791 ad
591 3772 658 3792 esse
677 3763 745 3793 eius
770 3764 862 3794 cuius
880 3770 963 3794 sunt.
984 3765 1022 3795 Et
1047 3766 1122 3805 quia
1142 3766 1283 3802 materia,
1309 3775 1357 3797 se-

283 3812 427 3844 cundum
446 3812 477 3843 id
494 3813 582 3853 quod
601 3820 656 3849 est,
671 3823 726 3844 ens
744 3815 775 3844 in
794 3817 938 3855 potentia
952 3822 1008 3852 est,
1026 3817 1116 3857 quod
1130 3823 1237 3848 autem
1251 3823 1358 3858 potest
1373 3828 1400 3848 7⁰

283 3874 351 3894 esse
368 3869 475 3905 potest
491 3865 587 3894 etiam
605 3870 635 3894 et
652 3875 718 3894 non
736 3876 814 3901 esse,
833 3877 869 3896 ex
889 3867 1001 3898 ordine
1019 3870 1169 3899 materiae
1190 3873 1359 3906 consequitur

284 3927 339 3944 rem
359 3920 501 3944 necessitas
521 3919 552 3944 ad
572 3927 625 3944 non
645 3927 712 3950 esse,
727 3928 795 3953 quae
814 3926 854 3945 est
873 3922 1072 3954 corruptibilitas
1101 3924 1247 3949 necessaria
1266 3932 1359 3949 secun-

284 3971 346 3996 dum
366 3979 444 4004 qumn
462 3968 642 3998 necessario
660 3978 708 3997 res
725 3967 850 4007 aliquae
868 3971 1092 4009 corruptibiles
1109 3972 1258 4008 existunt,
1276 3973 1359 4003 sicut

286 4019 402 4050 animal
427 4020 503 4060 quia
528 4029 564 4050 ex
591 4019 757 4049 contrariis
789 4021 1009 4060 compositum
1039 4028 1096 4058 est,
1122 4029 1152 4053 et
1178 4023 1258 4063 ignis
1283 4024 1359 4064 quia

1225 163 1492 202 APPENDIX

1392 241 1573 273 secundum
1590 239 1623 271 id
1640 237 1730 280 quod
1747 243 1795 269 est
1812 242 1902 268 actus
1926 240 1984 272 est,
2009 241 2041 266 et
2064 245 2122 276 per
2146 245 2216 266 eam
2242 244 2292 266 res
2315 241 2391 266 actu
2407 237 2472 267 exi-

1390 298 1488 323 stunt.
1514 290 1609 323 Unde
1634 300 1672 321 ex
1696 291 1767 331 ipsa
1795 288 1947 330 provenit
1974 287 2148 318 necessitas
2179 286 2219 318 ad
2250 297 2319 318 esse
2342 288 2377 319 in
2401 288 2474 328 qui-

1391 343 1539 374 busdam.
1565 340 1666 380 Quod
1686 344 1825 378 dupliciter
1843 339 2012 380 contingit,
2041 339 2093 370 vel
2117 340 2194 380 quia
2225 349 2274 371 res
2302 340 2375 372 illae
2399 346 2476 372 sunt

1390 395 1514 427 formae
1535 402 1641 423 tantum
1662 403 1729 424 non
1746 394 1778 423 in
1797 392 1941 428 materia,
1956 397 1988 422 et
2004 392 2050 422 sic
2074 401 2143 422 non
2166 391 2250 422 inest
2265 393 2312 423 eis
2327 393 2474 433 potentia

1391 447 1430 479 ad
1455 457 1522 478 non
1540 456 1620 482 esse,
1637 445 1694 476 sed
1710 455 1768 486 per
1791 454 1884 475 suam
1901 443 2041 475 formam
2057 453 2186 484 semper
2208 449 2284 474 sunt
2307 444 2340 475 in
2357 445 2474 476 virtute

1391 498 1528 535 essendi,
1561 499 1646 529 sicut
1670 503 1718 528 est
1741 498 1774 527 in
1805 496 1991 527 substantiis
2021 496 2186 536 separatis,
2209 495 2261 526 vel
2285 496 2363 536 quia
2380 500 2475 534 forma

1391 550 1516 581 formae
1534 558 1645 580 earum
1662 559 1720 579 sua
1736 548 1939 589 perfectione
1950 551 2089 584 adaequat
2100 546 2284 588 adaequant
2299 553 2403 587 totam
2415 557 2475 589 po-

1390 603 1523 633 tentiam
1537 602 1700 637 materiae,
1718 606 1754 631 ut
1770 601 1815 631 sic
1828 611 1860 630 ea
1874 605 1890 636 †
1900 604 1939 629 ad
1951 610 2040 629 necess
2051 604 2067 635 †
2081 603 2212 629 materiae
2225 603 2390 630 inexistente
2407 609 2475 631 non

1391 653 1556 684 remaneat
1579 653 1725 693 potentia
1743 652 1782 682 ad
1808 653 1903 683 aliam
1928 652 2078 689 formam,
2102 661 2164 682 nec
2188 661 2246 692 per
2270 661 2477 691 consequens

1391 706 1430 736 ad
1452 715 1518 735 non
1535 714 1615 740 esse,
1632 705 1715 734 sicut
1733 710 1779 749 est
1796 705 1828 735 in
1851 705 2045 745 corporibus
2069 703 2271 735 caelestibus.
2297 703 2332 734 In
2357 703 2477 744 quibus

1391 748 1468 787 vero
1484 755 1586 786 forma
1600 765 1667 786 non
1681 755 1826 796 complet
1838 761 1941 787 totam
1955 756 2135 796 potentiam
2152 755 2315 792 materiae,
2331 762 2478 786 remanet

1394 807 1499 838 adhuc
1527 806 1571 848 (in
1598 806 1745 846 materia)
1763 807 1909 848 potentia
1926 806 1965 838 ad
1982 807 2077 838 aliam
2095 806 2236 838 formam
2259 810 2286 836 in
2305 812 2422 843 materia,
2447 815 2479 840 et

1392 860 1466 891 ideo
1491 869 1557 889 non
1588 864 1635 889 est
1665 860 1712 899 (in
1736 857 1796 902 eis)
1821 855 1995 891 necessitas
2019 859 2163 895 essendi:
2193 863 2364 890 nihilominus
2393 859 2474 903 (ced)

1392 914 1491 943 virtus
1516 914 1552 939 rei
1572 915 1604 940 ad
1624 915 1769 941 essendum
1790 910 1915 942 essendi
1937 912 2150 952 consequitur
2168 913 2215 946 (in
2232 910 2290 952 eis)
2308 913 2478 944 victoriam

1394 967 1517 997 formae
1543 975 1641 1006 super
1665 964 1809 1001 materia,
1840 969 1877 994 ut
1909 969 1998 1005 patet
2027 964 2062 995 in
2085 964 2256 996 elementis
2280 970 2312 996 et
2336 965 2479 996 elemen-

1393 1020 1475 1056 tatis,
1501 1018 1606 1049 forma
1631 1018 1717 1048 enim
1743 1017 1897 1048 elementi
1921 1028 1973 1046 non
1994 1020 2116 1046 totaliter
2134 1027 2202 1049 non
2227 1018 2355 1058 attingit
2377 1023 2479 1048 mate-

1393 1073 1473 1102 riam
1497 1069 1681 1101 secundum
1705 1074 1812 1100 totum
1833 1081 1910 1098 suum
1931 1068 2030 1108 (eius)
2047 1079 2154 1110 posse,
2171 1079 2239 1100 non
2257 1070 2344 1101 enim
2369 1068 2406 1100 fit
2425 1079 2479 1100 su—

1394 1123 1538 1164 sceptiva
1556 1121 1693 1164 (formae
1711 1120 1878 1162 elementi)
1896 1122 1993 1152 unius
2013 1125 2113 1151 formae
2132 1121 2195 1152 nisi
2217 1131 2276 1163 per
2298 1121 2364 1152 hoc
2388 1120 2480 1162 quod

1397 1175 1565 1206 subiicitur
1590 1173 1680 1204 alteri
1704 1174 1786 1214 parti
1810 1174 2045 1205 contrarietatis
2067 1178 2118 1202 sub
2142 1176 2241 1211 quibus
2260 1177 2375 1202 existens
2394 1176 2482 1202 consi-

1395 1231 1500 1256 deratur
1518 1236 1547 1255 ut
1566 1230 1670 1263 propria
1690 1229 1797 1255 materia
1813 1229 1830 1246 ⁸
1848 1229 1908 1255 talis
1926 1229 2036 1259 formae,
2051 1229 2119 1255 sicut
2137 1236 2185 1264 per
2203 1228 2318 1255 calidum
2337 1234 2363 1254 et
2381 1228 2480 1254 siccum

1395 1288 1421 1308 et
1439 1290 1527 1308 rarum
1555 1287 1580 1307 et
1605 1281 1757 1307 huiusmodi
1783 1281 1812 1306 fit
1837 1283 1944 1307 materia
1964 1281 2093 1314 disposita
2117 1287 2143 1307 et
2161 1282 2267 1315 propi-in
2286 1281 2387 1311 formae
2404 1279 2481 1312 ienis.

1399 1330 1518 1361 Forma
1544 1339 1620 1360 vero
1645 1330 1736 1360 mixti
1762 1330 1889 1371 attingit
1904 1331 2071 1361 materiam
2097 1329 2280 1362 secundum
2304 1327 2396 1370 quod
2419 1328 2483 1360 dis-

1398 1382 1531 1423 ponitur
1555 1391 1613 1423 per
1629 1381 1881 1412 determinatum
1903 1382 2043 1414 modum
2067 1382 2243 1414 mixtionis.
2270 1385 2372 1412 Eadem
2391 1387 2483 1411 autem

1397 1437 1512 1463 materia
1540 1440 1581 1463 est
1599 1433 1688 1464 ldem
1713 1439 1823 1464 autem
1847 1434 2031 1466 subiectum
2055 1439 2187 1475 oportet
2210 1443 2280 1466 esse
2304 1433 2483 1465 contrario—

1398 1495 1471 1516 rum
1497 1495 1522 1515 et
1537 1497 1584 1523 per
1603 1497 1771 1523 consequens
1791 1490 1822 1516 et
1846 1485 2031 1517 mediorum
2061 1487 2211 1518 omnium
2236 1495 2322 1527 quae
2345 1490 2483 1518 suntex

1398 1538 1634 1569 commixtione
1660 1543 1891 1569 extremorum.
1916 1537 2012 1569 Unde
2037 1537 2247 1570 manifestum
2265 1561 2271 1568 .
2287 1561 2294 1568 .
2309 1561 2316 1568 .
2333 1546 2392 1578 per
2417 1537 2484 1568 hoc

1401 1589 1492 1630 quod
1516 1591 1627 1620 insunt
1650 1590 1814 1620 materiae.
1839 1590 1857 1629 §
1873 1589 1949 1621 Alio
1967 1599 2045 1620 vero
2062 1589 2165 1620 modo
2182 1588 2233 1630 (ex
2250 1589 2419 1630 principiis
2434 1598 2485 1620 es-

1398 1641 1586 1672 sentialibus
1604 1647 1650 1672 est
1674 1642 1706 1672 in
1731 1641 1827 1672 rebus
1846 1645 1967 1671 absolute
1986 1642 2134 1673 absoluta
2150 1639 2338 1675 necessitas)
2359 1649 2417 1683 per
2432 1649 2486 1674 or-

1400 1693 1509 1724 dinem
1534 1692 1572 1724 ad
1598 1698 1704 1734 partes
1727 1694 1878 1724 materiae
1895 1694 1946 1724 vel
1970 1693 2106 1727 formae,
2131 1694 2157 1724 si
2181 1693 2350 1733 contingat
2372 1692 2487 1724 huius-

1401 1745 1491 1776 modi
1508 1745 1667 1787 principia
1691 1746 1724 1776 in
1749 1745 1912 1786 aliquibus
1935 1756 2003 1777 non
2020 1746 2179 1786 simplicia
2196 1755 2276 1776 esse.
2293 1744 2382 1783 Quia,
2397 1745 2486 1781 enim

1401 1802 1426 1826 in
1447 1798 1581 1828 materia
1598 1797 1727 1838 propria
1744 1797 1888 1828 hominis
1912 1804 1958 1828 est
1975 1807 2096 1838 corpus
2111 1797 2328 1828 commixtum
2345 1802 2378 1828 et
2393 1805 2486 1838 com-

1402 1849 1625 1890 plexionatum
1660 1854 1691 1879 et
1719 1850 1954 1889 organizatum,
1983 1849 2204 1880 necessarium
2227 1853 2276 1879 est
2299 1851 2421 1887 absolut:
2439 1858 2487 1877 ne-

1400 1905 1521 1930 cessitate
1544 1899 1717 1941 (absolute)
1744 1901 1913 1932 hominem
1930 1900 2101 1942 quodlibet
2117 1900 2356 1931 elementorum
2377 1904 2410 1930 et
2424 1899 2486 1933 hu-

1401 1961 1532 1983 morum
1550 1958 1581 1982 et
1597 1960 1796 1992 organorum
1814 1955 1840 1980 in
1854 1962 1883 1980 se
1901 1954 1999 1981 habere
2013 1950 2242 1992 principalium
2259 1951 2291 1982 in
2305 1960 2339 1981 se
2355 1950 2485 1982 habere.

1402 2002 1555 2034 Similiter
1579 2003 1605 2033 si
1629 2003 1732 2034 homo
1751 2026 1758 2032 .
1774 2025 1781 2033 .
1797 2027 1802 2032 .
1821 2002 1977 2034 rationale
2002 2012 2081 2034 esse.
2113 2003 2130 2020 ⁴*
2143 2003 2162 2041 ξ
2177 2002 2292 2034 Tertio
2316 2001 2418 2033 modo
2438 2012 2487 2039 per

1396 2059 1524 2085 -ordinem
1544 2059 1576 2084 ad
1601 2053 1663 2093 (est
1687 2055 1719 2086 in
1749 2054 1845 2086 rebus
1868 2055 2043 2086 necessitas
2071 2054 2219 2085 absoluta
2248 2063 2306 2096 per
2335 2052 2487 2086 ordinem

1402 2107 1638 2148 principiorum
1671 2106 1890 2137 essentialium
1915 2104 1968 2146 ad)
2002 2106 2216 2147 proprietates
2247 2109 2487 2146 consequentes

1400 2159 1567 2189 materiam
1588 2167 1613 2186 ct
1633 2156 1712 2198 (vel)
1729 2156 1746 2176 *
1763 2157 1916 2189 formam:
1941 2158 2025 2188 sicut
2040 2166 2174 2189 necesse
2191 2163 2239 2189 est
2254 2166 2386 2195 serram,
2410 2156 2487 2199 quin

1401 2219 1439 2241 ex
1453 2209 1538 2240 ferro
1551 2215 1608 2245 est,
1623 2209 1736 2240 duram
1750 2219 1834 2246 esse;
1852 2215 1883 2240 et
1895 2209 2076 2246 hominem,
2097 2213 2158 2246 quin
2177 2212 2272 2239 animai
2292 2212 2419 2238 rationale
2437 2204 2488 2243 eet,

1402 2261 1590 2303 disciplinae
1626 2261 1872 2303 perceptibilem
1907 2271 1986 2293 esse.
2019 2265 2057 2291 Ex
2088 2270 2204 2298 utroque
2229 2270 2318 2290 autem
2350 2264 2488 2301 invenitur

1402 2317 1585 2343 necessitatem
1600 2318 1749 2343 considerat
1773 2318 1897 2343 nanu-alis
1917 2317 2018 2344 necessi
2036 2325 2097 2343 cum
2116 2317 2228 2343 formam
2247 2317 2274 2342 in
2298 2316 2408 2343 materia
2426 2323 2489 2342 con-

1401 2370 1506 2396 sideret.
1525 2369 1646 2396 Materia
1664 2377 1729 2396 vero
1748 2377 1801 2395 non
1816 2370 1903 2396 squm
1926 2369 2061 2395 Praedicta
2077 2369 2091 2385 *
2111 2366 2176 2395 ve'ro
2194 2369 2344 2395 essenti-tin
2362 2368 2489 2403 principie

1402 2430 1454 2448 non
1482 2422 1570 2448 solum
1595 2427 1658 2447 sunt
1680 2429 1769 2447 rerum
1795 2422 1919 2455 principia
1944 2427 2072 2455 quantum
2099 2421 2132 2447 ad
2151 2429 2230 2446 suum
2250 2428 2320 2452 esse,
2339 2420 2388 2446 ted
2409 2420 2488 2447 etiem

1404 2479 1532 2507 quantum
1548 2474 1580 2498 ad
1594 2481 1672 2499 suum
1686 2472 1741 2499 fieri
1756 2474 1872 2499 materia
1892 2473 2070 2499 diversimode
2086 2478 2187 2501 tamen:
2200 2480 2269 2509 *nam
2289 2471 2399 2498 materie
2417 2478 2490 2498 eont-

1403 2530 1509 2558 paratur
1538 2525 1570 2549 ad
1597 2523 1651 2550 fieri
1677 2524 1714 2550 rei
1734 2525 1800 2550 sicut
1818 2524 1975 2555 subiectum,
1995 2531 2056 2549 num
2074 2531 2156 2549 omne
2175 2522 2247 2556 quod
2270 2521 2300 2548 fit
2326 2530 2357 2548 ex
2385 2526 2446 2548 ente
2462 2519 2490 2547 i'n

1405 2576 1529 2612 potentia,
1549 2581 1575 2602 et
1595 2581 1683 2602 motus
1704 2581 1731 2602 et
1749 2576 1859 2601 mutatio
1878 2576 2012 2602 existentis
2041 2575 2067 2601 in
2092 2572 2208 2607 potentin
2231 2579 2305 2600 actu·
2329 2578 2384 2606 est3
2406 2573 2492 2600 ffirm-

1405 2641 1469 2658 vero
1492 2640 1522 2658 se
1545 2632 1625 2658 habet
1644 2631 1670 2657 in
1694 2630 1748 2657 fieri
1773 2632 1810 2657 rei
1837 2637 1866 2657 ut
1893 2631 2030 2657 terminus.
2054 2626 2269 2668 §Necessitas
2292 2635 2370 2658 Vero
2395 2637 2492 2656 etune

1407 2686 1508 2721 agentis
1534 2691 1560 2711 et
1584 2685 1610 2710 in
1630 2685 1685 2718 ipsa
1710 2690 1735 2710 et
1754 2685 1779 2710 in
1799 2684 1902 2715 effectu,
1922 2684 1947 2709 in
1975 2683 2032 2717 ipsa
2051 2684 2159 2717 quidem
2185 2684 2331 2710 seeundum
2354 2683 2426 2718 quod
2446 2691 2494 2710 ne-

1409 2738 1554 2765 cessarium
1568 2743 1608 2764 est
1623 2737 1711 2771 ipsum
1727 2745 1813 2771 agere,
1828 2737 1854 2763 in
1867 2737 1960 2763 effectu
1976 2742 2064 2762 nutem
2077 2737 2224 2762 secundum
2237 2737 2310 2770 quod
2324 2741 2366 2762 est
2383 2743 2494 2762 necenee

1408 2791 1530 2817 effectum
1550 2790 1582 2816 ab
1603 2791 1662 2823 ipso
1681 2790 1824 2823 procedere
1844 2784 2012 2828 ffagentis]
2037 2785 2261 2817 consideratur
2276 2790 2308 2817 et
2331 2790 2492 2826 quantum

2512 1999 2622 2029 Jorbt.

2515 2159 2524 2168 ·
2542 2139 2715 2180 visi-'ndum-⁴

2515 2364 2525 2373 ·
2540 2352 2603 2385 cusu
2622 2361 2734 2385 nubitur

2510 2388 2671 2418 praedicam.

1409 2839 1449 2871 ad
1474 2841 1582 2881 ipsum
1607 2849 1701 2879 agere
1726 2845 1758 2870 et
1782 2844 1942 2879 quantum
1966 2837 2006 2870 ad
2030 2837 2182 2870 effectum
2207 2836 2492 2879 consequentem.)
2539 2847 2542 2852 ·

1411 2893 1518 2923 Prima
1531 2897 1640 2922 autem
1654 2890 1853 2922 necessitatis
1866 2889 2083 2922 consideratio
2097 2890 2208 2921 similis
2221 2895 2269 2921 est
2282 2892 2497 2920 consideratione

1409 2943 1591 2975 necessitati
1612 2946 1802 2978 cuiuscumque
1822 2940 1997 2973 accidentis
2021 2951 2120 2982 quam
2143 2941 2241 2972 habet
2265 2951 2302 2972 ex
2327 2940 2495 2982 principiis

1413 2994 1647 3027 essentialibus.
1673 2993 1762 3025 Sicut
1787 2993 1874 3024 enim
1894 3017 1900 3024 .
1917 3017 1923 3024 .
1938 3017 1946 3024 .
1963 2999 1999 3024 ut
2023 2999 2096 3024 actu
2121 2999 2179 3024 est.
2203 2994 2221 3032 ξ
2238 2992 2432 3024 Differenter
2447 2997 2494 3023 ta-

1410 3057 1486 3079 men
1519 3047 1583 3078 hoc
1608 3045 1725 3077 accidit
1755 3045 1787 3076 in
1817 3045 1946 3076 actione
1974 3055 2058 3086 quae
2082 3046 2115 3076 in
2135 3046 2209 3086 ipso
2234 3050 2348 3086 agente
2372 3049 2493 3081 manet,

1409 3100 1492 3130 sicut
1513 3106 1539 3127 et
1558 3098 1737 3139 intelligere
1762 3102 1793 3128 et
1818 3097 1910 3133 velle,
1931 3102 1963 3128 et
1986 3097 2019 3128 in
2045 3098 2174 3128 actione
2191 3106 2276 3138 quae
2299 3097 2333 3128 in
2357 3096 2495 3128 aiterum

1410 3151 1533 3185 transit,
1551 3151 1634 3180 sicut
1658 3148 1844 3180 calefacere.
1868 3148 1952 3180 Nam
1977 3149 2010 3180 in
2035 3149 2142 3189 primo
2159 3158 2278 3189 genere
2294 3147 2430 3179 actionis
2446 3157 2496 3179 se·

1410 3203 1520 3244 quitur
1537 3212 1575 3233 ex
1593 3201 1698 3233 forma
1714 3211 1772 3242 per
1788 3210 1887 3241 quam
1912 3210 2010 3241 agens
2026 3199 2062 3231 fit
2078 3206 2152 3232 actu
2169 3200 2342 3232 necessitas
2358 3196 2494 3237 actionis

1411 3252 1538 3295 (ipsius)
1570 3262 1598 3282 ut
1617 3255 1771 3290 simpliciter
1789 3255 1823 3281 sit
1838 3252 1915 3292 quia
1939 3251 1979 3283 ad
2003 3251 2072 3283 eius
2096 3261 2165 3283 esse
2181 3251 2259 3283 nihil
2277 3250 2494 3282 extrinsecum

1413 3306 1586 3347 requiritur
1602 3305 1634 3335 in
1656 3315 1710 3341 quo
1730 3302 1850 3344 (quod)
1863 3304 1948 3334 actio
1966 3303 2172 3334 terminetur:
2186 3313 2263 3334 curn
2278 3302 2366 3334 enim
2381 3310 2496 3333 sensus

1413 3355 1509 3387 fuerit
1537 3354 1640 3386 factus
1665 3355 1698 3385 in
1723 3360 1797 3386 actu
1821 3363 1878 3394 per
1901 3354 2044 3395 speciem
2068 3353 2264 3390 sensibilem,
2291 3361 2424 3383 necesse
2448 3357 2496 3383 est

1412 3409 1522 3450 ipsum
1538 3407 1666 3442 sentire,
1689 3412 1720 3437 et
1744 3406 1890 3437 similiter
1913 3415 1990 3437 cum
2014 3405 2196 3437 intellectus
2212 3408 2260 3436 est
2282 3404 2316 3435 in
2340 3409 2415 3435 actu
2438 3413 2496 3446 per

1414 3460 1557 3502 speciem
1582 3457 1818 3499 intelligibilem
1839 3467 1864 3487 et
1883 3461 2016 3493 voluntas,
2031 3468 2092 3487 cum
2111 3465 2152 3486 eet
2170 3459 2196 3485 in
2215 3464 2274 3484 actu
2284 3466 2337 3492 per
2355 3459 2405 3484 hoc
2425 3460 2497 3491 quod

1412 3522 1453 3542 est
1472 3521 1543 3542 mota
1563 3523 1576 3540 a
1596 3514 1656 3545 fine,
1676 3522 1786 3540 necesse
1804 3519 1845 3540 est
1863 3522 1922 3540 eam
1941 3514 2018 3540 velle.
2037 3508 2073 3541 In
2089 3507 2234 3540 secundo
2252 3513 2361 3539 autern
2377 3517 2494 3549 genere

1414 3563 1554 3595 actionis
1579 3563 1725 3604 sequitur
1742 3571 1779 3592 ex
1804 3560 1910 3592 forma
1932 3560 2106 3592 necessitas
2121 3558 2258 3590 actionis
2279 3570 2331 3588 non
2350 3566 2380 3588 ut
2398 3561 2497 3596 simpli-

1413 3619 1477 3645 citer
1501 3618 1542 3647 sit.
1570 3618 1616 3643 sed
1645 3617 1791 3643 secundum
1817 3617 1888 3649 quid,
1913 3615 2061 3642 seeundum
2087 3614 2185 3640 scilicet
2203 3615 2275 3647 quod
2301 3615 2326 3640 in
2346 3619 2439 3648 agente
2458 3619 2499 3640 est

1417 3665 1592 3707 (quantum
1618 3665 1656 3696 ad
1682 3665 1833 3696 virtutem
1858 3661 2006 3705 agendi):
2031 3662 2056 3693 si
2081 3663 2169 3693 enim
2193 3662 2277 3703 ignis
2300 3662 2341 3694 sit
2364 3661 2497 3700 calidus,

1415 3717 1634 3748 necessarium
1660 3722 1706 3748 est
1731 3719 1818 3753 ipsum
1838 3718 1978 3745 calefacere
1997 3722 2126 3751 quantum
2151 3717 2175 3742 in
2203 3725 2232 3743 se
2257 3722 2307 3749 est,
2331 3725 2384 3743 non
2409 3722 2498 3743 tamen

1418 3771 1578 3805 simpliciter.
1594 3779 1626 3797 eo
1639 3772 1711 3805 quod
1726 3770 1860 3797 calefactio
1872 3770 1898 3796 ln
1913 3777 1993 3804 passo
2007 3772 2048 3795 est
2060 3774 2267 3800 consummatur.
2286 3777 2317 3795 ex
2336 3768 2411 3795 cuiue
2425 3773 2498 3802 purte

1415 3828 1501 3857 potest
1521 3830 1581 3848 esse
1599 3822 1817 3856 impedimentum
1840 3816 1960 3858 (ipsum
1976 3816 2094 3847 habere
2107 3817 2258 3848 virtutem
2275 3815 2495 3852 calefaciendi,

1415 3880 1483 3902 non
1499 3879 1587 3900 tamen
1604 3879 1736 3901 necesse
1759 3874 1806 3900 est
1822 3869 1929 3909 ipsum
1946 3867 2131 3904 calefacere,
2152 3877 2193 3899 eo
2211 3867 2302 3909 quod
2318 3867 2358 3899 ab
2378 3868 2496 3899 extrin-

1415 3933 1491 3954 seco
1516 3921 1664 3964 impediri
1690 3918 1821 3962 potest.)
1845 3919 1947 3959 §Nec
1972 3919 2011 3950 ad
2036 3919 2241 3959 propositum
2266 3918 2438 3950 differt...
2456 3917 2496 3958 ad

1416 3973 1605 4004 trahendam
1618 3972 1737 4003 navim.
1751 3970 1834 4002 Nam
1847 3979 1962 4001 omnes
1975 3976 2049 4001 sunt
2062 3976 2097 4001 ut
2117 3980 2198 3998 nanum
2218 3979 2304 4000 unus
2317 3978 2424 4011 agens,
2439 3969 2495 4010 qui

1416 4023 1452 4055 fit
1475 4029 1549 4055 actu
1573 4033 1631 4065 per
1654 4027 1737 4059 ipsam
1756 4025 1994 4059 congregationem
2015 4021 2247 4052 adunationem
2267 4023 2305 4050 ad
2323 4028 2439 4052 eorum
2455 4018 2496 4051 ad

287 4070 354 4099 eius
378 4071 509 4100 materia
534 4076 579 4100 est
608 4071 843 4101 contrariorum
876 4073 1067 4111 susceptiva.
1100 4072 1217 4104 Forma
1250 4080 1358 4105 autem
1373 4083 1398 4105 75
1416 4075 1578 4106 actionem
1594 4082 1702 4105 unam.
1720 4073 1738 4111 §
1754 4071 1934 4102 Necessitas
1948 4077 2056 4103 autem
2070 4080 2154 4113 quae
2171 4077 2218 4103 est
2235 4081 2252 4102 a
2269 4080 2366 4102 causa
2382 4075 2496 4111 agente
