2768 4134
12 494 24 505 ·
33 492 69 516 Cf.
81 496 138 515 text.
151 498 171 515 s.
180 492 225 514 Th.

12 523 36 542 et
47 525 96 542 var.

8 930 64 961 *De*
79 936 173 961 m
187 938 224 962 Ix-

2 965 124 1017 ,mmm
123 966 224 1014 ...ere

0 2489 74 2549 2722*-
88 2495 218 2547 S'diim'

4 3332 17 3345 ‘
28 3332 100 3356 Num.
111 3340 144 3363 ¹3.

760 278 948 316 SUMMA
978 279 1200 318 CONTRA
1228 280 1503 327 GENTILES,
1532 283 1626 319 LIB.
1648 284 1689 328 ΙΙ,
1720 283 1831 320 CAP.
1851 284 1949 322 LXI.
1982 298 1984 301 ⁴

255 355 381 386 animae
410 355 554 395 partibus
583 361 716 396 propter
745 357 1009 396 perpetuitatem,
1041 366 1124 397 quae
1159 358 1227 389 aliis
1257 368 1325 389 non

255 400 424 430 convenit:
448 409 518 430 non
541 405 650 430 autem
673 410 743 431 esse
767 401 836 430 eius
859 402 1084 439 intentionem,
1108 407 1144 433 ut
1167 403 1326 433 Averroes

254 442 356 484 fingit,
381 443 472 485 quod
494 444 645 475 nondum
668 450 715 475 est
738 444 935 476 declaratum
959 446 999 476 de
1025 446 1190 477 intellectu
1216 453 1326 478 utrum

253 488 294 519 sit
317 489 434 525 anima,
458 489 542 520 sicut
557 489 598 520 de
614 489 682 519 aliis
697 489 880 530 principiis3
899 499 975 520 cum
990 496 1082 522 vetus
1094 492 1111 508 '⁶
1134 496 1239 522 textus
1258 501 1325 522 non

253 533 378 570 habeat,
404 533 485 564 nihil
507 538 555 564 est
577 533 789 569 declaratum,
818 534 894 570 sive,
919 535 1000 565 nihil
1027 541 1076 566 est
1103 535 1233 571 dictum,
1258 535 1324 571 sed,

254 578 336 608 nihil
352 583 400 608 est
421 578 639 620 manifestum,
657 583 817 618 quantum
833 579 955 609 scilicet
971 579 1011 610 ad
1025 579 1059 610 id
1075 580 1165 620 quod
1187 585 1235 610 est
1250 589 1326 620 pro-

252 623 362 662 prium
377 622 566 659 intellectui,
582 632 650 653 non
666 628 775 653 autem
792 628 950 663 quantum
967 623 1007 654 ad
1030 633 1242 655 communem
1258 625 1325 654 ani-

252 676 326 698 mae
350 666 586 698 definitionem.
602 684 626 689 —
640 667 682 698 Et
704 672 878 707 praeterea,
895 668 922 698 si
942 668 1052 698 anima
1076 669 1255 708 aequivoce
1278 668 1326 698 di-

253 716 380 742 ceretur
402 711 443 742 de
468 711 635 742 intellectu
659 717 691 742 et
713 712 792 748 aliis,
816 712 923 752 primo
954 711 1148 743 distinxisset
1171 713 1326 753 aequivo-

253 756 426 792 cationem,
451 756 535 786 sicut
557 761 605 786 est
633 756 702 787 eius
731 756 946 792 consuetudo,
969 766 1012 787 ne
1039 757 1269 797 procederetur
1291 757 1325 787 in

252 800 446 840 aequivoco,
463 799 555 840 quod
578 801 612 831 in
636 801 777 831 scientiis
793 800 1052 831 demonstrativis
1071 810 1139 832 non
1163 801 1325 832 convenit.

307 844 481 875 Rationem
505 845 598 882 hanc,
623 854 662 875 ex
688 845 868 876 Aristotelis
898 846 1003 876 verbis
1032 851 1207 886 sumptam,
1230 845 1325 876 latius

251 887 388 920 Sanctus
400 889 546 920 Thomas
557 890 592 920 in
603 890 702 920 Libro
719 899 819 930 quem
834 889 986 920 adversus
1001 890 1200 920 Averroistas
1216 889 1325 926 edidit,

251 933 401 973 explanat
417 935 444 964 θ’.
469 933 534 965 Sed
561 934 719 974 quoniam
741 934 848 974 inquit
879 943 918 964 ex
947 939 1037 965 textu
1066 943 1183 974 graeco
1215 934 1325 964 haberi

252 977 343 1018 quod
366 988 435 1008 non
462 978 649 1015 dubitative,
674 977 731 1009 sed
754 978 903 1009 assertive
927 979 960 1008 in
985 979 1110 1009 animae
1134 977 1323 1009 definitione

250 1022 397 1062 loquitur
426 1022 627 1059 Aristoteles,
659 1022 892 1053 advertendum
920 1022 1011 1062 quod
1041 1028 1115 1053 ante
1143 1023 1198 1053 illa
1228 1023 1326 1054 verba

250 1072 340 1097 textu
353 1077 384 1107 7,
396 1067 454 1097 ubi
467 1066 592 1104 dicitur,
606 1067 643 1098 Si
654 1072 762 1098 autem
775 1067 900 1107 aliquid
912 1076 1082 1097 commune
1095 1068 1184 1098 omni
1195 1067 1326 1098 animae

252 1116 381 1152 oportet
402 1111 511 1142 dicere
537 1117 609 1148 etc„
634 1112 667 1142 in
690 1117 780 1142 textu
804 1111 823 1141 6
848 1111 995 1142 absolute
1026 1111 1146 1142 dixerat
1176 1112 1325 1142 Philoso-

249 1156 344 1196 phus,
380 1155 566 1188 definiendo
590 1156 742 1193 animam,
768 1153 820 1186 Διό
845 1153 936 1198 ψυχή
962 1155 1054 1186 ἐστιν
1081 1154 1278 1198 &vesle-ssim
1304 1155 1324 1190 ἡ

250 1197 367 1242 πρώτη
393 1197 555 1242 σώματος
583 1199 722 1242 φυσικοῦ
754 1197 844 1240 ζωήν
877 1199 1016 1243 ἔχοντος
1052 1192 1222 1243 δυνάμει,“
1241 1209 1326 1240 quae

250 1245 345 1275 verba
369 1245 414 1275 sic
437 1245 663 1285 interpretatur
685 1245 834 1275 Boetius:
868 1245 960 1275 Unde
987 1245 1097 1275 anima
1126 1250 1173 1275 est
1195 1245 1326 1285 primus

249 1294 342 1320 actus
365 1289 516 1329 corporis
528 1289 662 1330 phy-sici
678 1289 827 1329 potentia
843 1289 941 1320 vitam
965 1289 1120 1320 habentis.
1145 1289 1252 1320 Textu
1269 1298 1324 1319 au-

248 1338 316 1369 tem
333 1333 352 1365 8
368 1333 485 1377 inquit,
502 1331 648 1364 καθόλον
670 1332 728 1375 μὲν
752 1330 809 1366 οὖν
835 1334 968 1374 εἴρηται
995 1334 1027 1364 τί
1054 1333 1148 1363 ἐστιν
1171 1333 1191 1367 ἡ
1217 1330 1322 1375 ψυχή,

249 1376 342 1419 quod
365 1378 596 1418 interpretatur
622 1378 774 1408 Boetius:
802 1377 1040 1408 Universaliter
1066 1377 1193 1418 quidem
1221 1377 1325 1418 igitur

249 1420 370 1453 dictum
394 1427 450 1458 est,
474 1421 553 1462 quid
574 1421 617 1453 sit
646 1422 768 1453 anima.
797 1422 832 1452 ln
864 1422 982 1462 quibus
1013 1427 1146 1462 apparet
1175 1421 1323 1452 Philoso-

247 1465 353 1507 phum
374 1475 443 1496 non
468 1466 655 1503 dubitative,
682 1465 739 1496 sed
767 1466 917 1497 assertive
947 1465 1171 1496 definitionem
1198 1466 1323 1496 animae

247 1508 430 1547 tradidissm
455 1515 487 1540 et
514 1509 606 1550 quod
628 1519 706 1541 usus
737 1515 785 1541 est
814 1515 893 1540 nota
920 1509 1127 1546 conditionis,
1151 1519 1220 1540 non
1247 1511 1324 1550 quia

248 1553 418 1591 dubitaret,
442 1553 499 1584 sed
521 1559 568 1590 ut,
585 1563 624 1584 ex
647 1554 874 1594 suppositione
891 1553 1109 1584 antecedentis
1132 1554 1322 1594 procedens,

248 1597 459 1631 concluderet
481 1598 612 1628 brevem
633 1599 759 1629 animae
783 1597 1018 1633 definitionem,
1039 1597 1116 1628 loco
1140 1598 1209 1628 eius
1233 1598 1324 1638 quod

247 1641 369 1674 dixerat
384 1642 537 1684 potentia
560 1642 659 1673 vitam
682 1642 838 1679 habentis,
863 1641 1021 1683 ponendo
1046 1642 1209 1683 organici.

300 1686 547 1718 Attendendum
563 1687 670 1723 etiam,
691 1696 767 1718 cum
783 1687 890 1727 inquit
905 1686 1042 1717 Sanctus
1057 1686 1203 1717 Thomas
1223 1686 1323 1716 Aver-

246 1739 340 1762 roem
362 1731 447 1762 male
470 1731 673 1772 interpretari
695 1731 904 1762 Aristotelem
927 1731 984 1762 ubi
1008 1731 1061 1767 ait,
1085 1731 1136 1761 De
1159 1730 1323 1761 intellectu

246 1779 355 1807 autem
371 1781 404 1807 et
418 1775 624 1816 perspectiva
641 1776 792 1816 potentia
809 1775 891 1806 nihil
905 1775 1011 1806 adhuc
1035 1780 1082 1805 est
1104 1775 1322 1817 manifestum,

246 1819 339 1862 quod
362 1820 485 1851 scilicet
499 1820 633 1860 antiqua
655 1820 821 1851 translatio
844 1820 940 1851 habet
961 1826 997 1851 ut
1020 1818 1156 1850 Sanctus
1177 1820 1322 1850 Thomas

246 1863 390 1897 adducit.
404 1864 491 1896 Nam
505 1870 538 1896 et
552 1869 658 1896 textus
672 1874 807 1905 graecus
822 1865 868 1895 sic
890 1864 995 1901 habet,
1013 1857 1146 1895 ὀυδέπω
1164 1861 1320 1906 φανερόν,

245 1908 338 1947 idest,
363 1908 508 1940 nondum
532 1915 580 1940 est
602 1909 822 1951 manifestum.
840 1908 936 1940 Unde
958 1918 1027 1939 non
1051 1914 1098 1939 est
1121 1918 1233 1938 sensus
1249 1908 1323 1938 Phi-

245 1953 379 1994 losophi
408 1953 559 1984 nondum
582 1953 704 1994 aliquid
727 1953 847 1984 dictum
871 1962 940 1983 esse
966 1958 1022 1984 aut
1052 1952 1254 1983 declaratum
1282 1952 1322 1983 de

246 1997 423 2035 intellectu,
455 2003 565 2029 utrum
596 1998 718 2028 scilicet
747 1998 788 2028 sit
818 1997 939 2033 anima3
970 1998 1073 2028 immo
1103 1997 1187 2027 inter
1216 2002 1321 2037 partes

246 2043 374 2074 :mimine
396 2042 598 2073 intellectum
621 2042 832 2078 enumeravit,
858 2047 890 2072 et
918 2042 1023 2073 voluit
1053 2042 1179 2072 animae
1206 2040 1320 2072 defini-

246 2087 372 2118 tionem
396 2096 465 2118 esse
489 2096 701 2118 communem
729 2086 826 2117 etiarn
853 2086 989 2117 animae.
1010 2086 1238 2116 intellectivae:
1264 2085 1321 2116 sed

247 2131 339 2173 quod
361 2131 512 2163 nondum
536 2141 574 2162 ex
597 2132 658 2162 illis
681 2131 890 2162 manifestum
914 2136 961 2162 est
983 2130 1018 2161 id
1041 2130 1131 2171 quod
1150 2131 1320 2171 proprium

247 2181 295 2207 est
317 2176 506 2213 intellectui,
528 2185 587 2217 per
610 2175 701 2217 quod
728 2176 767 2206 ab
795 2175 864 2205 aliis
891 2175 1017 2206 animae
1043 2175 1187 2215 partibus
1210 2174 1320 2205 distin-

246 2220 356 2261 guitur
378 2226 411 2251 et
432 2225 611 2261 separatur;
628 2226 665 2251 ut
679 2225 768 2261 patet
783 2229 822 2250 ex
844 2220 948 2250 verbis
970 2218 1157 2250 immediate
1181 2228 1320 2259 sequen-

245 2264 342 2301 tibus,
367 2265 423 2295 ubi
447 2265 500 2301 ait,
525 2264 589 2296 Sed
612 2265 740 2296 videtur
761 2274 867 2306 genus
881 2264 1021 2294 alterum
1046 2264 1176 2294 animae
1196 2273 1272 2299 esse,
1290 2269 1322 2294 et

245 2309 308 2340 hoc
330 2310 437 2340 solum
460 2310 654 2351 contingere
674 2309 824 2350 separari
842 2309 927 2339 sicut
942 2313 1136 2349 perpetuum
1159 2318 1179 2338 a
1204 2317 1320 2338 corru-

241 2354 360 2394 ptibili.
385 2353 473 2385 Cum
501 2355 589 2384 enirn
616 2355 656 2384 sit
685 2354 812 2384 animae
839 2362 922 2393 pars,
945 2353 986 2385 ab
1017 2353 1086 2384 aliis
1114 2352 1320 2393 distinguitur

245 2399 380 2435 ratione,
405 2399 489 2429 sicut
510 2404 707 2439 perpetuum
730 2407 748 2428 a
771 2397 982 2438 corruptibili.

301 2442 340 2474 11.
370 2442 484 2473 Posset
518 2448 628 2473 autem
663 2452 701 2473 ex
733 2442 837 2473 verbis
868 2441 1050 2478 Themistii‚
1074 2441 1087 2472 1
1117 2440 1158 2471 de
1184 2441 1317 2476 Anima,

246 2496 317 2528 cap.
333 2497 411 2518 xxm
421 2487 449 2523 ἡ
465 2486 506 2517 ad
521 2487 602 2517 haec
618 2486 807 2527 responderi
822 2485 923 2526 quod,
940 2495 1016 2516 cum
1032 2485 1139 2516 anima
1156 2485 1318 2515 rationalis

246 2531 287 2562 sit
309 2531 444 2572 duplex;
469 2531 630 2572 quaedam
652 2531 774 2562 scilicet
797 2531 980 2567 coniuncta,
1005 2539 1088 2570 quae
1114 2529 1242 2560 homini
1265 2529 1318 2559 dat

245 2585 315 2607 esse
331 2581 364 2606 et
385 2576 538 2616 speciem,
555 2581 588 2606 et
603 2580 651 2606 est
666 2575 900 2616 corruptibilis;
916 2574 977 2605 alia
991 2584 1069 2605 vero
1094 2579 1141 2604 est
1163 2579 1316 2614 separata,

246 2629 346 2661 quam
369 2620 567 2651 Themistius
590 2626 686 2651 vocat
698 2620 794 2661 foris
821 2624 1003 2650 manentem
1007 2626 1021 2655 ;
1049 2619 1131 2649 sicut
1161 2617 1317 2658 perfectio

245 2665 409 2705 perspicui
442 2669 490 2695 est
521 2664 651 2705 duplex,
679 2664 801 2695 scilicet
828 2663 878 2694 sol
910 2668 942 2693 et
971 2663 1100 2694 lumen:
1129 2662 1317 2692 Aristoteles

246 2709 371 2750 quaerit
394 2707 621 2740 definitionem
644 2717 856 2739 communem
873 2708 964 2738 omni
988 2707 1114 2737 animae
1130 2706 1218 2736 danti
1238 2715 1315 2742 esse,

246 2758 278 2784 et
299 2754 365 2784 hoc
388 2763 447 2794 per
469 2762 503 2783 se
525 2754 650 2794 prim0;
667 2762 737 2783 non
760 2758 869 2783 autem
885 2752 1011 2782 animae
1035 2751 1211 2782 extrinsece
1227 2759 1317 2780 com-

245 2807 392 2828 munem.
415 2797 539 2828 Verum
563 2803 611 2828 est
636 2803 745 2828 tamen
776 2795 866 2836 quod
898 2795 1096 2836 quandoque
1126 2793 1248 2834 aliquid
1277 2793 1316 2824 de

245 2842 300 2873 illa
322 2842 430 2873 anima
444 2847 589 2882 separata
604 2841 796 2881 interponit:
821 2840 978 2880 quoniam
994 2839 1120 2870 videtur
1143 2839 1174 2869 ei
1197 2843 1228 2868 et
1248 2838 1316 2868 aliis

245 2886 493 2927 quodammodo
506 2895 573 2917 una
583 2885 729 2917 definitio
745 2890 942 2925 competere,
958 2884 1035 2914 licet
1048 2883 1150 2914 modo
1167 2882 1316 2922 analogo.

302 2931 410 2963 Huius
434 2936 544 2962 autem
568 2931 697 2971 signum
721 2929 841 2970 duplex
868 2938 907 2959 ex
929 2928 1110 2959 Aristotelis
1137 2927 1241 2957 verbis
1265 2936 1316 2957 ac-

245 2976 373 3016 cipitur.
396 2975 543 3006 Primum
566 2975 652 3016 quia,
676 2983 752 3005 cum
776 2973 816 3004 ad
839 2972 939 3003 finem
961 2973 1084 3012 primae
1108 2981 1144 3002 ac
1169 2980 1317 3001 commu-

211 3041 217 3052 ,
245 3020 396 3051 nissimae
419 3019 616 3051 definitionis
631 3018 837 3060 pervenisset,
854 3017 1019 3057 subiungit
1029 3017 1056 3053 ἦ
1078 3021 1234 3056 tanquam
1249 3024 1317 3045 ma-

184 3067 190 3074 '
245 3065 413 3101 nifestum‚
442 3062 599 3105 quasdam
630 3063 750 3104 species
779 3062 909 3093 animae
938 3070 1005 3091 esse
1033 3065 1125 3091 actus
1154 3059 1316 3100 corporis,

246 3115 278 3141 et
299 3109 456 3150 quasdam
485 3118 562 3140 non.
593 3107 694 3146 Quod
718 3116 787 3138 esse
809 3115 878 3136 non
907 3110 1017 3146 posset
1039 3106 1066 3135 si
1094 3105 1148 3135 illa
1171 3103 1316 3134 definitio

246 3155 386 3185 univoce
410 3153 610 3194 competeret
636 3152 727 3182 omni
753 3151 897 3182 animae:
928 3148 1136 3180 manifestum
1161 3149 1246 3179 enim
1271 3153 1318 3178 est

246 3198 338 3240 quod
353 3207 452 3228 omne
468 3199 522 3228 cui
539 3197 593 3228 illa
617 3195 761 3227 definitio
786 3194 953 3234 competit,
978 3199 1026 3224 est
1047 3199 1137 3224 actus
1160 3193 1315 3233 corporis.

247 3243 289 3274 Et
303 3241 378 3273 ideo
397 3242 550 3273 convenit
573 3251 630 3282 per
653 3250 686 3272 se
710 3241 816 3280 primo
840 3244 966 3269 tanturn
982 3238 1106 3268 animae
1123 3237 1316 3268 coniunctae

247 3287 458 3328 corruptibili.

303 3330 492 3362 Secundum
508 3335 555 3361 est
571 3330 648 3370 quia
663 3328 851 3359 Aristoteles
867 3326 987 3357 ibidem
1003 3325 1110 3356 subdit
1122 3326 1153 3355 *z
1170 3324 1316 3365 Amplius

247 3380 354 3406 autem
378 3375 632 3416 immanifestum
656 3378 704 3404 est
723 3373 753 3403 si
774 3373 817 3403 sit
839 3376 930 3402 actus
945 3370 1095 3410 corporis
1109 3370 1194 3400 sicut
1215 3374 1316 3400 nauta

248 3420 351 3451 navis.
368 3420 443 3450 Hoc
466 3425 576 3450 autem
599 3427 668 3449 non
687 3417 812 3448 dubitat
832 3415 871 3446 de
894 3416 1061 3446 animabus
1080 3415 1188 3450 unitis,
1204 3413 1260 3444 sed
1276 3413 1315 3444 de

247 3469 401 3506 separata.
429 3464 471 3494 Et
501 3464 546 3494 sic
577 3467 710 3503 apparet
736 3471 805 3492 non
835 3459 952 3490 eodem
978 3458 1080 3490 modo
1109 3467 1177 3489 esse
1207 3463 1315 3488 actum

247 3509 370 3540 animas
394 3509 584 3539 coniunctas
601 3513 633 3538 et
655 3507 796 3537 animam
812 3510 1003 3544 separatam:
1029 3509 1061 3533 et
1083 3502 1203 3533 idcirco
1226 3502 1314 3532 illam

247 3552 472 3584 definitionem
494 3553 674 3592 aequivoce
698 3550 816 3582 dictam
844 3559 922 3585 esse,
947 3554 983 3579 ut
1010 3547 1113 3578 voluit
1137 3546 1314 3577 Commen-

246 3603 340 3628 tator.
364 3597 459 3628 Unde
482 3597 590 3627 statim
613 3594 736 3626 subdit:
761 3594 965 3636 Figuraliter
993 3591 1119 3633 quidem
1144 3591 1247 3632 igitur
1268 3591 1316 3621 sic

247 3641 479 3672 determinetur
493 3646 524 3671 et
539 3640 741 3671 describatur
756 3640 884 3669 anima:
899 3647 967 3668 non
991 3634 1234 3667 determinando
1255 3635 1315 3665 sci-

2374 299 2452 337 429

1379 358 1455 389 licet
1478 365 1559 399 quot
1582 360 1707 391 animae
1730 361 1802 397 sint,
1827 366 1858 391 et
1882 371 1922 392 an
1946 361 2091 393 definitio
2118 363 2179 393 illis
2207 364 2346 396 univoce
2374 376 2454 398 con-

1380 403 1498 433 veniat.

1436 447 1488 477 111.
1513 447 1576 478 Sed
1604 453 1715 478 contra
1741 449 1918 490 principale
1945 449 2068 481 dictum
2097 451 2193 482 huius
2222 454 2451 493 responsionis,

1379 490 1501 522 scilicet
1524 492 1615 531 quod
1631 493 1741 532 primo
1762 498 1793 523 et
1808 503 1872 534 per
1886 504 1920 524 se
1939 494 2116 536 definiatur
2137 497 2248 527 anima
2267 498 2451 535 coniuncta,

1379 545 1463 575 quae
1495 541 1542 566 est
1569 537 1809 576 corruptibilis:
1831 539 2025 579 quandoque
2053 545 2159 570 tamen
2194 541 2380 582 interponat
2412 543 2452 574 de

1380 579 1490 610 anima
1513 585 1675 620 separata,
1693 590 1731 610 eo
1748 582 1835 621 quod
1857 583 1917 612 sibi
1935 584 2108 614 conveniat
2124 585 2362 625 quodammodo
2379 588 2451 618 ani-

1380 633 1453 654 mae
1475 624 1631 665 definitio,
1656 625 1752 655 modo
1777 626 1933 667 analogo,
1961 628 2103 658 instatur.
2135 629 2218 659 Nam
2242 631 2356 661 volens
2378 632 2450 662 Ari-

1379 667 1510 698 stoteles
1533 669 1671 708 probare
1695 670 1835 700 animam
1859 680 1927 701 esse
1951 676 2060 702 actum
2083 674 2237 712 corporis,
2254 680 2343 705 textu
2368 685 2411 714 24
2422 677 2449 713 *‚

1380 712 1484 752 arguit
1506 713 1566 743 sic:
1591 713 1709 744 Anima
1733 719 1780 744 est
1795 714 1941 754 primum
1959 725 2023 755 quo
2040 717 2184 753 vivimus,
2201 719 2364 755 sentimus,
2381 730 2450 751 mo-

1380 765 1493 787 vemur
1516 762 1547 787 et
1570 757 1782 799 intelligimus
1799 759 1921 798 primo.
1946 760 2039 800 Ergo
2064 766 2111 790 est
2137 766 2237 792 actus.
2262 762 2450 795 Secundum

1380 810 1457 840 ergo
1481 806 1625 832 mentem
1648 802 1828 832 Aristotelis
1851 804 1957 833 anima
1973 813 2072 843 quam
2091 804 2244 842 definivit,
2269 812 2301 837 et
2323 807 2363 838 de
2386 817 2450 848 qua

1379 845 1468 875 illam
1491 844 1715 877 definitionem
1738 847 1863 886 probat,
1888 853 1936 878 est
1957 848 2154 888 principium
2178 859 2245 889 quo
2268 851 2374 890 primo
2400 853 2449 883 in-

1379 889 1563 929 telligimus.
1588 890 1652 921 Sed
1674 891 1753 921 haec
1775 900 1844 922 non
1861 897 1909 922 est
1931 893 2038 923 anima
2060 894 2235 924 coniuncta
2258 903 2357 934 quam
2380 905 2450 926 cor-

1379 934 1565 974 ruptibilem
1578 944 1645 965 esse
1659 934 1747 972 dicis,
1764 936 1885 966 scilicet
1901 936 2082 976 cogitativa,
2099 938 2176 977 quia
2191 947 2260 968 non
2275 947 2332 978 per
2347 940 2449 979 ipsam

1379 979 1485 1018 primo
1510 979 1729 1019 intelligimus,
1746 980 1821 1010 licet
1840 980 1880 1010 ad
1902 986 2046 1011 nostram
2070 981 2323 1013 intellectionem
2339 984 2448 1024 aliquo

1379 1022 1482 1053 modo
1507 1029 1692 1054 concurrat:
1717 1023 1774 1054 sed
1798 1030 1845 1054 est
1868 1025 1975 1055 anima
1997 1026 2119 1056 habens
2142 1026 2353 1064 intellectum,
2373 1038 2449 1059 cum

1380 1067 1448 1107 ipse
1473 1067 1514 1097 111
1530 1067 1570 1098 de
1585 1068 1703 1098 Anima
1713 1069 1739 1105 ὓ,
1764 1068 1903 1108 loquens
1927 1068 1967 1099 de
1993 1070 2160 1100 intellectu
2175 1071 2330 1110 possibili,
2348 1071 2447 1103 dicat:

1380 1111 1464 1141 Dico
1488 1117 1596 1142 autem
1621 1112 1815 1143 intellectum
1838 1123 1902 1154 quo
1928 1114 2083 1153 opinatur
2097 1120 2128 1145 et
2150 1115 2305 1156 intelligit
2326 1117 2447 1148 anima.

1380 1155 1466 1196 Ergo
1483 1156 1537 1186 illa
1560 1155 1705 1187 definitio
1720 1166 1790 1187 non
1806 1163 1853 1187 est
1868 1157 1941 1188 data
1957 1157 1996 1188 de
2017 1159 2086 1189 sola
2109 1160 2216 1189 anima
2237 1161 2446 1200 corruptibili,

1380 1199 1435 1230 sed
1460 1201 1557 1230 etiam
1580 1200 1620 1231 de
1643 1201 1889 1241 incorruptibili,
1913 1211 1996 1242 quae
2020 1208 2067 1233 est
2090 1212 2163 1234 vere
2187 1204 2390 1235 intellectiva.

1435 1244 1611 1281 Praeterea,
1643 1244 1787 1276 dividens
1810 1247 1970 1286 potentias
2001 1248 2126 1278 animae
2157 1257 2255 1288 quam
2271 1247 2446 1285 definierat,

1379 1293 1468 1319 textu
1487 1298 1528 1328 27
1541 1289 1568 1325 *,
1593 1290 1714 1329 inquit:
1739 1290 1906 1320 Potentius
1929 1296 2035 1321 autem
2059 1291 2196 1322 dicimus
2219 1293 2445 1333 vegetativum,

1378 1333 1575 1368 sensitivam,
1600 1334 1817 1374 appetitivum,
1842 1335 1996 1365 motivum
2020 1336 2195 1366 secundum
2220 1337 2336 1372 locum,
2355 1338 2447 1368 intel-

1380 1377 1539 1407 lectivam.
1568 1378 1654 1418 Ergo
1681 1379 1914 1410 intellectivum
1944 1385 1991 1410 est
2022 1381 2166 1420 potentia
2195 1382 2321 1411 animae
2349 1391 2447 1421 quam

1379 1420 1555 1452 definierat.
1569 1422 1655 1462 Ergo
1668 1432 1735 1453 non
1749 1422 1894 1454 definivit
1905 1428 2031 1454 tantum
2042 1425 2183 1455 animam
2195 1425 2446 1465 corruptibilem.

1435 1465 1469 1497 Si
1492 1465 1616 1496 dicatur
1639 1466 1729 1506 quod
1754 1477 1812 1507 per
1840 1468 2068 1498 intellec-tivum
2098 1469 2246 1509 intelligit
2267 1470 2447 1510 potentiam

1379 1510 1608 1551 cogitativam:
1623 1516 1736 1541 contra
1751 1512 1902 1551 arguitur.
1920 1511 2006 1549 Quia
2021 1512 2164 1549 inferius,
2183 1518 2272 1543 textu
2290 1523 2330 1554 29
2342 1515 2370 1551 ⁹,
2389 1523 2447 1545 vo-

1378 1554 1447 1584 lens
1475 1554 1645 1585 ostendere
1669 1555 1839 1595 quomodo
1863 1555 2056 1596 quibusdam
2085 1557 2195 1587 insunt
2217 1567 2332 1588 ornnes
2355 1567 2447 1598 prae·

1379 1597 1483 1628 dictae
1506 1600 1682 1638 potentiae,
1706 1599 1884 1630 concludit:
1906 1600 2105 1636 Quibusdam
2121 1606 2227 1631 autem
2245 1601 2350 1632 adhuc
2366 1602 2448 1634 inest

1379 1647 1410 1672 et
1431 1642 1607 1673 secundum
1636 1643 1743 1674 locum
1774 1644 1939 1679 motivum,
1964 1645 2076 1675 alteris
2092 1650 2199 1675 autem
2218 1646 2446 1677 intellectivam

1379 1691 1411 1716 et
1434 1686 1624 1722 intellectus,
1650 1692 1684 1718 ut
1706 1688 1905 1718 hominibus:
1927 1688 1984 1718 ubi
1999 1693 2087 1728 patet
2106 1689 2196 1729 quod
2220 1689 2447 1721 intellectivam

1379 1731 1513 1771 exponit
1536 1731 1633 1761 etiam
1663 1741 1723 1772 pro
1751 1732 1926 1762 intellectu.
1951 1732 2035 1762 Nam
2066 1738 2098 1763 et
2126 1732 2247 1763 ibidem
2277 1734 2446 1770 Averroes,

1379 1780 1569 1806 commento
1584 1785 1624 1815 29
1637 1777 1664 1812 *‚
1677 1777 1735 1807 ait:
1751 1776 1795 1806 Et
1803 1786 1969 1817 ponamus
1987 1777 2083 1807 etiam
2094 1787 2159 1817 pro
2176 1777 2349 1819 manifesto
2361 1779 2448 1819 quod

1377 1820 1481 1850 virtus
1505 1819 1683 1861 cogitativa
1699 1826 1730 1851 et
1753 1821 1933 1852 intellectus
1948 1821 2092 1851 existunt
2107 1821 2140 1852 in
2165 1822 2240 1852 aliis
2257 1822 2360 1852 modis
2376 1823 2447 1853 ani-

1378 1865 1523 1897 malium.

1434 1918 1464 1939 2.
1488 1908 1540 1939 Ad
1562 1910 1705 1949 primum
1721 1914 1830 1939 autem
1848 1909 1976 1949 signum
1998 1909 2169 1940 inductum
2192 1909 2308 1940 dicitur
2328 1911 2446 1950 primo.

1376 1951 1410 1983 Si
1425 1952 1611 1984 admittatur
1626 1953 1832 1984 Aristotelem
1849 1953 1888 1983 de
1905 1954 2073 1993 speciebus
2088 1955 2213 1984 animae
2229 1954 2322 1994 loqui
2343 1954 2447 1994 (quod

1375 2001 1483 2027 tamen
1499 2003 1547 2028 est
1570 1996 1711 2038 falsum),
1729 1997 1844 2028 dicitur
1860 1997 1951 2037 quod
1970 1998 2116 2037 loquitur
2132 1997 2172 2028 de
2188 2003 2262 2028 actu
2281 2008 2299 2028 a
2313 1999 2446 2029 materia

1374 2042 1409 2071 in
1432 2051 1501 2072 esse
1525 2041 1731 2082 dependenti.
1748 2042 1834 2080 Quia
1850 2043 1937 2072 enim
1958 2042 2066 2082 aliqua
2089 2042 2194 2072 anima
2210 2052 2228 2072 a
2242 2043 2373 2073 materia
2396 2052 2445 2073 se-

1375 2085 1520 2116 cundum
1536 2096 1605 2117 esse
1623 2085 1794 2127 dependet,
1806 2091 1920 2126 utpote
1937 2085 1976 2116 de
1991 2086 2136 2126 potentia
2151 2087 2302 2117 materiae
2319 2086 2443 2123 educta,

1374 2129 1448 2160 ideo
1473 2140 1541 2161 non
1566 2137 1613 2161 est
1635 2141 1654 2161 a
1677 2140 1814 2171 corpore
1837 2130 2030 2170 separabilis.
2047 2130 2165 2171 Aliqua
2180 2140 2268 2167 vero,
2285 2131 2361 2171 quia
2375 2140 2444 2162 non

1375 2180 1422 2205 est
1445 2180 1534 2205 actus
1559 2174 1694 2206 eductus
1718 2175 1758 2205 de
1781 2175 1927 2215 potentia
1950 2175 2111 2211 materiae,
2137 2180 2168 2205 et
2191 2174 2311 2205 idcirco
2336 2185 2354 2205 a
2376 2185 2444 2205 ma-

1373 2219 1452 2249 teria
1475 2219 1655 2250 secundum
1680 2228 1748 2250 esse
1772 2228 1839 2249 non
1863 2218 2034 2259 dependet,
2059 2224 2095 2249 ut
2119 2224 2166 2249 est
2189 2220 2296 2249 anima
2318 2219 2441 2249 intelle-

1374 2263 1467 2300 ctiva,
1485 2269 1532 2294 est
1555 2274 1573 2293 a
1596 2273 1733 2304 corpore
1758 2263 1950 2303 separabilis.
1969 2262 2055 2293 Cum
2071 2263 2135 2293 hoc
2153 2268 2261 2294 tamen
2278 2268 2338 2293 stat
2354 2263 2444 2302 quod

1374 2307 1538 2347 quaelibet
1560 2309 1667 2338 anima
1690 2309 1730 2338 sit
1753 2308 1893 2337 univoce
1917 2312 2006 2337 actus
2029 2307 2251 2337 informativus
2274 2308 2442 2344 materiae;

1374 2358 1405 2382 et
1424 2353 1469 2383 sic
1486 2351 1631 2383 definitio
1648 2353 1774 2383 animae
1791 2352 1942 2382 omnibus
1959 2352 2125 2382 animabus
2142 2353 2181 2382 sit
2196 2351 2335 2382 univoce
2352 2361 2443 2382 com-

1374 2406 1494 2427 munis.

1428 2441 1554 2471 Dicitur
1577 2440 1731 2477 secundo,
1749 2440 1840 2481 quod
1862 2440 2007 2480 loquitur
2030 2439 2247 2480 Philosophus
2263 2439 2384 2470 ibidem
2403 2439 2442 2470 de

1371 2485 1515 2525 partibus
1546 2485 1671 2515 animae
1696 2484 1915 2525 potestativis,
1950 2493 2033 2524 quae
2065 2489 2139 2514 sunt
2169 2485 2237 2514 eius
2268 2484 2442 2523 potentiae.

1372 2528 1473 2567 Quod
1497 2534 1623 2559 constat
1646 2539 1684 2559 ex
1707 2529 1771 2559 hoc
1795 2528 1885 2569 quod
1908 2529 1967 2558 sub
1984 2528 2084 2558 dubio
2099 2528 2194 2568 ponit
2209 2537 2249 2558 an
2266 2528 2372 2558 anima
2387 2528 2442 2558 ha-

1372 2573 1445 2603 beat
1467 2578 1582 2613 partes.
1605 2573 1682 2603 Non
1706 2573 1792 2603 enim
1816 2572 1951 2603 dubium
1975 2577 2023 2602 est
2045 2581 2086 2601 an
2108 2572 2223 2602 habeat
2244 2577 2349 2611 partes
2367 2572 2442 2602 sub-

1370 2618 1501 2647 iectivas
1517 2623 1548 2648 et
1571 2617 1710 2657 species:
1735 2617 1791 2648 sed
1814 2617 1896 2646 bene
1920 2626 1960 2646 an
1982 2616 2097 2646 habeat
2119 2621 2224 2656 partes
2239 2615 2440 2655 potentiales,

1371 2671 1447 2692 curn
1471 2661 1510 2691 sit
1533 2660 1670 2691 dubium
1694 2660 1733 2691 de
1764 2660 1918 2701 qualibet,
1950 2669 1992 2690 an
2023 2660 2066 2689 sit
2092 2660 2213 2695 anima,
2239 2660 2289 2690 vel
2311 2659 2441 2690 animae

1365 2705 1513 2746 potentia
1530 2706 1556 2735 ’ἢ

1426 2749 1552 2779 Dicitur
1581 2749 1686 2785 tertio,
1718 2747 1809 2788 quod
1835 2747 1889 2778 illa
1918 2748 2089 2778 auctoritas
2120 2747 2309 2787 Philosophi
2338 2747 2439 2786 magis

1370 2792 1455 2824 favet
1477 2793 1648 2833 proposito
1672 2802 1770 2833 quarn
1793 2793 1833 2822 sit
1854 2792 1888 2822 in
1912 2792 2111 2832 oppositum.
2136 2790 2222 2822 Cum
2246 2791 2332 2821 enirn
2355 2790 2440 2821 dicat

1371 2836 1527 2878 quasdam
1550 2838 1710 2878 potentias
1726 2837 1852 2867 animae
1869 2845 1967 2876 quarn
1983 2835 2148 2866 definierat
2167 2845 2232 2865 non
2257 2844 2324 2866 esse
2347 2840 2439 2865 actus

1370 2882 1529 2922 corporis,
1546 2881 1637 2918 idest,
1660 2890 1729 2912 non
1745 2890 1814 2912 esse
1836 2880 1931 2911 alicui
1947 2880 2158 2910 determinato
2175 2878 2281 2909 affixas
2305 2888 2437 2919 organo,

1370 2926 1562 2966 relinquitur
1578 2927 1674 2956 etiam
1689 2925 1831 2956 animam
1853 2924 2091 2960 intellectivam,
2116 2925 2208 2954 cuius
2231 2924 2376 2963 potentia
2391 2928 2438 2953 est

1369 2970 1561 3007 intellectus,
1578 2970 1637 3001 sub
1653 2970 1707 3000 illa
1730 2970 1855 3000 animae
1872 2968 2060 2999 definitione
2076 2967 2341 3008 comprehensam
2358 2976 2436 2998 esse.

1427 3014 1458 3045 3.
1482 3014 1534 3045 Ad
1557 3014 1738 3045 secundum
1767 3014 1896 3054 signum
1926 3013 2041 3043 dicitur
2071 3011 2161 3052 quod
2188 3021 2256 3042 non
2279 3010 2353 3041 ideo
2378 3010 2437 3041 du-

1370 3058 1461 3089 bium
1483 3058 1564 3089 illud
1587 3058 1744 3090 subinfert
1765 3057 1983 3097 Philosophus
2007 3057 2099 3097 quasi
2122 3056 2244 3086 dubitet
2267 3065 2307 3085 an
2331 3055 2436 3085 anima

1370 3103 1565 3134 intellectiva
1580 3103 1620 3133 sit
1636 3108 1725 3133 actus
1744 3101 1931 3138 informans,
1948 3101 1988 3132 de
2010 3101 2117 3131 anima
2133 3105 2240 3131 autem
2263 3099 2436 3129 coniuncta

1371 3147 1572 3187 corruptibili
1594 3157 1663 3177 non
1686 3146 1823 3177 dubitet:
1848 3145 1905 3176 sed
1931 3146 2016 3186 quia,
2033 3154 2109 3175 cum
2132 3144 2244 3174 dixerit
2262 3143 2436 3173 absolute*

1370 3192 1512 3222 animam
1536 3201 1604 3222 esse
1628 3196 1735 3222 actum
1759 3190 1917 3230 corporis,
1933 3206 1956 3211 -
1973 3189 2063 3228 quod
2084 3189 2153 3228 ipse
2177 3188 2215 3218 de
2239 3192 2312 3217 actu
2335 3186 2435 3217 infor-

1369 3241 1478 3266 mante
1502 3235 1666 3272 intellexit,
1690 3240 1727 3265 ut
1746 3240 1832 3275 patet
1848 3244 1886 3264 ex
1903 3243 1942 3264 eo
1964 3232 2054 3273 quod
2071 3232 2148 3263 dixit
2160 3233 2176 3249 Ἀ
2201 3241 2266 3262 non
2284 3236 2435 3271 oportere

1369 3289 1527 3320 quaerere
1550 3279 1712 3321 quomodo
1736 3288 1777 3309 ex
1793 3278 1902 3309 anima
1926 3282 1958 3307 et
1979 3285 2117 3317 corpore
2129 3277 2198 3318 fiat
2212 3282 2331 3311 unum;
2347 3280 2378 3305 et
2397 3284 2435 3305 ex

1370 3334 1410 3354 eo
1435 3324 1526 3364 quod
1549 3324 1655 3355 dixit*
1671 3324 1810 3354 animam
1834 3332 1902 3352 esse
1917 3321 2128 3351 substantiam
2143 3319 2317 3351 secundum
2334 3319 2435 3349 ratio-

1371 3378 1442 3398 nem
1466 3374 1498 3399 et
1520 3369 1608 3409 quod
1630 3368 1707 3408 quid
1730 3372 1800 3397 erat
1824 3376 1900 3401 esse,
1919 3383 1941 3387 —
1961 3364 2109 3395 nondum
2132 3363 2273 3404 perfecte
2297 3363 2435 3404 explica-

1369 3418 1457 3443 verat
1480 3412 1649 3453 quomodo
1678 3417 1761 3442 esset
1783 3416 1882 3446 actus,
1906 3419 1947 3439 an
1974 3409 2095 3439 scilicet
2117 3418 2174 3448 per
2203 3407 2339 3438 modum
2367 3416 2435 3447 quo

1369 3463 1477 3488 motor
1499 3463 1607 3497 potest
1622 3456 1685 3487 dici
1701 3460 1790 3486 actus
1805 3453 1944 3489 mobilis,
1961 3463 2001 3483 an
2023 3462 2081 3493 per
2095 3451 2232 3482 modum
2248 3461 2315 3492 quo
2331 3450 2437 3482 forma

1369 3507 1417 3532 est
1440 3506 1530 3532 actus
1553 3501 1719 3535 materiae;
1745 3505 1776 3529 et
1799 3498 1917 3528 idcirco
1942 3497 2047 3527 adhuc
2070 3506 2138 3526 non
2162 3501 2227 3526 erat
2250 3495 2346 3536 plene
2368 3505 2436 3526 ma-

1368 3545 1523 3576 nifestum
1546 3555 1587 3576 an
1610 3545 1716 3575 anima
1739 3543 1883 3573 uniretur
1906 3541 2035 3581 corpori
2058 3541 2140 3571 sicut
2162 3545 2261 3570 nauta
2283 3540 2366 3576 navi,
2385 3539 2436 3570 vel

1369 3590 1432 3620 alio
1466 3589 1577 3620 modo.
1611 3589 1653 3619 Et
1683 3587 1758 3618 ideo
1783 3586 1874 3622 dixit,
1905 3585 2110 3626 Figuraliter
2131 3584 2177 3615 sic
2206 3583 2439 3615 determinetur

1368 3639 1400 3664 et
1422 3634 1623 3664 describatur
1650 3632 1779 3663 anima.-
1806 3631 1881 3671 quia
1909 3629 2057 3660 videlicet
2088 3627 2237 3659 nondum
2266 3633 2375 3659 exacte
2405 3633 2438 3658 et

2478 675 2487 684 ·
2503 673 2536 695 Ca
2555 689 2561 695 .
2577 680 2602 701 n,
2619 680 2656 702 ¹²?
2670 681 2692 697 ι.

2477 700 2522 722 Th.
2548 707 2586 727 ,4.

2476 1071 2557 1119 :er-
2622 1077 2644 1093 π·

2570 1098 2584 1120 1.
2599 1104 2619 1125 7.

2475 1301 2486 1347 ζ
2500 1299 2551 1348 [li-'ff
2565 1300 2648 1354 1¹1,⁵1n,
2665 1306 2686 1326 ις

2474 1519 2483 1529 ·
2498 1518 2568 1540 Num.
2582 1525 2606 1545 4.

2475 1787 2484 1796 ·
2498 1785 2549 1806 Fol.
2565 1785 2602 1811 64.

2466 2715 2476 2724 ·
2494 2714 2514 2735 li
2538 2714 2567 2735 de
2587 2714 2680 2741 Anima,

2467 2746 2527 2768 u.7;
2543 2747 2561 2762 s.
2577 2740 2645 2763 Th.1.
2654 2748 2679 2768 4.

2463 3157 2473 3166 ·
2486 3155 2557 3178 Num.
2570 3162 2590 3183 5.

2462 3249 2472 3257 ·
2486 3246 2558 3269 Num.
2568 3253 2590 3273 7.

2462 3335 2471 3344 ·
2486 3333 2558 3355 Num.
2568 3334 2590 3355 8.
