2768 4134
74 486 85 496 '
100 484 153 508 Did.
168 490 219 512 cap.
234 489 270 505 ιιι.

74 1599 83 1608 ·
99 1597 155 1624 Cap.
170 1603 223 1618 axx.

77 2221 86 2231 ·
102 2220 160 2248 Cap.
176 2226 202 2248 ιι,
218 2227 238 2242 ιι.
249 2227 268 2242 2.

75 2265 177 2320 1C¹a⁵p.x‚
188 2265 289 2291 1;s.'l'h.

75 2532 84 2541 ·
106 2530 157 2553 Lib.
180 2530 198 2557 1,
220 2530 291 2552 Com-

75 2561 147 2580 meat.
162 2563 212 2585 eap.
228 2564 291 2585 xuv,

75 2590 99 2606 n.
110 2590 138 2606 ιιι
148 2590 200 2612 sqq.

318 325 398 361 424

318 389 574 431 particularium:
600 387 634 416 in
657 384 823 416 movendo
847 389 956 414 autem
975 383 1141 422 accipitur,
1166 387 1291 422 praeter
1313 381 1388 418 hoc,

318 433 503 464 universalis
527 431 650 471 opinio,
671 439 755 469 quae
772 434 818 459 est
841 427 1023 458 intellectus
1046 426 1226 467 possibilis;
1250 431 1286 456 ut
1301 431 1390 466 patet

318 478 359 508 111
375 477 414 507 de
436 476 564 511 Anima,
581 480 657 505 text.
676 473 727 510 58,
753 478 784 503 et
800 472 857 502 VII
873 472 990 507 Etkic„
1011 481 1081 512 cap.
1097 481 1119 501 v
1130 472 1157 501 ἦ.

373 530 403 551 2.
427 520 479 550 Ad
501 520 585 549 hanc
602 518 762 549 rationem
778 521 911 557 possent
927 516 1131 546 Averroistae
1155 515 1325 556 dupliciter
1340 523 1389 544 re-

316 564 485 605 spondere.
510 563 630 599 Primo,
648 561 739 602 quod
761 571 830 591 non
855 566 985 601 oportet
1007 560 1150 601 primum
1169 568 1306 590 movens
1330 559 1390 589 ho-

315 609 438 639 minem
455 617 523 638 esse
539 613 663 648 partem
679 607 786 643 huius,
803 606 860 636 sed
875 605 994 636 sufficit
1016 611 1052 636 ut
1068 605 1108 635 sit
1123 605 1184 645 ipsi
1201 609 1389 644 coaptatum

315 659 351 683 ut
366 653 535 693 proprium
547 661 701 682 movens:
720 651 803 681 sicut
819 650 946 681 caelum
962 650 1078 680 dicitur
1089 658 1223 680 movere
1235 649 1388 689 seipsum,

316 703 347 728 et
370 703 478 727 tamen
502 696 712 736 intelligentia
734 704 871 726 movens
895 703 1014 734 corpus
1039 694 1118 725 caeli
1140 703 1208 724 non
1233 699 1281 723 est
1303 692 1389 723 illius

314 751 397 782 parS,
422 741 478 772 sed
501 747 548 772 est
571 746 698 771 tantum
722 741 812 770 unita
834 745 871 770 ut
893 739 1045 780 proprius
1069 739 1137 768 eius
1160 743 1280 768 motor.

370 785 534 823 Secundo,
551 785 642 826 quod
657 794 749 815 mens
765 784 946 815 Aristotelis
965 789 1012 813 est
1027 791 1164 813 movens
1179 791 1237 823 per
1252 780 1390 812 modum

314 830 484 871 efficientis
507 840 576 861 esse
599 835 723 870 partem
739 829 900 859 moventis
916 829 1075 868 seipsum:
1100 836 1169 858 non
1185 832 1294 857 autem
1317 835 1390 856 mo-

314 884 394 906 vens
416 884 474 915 per
497 874 635 906 modum
648 874 743 916 finis.
769 873 882 909 Modo,
905 872 1087 902 intellectus
1105 880 1174 902 non
1197 876 1309 902 movet
1332 879 1390 910 per

314 919 452 951 modum
477 919 654 955 efficientis,
671 918 727 949 sed
751 923 877 948 tantum
891 925 950 956 per
964 915 1102 946 modum
1125 914 1209 952 finis,
1233 921 1390 955 tanquam

315 969 523 1005 praesentans
548 965 714 994 obiectum
737 961 906 992 voluntati.

372 1009 404 1040 3.
422 1008 486 1040 Sed
505 1014 617 1039 contra
632 1008 770 1048 primam
792 1005 1041 1045 responsionem
1063 1004 1217 1044 arguitur.
1242 1003 1319 1034 Non
1343 1009 1390 1034 est

315 1053 515 1093 intelligibile
531 1052 621 1093 quod
637 1050 759 1091 aliquid
781 1055 911 1080 moveat
926 1058 971 1085 se,
994 1049 1055 1079 nisi
1071 1047 1196 1078 dicatur
1220 1047 1312 1088 quod
1334 1053 1390 1078 aut

315 1103 424 1128 totum
446 1102 578 1128 moveat
605 1101 728 1132 totum;
753 1099 808 1124 aut
834 1103 907 1134 pars
936 1098 1072 1133 partem,
1096 1093 1140 1122 ita
1167 1092 1258 1132 quod
1281 1097 1390 1125 totum

315 1143 439 1172 ratione
455 1141 551 1172 unius
575 1141 673 1181 partis
689 1140 729 1171 sit
743 1148 880 1170 movens
905 1143 936 1168 et
958 1138 1084 1168 ratione
1100 1137 1230 1167 alterius
1247 1142 1388 1167 motum.

315 1186 363 1216 Ex
386 1187 450 1216 hoc
478 1191 587 1215 autem
618 1183 709 1224 quod
739 1182 874 1224 aliquod
902 1183 1119 1213 extrinsecum
1142 1182 1182 1211 ab
1213 1182 1283 1212 eius
1313 1181 1389 1211 sub-

315 1231 430 1260 stantia
451 1229 532 1260 illud
547 1234 687 1265 moveat,
704 1233 1010 1269 quantumcumque
1025 1227 1066 1257 sit
1081 1231 1191 1256 motor
1209 1226 1255 1256 illi
1271 1234 1390 1266 appro-

314 1275 445 1315 priatus,
476 1273 556 1304 illud
579 1283 648 1304 non
679 1272 795 1305 dicitur
822 1281 966 1308 movere,
990 1270 1047 1301 sed
1074 1271 1214 1301 moveri:
1247 1270 1334 1301 unde
1359 1275 1390 1300 et

314 1328 386 1359 pars
402 1318 547 1349 animalis
562 1323 652 1349 mota
668 1318 707 1347 ab
720 1317 781 1347 alia
796 1321 886 1357 parte
901 1325 970 1346 non
983 1315 1100 1346 dicitur
1110 1324 1244 1346 movere
1259 1315 1389 1351 animal,

315 1370 618 1404 quantumcumque
641 1371 714 1402 pars
736 1370 873 1392 movens
896 1361 937 1391 sit
958 1365 1070 1399 motor
1083 1359 1130 1391 illi
1152 1360 1389 1400 appropriatus.

315 1409 401 1449 Ergo
420 1408 589 1448 responsio
605 1406 704 1437 nulla.
719 1423 743 1428 —
757 1406 828 1437 Nec
842 1405 927 1436 valet
942 1404 1093 1435 instantia
1109 1404 1150 1435 de
1165 1405 1268 1435 caelo.
1292 1404 1389 1442 Quia,

315 1454 341 1484 si
364 1458 505 1494 ponatur
528 1451 655 1482 caelum
677 1460 811 1483 movere
841 1450 994 1490 seipsum,
1018 1459 1086 1480 non
1110 1449 1228 1480 dicitur
1256 1458 1390 1480 movere

315 1507 349 1528 se
363 1498 488 1528 ratione
504 1496 734 1536 intelligentiae
750 1496 937 1531 abstractae,
950 1493 1007 1524 sed
1022 1494 1147 1524 ratione
1160 1495 1286 1525 animae
1303 1494 1390 1531 eius;

315 1547 445 1582 oportet
468 1542 565 1578 enim,
589 1541 647 1571 illo
671 1540 757 1577 dato,
774 1548 898 1581 ponere
922 1539 1050 1569 caelum
1073 1548 1144 1569 esse
1170 1548 1244 1569 vere
1268 1539 1390 1570 anima·

314 1593 394 1624 tum,
418 1592 455 1617 ut
478 1585 612 1616 inferius
626 1586 644 1602 ⁴*
667 1584 817 1615 ostendet
840 1584 977 1615 Sanctus
1000 1583 1157 1614 Thomas.

370 1631 403 1662 Si
419 1631 543 1662 dicatur
558 1629 648 1670 quod
666 1630 764 1660 homo
780 1634 889 1670 potest
911 1629 1082 1659 nominare
1097 1633 1153 1659 aut
1176 1629 1390 1659 constitutum

314 1682 439 1707 tantum
463 1685 521 1716 per
545 1675 762 1715 cogitativam,
779 1679 835 1705 aut
857 1678 1064 1714 aggregatum
1084 1682 1123 1703 ex
1145 1673 1219 1713 ipso
1243 1678 1275 1703 et
1296 1673 1390 1704 intel-

314 1722 415 1758 lectu;
440 1726 472 1751 et
495 1719 585 1761 quod
609 1720 717 1760 primo
740 1718 843 1750 modo
858 1727 928 1749 non
951 1723 1063 1748 movet
1085 1727 1120 1748 se
1143 1717 1317 1758 complete,
1334 1717 1391 1749 sed

314 1771 351 1796 ut
373 1766 531 1806 accipitur
554 1764 699 1795 secundo
730 1763 850 1797 modo;
875 1767 989 1794 contra
1016 1763 1170 1803 arguitur.
1201 1762 1290 1793 Tum
1314 1763 1390 1803 quia

314 1820 382 1841 non
405 1811 514 1841 minus
536 1814 648 1840 movet
671 1818 706 1840 se
729 1809 831 1839 homo
855 1817 955 1848 quam
974 1807 1036 1838 alia
1058 1807 1218 1839 animalia.
1243 1806 1307 1838 Sed
1329 1807 1390 1838 alia

315 1855 474 1892 animalia,
505 1853 686 1885 secundum
717 1853 820 1883 solam
851 1862 943 1883 suam
975 1851 1146 1890 essentiam
1177 1851 1390 1889 considerata,

314 1906 448 1930 movent
471 1909 515 1930 se.
540 1899 626 1939 Ergo
651 1903 682 1929 et
712 1898 825 1934 homo,
849 1896 1097 1927 substantialiter
1124 1901 1252 1927 tantum
1282 1897 1390 1927 consi-

316 1944 442 1975 deratus
470 1949 629 1985 quantum
657 1942 698 1973 ad
728 1952 802 1973 suas
829 1947 936 1982 partes
963 1940 1159 1978 essentiales,
1184 1946 1232 1972 est
1253 1950 1391 1972 movens

315 1990 468 2030 seipsum.
485 2007 509 2011 -
523 1988 613 2019 Tum
629 1987 705 2028 quia
728 1987 842 2024 homo,
858 1985 1004 2017 secundo
1023 1985 1126 2016 modo
1142 1991 1306 2026 acceptus,
1321 1994 1391 2017 non

316 2033 392 2065 dicit
414 2043 519 2065 unum
542 2032 730 2073 simpliciter
745 2037 778 2063 et
800 2041 858 2072 per
873 2040 925 2062 se:
950 2040 1026 2062 cum
1042 2030 1224 2061 intellectus
1241 2035 1272 2061 et
1287 2030 1390 2062 homo

315 2088 384 2110 non
407 2079 470 2109 sint
492 2077 741 2108 substantialiter
763 2076 915 2112 indivisa;
934 2083 1003 2106 non
1027 2075 1116 2106 enim
1139 2075 1341 2106 conveniunt
1356 2076 1390 2106 in

316 2133 384 2154 uno
409 2131 478 2154 esse
501 2121 710 2153 substantiali.

372 2178 403 2207 4.
420 2166 522 2206 Quod
543 2176 622 2197 vero
641 2165 783 2196 secunda
798 2164 968 2205 responsio
984 2173 1067 2194 vana
1083 2164 1132 2200 sit,
1149 2169 1285 2195 constat.
1303 2163 1391 2196 Cum

318 2213 415 2249 enirn,
431 2212 458 2243 11
475 2212 515 2242 de
529 2211 647 2243 Anima
660 2211 687 2247 *,
703 2210 849 2250 posuerit
864 2209 1084 2249 Philosophus
1099 2209 1261 2240 motivum
1273 2217 1389 2240 secun—

317 2256 397 2288 dum
412 2256 524 2287 locum
540 2265 610 2286 esse
625 2255 751 2285 animae
766 2259 908 2294 partem;
928 2254 962 2285 in
986 2254 1027 2284 111
1043 2254 1070 2290 *‚
1087 2254 1254 2294 inquirens
1269 2253 1310 2284 de
1326 2254 1391 2285 hoc

317 2302 489 2341 principio,
516 2301 610 2341 ponit
633 2299 835 2330 intellectum
863 2304 895 2329 et
918 2299 1099 2338 appetitum
1128 2307 1197 2329 esse
1224 2300 1391 2329 moventia

318 2346 352 2376 in
375 2346 519 2381 homine,
543 2350 575 2375 et
598 2343 799 2375 intellectum
823 2352 861 2373 ac
884 2343 1066 2383 appetitum
1089 2343 1208 2373 habere
1230 2344 1391 2374 rationem

318 2390 415 2420 unius
437 2390 609 2420 moventis.
634 2389 682 2419 Ex
711 2388 829 2428 quibus
852 2386 1022 2418 manifeste
1041 2392 1129 2427 patet
1152 2387 1243 2427 quod
1265 2387 1390 2418 intelle—

319 2439 408 2465 ctum
431 2443 500 2464 non
524 2432 665 2464 excludit
680 2432 841 2463 a-motivo
866 2431 956 2472 quod
980 2437 1028 2462 est
1049 2440 1122 2471 pars
1146 2432 1282 2468 animae,
1307 2441 1392 2472 quo-

317 2478 565 2518 modocumque
580 2485 742 2518 ponamus
758 2476 958 2507 intellectum
982 2485 1125 2512 movere,
1149 2476 1226 2512 sive,
1244 2477 1390 2516 inquam,

317 2533 375 2564 per
397 2522 535 2554 modum
558 2522 631 2553 finis
654 2522 721 2552 sive
750 2530 808 2562 per
835 2521 973 2552 modum
997 2519 1174 2551 efficientis.
1204 2520 1358 2561 Superius
1374 2523 1391 2538 ³*

317 2574 427 2599 autem
450 2572 498 2598 est
520 2573 688 2598 ostensum
712 2565 882 2606 quomodo
906 2571 1037 2597 moveat
1058 2564 1251 2596 intellectus.

372 2613 427 2643 VI.
454 2612 592 2648 Quarto.
610 2611 770 2642 Voluntas
785 2611 927 2641 hominis
944 2617 992 2641 est
1013 2610 1048 2640 in
1071 2609 1267 2641 intellectiva
1288 2616 1389 2650 parte.

317 2658 358 2688 Et
380 2667 448 2688 non
472 2662 520 2687 est
542 2656 719 2687 extrinseca
742 2656 782 2686 ab
805 2655 940 2686 homine
962 2660 1118 2695 tanquam
1141 2655 1318 2685 substantia
1340 2665 1390 2686 se-

316 2707 434 2743 parata,
459 2701 515 2732 sed
539 2706 586 2731 est
609 2701 643 2731 in
668 2701 741 2740 ipso
764 2700 909 2730 homine.
941 2699 1028 2740 Ergo
1057 2698 1259 2730 intellectum
1285 2700 1390 2740 possi-

315 2746 415 2777 bilem
438 2751 568 2786 oportet
582 2745 616 2776 in
631 2745 727 2775 nobis
743 2753 822 2781 esse,
838 2753 897 2784 per
921 2753 1019 2785 quem
1037 2754 1055 2774 a
1073 2744 1174 2775 brutis
1193 2743 1388 2782 differamus,

315 2801 384 2822 non
407 2790 514 2821 solum
539 2789 719 2821 secundum
742 2788 943 2820 intellectum
966 2790 1141 2830 passivum.

372 2836 477 2866 Maior
499 2835 664 2876 probatur.
686 2833 775 2872 ‘Quia
802 2834 953 2865 voluntas
975 2842 1044 2865 non
1075 2838 1191 2874 potest
1206 2842 1275 2864 esse
1299 2839 1389 2864 actus

316 2880 452 2911 alicuius
477 2879 632 2920 corporis,
656 2887 718 2909 nec
741 2879 899 2919 consequi
923 2878 1065 2919 aliquam
1093 2878 1276 2919 potentiam
1304 2887 1389 2918 quae

316 2925 356 2955 sit
379 2929 469 2955 actus
492 2924 628 2955 alicuius
646 2923 744 2963 partis
767 2923 923 2963 corporis.
941 2921 1042 2961 Quod
1058 2928 1194 2959 constat,
1218 2928 1288 2953 tum
1312 2923 1389 2963 quia

315 2974 424 3010 potest
438 2967 661 3000 ‘se-extendere
677 2967 717 2998 ad
733 2967 925 2998 universalia
949 2966 1098 2998 omniurn
1122 2966 1300 2998 formarum
1316 2976 1388 2998 sen-

317 3014 474 3044 sibilium:
500 3013 651 3044 omnium
674 3013 762 3043 enim
786 3021 870 3052 quae
892 3011 1102 3052 intelligimus
1129 3021 1306 3052 possumus
1333 3012 1388 3042 ha·

316 3059 391 3089 bere
414 3058 626 3094 voluntatem,
643 3057 756 3088 saltem
772 3066 809 3087 ea
826 3056 1062 3097 cognoscendi;
1083 3063 1114 3087 et
1138 3057 1234 3087 etiam
1258 3056 1298 3087 ad
1316 3057 1389 3087 uni-

316 3103 437 3134 versale
461 3103 530 3133 eius
553 3107 643 3133 actus
666 3101 776 3137 fertur,
801 3101 884 3131 sicut
908 3110 983 3132 cum
1008 3101 1135 3132 odimus
1151 3101 1184 3131 in
1210 3102 1389 3132 universali

317 3148 484 3178 latronum
512 3155 627 3188 genus,
658 3151 695 3177 ut
725 3146 802 3176 dicit
834 3145 1039 3182 Aristoteles,
1058 3146 1092 3176 in
1120 3150 1177 3176 sua
1199 3145 1387 3177 Rhetorica.

318 3192 432 3222 Omnis
456 3197 565 3222 autem
581 3200 654 3231 pars
673 3191 800 3221 animae
816 3195 863 3220 est
879 3195 970 3221 actus
985 3190 1120 3221 alicuius
1137 3191 1282 3230 corporis
1297 3200 1389 3231 prae-

317 3242 363 3266 ter
387 3236 494 3267 solum
517 3235 718 3266 intellectum
738 3235 868 3276 proprie
885 3234 1018 3266 dictum.
1033 3251 1057 3257 —-
1074 3234 1160 3266 Tum
1177 3235 1253 3275 quia
1273 3234 1390 3266 dicitur

317 3280 358 3311 111
387 3281 425 3311 de
452 3281 580 3316 Anima,
605 3280 696 3320 quod
724 3279 876 3310 voluntas
905 3279 938 3310 in
970 3279 1099 3310 ratione
1129 3284 1184 3315 est,
1217 3279 1391 3311 irascibilis

318 3330 423 3355 autem
448 3329 480 3355 et
501 3324 759 3365 concupiscibilis
775 3324 808 3354 in
826 3329 926 3364 parte
947 3324 1112 3355 sensitiva.
1138 3324 1231 3354 Unde
1248 3330 1280 3355 et
1299 3330 1389 3355 actus

318 3369 491 3400 voluntatis
519 3374 566 3400 est
590 3378 666 3400 cum
698 3369 868 3405 electione,
892 3377 960 3399 non
984 3374 1093 3399 autem
1125 3377 1200 3399 cum
1227 3370 1387 3409 passione.

375 3414 482 3444 Minor
505 3423 640 3454 quoque
664 3414 827 3454 probatur.
860 3412 947 3451 Quia
970 3413 1060 3444 aliter
1086 3421 1155 3443 non
1180 3419 1263 3443 esset
1286 3414 1388 3444 homo

320 3457 470 3488 dominus
497 3467 627 3488 suarum
658 3459 904 3498 operationum:
938 3458 1013 3498 quia
1044 3462 1190 3497 ageretur
1222 3457 1389 3489 voluntate

320 3501 487 3533 cuiusdam
518 3503 713 3533 substantiae
743 3508 916 3543 separatae.
948 3501 1049 3540 Quod
1080 3507 1127 3532 est
1157 3501 1389 3533 destructivum

319 3546 418 3576 totius
440 3547 570 3577 moralis
593 3547 820 3588 philosophiae
845 3552 876 3578 et
899 3547 1050 3588 politicae
1073 3547 1336 3577 conversationis.

378 3600 406 3620 2.
432 3590 525 3621 Circa
548 3591 636 3622 illam
660 3591 930 3632 propositionem,
951 3591 1103 3622 Omnium
1127 3599 1210 3631 quae
1234 3591 1389 3633 intelligi-

321 3642 391 3664 mus
410 3644 582 3674 possumus
604 3636 722 3666 habere
745 3636 953 3671 voluntatem,
969 3636 1082 3666 saltem
1099 3644 1139 3666 ea
1158 3636 1387 3677 cognoscendi,

322 3678 551 3709 attendendum
565 3679 654 3720 quod
670 3679 756 3710 addit
768 3679 904 3711 Sanctus
921 3680 1076 3717 Thomas,
1089 3680 1202 3711 saltem
1215 3689 1253 3710 ea
1266 3689 1389 3722 cogno-

828 306 1016 344 SUMMA
1046 304 1268 342 CONTRA
1297 303 1574 349 GENTILES,
1601 303 1696 340 LIB.
1718 303 1760 348 lI,
1790 303 1902 341 CAP.
1922 304 2006 341 LX.

1443 381 1564 418 scendi,
1589 382 1676 422 quia,
1693 390 1769 412 cum
1793 381 1944 412 voluntas
1958 391 2027 413 non
2051 390 2204 424 sequatur
2223 386 2424 418 intellectum
2447 397 2520 428 spe-

1445 426 1633 462 culativum,
1650 425 1707 456 sed
1722 426 1912 466 practicum,
1929 432 1966 457 ut
1982 426 2098 458 dicitur
2114 427 2156 458 111
2171 428 2211 459 de
2225 431 2344 461 Anima
2356 432 2390 468 *;
2409 438 2520 472 posset

1445 470 1561 510 aliquis
1585 470 1692 502 dicere
1714 470 1817 501 multa
1833 480 1851 501 a
1866 471 1962 501 nobis
1977 471 2113 512 intelligi
2128 473 2162 503 in
2178 482 2263 513 quae
2285 475 2436 507 voluntas
2449 486 2519 507 non

1444 514 1554 551 fertur,
1571 514 1693 546 scilicet
1709 524 1747 545 ea
1770 524 1855 555 quae
1870 521 1946 546 sunt
1962 517 2099 547 omnino
2123 517 2342 558 speculabilia.
2366 519 2439 557 Sed,
2455 521 2520 551 hoc

1445 558 1596 595 admisso,
1612 560 1723 599 negari
1737 565 1847 590 tamen
1862 569 1932 591 non
1947 566 2056 600 potest
2071 562 2151 602 quin
2168 563 2252 593 circa
2268 571 2305 593 ea
2321 573 2406 604 quae
2421 573 2520 605 opere

1443 604 1626 634 intellectus
1649 603 1788 644 produci
1810 613 1879 635 non
1902 611 2050 644 possunt,
2074 607 2177 646 possit
2199 607 2315 648 aliquis
2338 613 2428 639 actus
2451 618 2521 639 esse

1445 649 1501 688 qui
1525 649 1585 679 sub
1609 649 1734 678 ratione
1756 649 1836 679 boni
1859 655 1916 680 aut
1943 651 2167 682 convenientis
2193 652 2464 692 apprehendatur,
2489 660 2522 684 et

1443 702 1502 733 per
1525 701 1731 733 consequens
1754 692 1795 723 ad
1810 693 2012 725 intellectum
2034 696 2215 735 practicum
2237 697 2412 737 pertineat:
2437 698 2521 729 sicut

1445 744 1492 768 est
1515 736 1719 768 considerare
1743 743 1775 768 et
1797 737 1986 778 intelligere.
2009 739 2103 770 Licet
2125 741 2213 772 enim
2237 741 2442 783 triangulum
2462 742 2522 773 lta-

1444 782 1518 812 bere
1542 786 1607 812 tres
1630 782 1775 823 angulos
1797 791 1866 812 non
1893 781 2010 813 habeat
2032 783 2066 814 in
2089 793 2124 814 se
2153 785 2313 817 rationem
2338 786 2521 827 appetibilis

1444 832 1500 857 aut
1523 825 1675 866 fugibilis,
1699 826 1845 866 cognitio
1868 832 1978 858 tamen
1997 828 2067 858 eius
2089 834 2198 868 potest
2219 830 2338 862 habere
2360 832 2520 862 rationem

1444 871 1523 901 boni
1547 876 1579 901 et
1602 871 1842 904 convenientis:
1867 877 1899 902 et
1925 872 1982 908 sic,
2012 872 2088 903 licet
2117 874 2268 906 voluntas
2290 885 2360 906 non
2389 882 2521 917 appetat

1444 916 1641 956 triangulum
1664 916 1782 946 habere
1797 921 1861 946 tres
1876 916 2024 956 angulos,
2040 923 2149 957 potest
2163 924 2273 950 tamen
2295 920 2393 950 huius
2408 921 2522 961 cogni-

1443 961 1568 991 tionem
1592 966 1756 1001 appetere,
1780 961 1838 990 sibi
1870 961 1930 992 sub
1954 962 2078 992 ratione
2109 963 2188 993 boni
2211 968 2244 994 et
2272 965 2454 1004 appetibilis
2480 966 2520 996 ab

1444 1005 1611 1036 intellectu
1634 1005 1847 1046 propositam.
1865 1005 1907 1036 Et
1928 1014 1987 1046 per
2011 1015 2216 1047 consequens
2238 1009 2442 1040 voluntatem
2463 1010 2521 1041 ha-

1444 1050 1520 1080 bere
1543 1059 1719 1090 possumus
1744 1050 1894 1080 omnium
1918 1060 2002 1091 quae
2025 1050 2246 1092 intelligimus,
2271 1062 2309 1084 ea
2334 1053 2520 1094 appetendo

1445 1094 1558 1124 saltem
1582 1099 1742 1135 quantum
1765 1094 1805 1125 ad
1828 1103 1944 1126 eorum
1971 1096 2205 1135 cognitionem.

1498 1138 1568 1169 VII.
1595 1138 1728 1175 Quinto.
1753 1139 1838 1169 Puer
1861 1145 1909 1170 est
1930 1140 2112 1180 intelligens
2139 1141 2173 1171 in
2196 1143 2352 1182 potentia.
2376 1143 2464 1184 Ergo
2485 1144 2521 1175 in

1443 1183 1517 1222 ipso
1541 1189 1590 1213 est
1612 1183 1720 1224 aliqua
1746 1185 1894 1223 potentia
1917 1193 1982 1224 qua
2006 1190 2054 1215 est
2076 1190 2194 1225 potens
2220 1186 2410 1228 intelligere.
2433 1187 2522 1229 Ergo

1444 1235 1548 1266 puero
1576 1234 1623 1259 est
1651 1228 1847 1258 coniunctus
1869 1229 2053 1260 intellectus
2080 1230 2242 1270 possibilis
2269 1237 2446 1273 antequam
2472 1233 2523 1264 in·-

1444 1271 1575 1312 telligat.
1608 1271 1694 1312 Ergo
1724 1282 1794 1303 non
1820 1278 1868 1303 est
1903 1274 2107 1305 continuatio
2141 1275 2324 1307 intellectus
2359 1277 2523 1318 possibilis

1445 1325 1522 1347 cum
1544 1316 1680 1347 homine
1708 1326 1767 1357 per
1794 1315 1934 1348 formam
1961 1318 2159 1350 intellectam
2182 1320 2217 1350 in
2247 1326 2332 1358 actu,
2356 1321 2412 1352 sed
2438 1322 2523 1354 inest

1444 1360 1571 1391 homini
1587 1371 1605 1392 a
1627 1361 1790 1402 principio
1813 1366 1968 1402 tanquam
1984 1363 2108 1404 aliquid
2122 1364 2183 1394 sui.
2198 1381 2223 1388 -
2237 1364 2396 1397 Ptobatur
2417 1367 2523 1407 prima

1445 1406 1690 1446 consequentia.
1707 1405 1794 1444 Quia
1809 1406 1892 1437 sicut
1906 1407 1988 1438 nihil
2002 1413 2111 1448 potest
2126 1417 2220 1449 agere
2242 1410 2305 1441 nisi
2324 1419 2384 1451 per
2405 1416 2523 1452 poten-

1444 1450 1523 1480 tiam
1546 1451 1684 1481 activam
1708 1451 1899 1482 existentem
1913 1452 1949 1482 in
1971 1452 2056 1492 ipso,
2079 1453 2124 1483 ita
2138 1453 2221 1484 nihil
2242 1460 2361 1495 potens
2383 1460 2432 1486 est
2453 1457 2521 1497 pati

1444 1495 1506 1525 nisi
1530 1505 1587 1536 per
1602 1497 1783 1536 potentiam
1798 1497 1959 1536 passivam
1976 1506 2061 1537 quae
2077 1504 2125 1528 est
2147 1498 2181 1529 in
2203 1499 2293 1540 ipso:
2318 1505 2354 1530 ut
2377 1499 2523 1540 patetde

1445 1540 1676 1571 combustibili.
1697 1558 1722 1563 -
1745 1541 1895 1572 Secunda
1918 1541 2016 1572 etiam
2039 1543 2205 1583 probatur.
2229 1543 2316 1582 Quia
2339 1544 2523 1577 intellectus

1444 1585 1606 1624 possibilis
1630 1591 1679 1615 est
1701 1585 1755 1616 illa
1777 1585 1924 1626 potentia
1943 1595 2008 1626 qua
2030 1587 2134 1618 homo
2158 1593 2266 1628 potest
2288 1588 2468 1630 intelligere
2489 1594 2524 1622 et

1444 1629 1511 1669 pati
1534 1630 1574 1660 ab
1598 1629 1800 1670 intelligibili.

1501 1683 1530 1704 2.
1547 1673 1600 1705 Ad
1615 1674 1699 1705 hanc
1718 1675 1878 1706 rationem
1893 1675 2070 1716 respondet
2084 1676 2254 1714 Averroes,
2278 1677 2320 1708 111
2336 1677 2377 1709 de
2391 1678 2521 1716 Ausim,

1445 1717 1537 1759 quod
1551 1728 1634 1759 puer
1649 1719 1767 1750 dicitur
1784 1720 1818 1750 in
1834 1720 1980 1760 potentia
1995 1720 2176 1762 intelligere
2195 1720 2387 1763 dupliciter:
2400 1722 2524 1755 scilieet

1445 1763 1522 1803 quia
1544 1764 1768 1804 phantasmata
1792 1773 1877 1804 quae
1893 1770 1969 1797 sunt
1990 1765 2024 1795 in
2047 1765 2131 1806 ipso,
2155 1771 2231 1797 sunt
2253 1767 2466 1808 intelligibilia
2485 1768 2521 1800 in

1444 1808 1607 1848 potentia3
1632 1814 1664 1839 et
1687 1809 1764 1849 quia
1786 1809 1969 1840 intellectus
1992 1815 2101 1850 potest
2123 1811 2308 1842 continuari
2336 1820 2414 1844 cum
2436 1812 2522 1854 ipso,

1444 1861 1514 1883 non
1537 1858 1647 1883 autem
1671 1854 1747 1894 quia
1770 1853 1811 1884 sit
1833 1862 1911 1885 cum
1935 1863 1975 1885 eo
1998 1854 2119 1886 unitus.

1503 1897 1533 1927 3.
1559 1896 1683 1928 Contra
1711 1897 1851 1938 primam
1881 1903 2006 1938 partem
2037 1898 2135 1930 huius
2164 1901 2387 1940 responsionis
2416 1901 2524 1945 arguit

1446 1941 1582 1973 Sanctus
1598 1941 1746 1973 Thomas
1761 1942 1869 1982 primo
1881 1943 1908 1980 “,
1925 1943 2002 1984 quia
2016 1943 2241 1984 phantasmata
2254 1953 2352 1985 posse
2367 1945 2402 1976 in
2416 1951 2523 1987 puoeo

1446 1996 1516 2017 esse
1537 1986 1701 2018 intellecta
1729 1987 1763 2018 in
1786 1993 1872 2024 actu,
1896 1993 1944 2018 est
1958 1996 2057 2028 posse
2079 1997 2184 2029 agere.
2207 1988 2296 2030 Ergo
2311 1998 2382 2021 non
2403 1989 2523 2022 didun-

1445 2041 1527 2072 puer
1550 2041 1646 2072 posse
1669 2031 1848 2072 intelligere
1864 2041 1905 2063 eo
1929 2031 2021 2072 quod
2038 2033 2263 2072 phantasmata
2285 2035 2319 2065 in
2338 2042 2380 2065 eo

1446 2085 1515 2107 esse
1530 2076 1694 2107 intellecta
1712 2077 1747 2107 in
1765 2082 1851 2108 actu.
1865 2094 1891 2100 -
1905 2076 2063 2114 Probatur
2078 2077 2284 2110 antecedens.
2307 2077 2396 2118 Quia
2416 2075 2519 2120 phan-

1445 2127 1580 2152 tasmata
1612 2126 1748 2152 movent
1778 2121 1978 2152 intellectum
2005 2121 2205 2162 possibilem.
2229 2141 2252 2146 -
2276 2122 2521 2165 Consequentia

1446 2166 1542 2196 etiam
1565 2166 1731 2206 probatur.
1749 2165 1836 2204 Quia
1858 2174 1956 2207 posse
1977 2166 2157 2207 intelligere
2180 2172 2229 2198 est
2250 2176 2348 2208 posse
2371 2167 2523 2209 patisnx

1446 2219 1486 2241 eo
1509 2215 1618 2242 autern
1636 2219 1704 2251 quo
1720 2210 1876 2241 convenit
1890 2210 1986 2244 alicui
2003 2210 2094 2251 quod
2109 2212 2213 2252 possit
2227 2220 2332 2252 agere,
2355 2220 2425 2245 non
2437 2220 2522 2245 oon-

1444 2255 1533 2286 venit
1557 2255 1647 2296 quod
1671 2256 1738 2296 pati
1762 2255 1874 2296 possit.

1501 2299 1553 2331 Ad
1576 2299 1771 2331 evidentiam
1794 2299 2025 2337 antecedentis,
2041 2299 2315 2333 considerandum
2337 2300 2434 2342 quod·
2447 2308 2522 2343 φο-

1445 2345 1510 2375 cies
1527 2345 1691 2376 intellecta
1702 2345 1736 2376 in
1748 2349 1823 2376 actu
1837 2345 2013 2376 coniuncta
2023 2344 2203 2376 intellectui
2218 2345 2375 2386 possibili,
2393 2346 2522 2381 nonde

1445 2388 1561 2420 dicitur
1577 2398 1646 2420 esse
1662 2390 1696 2420 in
1711 2389 1859 2430 potentia
1873 2389 1908 2420 in
1923 2389 2148 2430 phantasmate
2167 2389 2260 2431 quasi
2274 2389 2470 2431 phantasma
2479 2388 2522 2422 sit

1444 2434 1591 2474 potentia
1614 2435 1777 2475 receptiva
1798 2434 1895 2471 illius,
1917 2439 1956 2465 ut
1978 2434 2024 2465 sic
2048 2433 2172 2465 dicatur
2198 2443 2270 2466 esse
2290 2434 2325 2465 in
2346 2435 2422 2476 ipso
2447 2439 2519 2466 m-

1445 2486 1544 2518 quam
1560 2479 1594 2509 in
1610 2479 1756 2519 potentia
1771 2478 1911 2519 passiva:
1927 2477 1985 2509 sed
2001 2478 2077 2518 quia
2091 2479 2282 2519 phantasma
2297 2478 2519 2520 potestfflut,

1445 2531 1522 2553 cum
1545 2523 1712 2554 intellectu
1734 2528 1860 2563 agente,
1883 2523 1919 2553 in
1941 2523 2143 2554 intellectum
2166 2523 2355 2564 possibil-
2377 2521 2520 2559 cuneb-

1446 2566 1663 2607 Comparatur
1682 2568 1770 2599 enim
1793 2567 1984 2607 phantasma
1999 2567 2040 2598 ad
2054 2567 2257 2600 intellectum
2280 2568 2468 2608 possibilem
2482 2573 2525 2601 tt

1445 2612 1613 2643 obiectum
1639 2611 1679 2642 ad
1707 2611 1902 2652 potentiam:
1933 2617 1970 2642 ut
1997 2611 2083 2643 dicet
2106 2611 2243 2644 Sanctus
2267 2612 2414 2644 Thomas
2434 2611 2520 2645 inf·-

1444 2656 1511 2687 rius
1527 2657 1553 2687 *ἢ
1575 2655 1751 2687 Obiectum
1767 2662 1876 2687 autem
1891 2654 2075 2687 intellectus
2099 2662 2148 2687 est
2162 2657 2232 2687 eius
2246 2657 2426 2688 motivum
2442 2663 2524 2689 mm-

1443 2700 1627 2732 intellectus
1650 2701 1690 2731 sit
1712 2701 1858 2742 potentia
1881 2701 2016 2741 passiva.
2041 2700 2137 2732 Unde
2151 2700 2186 2731 in
2201 2700 2408 2741 praecedenti
2431 2701 2520 2743 capl-

1443 2745 1514 2776 tulo
1537 2744 1617 2776 dixit
1639 2744 1777 2776 Sanctus
1800 2744 1947 2776 Thomas
1965 2744 2055 2786 quod
2072 2745 2306 2786 phantasmata
2323 2754 2389 2786 per
2410 2745 2518 2777 lamen

1444 2790 1625 2821 intellectus
1648 2789 1778 2831 agentis
1790 2790 1884 2831 fiunt
1897 2793 1973 2820 actu
1989 2789 2222 2831 intelligibilia,
2246 2794 2283 2820 ut
2298 2789 2430 2831 possint
2446 2798 2521 2822 flo-

1444 2843 1520 2866 vere
1543 2834 1740 2866 intellectum
1758 2834 1955 2875 possibilem.
1980 2833 2057 2865 Ideo
2074 2835 2158 2867 bene
2170 2834 2292 2866 dieitur
2305 2834 2359 2866 hie
2373 2834 2407 2866 in
2430 2839 2521 2869 mte-

1444 2879 1580 2911 cedente
1604 2878 1696 2920 quod
1718 2879 1941 2920 phantasmata
1964 2887 2062 2920 posse
2091 2887 2162 2910 esse
2186 2878 2351 2910 intellecta
2375 2879 2411 2910 in
2433 2884 2519 2916 aaut,

1443 2924 1583 2965 pertinet
1598 2923 1639 2954 ad
1648 2932 1749 2965 posse
1770 2931 1890 2965 agere:
1912 2931 1981 2954 nou
1997 2923 2087 2954 enim·
2101 2922 2254 2954 dicuntur
2267 2932 2366 2964 posse
2385 2931 2461 2955 esse·
2468 2923 2520 2955 im

1444 2968 1571 2999 tellecta
1597 2969 1631 2999 in
1658 2974 1733 2999 actu
1764 2968 1856 3009 quasi
1886 2968 1995 3008 ipsum
2023 2968 2224 3008 phantasma,
2251 2967 2340 2999 idem
2367 2975 2522 3006 numero,

1443 3013 1545 3053 possit
1561 3022 1579 3043 a
1594 3012 1811 3044 materialibus
1827 3011 2070 3043 conditionibus
2093 3011 2249 3043 denudari
2265 3017 2296 3043 et
2318 3011 2524 3044 intensam

1443 3057 1633 3098 possibilem
1655 3057 1846 3094 informata
1870 3056 1927 3088 sed
1943 3057 2020 3097 quia
2035 3062 2145 3097 potest
2167 3065 2299 3088 causare
2322 3056 2469 3088 formam.
2484 3056 2518 3088 in

1443 3102 1611 3133 intellectu
1623 3102 1769 3143 possibili
1781 3111 1799 3132 a
1814 3101 2033 3132 materialibus
2049 3100 2292 3132 conditionibus
2311 3099 2518 3137 denudum,

1444 3155 1502 3187 per
1525 3155 1624 3187 quam
1648 3146 1831 3177 intellectus
1855 3152 1903 3176 est
1925 3151 2000 3176 actu
2023 3151 2142 3186 potens
2163 3145 2353 3186 intelligere.

1502 3191 1597 3222 Circa
1619 3191 1708 3222 illam
1731 3191 2002 3231 propositionem,
2026 3190 2126 3221 Posse
2148 3189 2333 3232 intelligere
2355 3192 2404 3220 est
2418 3196 2519 3230 posse

1439 3236 1521 3277 pati,
1545 3235 1779 3268 advertendum
1803 3234 1894 3276 quod
1917 3234 1998 3266 illud
2015 3234 2204 3275 intelligitur
2226 3233 2266 3264 de
2281 3241 2378 3274 posse
2399 3232 2518 3264 intelli—

1444 3289 1519 3321 gere
1536 3280 1648 3321 primo
1664 3285 1696 3311 et
1718 3279 1892 3315 essentiali,
1909 3278 2091 3310 secundum
2109 3277 2202 3319 quod
2222 3286 2292 3308 non
2314 3277 2436 3310 habens
2452 3276 2518 3308 for-

1444 3334 1532 3356 mam
1555 3325 1790 3365 intelligibilem
1817 3330 1891 3356 actu
1915 3323 2032 3354 dicitur
2060 3331 2159 3364 posse
2183 3321 2362 3361 intelligere
2385 3326 2520 3362 propter

1444 3370 1625 3410 potentiam
1647 3374 1775 3400 tantum
1803 3368 2033 3400 intellectivam
2055 3367 2090 3398 in
2116 3366 2190 3407 ipso
2217 3365 2424 3396 existento-2
2448 3374 2517 3397 non

1444 3420 1554 3445 autem
1567 3413 1607 3445 de
1622 3422 1719 3454 posse
1734 3413 1913 3454 intelligere
1927 3410 2131 3446 accidentali,
2147 3408 2328 3440 secundum
2344 3409 2436 3451 quod
2450 3410 2519 3442 exi-

1444 3464 1530 3489 stens
1553 3459 1586 3488 in
1609 3458 1721 3489 habitu
1745 3457 1863 3489 dicitur
1883 3465 1981 3498 posse
2002 3454 2139 3496 operari.
2167 3452 2255 3485 Cum
2278 3454 2366 3485 enim
2391 3454 2518 3486 intelle·

1445 3508 1515 3534 ctus
1538 3502 1701 3543 possibilis
1723 3511 1793 3533 non
1808 3501 1913 3543 possit
1927 3499 2108 3539 intelligere
2123 3498 2184 3530 nisi
2199 3497 2395 3530 informetur
2407 3499 2517 3540 speeie

1444 3546 1646 3587 intelligibili,
1670 3546 1802 3588 quando
1818 3550 1867 3577 est
1881 3545 2004 3584 absque
2026 3542 2081 3574 tali
2104 3543 2222 3583 specie,
2242 3548 2350 3583 potest
2370 3542 2461 3574 illam
2474 3543 2518 3574 ab

1445 3592 1575 3622 obiecto
1598 3597 1632 3622 et
1654 3592 1876 3632 phantasmate
1901 3588 2054 3628 recipere.
2083 3587 2124 3617 Et
2147 3588 2193 3618 sic
2220 3596 2316 3627 posse
2338 3587 2515 3628 intelligere

1445 3642 1492 3666 est
1514 3645 1611 3676 posse
1633 3636 1716 3677 pati:
1741 3635 1817 3675 quia
1841 3638 1888 3664 est
1909 3641 2006 3673 posse
2028 3632 2173 3672 recipere
2195 3632 2338 3672 speciem
2360 3632 2400 3662 ab
2421 3631 2518 3663 intel-

1444 3680 1567 3721 ligibili,
1583 3689 1623 3712 ex
1638 3688 1703 3720 qua
1721 3683 1829 3720 potest
1843 3676 2057 3719 postmodum
2073 3681 2182 3707 actum
2197 3676 2425 3708 intellectionis
2439 3685 2516 3718 pro-

2547 433 2651 489 lfiff‘x'
2658 440 2670 456 2
2676 441 2682 462 ;
2689 441 2708 457 s.
2714 433 2761 458 Th.

2547 1947 2558 1955 ·
2577 1943 2614 1968 Cf.
2629 1951 2652 1968 ιι.
2663 1951 2681 1973 4
2694 1945 2766 1967 huius

2547 1977 2626 2001 m

2545 2662 2556 2672 '
2583 2661 2765 2711 Cadur&

2546 2691 2730 2743 gnava-mli«.
