2768 4134
75 695 84 704 ·
96 692 252 721 Quam-tiones
262 691 287 711 in

75 721 127 742 octo
141 719 195 740 libr.
205 718 286 745 Phys„

75 746 136 771 VIII,
152 751 191 773 qu.
205 750 236 768 vi.
256 749 286 765 vu

74 772 142 821 §VEB
153 777 211 820 1215133
211 771 287 819 ›Com-

74 829 145 847 mem.

69 1727 78 1736 ·
94 1726 129 1748 Cf.
150 1732 214 1749 num.
234 1732 281 1754 seq.

72 2715 81 2724 ·
90 2714 127 2736 cf.
136 2717 179 2736 art.
188 2720 212 2740 n,
224 2713 282 2736 Con-

72 2743 110 2762 tra
135 2747 145 2762 1
170 2741 281 2767 conclus„

71 2767 155 2792 sexto:
179 2771 202 2790 et
222 2773 282 2794 resp.

72 2793 100 2815 ad
111 2794 171 2816 idem
186 2793 282 2822 (Turon.

74 2827 137 2849 ¹903·
153 2827 176 2849 r-
186 2827 221 2849 54;
236 2820 282 2849 68)-

78 3429 86 3439 ¹
104 3428 161 3456 Cap.
177 3435 223 3451 xxi.

321 305 396 351 546

316 381 459 423 gradum.
485 379 635 410 Similiter
646 384 753 408 totum
766 383 978 418 augmentum
995 387 1062 418 quo
1079 377 1197 407 animal
1213 386 1270 418 per
1286 382 1388 407 totam

316 434 407 456 suam
434 425 532 454 vitam
556 428 700 463 augetur,
725 432 791 452 non
809 427 856 452 est
880 423 1091 452 continuum:
1121 430 1198 452 curn
1221 421 1389 452 videamus

315 470 483 500 hominem
513 468 621 507 augeri
645 467 684 497 ad
708 467 850 507 aliquam
875 467 1088 507 quantitatem
1116 471 1147 497 et
1171 466 1231 496 sub
1254 466 1308 496 illa
1331 475 1390 506 per

315 514 451 553 longum
474 512 630 552 temporis
654 512 793 551 spatium
818 512 994 551 quiescere,
1025 510 1143 542 deinde
1167 511 1201 541 in
1230 511 1389 541 maiorem

315 559 412 588 etiam
436 557 648 597 quantitatem
664 556 784 596 augeri.
802 556 850 586 De
867 556 930 586 hoc
947 561 1056 586 autem
1072 556 1153 586 nulli
1170 560 1218 585 est
1241 555 1387 586 dubium.

314 603 431 634 Utrum
455 607 563 632 autem
580 601 710 641 partiale
727 606 939 640 augmentum
956 606 987 631 et
1004 600 1143 640 partialis
1164 600 1309 630 alteratio
1326 601 1389 630 sint

314 653 424 678 motus
447 646 604 681 continui,
628 654 695 675 non
720 650 768 676 est
798 646 975 685 praesentis
1003 645 1244 686 speculationis,
1269 643 1325 675 sed
1349 643 1389 674 ad

314 691 386 722 VIII
401 691 616 732 Physicorum
641 691 788 729 pertinet,
812 689 912 730 idque
936 690 981 720 ibi
1005 690 1270 730 pertractavimus
1285 690 1312 719 ’ἦ

370 736 422 766 IX.
439 735 609 773 Quantum
626 734 666 764 ad
686 734 879 771 secundum,
895 734 1071 775 respondet
1090 734 1226 765 Sanctus
1243 734 1388 764 Thomas

315 781 355 811 ad
378 780 504 820 singula
527 785 717 820 argumenta
728 781 755 810 ².
780 779 831 810 Ad
848 780 993 820 primum
1017 779 1156 820 quidem,
1180 784 1276 819 negat
1299 783 1388 809 ante-

314 825 442 856 cedens.
467 824 519 855 Ad
541 825 611 855 eius
631 833 708 855 vero
732 825 970 865 probationem,
987 829 1083 863 negat
1099 824 1386 863 consequentiam:

314 871 390 911 quia
416 870 492 900 licet
522 870 628 900 anima
655 869 805 899 sensitiva
834 869 919 899 bruti
949 874 981 898 et
1009 869 1116 899 anima
1145 868 1296 898 sensitiva
1327 868 1387 898 ho-

313 915 409 945 minis
426 915 489 945 sint
512 913 658 945 eiusdem
674 915 809 954 generis,
826 922 894 943 non
914 919 1022 943 tamen
1046 918 1121 943 sunt
1145 912 1291 943 eiusdem
1315 922 1387 952 spe-

314 960 385 999 ciei,
402 960 486 990 sicut
497 968 605 999 neque
618 959 719 988 homo
733 963 764 989 et
780 959 921 988 brutum.
935 975 957 979 κ
972 957 1023 988 Ad
1035 957 1275 998 probationem,
1292 962 1388 997 negat

314 1010 526 1044 assumptum.
556 1003 727 1033 Diversitas
755 1003 841 1033 enim
871 1002 991 1042 speciei
1019 1007 1128 1042 potest
1149 1002 1314 1043 requirere
1339 1001 1387 1032 di-

312 1058 442 1080 versum
457 1047 592 1079 modum
609 1046 807 1087 procedendi
828 1048 861 1077 in
878 1056 947 1078 esse
963 1056 1079 1077 eorum
1096 1056 1180 1087 quae
1203 1052 1279 1077 sunt
1302 1047 1386 1077 eius-

313 1094 388 1125 dem
411 1093 546 1133 generis.
570 1091 664 1131 Nam,
681 1092 714 1122 in
731 1092 912 1132 proposito,
930 1092 1036 1122 anima
1053 1092 1138 1122 bruti
1162 1097 1210 1122 est
1237 1092 1387 1122 sensitiva

312 1144 448 1174 tantum,
462 1143 493 1168 et
510 1146 567 1176 per
579 1145 784 1176 consequens
800 1145 861 1167 nec
874 1146 943 1167 esse
958 1145 1020 1167 nec
1037 1137 1184 1177 operatio
1201 1137 1271 1167 eius
1290 1146 1388 1177 supra

312 1191 430 1222 corpus
450 1182 607 1212 elevatur:
631 1180 707 1211 ideo
723 1181 819 1211 simul
835 1186 1007 1221 generatur
1023 1187 1055 1212 et
1075 1182 1295 1222 corrumpitur
1310 1191 1387 1213 cum

310 1236 458 1267 corpore.
484 1225 642 1256 Sensitiva
658 1231 765 1256 autem
782 1226 925 1257 hominis
941 1231 989 1256 est
1008 1227 1106 1257 etiam
1129 1226 1335 1263 intellectiva,
1355 1231 1388 1257 et

310 1271 491 1302 secundum
507 1279 576 1301 esse
592 1280 629 1301 ac
644 1271 869 1311 operationem
885 1279 982 1311 supra
999 1280 1118 1311 corpus
1133 1271 1293 1302 elevatur:
1310 1271 1386 1303 ideo

310 1325 367 1356 per
390 1316 535 1356 corporis
558 1316 801 1355 generationem
824 1325 893 1346 non
916 1321 1096 1356 generatur.

368 1361 418 1391 Ad
439 1360 614 1391 secundam
645 1359 821 1400 respondet
850 1369 889 1391 ex
919 1360 1012 1391 dictis
1036 1362 1128 1401 quod
1155 1361 1306 1392 sensitiva
1329 1371 1387 1402 per

310 1414 409 1445 quam
433 1405 517 1436 fetus
533 1410 599 1435 erat
623 1405 751 1444 animal,
773 1414 842 1436 non
869 1410 989 1441 manet,
1013 1405 1071 1436 sed
1095 1406 1125 1436 ei
1148 1405 1294 1437 succedit
1314 1406 1384 1444 alia,

310 1459 394 1490 quae
419 1450 515 1480 simul
540 1454 588 1480 est
610 1450 761 1480 sensitiva
786 1455 818 1481 et
841 1450 1047 1481 intellectiva.

364 1495 403 1525 X.
422 1494 472 1525 Ad
485 1494 744 1536 fundamentum
769 1495 886 1525 tertiae
909 1495 1059 1531 rationis,
1077 1495 1198 1526 scilicet
1222 1495 1314 1536 quod
1338 1494 1385 1526 di-

309 1547 478 1570 versorum
502 1539 669 1579 agentium
697 1540 842 1570 actiones
872 1549 941 1570 non
969 1541 1185 1570 terminantur
1212 1539 1253 1571 ad
1280 1549 1385 1571 unum

309 1581 442 1622 factum,
454 1583 512 1614 sed
527 1583 568 1614 ad
584 1583 723 1614 diversa:
741 1583 917 1625 respondet
933 1584 1025 1625 quod
1037 1590 1085 1615 est
1100 1594 1214 1615 verum
1231 1584 1272 1616 de
1288 1595 1384 1626 agen-

308 1630 394 1661 tibus
410 1638 478 1659 non
494 1628 729 1665 subordinatis;
754 1635 802 1660 est
826 1634 934 1660 autem
959 1629 1076 1661 falsum
1100 1629 1141 1660 de
1156 1629 1384 1668 subordinatis,

310 1683 453 1715 quorum
475 1683 580 1704 unum
604 1678 652 1704 est
680 1674 763 1704 sicut
793 1674 971 1714 principale
1001 1683 1110 1715 agenS‚
1139 1674 1276 1705 alterum
1307 1684 1385 1706 vero

310 1720 394 1750 sicut
417 1719 671 1749 instrumentum
682 1719 709 1748 “.

366 1763 492 1794 Dicitur
515 1768 624 1794 tamen
651 1762 808 1799 secundo,
833 1763 924 1804 quod
957 1763 1133 1804 aliquando
1157 1764 1242 1794 actio
1267 1763 1386 1804 princi-

310 1809 391 1849 palis
414 1808 536 1848 agentis
560 1808 714 1848 pertingit
734 1807 774 1838 ad
797 1808 920 1848 aliquid
936 1809 970 1839 in
986 1813 1122 1849 operato
1146 1808 1186 1838 ad
1210 1808 1301 1848 quod
1316 1817 1385 1839 non

310 1853 463 1895 pertingit
482 1853 567 1884 actio
590 1853 806 1883 instrumenti.
822 1853 864 1883 Et
879 1854 935 1892 sic,
952 1863 1021 1884 uno
1038 1858 1070 1884 et
1093 1852 1211 1884 eodem
1231 1859 1385 1893 generato

310 1898 403 1939 quod
433 1902 480 1928 est
505 1898 619 1934 homo,
647 1897 727 1927 nihil
757 1898 910 1938 prohibet
938 1898 1102 1928 actionem
1125 1902 1269 1934 naturae,
1300 1907 1385 1938 quae

310 1948 358 1974 est
380 1944 464 1974 sicut
479 1942 541 1973 Dei
563 1943 826 1978 instrumentum,
842 1942 1006 1972 terminari
1022 1942 1062 1972 ad
1085 1941 1207 1982 aliquid
1230 1942 1384 1979 hominis,

309 1997 378 2019 non
402 1993 511 2019 autem
535 1987 575 2018 ad
597 1991 705 2017 totum
729 1985 821 2027 quod
843 1985 880 2017 fit
903 1987 1031 2017 actione
1055 1986 1126 2017 Dei.
1148 1985 1242 2017 Unde
1266 1987 1384 2018 virtute

309 2033 371 2064 Dei
388 2038 419 2063 et
441 2033 558 2062 virtute
574 2031 706 2062 seminis
721 2030 913 2072 producitur
928 2030 1062 2072 quidem
1079 2039 1200 2071 corpus
1223 2030 1383 2062 hominis:

310 2079 451 2108 animam
474 2086 551 2108 vero
576 2076 660 2107 actio
685 2076 746 2107 Dei
770 2076 957 2107 immediate
973 2075 1135 2116 producit,
1160 2084 1260 2116 quam
1283 2077 1384 2108 virtus

308 2123 440 2154 seminis
465 2121 645 2163 producere
668 2129 737 2152 non
760 2126 878 2161 potest,
902 2121 958 2152 sed
982 2120 1022 2151 ad
1045 2130 1117 2151 eam
1141 2119 1295 2161 disponit.

365 2177 394 2198 2.
419 2167 471 2198 Ad
501 2166 696 2198 evidentiam
724 2166 821 2197 huius
851 2166 1084 2207 responsioniS,
1109 2165 1383 2198 considerandum

310 2212 410 2254 quod,
427 2212 502 2243 licet
520 2213 620 2243 virtus
643 2212 774 2242 seminis
797 2211 923 2242 dicatur
943 2211 1084 2242 animam
1107 2220 1176 2242 non
1201 2210 1383 2251 producere

309 2258 366 2289 sed
389 2263 516 2288 tantum
540 2256 579 2288 ad
603 2266 675 2288 eam
698 2256 881 2297 disponere,
905 2265 974 2287 non
997 2261 1106 2287 tamen
1130 2256 1195 2286 hoc
1217 2261 1266 2286 est
1289 2257 1383 2287 intel-

309 2301 476 2343 ligendum
493 2301 533 2332 ad
551 2302 639 2333 hunc
655 2311 786 2332 sensum
800 2301 890 2342 quasi
908 2302 1008 2332 virtus
1024 2301 1156 2332 seminis
1171 2300 1264 2332 nullo
1280 2301 1383 2332 modo

310 2347 350 2378 ad
372 2347 477 2388 ipsam
501 2348 642 2378 animam
665 2347 815 2387 attingat:
841 2345 898 2377 sed
914 2355 1027 2377 sensus
1051 2351 1109 2382 est,
1134 2351 1170 2377 ut
1193 2345 1330 2377 habetur
1345 2355 1383 2377 ex

309 2391 376 2430 Qu.
393 2392 432 2423 de
443 2392 603 2427 Potentia,
621 2401 652 2432 q.
666 2401 711 2428 m,
724 2401 752 2422 a.
770 2401 801 2432 9,
813 2392 847 2422 in
866 2391 1085 2423 solutionibus
1101 2396 1381 2432 argumentorum,

311 2436 402 2478 quod
425 2447 492 2468 non
508 2436 660 2478 producit
675 2437 816 2467 animam
832 2435 996 2467 causando
1013 2445 1082 2467 esse
1105 2437 1218 2477 ipsius,
1234 2436 1291 2468 sed
1306 2446 1383 2478 pro-

311 2482 400 2513 ducit
423 2481 651 2523 dispositiones
682 2490 766 2522 quae
796 2487 871 2512 sunt
894 2482 1090 2512 necessitans
1113 2481 1154 2512 ad
1177 2480 1328 2519 formam,
1352 2487 1384 2513 et

311 2527 429 2568 quibus
454 2536 572 2568 corpus
589 2526 772 2567 disponitur
787 2526 828 2557 ad
851 2527 915 2557 hoc
931 2531 967 2557 ut
982 2527 1023 2557 sit
1045 2527 1206 2568 particeps
1230 2536 1300 2558 esse
1316 2528 1384 2558 ani·

310 2580 397 2609 mae;
422 2577 453 2603 et
477 2572 553 2613 quia
577 2571 615 2602 ad
638 2571 718 2602 tales
735 2571 963 2612 dispositiones
985 2572 1134 2613 ‘sequitur
1152 2573 1233 2603 unio
1257 2572 1385 2604 animae

311 2625 387 2647 cum
411 2626 559 2658 corpore,
582 2616 657 2647 ideo
674 2616 773 2647 virtus
797 2617 927 2647 seminis
944 2622 991 2647 est
1011 2618 1108 2648 etiam
1132 2626 1228 2648 causa
1252 2618 1384 2649 unionis

311 2662 436 2693 animae
456 2671 531 2693 cum
555 2662 698 2692 materia.
714 2679 738 2683 -
752 2660 794 2692 Et
817 2670 876 2702 per
891 2662 954 2692 hoc
970 2662 1142 2693 solvuntur
1164 2662 1267 2694 multa
1290 2672 1385 2704 argu·

310 2712 419 2738 menta
443 2706 580 2737 adducta
603 2716 621 2737 a
645 2706 820 2746 Capreolo,
837 2707 870 2737 in
888 2706 914 2737 11
931 2707 1030 2743 Sent„
1049 2707 1079 2740 d.
1096 2717 1137 2738 xv
1149 2708 1176 2744 ⁹,
1201 2708 1320 2748 quibus
1336 2717 1385 2738 ar-

310 2753 419 2793 guitur
442 2751 532 2793 quod
556 2760 623 2782 non
647 2757 755 2792 potest
777 2751 891 2782 salvari
915 2751 1057 2783 hominis
1072 2753 1238 2793 generatio
1262 2753 1302 2783 ab
1326 2753 1386 2784 ho-

310 2798 409 2833 mine,
426 2797 451 2827 si
474 2797 577 2828 homo
593 2802 719 2827 tantum
736 2795 966 2837 dispositiones
981 2797 1196 2828 accidentales
1214 2798 1385 2838 producat.

311 2842 436 2873 Dicitur
449 2842 535 2873 enim
552 2841 643 2882 quod
658 2851 727 2872 non
742 2846 869 2872 tanturn
882 2841 1112 2882 dispositiones
1125 2843 1272 2884 corporis
1288 2852 1386 2883 agens

311 2886 455 2918 naturale
479 2892 598 2922 causat,
623 2885 679 2917 sed
701 2891 750 2917 est
778 2887 875 2917 etiam
907 2896 1004 2917 causa
1031 2888 1164 2919 unionis
1195 2889 1322 2919 animae
1346 2887 1387 2918 ad

313 2940 431 2972 corpus
454 2931 656 2972 dispositive:
683 2936 714 2962 et
737 2931 783 2961 sic
807 2930 924 2962 dicitur
942 2941 1040 2972 agens
1063 2933 1208 2964 naturale
1231 2932 1386 2964 inducere

313 2975 451 3007 formam
475 2978 509 3007 in
532 2976 675 3007 materia.

367 3021 421 3051 XI.
439 3021 503 3052 Sed
527 3026 639 3052 contra
662 3021 746 3052 hanc
770 3021 1028 3061 responsionem,
1053 3031 1128 3053 cum
1153 3022 1271 3053 dicitur
1295 3022 1387 3063 quod

314 3066 446 3107 agentia
462 3066 688 3103 subordinat,
706 3065 814 3106 qualia
830 3071 905 3097 sunt
921 3066 1011 3097 Deus
1028 3071 1060 3097 et
1076 3072 1221 3098 creatura
1237 3073 1387 3108 respectu

312 3111 464 3148 hominis,
484 3115 623 3152 possunt
645 3119 747 3153 agere
762 3110 805 3141 ad
821 3110 957 3141 eundem
974 3110 1147 3142 terminum
1161 3112 1387 3148 diversimode,

314 3154 486 3187 dubitatur.
512 3155 547 3187 In
570 3156 712 3187 hominis
738 3155 824 3186 enirn
849 3157 1058 3196 generatione
1081 3166 1149 3187 non
1173 3162 1280 3198 potest
1303 3158 1388 3188 actio

315 3199 432 3238 divina,
455 3210 538 3241 quae
563 3206 610 3231 est
638 3201 768 3236 creatio,
793 3201 957 3231 terminari
981 3200 1021 3232 ad
1044 3200 1130 3232 idem
1155 3203 1390 3243 compositum,-

315 3243 405 3284 quod
429 3251 476 3276 est
498 3246 611 3282 homo,
629 3245 668 3276 ad
689 3244 779 3287 quod
802 3245 993 3276 terminatur
1017 3246 1102 3277 actio
1123 3246 1279 3284 hominis,
1305 3256 1389 3288 quae

316 3294 363 3319 est
385 3290 566 3329 generatio:
592 3290 738 3331 alioquin
753 3295 842 3320 totus
858 3290 960 3321 homo
977 3290 1139 3322 diceretur
1155 3297 1290 3329 creatus,
1307 3292 1390 3323 sicut

316 3332 432 3364 dicitur
454 3335 591 3375 genitus.
608 3335 677 3366 Nec
701 3334 741 3366 ad
765 3334 906 3366 eundem
931 3336 1107 3367 terminum
1127 3337 1184 3376 qui
1201 3341 1248 3368 est
1269 3336 1388 3368 forma:

317 3379 392 3419 quia
415 3384 493 3410 tunc
509 3389 606 3420 agens
623 3385 766 3411 creatum
784 3385 1015 3421 cooperaretur
1031 3381 1197 3417 creationi,
1223 3382 1315 3412 cuius
1331 3391 1391 3422 op-

317 3424 460 3463 positum
473 3429 640 3456 ostensum
653 3425 745 3455 estin
758 3424 1026 3466 praecedentibus
1036 3426 1065 3456 θ.
1082 3424 1170 3466 Ergo
1183 3426 1275 3457 nullo
1288 3426 1390 3457 modo

318 3467 358 3498 ad
381 3467 521 3499 eundem
544 3469 719 3500 terminum
743 3471 964 3501 terminantur.

372 3512 608 3553 Respondetur‚
626 3519 657 3544 et
674 3513 789 3545 dicitur
813 3515 931 3555 primo,
948 3513 1039 3556 quod
1059 3514 1144 3545 actio
1168 3514 1229 3545 Dei
1254 3519 1285 3545 et
1308 3516 1391 3546 actio

318 3557 458 3593 seminis,
483 3563 536 3588 aut
558 3558 700 3589 hominis
724 3559 914 3599 generantis,
944 3559 1157 3590 terminantur
1184 3558 1224 3590 ad
1251 3559 1392 3590 eundem

319 3601 492 3632 terminum
517 3603 572 3643 qui
597 3608 643 3633 est
669 3603 782 3639 homo,
807 3609 838 3634 et
866 3603 906 3634 ad
937 3603 1078 3635 eundem
1108 3604 1285 3635 teminum
1309 3613 1393 3646 quae

320 3648 367 3673 est
390 3646 504 3681 anima,
521 3646 576 3677 sed
593 3646 817 3678 diversimode.
833 3647 918 3678 Nam
937 3649 1039 3679 homo
1060 3654 1108 3679 est
1126 3648 1284 3680 terminus
1307 3658 1394 3680 crea-

319 3687 415 3718 tionis
438 3689 630 3729 inquantum
651 3692 834 3732 principalis
850 3693 919 3723 eius
934 3702 1017 3733 pars,
1037 3692 1158 3724 scilicet
1177 3693 1284 3724 anima
1299 3693 1393 3725 intel-

763 299 951 337 SUMMA
981 298 1203 336 CONTRA
1232 298 1508 343 GENTILES,
1536 297 1631 334 LIB.
1653 298 1694 343 ΙΙ,
1725 297 1837 334 CAP.
1858 298 2070 335 LXXXIX.

1442 377 1567 414 lectiva‚
1585 383 1711 408 creatur
1726 377 1759 407 in
1783 385 1932 417 corpore.
1949 376 2007 406 Est
2029 386 2108 407 vero
2132 379 2289 409 terminus
2304 380 2520 419 generationis

1442 423 1639 462 inquantum
1656 422 1717 452 alia
1737 430 1820 461 pars,
1837 420 1960 452 scilicet
1974 429 2105 460 corpuS,
2121 430 2180 461 per
2198 424 2442 462 generationem
2457 424 2522 456 dis-

1443 468 1577 508 ponitur
1600 467 1714 497 ultima
1738 465 1953 505 dispositione
1976 464 2017 496 ad
2040 466 2286 506 suscipiendum
2309 468 2465 505 animam3
2489 475 2522 500 et

1442 512 1608 552 generatio
1626 516 1674 541 est
1689 520 1796 547 causa,
1808 519 1867 550 per
1881 509 2020 541 modum
2037 509 2241 550 disponentis
2256 516 2288 542 et
2303 514 2521 553 praeparantis

1442 557 1620 595 materiam,
1645 554 1737 596 quod
1759 555 1820 585 sibi
1844 555 1951 585 anima
1973 555 2114 594 uniatur,
2143 565 2182 586 ex
2209 556 2302 586 cuius
2325 556 2449 588 unione
2470 567 2522 588 re-

1442 601 1539 631 sultat
1561 601 1670 641 ipsum
1693 605 1802 630 totum
1825 598 1917 640 quod
1940 604 1989 630 est
2018 600 2136 636 homo;
2161 600 2278 631 uniens
2301 601 2390 632 enim
2419 608 2522 633 mate-

1441 646 1521 676 riam
1545 654 1622 676 cum
1645 644 1761 680 forma,
1778 649 1826 675 est
1841 653 1939 675 causa
1962 653 2024 675 suo
2048 644 2151 676 modo
2175 646 2353 686 compositi
2375 646 2467 686 quod
2481 656 2522 678 ex

1441 690 1497 720 tali
1520 689 1644 720 unione
1659 689 1802 720 resultat.
1819 707 1841 711 —
1856 689 1976 719 Anima
1998 698 2077 720 vero
2102 695 2150 720 est
2172 691 2329 721 terminus
2349 692 2521 723 creationis

1442 740 1603 775 quantum
1626 733 1667 765 ad
1691 743 1761 764 esse
1789 742 1887 764 suum
1910 733 2069 768 absolute.
2093 734 2152 765 Est
2178 744 2257 765 vero
2285 734 2431 766 formalis
2458 742 2521 767 ter-

1441 780 1551 810 minus
1573 779 1792 819 generationis
1815 777 1927 818 quoad
1950 778 2111 809 unionem
2133 779 2204 810 eius
2227 789 2304 810 cum
2329 781 2474 811 materia.

1499 824 1587 855 Cum
1612 828 1721 854 autem
1745 823 1863 854 dicitur
1886 822 1978 863 quod
2001 828 2080 854 tunc
2106 833 2207 864 agens
2228 829 2374 855 creatum
2397 834 2521 866 coope-

1440 874 1563 900 raretur
1580 868 1753 899 creationi:
1770 885 1792 890 —
1804 867 1880 898 dico
1893 867 1985 908 quod
1997 869 2167 908 cooperari
2178 869 2336 900 creationi
2347 869 2522 911 dupliciter

1441 919 1549 954 potest
1564 913 1710 954 intelligi.
1729 913 1804 944 Uno
1820 912 1933 952 modo,
1950 913 2028 953 quia
2043 922 2120 944 cum
2143 912 2208 943 alio
2224 919 2379 953 operatur
2399 914 2443 946 ad
2456 921 2520 946 ter-

1440 959 1569 990 minum
1593 958 1766 989 creationis
1789 956 1979 998 attingendo
2003 967 2074 988 esse
2099 958 2203 998 ipsius
2225 958 2386 989 absolute.
2409 959 2456 991 Et>
2473 960 2521 990 sic

1440 1003 1521 1034 nihil
1544 1008 1740 1044 cooperatur
1762 1002 1931 1034 creationi.
1948 1019 1970 1024 —
1985 1002 2061 1033 Alio
2085 1001 2199 1039 modo,
2222 1002 2428 1043 disponendo
2451 1013 2522 1036 ma-

1440 1049 1554 1079 teriam
1577 1049 1611 1079 in
1635 1057 1700 1088 qua
1723 1048 1882 1079 terminus
1903 1055 1963 1087 per
1993 1057 2028 1078 se
2051 1048 2224 1078 creationis
2247 1053 2383 1085 creatur,
2407 1054 2440 1080 et
2462 1058 2522 1090 per

1440 1093 1505 1124 hoc
1528 1093 1706 1124 terminum
1721 1093 1896 1123 creationis
1909 1091 2056 1123 uniendo
2071 1093 2236 1123 materiae.
2256 1092 2299 1123 Et
2321 1093 2368 1123 sic
2390 1093 2520 1126 nullum

1440 1138 1676 1169 inconveniens
1699 1143 1748 1168 est
1771 1136 1895 1177 aliquid
1907 1137 2081 1177 cooperari
2104 1137 2261 1168 creationi
2285 1137 2355 1168 eius
2379 1138 2520 1178 quodin

1440 1184 1574 1214 materia
1590 1182 1803 1214 determinata
1822 1187 1958 1213 creauit.
1979 1181 2022 1212 Et
2036 1182 2082 1213 sic
2097 1182 2237 1213 dicimus
2257 1182 2439 1220 hominem,
2451 1183 2520 1214 sive
2556 1186 2561 1191 ‘

1439 1229 1594 1259 virtutem
1616 1227 1759 1266 seminis,
1783 1226 1940 1258 creationi
1963 1227 2092 1258 animae
2115 1227 2296 1268 cooperari.

1498 1283 1527 1304 2.
1553 1272 1619 1304 Sed
1641 1272 1775 1303 resultat
1798 1271 1886 1303 aliud
1909 1270 2057 1311 dubium,
2082 1272 2180 1302 etiam
2204 1281 2223 1302 a
2245 1271 2423 1313 Capreolo,
2442 1272 2519 1304 1000

1440 1318 1579 1358 allegato
1590 1319 1618 1354 ⁸,
1631 1322 1766 1348 tactum.
1783 1316 1872 1348 Cum
1889 1317 1977 1347 enim
1992 1315 2110 1347 dicitur
2130 1317 2284 1348 virtutem
2299 1316 2432 1348 seminis
2449 1325 2519 1348 ease

1439 1372 1570 1394 causam
1594 1362 1849 1403 dispositionum
1872 1362 2030 1402 corporis,
2052 1370 2123 1392 non
2151 1367 2263 1392 autem
2293 1370 2370 1392 esse·
2385 1369 2519 1393 causam

1439 1409 1576 1445 animae,
1604 1407 1771 1448 quaeritur
1793 1406 1835 1438 de
1861 1406 1923 1437 illis
1945 1405 2226 1447 dispositionibus.
2250 1406 2319 1445 Aut
2352 1406 2442 1437 enim
2468 1415 2520 1438 ee-

1439 1458 1586 1494 quuntur
1602 1453 1745 1484 animam
1761 1450 1875 1482 ordine
1890 1456 2040 1482 naturae:
2057 1456 2114 1482 aut
2132 1450 2343 1492 praecedunt.
2359 1450 2436 1483 Nom
2453 1451 2519 1492 pti·

1438 1507 1542 1529 mum.
1567 1498 1657 1529 Tum
1679 1497 1757 1538 quia
1781 1497 1908 1527 nullum
1931 1505 2038 1538 agens
2060 1501 2177 1527 causat
2196 1495 2383 1527 accidentia
2404 1504 2519 1527 mmo-

1438 1543 1572 1584 quentia
1587 1542 1903 1584 aliquamsormam,
1922 1541 1986 1572 nisi
2001 1545 2115 1572 causet
2135 1540 2227 1572 illam
2239 1541 2404 1583 formam.
2428 1539 2519 1572 Tum

1438 1588 1516 1629 quia
1533 1588 1637 1618 virtus
1651 1587 1785 1618 seminis
1800 1586 1883 1617 nihil
1896 1591 2014 1617 causat
2020 1590 2198 1627 postquam
2209 1586 2356 1627 reposuit
2358 1585 2518 1627 semin

1437 1633 1552 1674 specie.
1569 1650 1591 1654 —
1606 1632 1684 1663 Non
1700 1631 1797 1662 etiam
1812 1630 2007 1662 secundum.
2026 1630 2116 1667 Quia
2131 1635 2210 1662 tunc
2233 1630 2267 1661 ἰιι
2289 1630 2424 1661 homine
2434 1635 2520 1663 Μ

1438 1677 1507 1708 alia
1522 1677 1643 1719 forma
1665 1676 1890 1707 substantialis
1899 1675 2103 1716 praecedens
2121 1675 2278 1711 animam,
2298 1684 2400 1716 super
2415 1683 2518 1716 quan

1429 1721 1643 1764 fundantur:
1659 1720 1751 1762 quod
1762 1726 1916 1761 negatum
1928 1726 1986 1752 est.
1999 1738 2021 1744 -—
2033 1720 2120 1761 Ergo
2136 1719 2230 1751 nullo
2240 1719 2344 1751 modo
2355 1720 2518 1751 virtusne-

1439 1767 1536 1798 minis
1547 1766 1617 1798 illas
1633 1766 1864 1807 dispositiones
1875 1770 1986 1797 causat
2001 1765 2063 1796 nisi
2079 1770 2112 1796 et
2123 1765 2229 1806 ipsam
2239 1765 2383 1796 animam
2395 1769 2516 1796 mmet.

1495 1810 1725 1852 Respondetur
1740 1810 1832 1852 quod
1846 1810 1968 1851 duplex
1984 1815 2032 1841 est
2049 1819 2153 1850 genus
2175 1809 2432 1850 dispositionum
2445 1818 2518 1841 ma·

1438 1857 1547 1887 teriae.
1571 1855 1743 1894 Quaedam
1759 1856 1847 1886 enim
1862 1860 1940 1886 sunt
1954 1854 2187 1895 dispositiones
2201 1859 2422 1886 transeuntes:
2445 1855 2518 1895 mai-

1438 1901 1500 1932 bus
1523 1900 1646 1931 scilicet
1668 1905 1877 1940 praeparatur
1899 1899 2032 1930 materia
2047 1898 2089 1929 ad
2111 1899 2356 1939 susceptionem

1438 1945 1495 1976 sed
1511 1945 1544 1975 in
1561 1945 1632 1975 eius
1647 1944 1789 1975 adventu
1804 1943 1958 1975 desinunt
1974 1952 2054 1974 esse.
2071 1943 2114 1974 Et
2128 1942 2208 1974 tales
2219 1948 2346 1974 eertum
2359 1948 2411 1974 est

1437 1988 1639 2030 praecedunt
1664 1989 1817 2025 animam,
1845 1994 1879 2019 et
1907 1987 2087 2019 fundantur
2115 1988 2150 2018 in
2181 1987 2288 2019 forma
2314 1983 2518 2021 substantiali

1437 2033 1654 2076 praecedente
1676 2034 1710 2064 in
1738 2033 1872 2064 materia
1901 2031 2079 2064 adventum
2101 2033 2244 2064 animae:
2269 2038 2306 2064 ut
2332 2038 2410 2064 sunt
2431 2033 2517 2065 aoni-

1437 2078 1545 2110 dentia
1569 2079 1758 2119 embryonis
1784 2086 1870 2119 quae
1893 2082 2143 2118 consequuntur
2164 2077 2308 2109 animam
2329 2077 2516 2110 senefiam

1436 2124 1469 2154 in
1493 2125 1567 2165 ipso
1583 2124 1785 2155 existentem.
1801 2122 1973 2162 Quaedam
1988 2131 2066 2154 vero
2081 2127 2159 2154 sunt
2176 2127 2416 2164 permanenteu,
2429 2130 2516 2164 quae

1435 2169 1560 2200 scilicet
1582 2169 1616 2200 in
1640 2167 1758 2200 eodem
1781 2168 1914 2199 instanti
1934 2167 1971 2199 in
1999 2176 2068 2208 quo
2095 2167 2204 2198 anima
2234 2168 2346 2199 unitur
2373 2167 2515 2209 corpori,

1437 2219 1620 2253 causantur,
1636 2218 1669 2244 et
1691 2212 1788 2244 simul
1806 2221 1883 2244 cum
1906 2213 2014 2244 anima
2037 2217 2230 2253 permanent
2252 2213 2287 2243 in
2306 2212 2454 2244 materia.
2473 2211 2516 2245 En

1435 2259 1525 2298 tales,
1549 2264 1587 2290 ut
1608 2259 1642 2289 in
1665 2258 1888 2299 superioribus
1902 2258 1921 2275 θ
1936 2262 1986 2289 est
2008 2257 2195 2298 plenissime
2217 2263 2398 2297 ostensum,
2421 2257 2516 2290 abeo,-

1436 2304 1505 2335 lute
1528 2301 1708 2345 loquendo,
1736 2307 1920 2344 sequuntur
1947 2302 2104 2333 animam:
2133 2303 2225 2343 prius
2252 2302 2342 2333 enim
2371 2306 2514 2343 oportet.

1437 2348 1552 2380 ordine
1579 2353 1723 2387 naturae,
1747 2347 1888 2379 formam
1912 2347 1998 2379 uniri
2028 2347 2183 2378 matuiae
2206 2355 2306 2388 quam
2334 2346 2516 2379 accidentia

1437 2394 1613 2434 compositi
1629 2393 1703 2433 sint,
1720 2393 1798 2434 quia
1813 2392 2038 2434 compositum
2049 2401 2093 2423 ex
2107 2392 2234 2423 unione
2248 2390 2373 2423 somnae
2388 2390 2514 2424 adma-

1436 2439 1550 2470 teriam
1573 2438 1719 2474 resultat3
1745 2437 1924 2469 accidentia
1945 2442 2058 2468 autem
2072 2437 2209 2478 quaein
2229 2436 2301 2477 ipsa
2322 2436 2451 2468 animae
2464 2437 2515 2468 in·

1435 2483 1646 2515 troductione
1669 2483 1709 2514 ab
1731 2487 1848 2524 agente
1870 2481 2009 2514 namt-ali
2032 2487 2215 2521 causantur,
2236 2485 2314 2512 aunt
2334 2480 2516 2514 accidentia

1435 2537 1506 2560 non
1530 2528 1657 2559 animae
1679 2533 1817 2567 tantum,
1842 2527 1927 2559 sicut
1948 2526 2134 2558 intellectus
2152 2531 2185 2558 et
2207 2525 2369 2563 voluntas,
2393 2534 2479 2567 quoe
2496 2534 2516 2558 ι

1437 2573 1510 2604 solo
1531 2573 1604 2604 Deo
1623 2578 1812 2610 causantur;
1828 2581 1891 2603 nec
1913 2577 2041 2603 tantum
2063 2572 2228 2611 materiae,
2251 2570 2329 2611 quia
2350 2570 2517 2611 quaelihet

1436 2618 1542 2650 forma
1577 2617 1804 2654 substantialis,
1835 2622 1872 2649 ut
1901 2617 2052 2658 superius
2073 2617 2091 2635 θ
2117 2621 2167 2647 est
2196 2621 2376 2652 ostensum.
2405 2615 2518 2648 numu·

1436 2662 1624 2695 immediate
1647 2662 1815 2698 materiae3
1839 2661 1896 2693 sed
1922 2667 1998 2693 sunt
2025 2660 2205 2693 accidentia
2231 2660 2416 2702 compositi.
2436 2659 2515 2697 Sed.

1437 2707 1640 2740 considerata
1669 2708 1777 2738 anima
1805 2712 1842 2738 ut
1867 2706 1922 2738 dat
1948 2715 2019 2738 ease
2045 2706 2291 2742 intellectivam,
2317 2704 2517 2747 praecedam

1437 2754 1542 2795 ipsam
1554 2754 1696 2784 animam
1707 2752 1742 2783 in
1756 2761 1877 2793 genere
1889 2760 2005 2783 causae
2018 2751 2193 2782 materialis
2207 2749 2310 2782 veluti
2320 2750 2391 2782 eius
2403 2748 2517 2793 Δίφο-

1437 2799 1583 2834 sitiones,
1608 2797 1728 2838 quibus
1750 2797 1885 2828 materia
1900 2796 1941 2828 ad
1957 2805 2026 2828 esse
2046 2795 2282 2827 intellecti-rum
2297 2799 2516 2836 praeparant.

1495 2842 1584 2874 Cum
1599 2842 1756 2883 probatur
1771 2841 1863 2883 quod
1876 2851 1945 2872 non
1961 2845 2144 2882 sequuntur
2159 2841 2302 2882 anixnam
2315 2840 2351 2872 in
2365 2839 2515 2872 mutes-ia.-

1439 2887 1557 2919 dicitur
1573 2887 1613 2918 ad
1636 2887 1775 2928 primam
1805 2887 2045 2928 probationem,
2061 2885 2154 2927 quod
2169 2890 2376 2926 assumptum
2398 2890 2447 2917 eet
2461 2893 2518 2917 ve-

1437 2942 1513 2964 rurn
1537 2932 1577 2964 de
1601 2930 1822 2963 accidentibus
1844 2931 2123 2972 consequentibus
2136 2929 2278 2962 formam
2292 2935 2431 2967 tantum,
2445 2933 2517 2961 tan-

1441 2987 1540 3019 quam
1565 2977 1634 3008 eius
1658 2977 1871 3018 proprietates
1900 2977 1934 3007 in
1964 2976 2035 3017 ipsa
2064 2975 2134 3007 sola
2164 2975 2354 3013 existentesg
2375 2983 2448 3006 non
2468 2977 2518 3006 eet

1440 3028 1551 3054 autem
1575 3030 1689 3053 verum
1717 3021 1757 3053 de
1789 3020 2011 3053 accidentibus
2040 3020 2228 3062 compositi,
2252 3019 2296 3051 ¹de
2326 3019 2446 3060 quibus
2468 3018 2518 3050 lo-

1441 3068 1574 3109 quimur
1596 3067 1630 3098 in
1654 3066 1836 3108 proposito,
1860 3071 1894 3097 et
1916 3065 1956 3097 de
1979 3070 2096 3107 agente
2122 3064 2361 3096 instrumentali
2381 3072 2518 3106 praepa·

1438 3117 1532 3144 rante
1548 3121 1606 3153 per
1617 3111 1798 3143 accidentia
1821 3110 2021 3142 transeuntia
2034 3110 2203 3141 maneriam
2218 3108 2260 3141 ad
2275 3109 2519 3150 susceptionu-

1441 3156 1577 3194 formae,
1602 3155 1788 3188 cuiusmodi
1816 3161 1866 3187 est
1896 3164 1995 3196 agens
2021 3154 2170 3186 naturale
2200 3153 2240 3186 de
2265 3163 2334 3195 quo
2355 3152 2517 3186 nunno-

1442 3203 1586 3244 quimur.
1609 3200 1691 3232 Tale
1715 3201 1803 3232 enim
1827 3205 1876 3232 est
1901 3199 2092 3242 dispositive
2112 3208 2213 3230 causa
2235 3198 2368 3230 unionis
2392 3196 2517 3229 smne

1443 3257 1519 3279 cum
1542 3247 1693 3278 materia:
1717 3250 1750 3277 et
1773 3254 1832 3287 per
1854 3253 2062 3286 consequens
2089 3249 2138 3275 est
2165 3252 2264 3275 causa
2286 3241 2463 3283 ompositi
2484 3247 2518 3273 et

1443 3291 1661 3324 accidentium
1685 3299 1770 3332 quae
1794 3290 2017 3331 compositum
2041 3289 2314 3320 concomitantia·-

1500 3335 1552 3368 Ad
1575 3335 1752 3367 secundam
1780 3334 1898 3366 dicitur
1922 3333 2015 3376 quod
2040 3342 2140 3375 agens
2165 3330 2315 3364 nattmIe
2344 3330 2426 3362 nihil
2453 3331 2519 3372 agit

1443 3386 1519 3422 post
1536 3381 1773 3422 repositionem
1788 3379 1874 3411 fetus
1888 3380 1922 3411 in
1939 3379 2058 3421 specie,
2073 3375 2312 3420 posterior-itate
2328 3374 2518 3408 durationis.

1444 3425 1509 3457 Sed
1531 3426 1614 3456 bene
1630 3426 1665 3456 in
1681 3424 1799 3456 eodem
1821 3425 1954 3456 instanti
1966 3424 2003 3455 in
2018 3431 2087 3464 quo
2098 3420 2188 3452 cetus
2210 3420 2380 3460 reponitur
2394 3420 2429 3452 in
2444 3429 2518 3462 ape-

1445 3471 1504 3510 cie,
1530 3469 1652 3511 aliquid
1675 3471 1741 3511 agit
1763 3468 1855 3510 quod
1877 3468 2037 3510 posterius
2051 3470 2167 3498 natura
2188 3465 2336 3506 sequitur
2359 3465 2518 3497 unionem

1445 3515 1572 3546 animae
1597 3524 1672 3546 curn
1696 3514 1840 3551 materia,
1864 3519 1896 3545 et
1911 3510 2100 3544 ⁴necandum
2123 3510 2221 3541 etiam
2245 3509 2387 3550 aliquam
2411 3509 2518 3542 comi-

1446 3559 1647 3591 derationem
1672 3559 1811 3590 formam
1837 3555 2010 3599 praecedit,
2032 3560 2071 3587 ut
2091 3554 2135 3586 ‘de
2156 3553 2347 3586 huiusmodi
2370 3553 2517 3586 acciden-

1446 3605 1533 3636 tibus
1556 3604 1706 3636 diximus.

1503 3648 1591 3680 Cum
1615 3653 1725 3680 autem
1748 3647 1903 3688 probatur
1933 3643 2025 3686 quod
2053 3653 2122 3675 non
2150 3643 2360 3685 praecedunt,
2384 3643 2462 3684 quin
2483 3643 2518 3674 in

1446 3694 1580 3725 homine
1605 3698 1687 3724 esset
1711 3692 1771 3723 alia
1793 3690 1899 3722 forma
1921 3694 2047 3730 praeter
2066 3689 2221 3720 animam:
2245 3693 2381 3730 negatur
2404 3696 2518 3719 conee-

2547 1318 2627 1348 '¹³⁰1-

2544 2618 2627 2643 quid.

2641 1324 2680 1348 7⁴·
