2742 4152
31 2416 40 2425 ·
70 2415 106 2438 Cf.
148 2414 241 2437 initium

32 2441 174 2464 Commenti.

285 266 330 292 10
890 244 1079 282 SUMMA
1109 242 1331 280 CONTRA
1359 240 1635 286 GENTILES,
1667 239 1778 276 CAP.
1799 239 1857 275 ΙΙΙ.

278 332 488 365 contineatur,
512 334 620 358 tamen
642 325 807 366 potentiae
830 328 878 353 est
900 320 1240 362 improportionatum,
1262 319 1345 349 sicut

277 375 368 406 valde
388 371 591 414 splendidum
607 371 645 401 ab
663 369 760 400 oculo
776 366 1011 408 vespertilionis
1027 364 1127 395 videri
1142 373 1210 394 non
1225 368 1342 404 potest.

277 418 376 458 Quod
399 426 474 457 ergo
498 416 623 456 aliquae
646 413 833 444 subtilitates
855 410 1101 452 philosophicae
1120 409 1159 439 ab
1178 407 1343 438 intellectu

277 464 372 495 unius
387 461 527 492 hominis
543 457 867 499 comprehendantur,
884 456 923 486 ab
939 454 1105 486 intellectu
1121 462 1198 483 vero
1215 452 1343 502 alterius

276 508 347 547 capi
369 515 437 536 non
459 505 594 545 possint,
621 513 690 534 non
719 503 784 532 hoc
810 500 885 532 ideo
910 505 957 530 est
983 500 1059 539 quia
1088 498 1148 528 sub
1175 505 1343 528 commum

276 552 403 582 obiecto
427 549 608 580 intellectus
622 548 719 579 unius
735 544 1049 586 comprehendantur
1067 552 1135 573 non
1151 547 1259 592 autem
1283 540 1342 571 sub

276 596 404 626 obiecto
427 593 609 625 intellectus
631 592 774 623 alterius:
799 590 855 621 sed
871 589 948 630 quia
962 587 1141 619 intellectui
1157 595 1252 617 umus
1268 590 1343 615 sunt

274 639 548 680 proportionatae,
572 637 700 668 alterius
723 641 833 666 autem
862 633 1039 665 intellectui
1061 636 1136 662 sunt
1159 631 1343 671 impropor-

274 685 426 720 tionatae,
443 682 522 714 dum
537 682 634 713 unius
656 680 837 711 intellectus
852 677 1012 717 naturales
1028 675 1220 717 quidditates
1235 678 1343 714 potest

274 733 452 769 penetrare,
482 727 610 758 alterius
640 734 717 757 vero
748 723 929 755 intellectus
961 731 1019 752 sua
1048 719 1243 751 hebetudine
1273 726 1342 749 non

299 778 392 804 otest.
412 799 413 802 ,

275 782 296 814 p
330 815 506 847 Sciendum
545 813 700 849 secundo,
733 822 771 843 ex
802 811 948 843 doctrina
981 809 1089 840 Sancti
1119 808 1268 838 Thomae
1297 805 1341 842 1²,

276 871 308 902 q.
333 871 444 897 amm
466 869 493 890 a.
517 869 548 899 7,
568 864 600 890 et
615 858 642 889 II
666 857 764 893 Sent„
781 855 811 887 d.
829 865 923 890 xxxn,
940 863 971 894 q.
989 863 1021 889 11,
1038 862 1066 883 a.
1091 852 1122 888 3,
1144 850 1236 892 quod
1259 851 1342 902 sicut

275 910 350 936 sunt
372 906 468 936 unius
490 904 611 944 speciei
633 902 742 932 omnia
765 909 902 940 corpora
920 899 1071 933 humana,
1097 902 1128 927 et
1151 902 1261 927 tamen
1284 900 1343 946 ista

275 950 379 981 unitas
407 947 556 990 specifica
585 945 786 978 latitudinem
814 943 1014 975 diversorum
1042 941 1204 982 graduum
1227 939 1342 971 indm—

275 993 419 1025 dualium
442 992 588 1028 admittit,
613 990 691 1021 dum
715 998 799 1020 unus
823 993 870 1019 est
897 988 980 1018 bene
1005 986 1286 1027 complexionatus
1310 990 1342 1016 et

274 1039 385 1079 pulcra
407 1037 512 1068 forma
534 1036 720 1075 decoroque
747 1038 888 1073 aspectu,
912 1032 990 1063 alter
1013 1040 1089 1062 vero
1113 1030 1268 1062 deformis
1294 1035 1342 1061 est

275 1088 307 1114 et
328 1082 429 1122 turpis
444 1081 593 1121 maleque
616 1078 910 1119 complexionatus;
927 1077 972 1107 sic
988 1081 1020 1107 et
1035 1085 1112 1106 cum
1130 1075 1253 1107 unitate
1269 1083 1342 1116 spe-

274 1126 366 1158 cifica
378 1127 555 1157 animarum
568 1129 628 1155 stat
643 1123 806 1154 diversitas
819 1120 978 1162 graduum
993 1120 1241 1152 individualium
1257 1120 1341 1161 ipsa-

273 1181 356 1208 rum,
376 1176 412 1201 ut
434 1171 516 1201 sicut
538 1178 642 1200 unum
665 1176 783 1208 corpus
807 1171 854 1197 est
877 1166 941 1197 alio
964 1165 1213 1197 substantialiter
1235 1164 1341 1206 perfe-

274 1216 355 1247 ctius
381 1213 616 1246 individualiter
650 1211 883 1252 nobiliorisque
917 1210 1164 1251 complexionis,
1199 1210 1244 1241 ita
1275 1219 1342 1241 una

273 1260 379 1291 anima
402 1259 442 1289 sit
456 1259 553 1289 altera
575 1255 812 1288 individualiter
826 1255 978 1292 nobilior,
994 1265 1031 1286 ac
1046 1264 1105 1296 per
1119 1255 1184 1286 hoc
1200 1255 1241 1285 sit
1255 1264 1341 1286 unus

273 1305 374 1335 homo
389 1302 488 1334 altero
504 1301 725 1343 praestantiori
739 1300 882 1340 ingenio.
899 1299 1037 1331 Formae
1052 1300 1141 1331 enim
1155 1299 1342 1331 individuae

271 1352 418 1379 creantur
429 1350 706 1378 commensuratae
718 1345 965 1376 substantialiter
976 1345 1179 1386 corporibus,
1191 1345 1236 1376 ita
1250 1344 1342 1386 quod

271 1402 329 1433 per
352 1391 703 1423 commensurationem
725 1389 765 1420 ad
780 1390 845 1420 hoc
869 1398 988 1430 corpus
1004 1390 1084 1421 haec
1107 1390 1216 1421 anima
1230 1389 1271 1420 ab
1286 1389 1342 1421 illa

270 1436 508 1469 individualiter
535 1435 747 1476 distinguitur.
780 1433 874 1465 Unde
905 1434 989 1466 sicut
1016 1443 1122 1466 unum
1145 1443 1266 1476 corpus
1294 1440 1342 1466 est

271 1481 370 1512 altero
394 1481 534 1512 nobilius
557 1479 865 1520 complexionatum,
889 1478 932 1509 ita
954 1488 1056 1510 unam
1079 1479 1221 1511 animam
1244 1478 1342 1511 altera

270 1525 465 1556 nobiliorem
481 1534 550 1556 esse
565 1529 701 1565 oportet.
717 1540 741 1546 -
755 1523 825 1554 Nec
839 1528 949 1554 tamen
972 1533 1059 1555 unus
1081 1524 1184 1556 homo
1207 1529 1342 1566 propter

270 1570 335 1601 hoc
358 1575 406 1601 est
425 1570 526 1610 magis
540 1570 641 1600 homo
657 1568 768 1604 altero,
784 1567 860 1599 licet
874 1568 915 1599 sit
930 1568 1104 1609 perfectior
1118 1569 1240 1601 homo:
1257 1578 1340 1610 quo-

269 1615 358 1645 niam
380 1615 444 1645 hoc
467 1613 627 1644 vocabulo
651 1612 758 1654 magis
780 1622 848 1644 non
879 1613 1003 1645 utimur
1025 1614 1089 1645 nisi
1110 1614 1145 1646 in
1167 1613 1284 1646 formis
1306 1615 1340 1646 in

270 1659 391 1700 quibus
412 1658 527 1690 accidit
547 1658 684 1689 mutatio
714 1658 798 1689 inter
819 1658 923 1698 magis
946 1663 979 1690 et
1007 1659 1133 1696 minus:
1157 1658 1249 1700 quod
1270 1669 1341 1691 non

270 1702 386 1734 accidit
407 1703 442 1734 in
469 1703 575 1734 anima
602 1702 805 1738 intellectiva,
836 1703 995 1743 quoniam
1022 1713 1239 1745 unaquaeque
1268 1713 1341 1736 eam

269 1747 501 1789 perfectionem
523 1747 771 1779 substantialiter
793 1756 893 1788 quarn
909 1757 928 1778 a
942 1748 1104 1790 principio
1128 1749 1264 1790 accepit,
1279 1749 1341 1781 im-

269 1792 463 1824 mutabiliter
485 1796 661 1823 conservat.
689 1791 782 1824 Unus
811 1801 889 1833 ergo
922 1792 1024 1824 altero
1047 1793 1193 1825 melioris
1214 1794 1340 1826 virtutis

269 1838 304 1868 in
326 1836 534 1877 intelligendo
558 1845 626 1867 esse
649 1841 758 1876 potest
781 1837 859 1877 quia
880 1837 1052 1869 meliorem
1077 1838 1174 1870 habet
1197 1839 1340 1870 animam

270 1887 302 1912 et
323 1881 530 1918 nobiliorem:
547 1881 695 1922 quamvis
709 1882 808 1913 etiam
830 1882 895 1913 hoc
919 1891 958 1914 ex
981 1883 1100 1914 virium
1116 1884 1341 1916 sensitivarum

269 1926 395 1957 meliori
418 1924 628 1966 dispositione
650 1927 753 1967 possit
767 1927 951 1967 provenire,
968 1937 1009 1959 eo
1033 1927 1124 1970 quod
1146 1929 1225 1970 ipsis
1247 1929 1342 1960 intel-

268 1970 370 2002 lectus
393 1969 433 2001 ad
455 1971 505 2001 sui
528 1971 754 2011 operationem
775 1970 928 2012 indigeat.

324 2014 376 2046 IV.
397 2015 507 2045 Tertia
523 2015 608 2046 ratio
625 2021 672 2046 est
688 2025 709 2046 a
725 2016 855 2047 maiori.
873 2016 976 2057 Magis
988 2015 1115 2048 videtur
1127 2016 1219 2057 quod
1230 2018 1343 2049 omnia

269 2059 497 2099 cognoscibilia
532 2059 572 2091 de
605 2060 701 2091 rebus
731 2061 936 2092 sensibilibus
965 2071 1214 2102 cognoscamus,
1242 2071 1342 2104 quam

268 2104 378 2135 omnia
393 2113 477 2144 quae
493 2103 533 2136 de
548 2104 620 2135 Deo
637 2106 794 2145 cognosci
809 2111 961 2146 possunt:
979 2115 1056 2137 cum
1078 2106 1133 2137 illa
1155 2107 1251 2138 nobis
1266 2116 1342 2148 pro-

267 2149 439 2189 pinquiora
463 2149 526 2180 sint
548 2150 715 2191 magisque
738 2151 995 2191 proportionata.
1024 2150 1088 2183 Sed
1111 2160 1220 2183 rerum
1243 2153 1342 2183 sensi-

268 2193 381 2224 bilium
404 2193 520 2224 multas
535 2195 746 2235 proprietates
761 2196 960 2236 ignoramus,
976 2200 1033 2227 aut
1048 2205 1160 2227 earum
1182 2197 1342 2228 rationem

268 2236 407 2278 perfecte
431 2239 574 2269 invenire
589 2249 658 2270 non
673 2249 859 2280 possumus.
884 2240 972 2281 Ergo
988 2240 1094 2272 multo
1118 2241 1258 2282 amplius
1273 2251 1341 2273 non

268 2282 379 2313 omnia
407 2283 638 2323 cognoscibilia
672 2283 712 2315 de
743 2285 816 2316 Deo
848 2294 1026 2326 possumus
1060 2286 1249 2318 naturaliter
1284 2295 1340 2318 co·

315 2336 435 2360 oscere.

268 2336 311 2367 gn
324 2371 362 2402 V.
390 2371 610 2404 Confirmatur
627 2373 818 2405 auctoritate
833 2374 1036 2416 Philosophi,
1050 2374 1078 2406 11
1094 2375 1253 2416 Metaph.;
1267 2376 1343 2417 plu-

268 2415 422 2456 ribusque
432 2416 613 2458 Scripturae
622 2418 736 2450 Sacrae
752 2419 998 2450 auctoritatibus
1006 2420 1033 2450 ⁹.
1054 2419 1139 2451 Nam
1150 2420 1259 2461 inquit
1269 2421 1342 2452 Ari-

268 2460 398 2491 stoteles
414 2461 503 2502 quod
518 2462 699 2494 intellectus
722 2469 832 2494 noster
850 2473 885 2494 se
900 2464 997 2495 habet
1020 2464 1061 2495 ad
1083 2463 1343 2497 manifestissima

269 2505 302 2535 in
325 2510 437 2536 natura
452 2507 534 2537 sicut
550 2507 665 2539 oculus
682 2508 918 2549 vespertilionis
941 2508 982 2539 ad
1005 2509 1119 2540 solem.
1141 2509 1200 2540 Iob
1217 2518 1294 2541 vero
1310 2519 1343 2541 ¹1

269 2548 394 2586 dicitur,
417 2550 570 2582 Forsitan
595 2552 732 2594 vestigia
761 2558 834 2589 etc.;
859 2558 891 2584 et
914 2563 1018 2590 xxxvi,
1039 2553 1135 2590 Ecce,
1159 2554 1250 2586 Deus
1273 2564 1342 2585 ma-

268 2603 355 2635 gnus
377 2599 455 2632 etc.;
489 2596 567 2627 item
595 2597 606 2627 1
633 2597 710 2628 Cor.
734 2607 790 2629 xm
819 2596 946 2635 dicitur,
969 2598 1025 2629 Ex
1042 2603 1141 2640 parte
1170 2599 1342 2641 cognosci-

270 2648 341 2669 mus
364 2644 424 2670 etc.

325 2683 388 2714 Pro
411 2686 598 2717 auctoritate
621 2686 823 2728 Philosophi,
847 2686 1080 2719 advertendum
1097 2687 1189 2729 quod
1204 2688 1258 2719 illa
1273 2698 1342 2720 non

268 2726 363 2758 infert
387 2729 610 2762 omnimodam
632 2732 847 2772 ignorantiam
862 2742 971 2764 rerum
987 2732 1179 2770 divinarum,
1204 2732 1260 2764 sed
1283 2734 1343 2765 ob-

269 2781 395 2804 scuram
429 2774 592 2814 quandam
626 2777 775 2808 notitiam
809 2777 1073 2819 cognitionisque
1107 2777 1341 2810 difficultatem.

270 2816 359 2848 Sicut
382 2819 470 2849 enim
492 2820 675 2860 vespertilio
700 2821 802 2852 aciem
827 2821 867 2853 ad
897 2823 1006 2863 ipsum
1029 2823 1107 2854 solis
1133 2822 1343 2864 splendorem

270 2860 366 2901 figere
390 2872 457 2894 non
473 2869 590 2904 potest,
606 2865 649 2895 ita
668 2874 729 2896 nec
745 2871 854 2897 noster
869 2867 1051 2899 intellectus
1075 2867 1218 2899 divinam
1235 2877 1342 2900 essen-

1399 319 1477 348 tiam
1500 317 1694 352 naturaliter,
1711 321 1748 346 ut
1763 317 1797 346 in
1820 324 1854 346 se
1878 320 1936 351 est,
1959 319 2068 355 potest
2090 314 2279 355 intelligere,
2296 315 2366 346 eius
2382 314 2476 356 quid-

1399 361 1532 392 ditatem
1555 359 1876 401 comprehendendo.

1454 406 1542 436 Hinc
1565 406 1747 436 Manichaei
1777 414 1866 435 error
1897 403 2091 445 exploditur,
2121 404 2334 444 pluriumque
2361 403 2476 435 infide-

1399 450 1490 486 lium,
1515 450 1573 490 qui
1595 450 1703 480 statim
1725 455 1882 490 tanquam
1910 448 1988 481 falsa
2011 448 2191 480 abiicienda
2218 453 2415 489 putaverunt
2438 458 2476 480 ea

1399 503 1483 534 quae
1507 493 1546 524 de
1571 494 1643 524 Deo
1659 493 1813 525 divinitus
1828 494 2021 534 angelorum
2043 493 2224 525 ministerio
2246 494 2429 525 revelantur
2442 499 2477 526 et

1398 539 1541 569 humana
1555 539 1681 570 ratione
1696 539 1880 580 investigari
1894 548 1965 570 non
1979 545 2128 580 possunt.
2151 538 2282 578 Quibus
2297 548 2366 570 non
2382 548 2476 570 secus

1398 582 1514 613 accidit
1537 591 1637 623 quam
1659 582 1779 614 idiotae
1803 585 1862 625 qui
1884 593 1922 615 ea
1945 593 2030 625 quae
2045 594 2064 615 a
2083 583 2290 625 philosophis
2313 583 2475 621 dicuntur,

1397 626 1473 658 ideo
1497 626 1575 657 falsa
1598 637 1668 658 esse
1691 628 1812 659 diceret
1835 630 1912 670 quia
1935 638 1973 660 ea
1996 638 2112 670 capere
2133 638 2204 660 non
2225 634 2347 669 posset.

1454 671 1508 702 VI.
1533 671 1628 703 Circa
1645 673 1730 703 hanc
1745 673 1966 705 conclusionis
1981 679 2107 714 partem
2119 683 2220 715 quam
2231 673 2368 705 Sanctus
2384 673 2476 704 Tho-

1396 725 1466 747 mas
1477 716 1628 756 probavit
1639 718 1666 754 ²,
1683 717 1792 758 aliqua
1807 727 1847 748 ex
1864 724 1955 759 parte
1966 718 2056 750 idem
2067 719 2165 750 sentit
2179 718 2308 755 Scotus,
2324 719 2360 749 in
2370 719 2476 759 prima

1397 769 1453 800 qu.
1478 760 1608 802 Prolog.
1634 762 1646 792 Ι
1670 761 1770 798 Sena,
1785 762 1895 803 aliqua
1910 772 1988 794 vero
2013 773 2052 794 ex
2074 769 2165 804 parte
2188 763 2344 795 dissentit.
2369 763 2477 794 Tenet

1397 806 1486 836 enirn
1502 815 1580 836 cum
1593 806 1714 838 Sancto
1730 807 1863 838 Thoma
1876 807 1996 838 multas
2019 817 2090 839 esse
2104 809 2253 840 veritates
2268 807 2309 840 de
2327 808 2401 839 Deo
2417 818 2475 839 co-

1396 851 1592 890 gnoscibiles
1608 860 1689 892 quas
1704 851 1814 883 nullus
1829 857 1938 893 potest
1951 852 2138 883 naturaliter
2153 853 2310 890 invenire,
2327 862 2368 884 eo
2384 853 2475 894 quod

1397 895 1437 926 ab
1460 895 1627 927 intellectu
1650 901 1766 937 agente
1789 901 1822 928 et
1843 897 2122 938 phantasmatibus
2137 898 2261 929 causari
2283 907 2396 929 earum
2419 908 2475 930 co-

1396 940 1500 980 gnitio
1524 950 1593 971 non
1613 941 1727 982 possit.
1752 941 1789 972 In
1803 941 1869 973 hoc
1884 947 1995 974 autem
2010 942 2166 979 dissentit,
2182 943 2260 983 quia
2272 943 2369 983 ponit
2383 943 2476 985 quod

1396 985 1457 1015 ista
1479 985 1624 1026 cognitio
1648 986 1689 1017 sit
1711 985 1846 1028 quidem
1868 986 2120 1028 supernaturalis
2143 987 2365 1028 comparando
2381 989 2475 1020 intel-

1395 1029 1519 1060 lectum
1533 1030 1723 1071 possibilem
1737 1030 1779 1062 ad
1793 1041 1906 1072 agens;
1922 1031 1980 1063 sed
1991 1038 2112 1068 tamen,
2129 1031 2351 1073 comparando
2365 1033 2476 1074 ipsum

1397 1073 1438 1105 ad
1461 1075 1622 1106 actualem
1643 1076 1795 1107 notitiam
1817 1076 1852 1107 in
1875 1085 1920 1114 se,
1940 1078 1982 1108 sit
2005 1077 2036 1108 ei
2058 1076 2223 1114 naturalis,
2247 1086 2289 1108 eo
2312 1077 2405 1118 quod
2425 1078 2476 1109 in·

1396 1119 1544 1150 tellectus
1558 1121 1721 1161 possibilis
1737 1131 1755 1152 a
1771 1130 1981 1163 quacumque
1996 1122 2186 1163 cognitione
2201 1122 2389 1154 naturaliter
2402 1132 2476 1164 per-

1396 1163 1532 1201 ficiatur,
1560 1170 1592 1196 et
1615 1165 1656 1196 ad
1679 1175 1924 1207 quamcumque
1950 1166 2137 1198 naturaliter
2158 1167 2342 1199 inclinetur.
2366 1167 2476 1200 Huius

1395 1210 1598 1250 oppositum,
1622 1210 1814 1252 accipiendo
1834 1213 2019 1252 potentiam
2041 1211 2222 1244 naturalem
2240 1213 2383 1253 proprie,
2406 1222 2476 1244 non

1396 1259 1506 1286 autem
1522 1260 1559 1285 ut
1573 1264 1608 1286 se
1624 1256 1722 1286 etiam
1737 1255 1778 1287 ad
1794 1255 2045 1288 obedientialem
2064 1256 2217 1294 extendit,
2232 1262 2322 1288 tenet
2338 1257 2476 1290 Sanctus

1396 1299 1553 1336 Thomas,
1578 1299 1620 1330 111
1644 1300 1742 1336 Sent„
1767 1300 1799 1332 d.
1815 1310 1899 1338 xxvi,
1923 1311 1956 1343 q.
1971 1312 1993 1339 r,
2017 1312 2046 1333 a.
2065 1311 2095 1339 2,
2120 1306 2152 1333 et
2174 1301 2215 1334 de
2232 1301 2314 1338 Ver„
2339 1311 2372 1344 q.
2387 1311 2475 1339 πω,

1396 1354 1424 1376 a.
1443 1354 1474 1381 2,
1487 1344 1555 1382 ubi,
1571 1344 1613 1376 de
1626 1351 1738 1377 mente
1753 1345 2041 1384 Commentatoris,
2059 1347 2102 1378 IX
2117 1347 2273 1388 Metapa„
2294 1348 2364 1379 vult
2384 1347 2477 1389 quod

1395 1390 1543 1431 potentia
1564 1391 1692 1431 passiva
1714 1387 1868 1422 naturalis
1890 1401 1960 1424 non
1982 1401 2018 1423 se
2041 1391 2192 1423 extendat
2211 1392 2276 1424 nisi
2294 1392 2336 1424 ad
2357 1392 2413 1424 illa
2434 1391 2477 1424 ad

1396 1444 1482 1476 quae
1503 1444 1539 1466 se
1562 1434 1706 1466 extendit
1727 1445 1786 1467 sua
1808 1437 1956 1478 potentia
1978 1436 2132 1468 naturalis
2154 1437 2268 1469 activa.
2292 1437 2342 1468 Ex
2357 1446 2427 1479 quo
2440 1438 2476 1470 in

1395 1480 1588 1521 quaestione
1611 1479 1651 1511 de
1671 1480 1742 1511 Ver.
1767 1481 1935 1514 concludit
1959 1481 2162 1514 intellectum
2188 1482 2379 1523 possibilem
2406 1492 2476 1515 non

1395 1534 1466 1556 esse
1488 1525 1676 1556 naturaliter
1697 1525 1732 1556 in
1755 1529 1901 1566 potentia
1924 1527 1986 1558 nisi
2008 1526 2050 1558 ad
2072 1526 2142 1558 illas
2165 1525 2287 1558 formas
2310 1536 2395 1569 quae
2417 1537 2477 1570 per

1395 1569 1598 1601 intellectum
1621 1575 1771 1611 agentem
1794 1571 2010 1614 intelligibiles
2032 1571 2127 1604 fiunt.

1452 1613 1676 1646 Confirmatur
1697 1620 1808 1647 autem
1830 1618 1951 1658 positio
1974 1616 2084 1649 Sancti
2099 1617 2250 1649 Thomae
2265 1625 2304 1648 ex
2319 1625 2476 1658 processu

1395 1665 1428 1690 et
1450 1660 1576 1691 ratione
1597 1660 1781 1691 Aristotelis
1805 1661 1847 1692 111
1866 1662 1906 1694 de
1928 1662 2058 1698 Anima,
2074 1662 2131 1694 ubi
2153 1662 2271 1703 probat
2292 1661 2476 1694 intellectus

1396 1754 1549 1790 oportere
1562 1749 1597 1780 in
1613 1750 1722 1781 anima
1737 1759 1861 1792 ponere
1876 1751 2078 1783 intellectum
2097 1757 2258 1794 agentem,
2275 1752 2353 1793 quia
2367 1753 2402 1784 in
2415 1761 2475 1785 na—

1394 1800 1468 1826 tura
1484 1795 1519 1826 in
1538 1803 1605 1836 qua
1618 1799 1668 1826 est
1681 1796 1828 1836 potentia
1847 1797 1983 1838 passiva,
2004 1802 2135 1838 oportet
2149 1805 2274 1839 ponere
2293 1798 2475 1838 ponendam

1395 1840 1544 1871 activam.
1567 1838 1706 1871 Constat
1727 1845 1838 1872 autem
1860 1841 1952 1883 quod
1974 1842 2164 1873 Aristoteles
2185 1841 2332 1884 loquitur
2350 1842 2392 1873 de
2413 1850 2476 1884 po-

1395 1885 1495 1916 tentia
1509 1884 1614 1916 activa
1631 1885 1780 1926 proxima
1803 1891 1835 1917 et
1857 1887 2119 1928 proportionata:
2143 1886 2291 1928 alioquin
2312 1887 2395 1919 ratio
2416 1896 2476 1919 sua

1395 1939 1465 1960 non
1480 1929 1665 1960 ostenderet
1680 1931 1898 1970 propositum.
1911 1931 2010 1973 Ergo,
2023 1932 2049 1962 si
2065 1931 2174 1973 aliqua
2188 1932 2336 1972 potentia
2350 1933 2477 1973 passiva

1394 1974 1582 2005 naturaliter
1596 1973 1770 2005 inclinatur
1784 1975 1818 2006 in
1830 1975 1974 2018 aliquem
1985 1981 2107 2013 actum,
2119 1981 2251 2018 oportet
2262 1981 2299 2008 ut
2310 1976 2351 2008 ab
2363 1976 2475 2019 aliquo

1395 2018 1534 2050 naturali
1557 2023 1673 2059 agente
1696 2024 1729 2050 et
1751 2020 2002 2061 proportionato
2025 2021 2128 2063 possit
2150 2020 2244 2053 illum
2266 2021 2422 2063 recipere.

1452 2062 1486 2095 Si
1509 2068 1620 2094 autem
1643 2064 1789 2101 instetur,
1813 2070 1850 2096 ut
1877 2066 1974 2097 instat
2001 2065 2129 2102 Scotus,
2153 2065 2198 2097 lv
2216 2066 2318 2103 Seni„
2343 2066 2376 2098 d.
2392 2074 2476 2103 nix,

1396 2117 1429 2149 q.
1441 2117 1483 2144 xx,
1495 2106 1537 2139 ad
1550 2117 1579 2145 2,
1597 2109 1674 2149 quia
1689 2108 1723 2139 in
1739 2117 1878 2150 corpore
1887 2115 1936 2142 est
1947 2111 2094 2152 potentia
2104 2111 2268 2152 receptiva
2280 2109 2321 2142 ad
2332 2111 2476 2144 animam

1395 2152 1638 2189 intellectivam,
1650 2158 1683 2184 et
1693 2158 1803 2185 tamen
1818 2163 1887 2186 non
1903 2160 2013 2196 potest
2028 2155 2068 2186 ab
2080 2155 2192 2197 aliquo
2208 2161 2325 2196 agente
2339 2156 2478 2188 namt-ali

1396 2196 1552 2238 produci:
1575 2214 1597 2221 -
1621 2197 1846 2239 respondetur,
1870 2198 1912 2230 de
1939 2205 2050 2232 mente
2079 2199 2189 2232 Sancti
2218 2199 2380 2238 Thomae,
2402 2201 2476 2233 Poe.

1396 2251 1429 2283 q.
1453 2251 1498 2278 m,
1522 2250 1551 2272 a.
1576 2251 1607 2282 9,
1632 2241 1672 2273 ad
1698 2243 1715 2273 5
1741 2248 1773 2274 et
1796 2243 1827 2280 6,
1852 2243 1944 2285 quod
1971 2253 2039 2276 non
2070 2249 2119 2276 est
2147 2253 2280 2277 necesse
2309 2250 2347 2277 ut
2376 2254 2476 2278 omne

1395 2295 1495 2328 agens
1517 2286 1662 2318 naturale
1685 2286 1844 2328 producat
1867 2289 2038 2321 essentiam
2061 2288 2196 2327 formae,
2219 2289 2276 2321 sed
2299 2289 2418 2322 sufficit
2439 2296 2478 2323 ut

1395 2331 1437 2362 sit
1459 2340 1557 2362 causa
1579 2330 1768 2372 dispositiva
1791 2334 1954 2370 materiae,
1971 2338 2004 2365 et
2020 2334 2062 2365 sit
2084 2343 2181 2366 causa
2202 2335 2335 2366 unionis
2351 2333 2476 2367 formae

1396 2385 1475 2407 cum
1497 2376 1640 2407 materia.
1656 2376 1740 2408 Nam
1756 2378 1783 2408 si
1799 2376 1905 2410 forma
1919 2387 1989 2410 non
2011 2379 2053 2410 sit
2067 2378 2254 2417 subsistens,
2270 2389 2368 2411 causa
2382 2385 2477 2412 nam—

1395 2420 1470 2452 ralis
1493 2426 1542 2452 est
1556 2429 1653 2452 causa
1667 2422 1770 2462 ipsius
1786 2421 1924 2454 formae:
1941 2424 1968 2454 si
1983 2428 2093 2455 autem
2108 2422 2214 2455 forma
2229 2425 2270 2456 sit
2289 2424 2476 2462 subsistens,

1396 2470 1433 2496 ut
1457 2471 1504 2496 est
1526 2466 1635 2497 anima
1656 2466 1830 2504 rationalis,
1854 2477 1951 2499 causa
1973 2468 2126 2500 naturalis
2150 2474 2198 2500 est
2220 2478 2317 2500 causa
2339 2469 2478 2511 disposi—

1396 2510 1495 2541 tionis
1517 2511 1671 2542 materiae
1694 2516 1727 2542 et
1741 2512 1874 2543 unionis
1889 2511 2015 2544 formae
2030 2512 2071 2544 ad
2085 2514 2265 2550 materiam,
2281 2523 2352 2546 non
2366 2519 2477 2547 autern

1396 2559 1445 2586 est
1460 2564 1557 2586 causa
1572 2554 1707 2587 formae.
1731 2555 1827 2587 Unde
1841 2562 1979 2598 negatur
2000 2558 2060 2589 ista
2075 2559 2324 2600 consequentia:
2340 2558 2478 2591 Nullum

1396 2608 1495 2640 agens
1513 2605 1658 2631 creatum
1677 2600 1745 2632 sive
1765 2601 1910 2633 naturale
1932 2607 2041 2643 potest
2062 2602 2244 2644 producere
2263 2604 2407 2635 animam
2426 2605 2477 2636 in·

1395 2644 1601 2682 tellectivam,
1626 2645 1713 2687 Ergo
1742 2654 1760 2676 a
1786 2646 1879 2678 nullo
1910 2651 2026 2688 agente
2049 2648 2186 2679 naturali
2213 2654 2322 2690 potest
2343 2649 2478 2681 materia

1396 2688 1508 2721 reduci
1534 2690 1567 2721 in
1595 2695 1705 2721 actum
1731 2696 1881 2732 respectu
1907 2692 2035 2723 animae
2058 2693 2289 2725 intellectivae:
2313 2711 2337 2716 —
2358 2692 2478 2725 dieitur

1396 2735 1484 2766 enim
1509 2733 1601 2775 quod
1619 2736 1810 2776 oppositum
1825 2737 2057 2778 consequentis
2077 2743 2139 2769 stat
2154 2747 2231 2770 cum
2247 2737 2475 2770 antecedente:

1396 2784 1504 2821 potest
1527 2780 1615 2811 enim
1639 2789 1738 2821 agens
1763 2781 1909 2813 naturale
1935 2781 2090 2814 reducere
2116 2783 2286 2814 materiam
2308 2783 2343 2814 in
2366 2787 2476 2814 acuam

1396 2823 1521 2855 formae
1552 2824 1718 2856 causando
1750 2824 1980 2867 dispositiones
2012 2826 2053 2858 ad
2085 2826 2226 2860 formam
2255 2833 2288 2859 et
2317 2827 2476 2859 unionem

1396 2868 1520 2900 formae
1544 2869 1584 2901 ad
1607 2870 1785 2907 materiam,
1810 2876 1843 2902 et
1864 2876 1974 2902 tamen
1997 2880 2067 2903 non
2091 2880 2223 2904 causare
2246 2870 2396 2904 formam.

2503 723 2513 732 ·
2529 721 2632 753 εἰᾼηὶῑ.
2642 721 2716 745 Con-

2503 752 2586 771 menu-

1395 1705 1520 1745 agentis
1537 1705 1773 1742 necessitatem,
1794 1711 1871 1738 text.
1899 1715 1939 1747 ¹7
1952 1708 1979 1738 *.
2004 1707 2076 1738 Hac
2099 1707 2188 1739 enim
2210 1707 2336 1739 ratione
2357 1707 2477 1749 probat
2500 1725 2517 1748 1
2527 1696 2718 1748 ᾖξ’·’ῑιη
