<?xml version="1.0" encoding="UTF-8"?>
<!DOCTYPE html PUBLIC "-//W3C//DTD XHTML 1.0 Transitional//EN"
    "http://www.w3.org/TR/xhtml1/DTD/xhtml1-transitional.dtd">
<html xmlns="http://www.w3.org/1999/xhtml" xml:lang="en" lang="en">
 <head>
  <title>
</title>
<meta http-equiv="Content-Type" content="text/html;charset=utf-8" />
  <meta name='ocr-system' content='tesseract 3.04.00' />
  <meta name='ocr-capabilities' content='ocr_page ocr_carea ocr_par ocr_line ocrx_word'/>
</head>
<body>
  <div class='ocr_page' id='page_1' title='image "./operaomniaiussui13thom_0354.png"; bbox 0 0 2768 4134; ppageno 0'>
   <div class='ocr_carea' id='block_1_1' title="bbox 48 350 232 377">
    <p class='ocr_par' dir='ltr' id='par_1_1' title="bbox 48 350 232 377">
     <span class='ocr_line' id='line_1_1' title="bbox 48 350 232 377; baseline -0.016 -4"><span class='ocrx_word' id='word_1_1' title='bbox 48 352 57 360; x_wconf 79' lang='lat'><strong>⁴</strong></span> <span class='ocrx_word' id='word_1_2' title='bbox 73 350 129 377; x_wconf 82' lang='lat' dir='ltr'><em>Cap.</em></span> <span class='ocrx_word' id='word_1_3' title='bbox 146 355 197 375; x_wconf 82' lang='lat' dir='ltr'><em>viu,</em></span> <span class='ocrx_word' id='word_1_4' title='bbox 212 355 232 370; x_wconf 89' lang='lat'><em>2.</em></span> 
     </span>
    </p>
   </div>
   <div class='ocr_carea' id='block_1_2' title="bbox 48 390 261 445">
    <p class='ocr_par' dir='ltr' id='par_1_2' title="bbox 48 390 261 445">
     <span class='ocr_line' id='line_1_2' title="bbox 48 390 259 415; baseline -0.005 -4"><span class='ocrx_word' id='word_1_5' title='bbox 48 391 57 400; x_wconf 92' lang='grc'>·</span> <span class='ocrx_word' id='word_1_6' title='bbox 73 390 82 411; x_wconf 93' lang='lat'>1</span> <span class='ocrx_word' id='word_1_7' title='bbox 94 390 196 415; x_wconf 67' lang='lat' dir='ltr'><em>Foster„</em></span> <span class='ocrx_word' id='word_1_8' title='bbox 208 390 222 410; x_wconf 86' lang='lat' dir='ltr'><em>l.</em></span> <span class='ocrx_word' id='word_1_9' title='bbox 234 396 259 414; x_wconf 81' lang='lat'><em>4¹</em></span> 
     </span>
     <span class='ocr_line' id='line_1_3' title="bbox 50 415 261 445; baseline -0.014 -7"><span class='ocrx_word' id='word_1_10' title='bbox 50 416 94 445; x_wconf 77' lang='lat' dir='ltr'><em>(ed.</em></span> <span class='ocrx_word' id='word_1_11' title='bbox 114 415 216 437; x_wconf 83' lang='lat' dir='ltr'><em>Leonina</em></span> <span class='ocrx_word' id='word_1_12' title='bbox 239 422 261 436; x_wconf 87' lang='grc' dir='ltr'><em>ιι.</em></span> 
     </span>
    </p>
   </div>
   <div class='ocr_carea' id='block_1_3' title="bbox 51 443 92 472">
    <p class='ocr_par' dir='ltr' id='par_1_3' title="bbox 51 443 92 472">
     <span class='ocr_line' id='line_1_4' title="bbox 51 443 92 472; baseline 0 -7"><span class='ocrx_word' id='word_1_13' title='bbox 51 443 92 472; x_wconf 63' lang='grc' dir='ltr'><em>μ).</em></span> 
     </span>
    </p>
   </div>
   <div class='ocr_carea' id='block_1_4' title="bbox 46 743 259 792">
    <p class='ocr_par' dir='ltr' id='par_1_4' title="bbox 46 743 259 792">
     <span class='ocr_line' id='line_1_5' title="bbox 47 743 259 775; baseline 0.005 -11"><span class='ocrx_word' id='word_1_14' title='bbox 47 743 110 775; x_wconf 59' lang='grc' dir='ltr'><em>ζβίζ</em></span> <span class='ocrx_word' id='word_1_15' title='bbox 132 749 154 765; x_wconf 91' lang='lat' dir='ltr'><em>n.</em></span> <span class='ocrx_word' id='word_1_16' title='bbox 175 749 259 771; x_wconf 73' lang='lat' dir='ltr'><em>praec.v</em></span> 
     </span>
     <span class='ocr_line' id='line_1_6' title="bbox 46 774 95 792; baseline 0 -1"><span class='ocrx_word' id='word_1_17' title='bbox 46 774 95 792; x_wconf 83' lang='lat' dir='ltr'><em>mn.</em></span> 
     </span>
    </p>
   </div>
   <div class='ocr_carea' id='block_1_5' title="bbox 45 1552 258 1574">
    <p class='ocr_par' dir='ltr' id='par_1_5' title="bbox 45 1552 258 1574">
     <span class='ocr_line' id='line_1_7' title="bbox 45 1552 258 1574; baseline -0.009 0"><span class='ocrx_word' id='word_1_18' title='bbox 45 1553 54 1561; x_wconf 86' lang='grc'><em>·</em></span> <span class='ocrx_word' id='word_1_19' title='bbox 71 1552 107 1574; x_wconf 76' lang='lat' dir='ltr'><em>cf.</em></span> <span class='ocrx_word' id='word_1_20' title='bbox 116 1556 172 1574; x_wconf 80' lang='lat' dir='ltr'><em>text.</em></span> <span class='ocrx_word' id='word_1_21' title='bbox 180 1555 203 1573; x_wconf 86' lang='lat' dir='ltr'><em>et</em></span> <span class='ocrx_word' id='word_1_22' title='bbox 211 1557 258 1573; x_wconf 83' lang='lat' dir='ltr'><em>var.</em></span> 
     </span>
    </p>
   </div>
   <div class='ocr_carea' id='block_1_6' title="bbox 292 264 367 299">
    <p class='ocr_par' dir='ltr' id='par_1_6' title="bbox 292 264 367 299">
     <span class='ocr_line' id='line_1_8' title="bbox 292 264 367 299; baseline 0 0"><span class='ocrx_word' id='word_1_23' title='bbox 292 264 367 299; x_wconf 88' lang='lat'><em>280</em></span> 
     </span>
    </p>
   </div>
   <div class='ocr_carea' id='block_1_7' title="bbox 282 334 1364 3069">
    <p class='ocr_par' dir='ltr' id='par_1_7' title="bbox 288 334 1363 726">
     <span class='ocr_line' id='line_1_9' title="bbox 291 334 1363 380; baseline -0.008 -8"><span class='ocrx_word' id='word_1_24' title='bbox 291 348 337 372; x_wconf 91' lang='lat' dir='ltr'><em>est</em></span> <span class='ocrx_word' id='word_1_25' title='bbox 361 340 451 380; x_wconf 88' lang='lat' dir='ltr'><em>quod</em></span> <span class='ocrx_word' id='word_1_26' title='bbox 468 339 583 369; x_wconf 90' lang='lat' dir='ltr'><em>dicitur</em></span> <span class='ocrx_word' id='word_1_27' title='bbox 607 337 647 366; x_wconf 90' lang='lat'><em>111</em></span> <span class='ocrx_word' id='word_1_28' title='bbox 672 337 710 366; x_wconf 85' lang='lat' dir='ltr'><em>de</em></span> <span class='ocrx_word' id='word_1_29' title='bbox 727 336 845 366; x_wconf 84' lang='lat' dir='ltr'><em>Anima</em></span> <span class='ocrx_word' id='word_1_30' title='bbox 862 336 892 365; x_wconf 62' lang='lat'><em>³⁶:</em></span> <span class='ocrx_word' id='word_1_31' title='bbox 917 335 1070 365; x_wconf 80' lang='lat' dir='ltr'><em>scientias</em></span> <span class='ocrx_word' id='word_1_32' title='bbox 1088 334 1194 364; x_wconf 88' lang='lat' dir='ltr'><em>secari</em></span> <span class='ocrx_word' id='word_1_33' title='bbox 1210 334 1363 374; x_wconf 86' lang='lat' dir='ltr'><em>quemad-</em></span> 
     </span>
     <span class='ocr_line' id='line_1_10' title="bbox 291 378 1363 421; baseline -0.007 -6"><span class='ocrx_word' id='word_1_34' title='bbox 291 386 419 415; x_wconf 87' lang='lat' dir='ltr'><em>modum</em></span> <span class='ocrx_word' id='word_1_35' title='bbox 432 389 462 413; x_wconf 85' lang='lat' dir='ltr'><em>et</em></span> <span class='ocrx_word' id='word_1_36' title='bbox 475 392 535 413; x_wconf 89' lang='lat' dir='ltr'><em>res.</em></span> <span class='ocrx_word' id='word_1_37' title='bbox 546 401 568 404; x_wconf 92' lang='lat'>—</span> <span class='ocrx_word' id='word_1_38' title='bbox 581 382 716 421; x_wconf 85' lang='lat' dir='ltr'>Propter</span> <span class='ocrx_word' id='word_1_39' title='bbox 729 380 819 420; x_wconf 91' lang='lat' dir='ltr'><em>quod</em></span> <span class='ocrx_word' id='word_1_40' title='bbox 831 380 936 420; x_wconf 88' lang='lat' dir='ltr'><em>inquit</em></span> <span class='ocrx_word' id='word_1_41' title='bbox 953 379 1027 409; x_wconf 87' lang='lat' dir='ltr'><em>alibi</em></span> <span class='ocrx_word' id='word_1_42' title='bbox 1037 380 1054 395; x_wconf 40' lang='grc' dir='ltr'>ἦ</span> <span class='ocrx_word' id='word_1_43' title='bbox 1067 378 1204 409; x_wconf 88' lang='lat' dir='ltr'><em>Sanctus</em></span> <span class='ocrx_word' id='word_1_44' title='bbox 1217 378 1363 409; x_wconf 86' lang='lat' dir='ltr'>Thomas</span> 
     </span>
     <span class='ocr_line' id='line_1_11' title="bbox 291 423 1363 469; baseline -0.006 -10"><span class='ocrx_word' id='word_1_45' title='bbox 291 429 378 469; x_wconf 91' lang='lat' dir='ltr'><em>quod</em></span> <span class='ocrx_word' id='word_1_46' title='bbox 402 427 555 458; x_wconf 77' lang='lat' dir='ltr'><em>scientiae</em></span> <span class='ocrx_word' id='word_1_47' title='bbox 578 425 828 466; x_wconf 81' lang='lat' dir='ltr'><em>distinguuntur</em></span> <span class='ocrx_word' id='word_1_48' title='bbox 849 423 1026 455; x_wconf 86' lang='lat' dir='ltr'><em>secundum</em></span> <span class='ocrx_word' id='word_1_49' title='bbox 1041 423 1226 465; x_wconf 88' lang='lat' dir='ltr'><em>formalem</em></span> <span class='ocrx_word' id='word_1_50' title='bbox 1250 423 1363 454; x_wconf 82' lang='lat' dir='ltr'><em>distin-</em></span> 
     </span>
     <span class='ocr_line' id='line_1_12' title="bbox 289 468 1363 506; baseline -0.006 -3"><span class='ocrx_word' id='word_1_51' title='bbox 289 474 426 504; x_wconf 82' lang='lat' dir='ltr'><em>ctionem</em></span> <span class='ocrx_word' id='word_1_52' title='bbox 444 471 651 506; x_wconf 79' lang='lat' dir='ltr'><em>obiectorum,</em></span> <span class='ocrx_word' id='word_1_53' title='bbox 670 479 735 500; x_wconf 88' lang='lat' dir='ltr'><em>non</em></span> <span class='ocrx_word' id='word_1_54' title='bbox 753 474 860 500; x_wconf 86' lang='lat' dir='ltr'><em>autem</em></span> <span class='ocrx_word' id='word_1_55' title='bbox 876 469 1052 499; x_wconf 85' lang='lat' dir='ltr'><em>secundum</em></span> <span class='ocrx_word' id='word_1_56' title='bbox 1072 477 1185 498; x_wconf 86' lang='lat' dir='ltr'><em>eorum</em></span> <span class='ocrx_word' id='word_1_57' title='bbox 1210 468 1363 498; x_wconf 84' lang='lat' dir='ltr'><em>materia-</em></span> 
     </span>
     <span class='ocr_line' id='line_1_13' title="bbox 290 512 1363 551; baseline -0.006 -3"><span class='ocrx_word' id='word_1_58' title='bbox 290 519 349 548; x_wconf 88' lang='lat' dir='ltr'><em>lem</em></span> <span class='ocrx_word' id='word_1_59' title='bbox 367 515 615 551; x_wconf 81' lang='lat' dir='ltr'><em>distinctionem,</em></span> <span class='ocrx_word' id='word_1_60' title='bbox 636 520 668 544; x_wconf 92' lang='lat' dir='ltr'><em>et</em></span> <span class='ocrx_word' id='word_1_61' title='bbox 691 514 871 545; x_wconf 91' lang='lat' dir='ltr'><em>secundum</em></span> <span class='ocrx_word' id='word_1_62' title='bbox 893 514 1098 544; x_wconf 86' lang='lat' dir='ltr'><em>obiectorum</em></span> <span class='ocrx_word' id='word_1_63' title='bbox 1121 512 1363 543; x_wconf 84' lang='lat' dir='ltr'>distinctionem</span> 
     </span>
     <span class='ocr_line' id='line_1_14' title="bbox 288 557 1363 592; baseline -0.004 0"><span class='ocrx_word' id='word_1_64' title='bbox 288 568 323 592; x_wconf 90' lang='lat' dir='ltr'><em>ut</em></span> <span class='ocrx_word' id='word_1_65' title='bbox 340 562 466 592; x_wconf 85' lang='lat' dir='ltr'><em>obiecta</em></span> <span class='ocrx_word' id='word_1_66' title='bbox 481 566 570 590; x_wconf 88' lang='lat' dir='ltr'><em>sunt:</em></span> <span class='ocrx_word' id='word_1_67' title='bbox 588 559 789 590; x_wconf 81' lang='lat' dir='ltr'><em>materialem</em></span> <span class='ocrx_word' id='word_1_68' title='bbox 802 558 1038 589; x_wconf 84' lang='lat' dir='ltr'><em>distinctionem</em></span> <span class='ocrx_word' id='word_1_69' title='bbox 1051 567 1172 588; x_wconf 90' lang='lat' dir='ltr'><em>vocans</em></span> <span class='ocrx_word' id='word_1_70' title='bbox 1185 557 1363 588; x_wconf 89' lang='lat' dir='ltr'><em>distinctio-</em></span> 
     </span>
     <span class='ocr_line' id='line_1_15' title="bbox 288 602 1363 645; baseline -0.006 -8"><span class='ocrx_word' id='word_1_71' title='bbox 288 616 364 637; x_wconf 90' lang='lat' dir='ltr'><em>nem</em></span> <span class='ocrx_word' id='word_1_72' title='bbox 381 604 561 636; x_wconf 89' lang='lat' dir='ltr'><em>secundum</em></span> <span class='ocrx_word' id='word_1_73' title='bbox 579 604 725 645; x_wconf 90' lang='lat' dir='ltr'><em>proprias</em></span> <span class='ocrx_word' id='word_1_74' title='bbox 749 610 780 634; x_wconf 91' lang='lat' dir='ltr'><em>et</em></span> <span class='ocrx_word' id='word_1_75' title='bbox 804 602 970 644; x_wconf 89' lang='lat' dir='ltr'><em>specificas</em></span> <span class='ocrx_word' id='word_1_76' title='bbox 984 611 1092 632; x_wconf 90' lang='lat' dir='ltr'><em>rerum</em></span> <span class='ocrx_word' id='word_1_77' title='bbox 1116 603 1267 638; x_wconf 87' lang='lat' dir='ltr'><em>rationes,</em></span> <span class='ocrx_word' id='word_1_78' title='bbox 1283 603 1363 644; x_wconf 88' lang='lat' dir='ltr'><em>sor-</em></span> 
     </span>
     <span class='ocr_line' id='line_1_16' title="bbox 288 647 1363 689; baseline -0.003 -8"><span class='ocrx_word' id='word_1_79' title='bbox 288 651 404 681; x_wconf 86' lang='lat' dir='ltr'><em>malem</em></span> <span class='ocrx_word' id='word_1_80' title='bbox 428 655 537 680; x_wconf 89' lang='lat' dir='ltr'><em>autem</em></span> <span class='ocrx_word' id='word_1_81' title='bbox 563 658 646 689; x_wconf 92' lang='lat' dir='ltr'><em>quae</em></span> <span class='ocrx_word' id='word_1_82' title='bbox 663 654 709 679; x_wconf 88' lang='lat' dir='ltr'><em>est</em></span> <span class='ocrx_word' id='word_1_83' title='bbox 733 648 914 679; x_wconf 88' lang='lat' dir='ltr'><em>secundum</em></span> <span class='ocrx_word' id='word_1_84' title='bbox 931 647 1069 678; x_wconf 87' lang='lat' dir='ltr'><em>diversas</em></span> <span class='ocrx_word' id='word_1_85' title='bbox 1085 647 1225 677; x_wconf 91' lang='lat' dir='ltr'><em>rationes</em></span> <span class='ocrx_word' id='word_1_86' title='bbox 1245 647 1363 678; x_wconf 91' lang='lat' dir='ltr'><em>scibilis</em></span> 
     </span>
     <span class='ocr_line' id='line_1_17' title="bbox 288 695 537 726; baseline -0.004 0"><span class='ocrx_word' id='word_1_87' title='bbox 288 702 323 726; x_wconf 93' lang='lat' dir='ltr'><em>ut</em></span> <span class='ocrx_word' id='word_1_88' title='bbox 347 695 455 725; x_wconf 85' lang='lat' dir='ltr'>scibile</span> <span class='ocrx_word' id='word_1_89' title='bbox 480 700 537 725; x_wconf 86' lang='lat' dir='ltr'><em>est.</em></span> 
     </span>
    </p>

    <p class='ocr_par' dir='ltr' id='par_1_8' title="bbox 288 736 1364 913">
     <span class='ocr_line' id='line_1_18' title="bbox 343 736 1363 777; baseline -0.002 -7"><span class='ocrx_word' id='word_1_90' title='bbox 343 740 379 770; x_wconf 90' lang='lat'><em>11.</em></span> <span class='ocrx_word' id='word_1_91' title='bbox 405 739 554 771; x_wconf 88' lang='lat' dir='ltr'><em>Secunda</em></span> <span class='ocrx_word' id='word_1_92' title='bbox 570 738 738 769; x_wconf 86' lang='lat' dir='ltr'>conclusio</span> <span class='ocrx_word' id='word_1_93' title='bbox 750 739 776 773; x_wconf 45' lang='grc' dir='ltr'><em>θ’,</em></span> <span class='ocrx_word' id='word_1_94' title='bbox 794 746 932 777; x_wconf 89' lang='lat' dir='ltr'><em>sequens</em></span> <span class='ocrx_word' id='word_1_95' title='bbox 949 746 986 767; x_wconf 91' lang='lat' dir='ltr'><em>ex</em></span> <span class='ocrx_word' id='word_1_96' title='bbox 1004 736 1188 777; x_wconf 88' lang='lat' dir='ltr'><em>praemissa,</em></span> <span class='ocrx_word' id='word_1_97' title='bbox 1206 743 1266 767; x_wconf 88' lang='lat' dir='ltr'><em>est:</em></span> <span class='ocrx_word' id='word_1_98' title='bbox 1288 738 1363 768; x_wconf 82' lang='lat' dir='ltr'><em>Alia</em></span> 
     </span>
     <span class='ocr_line' id='line_1_19' title="bbox 288 781 1364 823; baseline -0.003 -8"><span class='ocrx_word' id='word_1_99' title='bbox 288 785 376 815; x_wconf 89' lang='lat' dir='ltr'><em>circa</em></span> <span class='ocrx_word' id='word_1_100' title='bbox 400 790 571 815; x_wconf 86' lang='lat' dir='ltr'><em>creaturas</em></span> <span class='ocrx_word' id='word_1_101' title='bbox 594 783 818 823; x_wconf 78' lang='lat' dir='ltr'><em>Philosophus,</em></span> <span class='ocrx_word' id='word_1_102' title='bbox 850 787 880 812; x_wconf 88' lang='lat' dir='ltr'><em>et</em></span> <span class='ocrx_word' id='word_1_103' title='bbox 909 781 977 811; x_wconf 90' lang='lat' dir='ltr'><em>alia</em></span> <span class='ocrx_word' id='word_1_104' title='bbox 1005 781 1127 811; x_wconf 80' lang='lat' dir='ltr'><em>Fidelis</em></span> <span class='ocrx_word' id='word_1_105' title='bbox 1157 781 1364 812; x_wconf 85' lang='lat' dir='ltr'><em>considerat:</em></span> 
     </span>
     <span class='ocr_line' id='line_1_20' title="bbox 288 825 1364 870; baseline -0.003 -10"><span class='ocrx_word' id='word_1_106' title='bbox 288 835 319 860; x_wconf 91' lang='lat' dir='ltr'><em>et</em></span> <span class='ocrx_word' id='word_1_107' title='bbox 340 830 369 860; x_wconf 90' lang='lat' dir='ltr'><em>si</em></span> <span class='ocrx_word' id='word_1_108' title='bbox 393 829 503 870; x_wconf 85' lang='lat' dir='ltr'><em>aliqua</em></span> <span class='ocrx_word' id='word_1_109' title='bbox 536 828 575 859; x_wconf 84' lang='lat' dir='ltr'><em>ab</em></span> <span class='ocrx_word' id='word_1_110' title='bbox 607 833 745 868; x_wconf 82' lang='lat' dir='ltr'><em>utroque</em></span> <span class='ocrx_word' id='word_1_111' title='bbox 776 826 990 857; x_wconf 87' lang='lat' dir='ltr'><em>communiter</em></span> <span class='ocrx_word' id='word_1_112' title='bbox 1013 825 1274 863; x_wconf 83' lang='lat' dir='ltr'><em>considerantur,</em></span> <span class='ocrx_word' id='word_1_113' title='bbox 1299 837 1364 867; x_wconf 86' lang='lat' dir='ltr'><em>per</em></span> 
     </span>
     <span class='ocr_line' id='line_1_21' title="bbox 288 871 897 913; baseline -0.007 -8"><span class='ocrx_word' id='word_1_114' title='bbox 288 874 356 905; x_wconf 89' lang='lat' dir='ltr'><em>alia</em></span> <span class='ocrx_word' id='word_1_115' title='bbox 380 879 411 904; x_wconf 92' lang='lat' dir='ltr'><em>et</em></span> <span class='ocrx_word' id='word_1_116' title='bbox 433 874 501 904; x_wconf 89' lang='lat' dir='ltr'><em>alia</em></span> <span class='ocrx_word' id='word_1_117' title='bbox 519 873 686 913; x_wconf 86' lang='lat' dir='ltr'><em>principia</em></span> <span class='ocrx_word' id='word_1_118' title='bbox 711 871 897 902; x_wconf 84' lang='lat' dir='ltr'><em>traduntur.</em></span> 
     </span>
    </p>

    <p class='ocr_par' dir='ltr' id='par_1_9' title="bbox 286 915 1362 1406">
     <span class='ocr_line' id='line_1_22' title="bbox 343 915 1362 958; baseline -0.002 -9"><span class='ocrx_word' id='word_1_119' title='bbox 343 919 483 949; x_wconf 83' lang='lat' dir='ltr'><em>Primam</em></span> <span class='ocrx_word' id='word_1_120' title='bbox 507 923 632 958; x_wconf 88' lang='lat' dir='ltr'><em>partem</em></span> <span class='ocrx_word' id='word_1_121' title='bbox 660 917 775 957; x_wconf 90' lang='lat' dir='ltr'><em>probat</em></span> <span class='ocrx_word' id='word_1_122' title='bbox 806 916 943 946; x_wconf 87' lang='lat' dir='ltr'><em>Sanctus</em></span> <span class='ocrx_word' id='word_1_123' title='bbox 966 915 1122 952; x_wconf 83' lang='lat' dir='ltr'><em>Thomas,</em></span> <span class='ocrx_word' id='word_1_124' title='bbox 1148 916 1225 956; x_wconf 93' lang='lat' dir='ltr'><em>quia</em></span> <span class='ocrx_word' id='word_1_125' title='bbox 1254 916 1362 947; x_wconf 90' lang='lat' dir='ltr'><em>Philo-</em></span> 
     </span>
     <span class='ocr_line' id='line_1_23' title="bbox 287 960 1362 1004; baseline -0.003 -9"><span class='ocrx_word' id='word_1_126' title='bbox 287 964 410 1004; x_wconf 86' lang='lat' dir='ltr'><em>sophus</em></span> <span class='ocrx_word' id='word_1_127' title='bbox 434 962 615 994; x_wconf 88' lang='lat' dir='ltr'><em>considerat</em></span> <span class='ocrx_word' id='word_1_128' title='bbox 639 971 676 992; x_wconf 88' lang='lat' dir='ltr'><em>ea</em></span> <span class='ocrx_word' id='word_1_129' title='bbox 704 970 787 1002; x_wconf 88' lang='lat' dir='ltr'><em>quae</em></span> <span class='ocrx_word' id='word_1_130' title='bbox 821 961 866 991; x_wconf 90' lang='lat' dir='ltr'><em>eis</em></span> <span class='ocrx_word' id='word_1_131' title='bbox 897 960 1077 991; x_wconf 90' lang='lat' dir='ltr'><em>secundum</em></span> <span class='ocrx_word' id='word_1_132' title='bbox 1108 961 1275 1001; x_wconf 87' lang='lat' dir='ltr'>propriam</span> <span class='ocrx_word' id='word_1_133' title='bbox 1305 971 1362 992; x_wconf 90' lang='lat' dir='ltr'><em>na-</em></span> 
     </span>
     <span class='ocr_line' id='line_1_24' title="bbox 286 1004 1362 1046; baseline -0.003 -7"><span class='ocrx_word' id='word_1_134' title='bbox 286 1014 391 1039; x_wconf 85' lang='lat' dir='ltr'><em>turam</em></span> <span class='ocrx_word' id='word_1_135' title='bbox 415 1008 625 1042; x_wconf 91' lang='lat' dir='ltr'><em>conveniunt,</em></span> <span class='ocrx_word' id='word_1_136' title='bbox 643 1007 724 1036; x_wconf 89' lang='lat' dir='ltr'><em>sicut</em></span> <span class='ocrx_word' id='word_1_137' title='bbox 741 1005 831 1046; x_wconf 91' lang='lat' dir='ltr'><em>quod</em></span> <span class='ocrx_word' id='word_1_138' title='bbox 846 1006 929 1045; x_wconf 88' lang='lat' dir='ltr'><em>ignis</em></span> <span class='ocrx_word' id='word_1_139' title='bbox 953 1004 1054 1036; x_wconf 88' lang='lat' dir='ltr'><em>fertur</em></span> <span class='ocrx_word' id='word_1_140' title='bbox 1077 1015 1221 1036; x_wconf 87' lang='lat' dir='ltr'><em>sursum:</em></span> <span class='ocrx_word' id='word_1_141' title='bbox 1243 1005 1362 1037; x_wconf 88' lang='lat' dir='ltr'><em>Fidelis</em></span> 
     </span>
     <span class='ocr_line' id='line_1_25' title="bbox 288 1049 1362 1093; baseline -0.001 -10"><span class='ocrx_word' id='word_1_142' title='bbox 288 1059 395 1084; x_wconf 90' lang='lat' dir='ltr'><em>autem</em></span> <span class='ocrx_word' id='word_1_143' title='bbox 420 1062 456 1083; x_wconf 91' lang='lat' dir='ltr'><em>ea</em></span> <span class='ocrx_word' id='word_1_144' title='bbox 481 1061 564 1093; x_wconf 90' lang='lat' dir='ltr'><em>quae</em></span> <span class='ocrx_word' id='word_1_145' title='bbox 588 1051 649 1081; x_wconf 92' lang='lat' dir='ltr'><em>illis</em></span> <span class='ocrx_word' id='word_1_146' title='bbox 673 1051 873 1081; x_wconf 88' lang='lat' dir='ltr'><em>conveniunt</em></span> <span class='ocrx_word' id='word_1_147' title='bbox 896 1049 1077 1081; x_wconf 88' lang='lat' dir='ltr'><em>secundum</em></span> <span class='ocrx_word' id='word_1_148' title='bbox 1102 1050 1194 1090; x_wconf 94' lang='lat' dir='ltr'><em>quod</em></span> <span class='ocrx_word' id='word_1_149' title='bbox 1223 1057 1299 1081; x_wconf 89' lang='lat' dir='ltr'><em>sunt</em></span> <span class='ocrx_word' id='word_1_150' title='bbox 1322 1051 1362 1082; x_wconf 92' lang='lat' dir='ltr'><em>ad</em></span> 
     </span>
     <span class='ocr_line' id='line_1_26' title="bbox 287 1095 1361 1136; baseline -0.002 -8"><span class='ocrx_word' id='word_1_151' title='bbox 287 1098 394 1128; x_wconf 92' lang='lat' dir='ltr'><em>Deum</em></span> <span class='ocrx_word' id='word_1_152' title='bbox 422 1097 528 1132; x_wconf 91' lang='lat' dir='ltr'><em>relata,</em></span> <span class='ocrx_word' id='word_1_153' title='bbox 553 1102 667 1136; x_wconf 92' lang='lat' dir='ltr'><em>utpote</em></span> <span class='ocrx_word' id='word_1_154' title='bbox 692 1095 782 1136; x_wconf 91' lang='lat' dir='ltr'><em>quod</em></span> <span class='ocrx_word' id='word_1_155' title='bbox 805 1100 880 1125; x_wconf 92' lang='lat' dir='ltr'><em>sunt</em></span> <span class='ocrx_word' id='word_1_156' title='bbox 910 1105 928 1125; x_wconf 93' lang='lat' dir='ltr'><em>a</em></span> <span class='ocrx_word' id='word_1_157' title='bbox 952 1095 1024 1126; x_wconf 93' lang='lat' dir='ltr'><em>Deo</em></span> <span class='ocrx_word' id='word_1_158' title='bbox 1049 1101 1164 1132; x_wconf 87' lang='lat' dir='ltr'><em>creata,</em></span> <span class='ocrx_word' id='word_1_159' title='bbox 1190 1095 1262 1126; x_wconf 91' lang='lat' dir='ltr'><em>Deo</em></span> <span class='ocrx_word' id='word_1_160' title='bbox 1286 1097 1361 1126; x_wconf 93' lang='lat' dir='ltr'><em>sub—</em></span> 
     </span>
     <span class='ocr_line' id='line_1_27' title="bbox 286 1140 1361 1180; baseline -0.001 -7"><span class='ocrx_word' id='word_1_161' title='bbox 286 1143 377 1178; x_wconf 88' lang='lat' dir='ltr'><em>iecta,</em></span> <span class='ocrx_word' id='word_1_162' title='bbox 412 1148 443 1172; x_wconf 92' lang='lat' dir='ltr'><em>et</em></span> <span class='ocrx_word' id='word_1_163' title='bbox 478 1140 676 1172; x_wconf 90' lang='lat' dir='ltr'><em>huiusmodi.</em></span> <span class='ocrx_word' id='word_1_164' title='bbox 710 1140 756 1170; x_wconf 89' lang='lat' dir='ltr'><em>Ex</em></span> <span class='ocrx_word' id='word_1_165' title='bbox 788 1149 856 1180; x_wconf 89' lang='lat' dir='ltr'><em>quo</em></span> <span class='ocrx_word' id='word_1_166' title='bbox 889 1141 985 1171; x_wconf 88' lang='lat' dir='ltr'><em>etiam</em></span> <span class='ocrx_word' id='word_1_167' title='bbox 1016 1140 1162 1180; x_wconf 90' lang='lat' dir='ltr'><em>sequitur</em></span> <span class='ocrx_word' id='word_1_168' title='bbox 1193 1150 1260 1171; x_wconf 92' lang='lat' dir='ltr'><em>non</em></span> <span class='ocrx_word' id='word_1_169' title='bbox 1293 1150 1361 1172; x_wconf 90' lang='lat' dir='ltr'><em>esse</em></span> 
     </span>
     <span class='ocr_line' id='line_1_28' title="bbox 287 1184 1362 1226; baseline -0.001 -9"><span class='ocrx_word' id='word_1_170' title='bbox 287 1186 465 1217; x_wconf 86' lang='lat' dir='ltr'><em>doctrinam</em></span> <span class='ocrx_word' id='word_1_171' title='bbox 491 1186 704 1216; x_wconf 86' lang='lat' dir='ltr'><em>Christianam</em></span> <span class='ocrx_word' id='word_1_172' title='bbox 722 1184 944 1225; x_wconf 80' lang='lat' dir='ltr'><em>imperfectam</em></span> <span class='ocrx_word' id='word_1_173' title='bbox 968 1185 992 1215; x_wconf 91' lang='lat' dir='ltr'><em>si</em></span> <span class='ocrx_word' id='word_1_174' title='bbox 1018 1185 1136 1216; x_wconf 91' lang='lat' dir='ltr'><em>multas</em></span> <span class='ocrx_word' id='word_1_175' title='bbox 1155 1194 1262 1216; x_wconf 89' lang='lat' dir='ltr'><em>rerum</em></span> <span class='ocrx_word' id='word_1_176' title='bbox 1286 1195 1362 1226; x_wconf 92' lang='lat' dir='ltr'><em>pro—</em></span> 
     </span>
     <span class='ocr_line' id='line_1_29' title="bbox 286 1229 1362 1272; baseline -0.001 -10"><span class='ocrx_word' id='word_1_177' title='bbox 286 1233 435 1272; x_wconf 83' lang='lat' dir='ltr'><em>prietates</em></span> <span class='ocrx_word' id='word_1_178' title='bbox 458 1230 698 1271; x_wconf 88' lang='lat' dir='ltr'><em>praetermittat,</em></span> <span class='ocrx_word' id='word_1_179' title='bbox 723 1230 798 1270; x_wconf 89' lang='lat' dir='ltr'><em>quia</em></span> <span class='ocrx_word' id='word_1_180' title='bbox 828 1239 896 1261; x_wconf 92' lang='lat' dir='ltr'><em>non</em></span> <span class='ocrx_word' id='word_1_181' title='bbox 927 1230 1024 1260; x_wconf 93' lang='lat' dir='ltr'><em>habet</em></span> <span class='ocrx_word' id='word_1_182' title='bbox 1052 1229 1092 1260; x_wconf 94' lang='lat' dir='ltr'><em>de</em></span> <span class='ocrx_word' id='word_1_183' title='bbox 1123 1230 1277 1261; x_wconf 90' lang='lat' dir='ltr'><em>omnibus</em></span> <span class='ocrx_word' id='word_1_184' title='bbox 1301 1236 1362 1261; x_wconf 91' lang='lat' dir='ltr'><em>tra-</em></span> 
     </span>
     <span class='ocr_line' id='line_1_30' title="bbox 286 1274 1362 1315; baseline -0.002 -8"><span class='ocrx_word' id='word_1_185' title='bbox 286 1282 384 1307; x_wconf 87' lang='lat' dir='ltr'><em>ctare:</em></span> <span class='ocrx_word' id='word_1_186' title='bbox 411 1276 493 1306; x_wconf 93' lang='lat' dir='ltr'><em>sicut</em></span> <span class='ocrx_word' id='word_1_187' title='bbox 516 1284 577 1305; x_wconf 90' lang='lat' dir='ltr'><em>nec</em></span> <span class='ocrx_word' id='word_1_188' title='bbox 600 1274 761 1305; x_wconf 88' lang='lat' dir='ltr'><em>Naturalis</em></span> <span class='ocrx_word' id='word_1_189' title='bbox 785 1284 900 1306; x_wconf 91' lang='lat' dir='ltr'><em>omnes</em></span> <span class='ocrx_word' id='word_1_190' title='bbox 931 1275 1034 1305; x_wconf 90' lang='lat' dir='ltr'><em>lineae</em></span> <span class='ocrx_word' id='word_1_191' title='bbox 1065 1275 1231 1315; x_wconf 88' lang='lat' dir='ltr'><em>passiones</em></span> <span class='ocrx_word' id='word_1_192' title='bbox 1255 1276 1362 1306; x_wconf 91' lang='lat' dir='ltr'><em>consi-</em></span> 
     </span>
     <span class='ocr_line' id='line_1_31' title="bbox 286 1319 1362 1360; baseline 0 -9"><span class='ocrx_word' id='word_1_193' title='bbox 286 1321 382 1357; x_wconf 87' lang='lat' dir='ltr'><em>derat,</em></span> <span class='ocrx_word' id='word_1_194' title='bbox 408 1320 463 1351; x_wconf 92' lang='lat' dir='ltr'><em>sed</em></span> <span class='ocrx_word' id='word_1_195' title='bbox 480 1329 532 1351; x_wconf 90' lang='lat' dir='ltr'><em>eas</em></span> <span class='ocrx_word' id='word_1_196' title='bbox 549 1319 714 1351; x_wconf 88' lang='lat' dir='ltr'><em>dumtaxat</em></span> <span class='ocrx_word' id='word_1_197' title='bbox 730 1329 814 1360; x_wconf 91' lang='lat' dir='ltr'><em>quae</em></span> <span class='ocrx_word' id='word_1_198' title='bbox 831 1320 891 1350; x_wconf 91' lang='lat' dir='ltr'><em>sibi</em></span> <span class='ocrx_word' id='word_1_199' title='bbox 914 1320 1110 1360; x_wconf 89' lang='lat' dir='ltr'><em>inquantum</em></span> <span class='ocrx_word' id='word_1_200' title='bbox 1135 1326 1182 1351; x_wconf 88' lang='lat' dir='ltr'><em>est</em></span> <span class='ocrx_word' id='word_1_201' title='bbox 1205 1321 1362 1351; x_wconf 88' lang='lat' dir='ltr'><em>terminus</em></span> 
     </span>
     <span class='ocr_line' id='line_1_32' title="bbox 286 1365 842 1406; baseline -0.002 -10"><span class='ocrx_word' id='word_1_202' title='bbox 286 1366 431 1406; x_wconf 86' lang='lat' dir='ltr'><em>corporis</em></span> <span class='ocrx_word' id='word_1_203' title='bbox 454 1365 608 1396; x_wconf 90' lang='lat' dir='ltr'><em>naturalis</em></span> <span class='ocrx_word' id='word_1_204' title='bbox 631 1365 842 1395; x_wconf 91' lang='lat' dir='ltr'><em>conveniunt.</em></span> 
     </span>
    </p>

    <p class='ocr_par' dir='ltr' id='par_1_10' title="bbox 287 1409 1362 1496">
     <span class='ocr_line' id='line_1_33' title="bbox 341 1409 1362 1451; baseline -0.001 -10"><span class='ocrx_word' id='word_1_205' title='bbox 341 1409 526 1441; x_wconf 86' lang='lat' dir='ltr'><em>Secundam</em></span> <span class='ocrx_word' id='word_1_206' title='bbox 538 1419 615 1440; x_wconf 88' lang='lat' dir='ltr'><em>vero</em></span> <span class='ocrx_word' id='word_1_207' title='bbox 628 1416 751 1450; x_wconf 88' lang='lat' dir='ltr'><em>partem</em></span> <span class='ocrx_word' id='word_1_208' title='bbox 765 1409 915 1447; x_wconf 87' lang='lat' dir='ltr'><em>ostendit,</em></span> <span class='ocrx_word' id='word_1_209' title='bbox 927 1410 1003 1451; x_wconf 89' lang='lat' dir='ltr'><em>quia</em></span> <span class='ocrx_word' id='word_1_210' title='bbox 1015 1410 1234 1450; x_wconf 85' lang='lat' dir='ltr'><em>Philosophus</em></span> <span class='ocrx_word' id='word_1_211' title='bbox 1247 1411 1362 1450; x_wconf 91' lang='lat' dir='ltr'><em>probat</em></span> 
     </span>
     <span class='ocr_line' id='line_1_34' title="bbox 287 1454 1360 1496; baseline 0 -10"><span class='ocrx_word' id='word_1_212' title='bbox 287 1466 323 1486; x_wconf 87' lang='lat' dir='ltr'><em>ea</em></span> <span class='ocrx_word' id='word_1_213' title='bbox 340 1465 377 1486; x_wconf 91' lang='lat' dir='ltr'><em>ex</em></span> <span class='ocrx_word' id='word_1_214' title='bbox 398 1455 536 1495; x_wconf 90' lang='lat' dir='ltr'><em>propriis</em></span> <span class='ocrx_word' id='word_1_215' title='bbox 555 1464 663 1485; x_wconf 90' lang='lat' dir='ltr'><em>rerum</em></span> <span class='ocrx_word' id='word_1_216' title='bbox 683 1455 803 1485; x_wconf 90' lang='lat' dir='ltr'><em>causis:</em></span> <span class='ocrx_word' id='word_1_217' title='bbox 821 1454 940 1485; x_wconf 89' lang='lat' dir='ltr'><em>Fidelis</em></span> <span class='ocrx_word' id='word_1_218' title='bbox 959 1460 1068 1486; x_wconf 86' lang='lat' dir='ltr'><em>autem</em></span> <span class='ocrx_word' id='word_1_219' title='bbox 1082 1465 1120 1486; x_wconf 91' lang='lat' dir='ltr'><em>ex</em></span> <span class='ocrx_word' id='word_1_220' title='bbox 1138 1465 1234 1486; x_wconf 88' lang='lat' dir='ltr'><em>causa</em></span> <span class='ocrx_word' id='word_1_221' title='bbox 1246 1456 1360 1496; x_wconf 90' lang='lat' dir='ltr'><em>prima.</em></span> 
     </span>
    </p>

    <p class='ocr_par' dir='ltr' id='par_1_11' title="bbox 286 1499 1363 1676">
     <span class='ocr_line' id='line_1_35' title="bbox 342 1499 1362 1541; baseline 0 -10"><span class='ocrx_word' id='word_1_222' title='bbox 342 1501 389 1531; x_wconf 90' lang='lat' dir='ltr'><em>Ex</em></span> <span class='ocrx_word' id='word_1_223' title='bbox 407 1509 474 1541; x_wconf 89' lang='lat' dir='ltr'><em>quo</em></span> <span class='ocrx_word' id='word_1_224' title='bbox 492 1499 660 1530; x_wconf 89' lang='lat' dir='ltr'><em>corollarie</em></span> <span class='ocrx_word' id='word_1_225' title='bbox 685 1500 831 1540; x_wconf 89' lang='lat' dir='ltr'><em>sequitur</em></span> <span class='ocrx_word' id='word_1_226' title='bbox 847 1499 1064 1531; x_wconf 88' lang='lat' dir='ltr'><em>Christianam</em></span> <span class='ocrx_word' id='word_1_227' title='bbox 1089 1499 1268 1531; x_wconf 89' lang='lat' dir='ltr'><em>doctrinam</em></span> <span class='ocrx_word' id='word_1_228' title='bbox 1293 1509 1362 1531; x_wconf 90' lang='lat' dir='ltr'><em>esse</em></span> 
     </span>
     <span class='ocr_line' id='line_1_36' title="bbox 286 1545 1362 1586; baseline 0.001 -11"><span class='ocrx_word' id='word_1_229' title='bbox 286 1546 424 1576; x_wconf 84' lang='lat' dir='ltr'><em>maxime</em></span> <span class='ocrx_word' id='word_1_230' title='bbox 447 1545 648 1585; x_wconf 86' lang='lat' dir='ltr'><em>sapientiam,</em></span> <span class='ocrx_word' id='word_1_231' title='bbox 665 1545 741 1585; x_wconf 91' lang='lat' dir='ltr'><em>quia</em></span> <span class='ocrx_word' id='word_1_232' title='bbox 764 1545 886 1575; x_wconf 91' lang='lat' dir='ltr'><em>scilicet</em></span> <span class='ocrx_word' id='word_1_233' title='bbox 909 1554 1037 1586; x_wconf 90' lang='lat' dir='ltr'><em>semper</em></span> <span class='ocrx_word' id='word_1_234' title='bbox 1049 1546 1066 1562; x_wconf 69' lang='lat'><em>⁴*</em></span> <span class='ocrx_word' id='word_1_235' title='bbox 1083 1545 1269 1576; x_wconf 86' lang='lat' dir='ltr'><em>altissimam</em></span> <span class='ocrx_word' id='word_1_236' title='bbox 1286 1555 1362 1576; x_wconf 90' lang='lat' dir='ltr'><em>cau-</em></span> 
     </span>
     <span class='ocr_line' id='line_1_37' title="bbox 287 1589 1363 1630; baseline 0 -9"><span class='ocrx_word' id='word_1_237' title='bbox 287 1600 354 1621; x_wconf 89' lang='lat' dir='ltr'><em>sam</em></span> <span class='ocrx_word' id='word_1_238' title='bbox 371 1589 565 1621; x_wconf 89' lang='lat' dir='ltr'><em>considerat:</em></span> <span class='ocrx_word' id='word_1_239' title='bbox 591 1595 627 1620; x_wconf 90' lang='lat' dir='ltr'><em>ut</em></span> <span class='ocrx_word' id='word_1_240' title='bbox 643 1589 804 1630; x_wconf 86' lang='lat' dir='ltr'><em>colligitur</em></span> <span class='ocrx_word' id='word_1_241' title='bbox 826 1599 863 1620; x_wconf 91' lang='lat' dir='ltr'><em>ex</em></span> <span class='ocrx_word' id='word_1_242' title='bbox 880 1589 976 1621; x_wconf 86' lang='lat' dir='ltr'><em>Deut.</em></span> <span class='ocrx_word' id='word_1_243' title='bbox 993 1600 1035 1627; x_wconf 80' lang='lat' dir='ltr'><em>iv,</em></span> <span class='ocrx_word' id='word_1_244' title='bbox 1053 1590 1109 1621; x_wconf 93' lang='lat' dir='ltr'><em>ubi</em></span> <span class='ocrx_word' id='word_1_245' title='bbox 1125 1589 1251 1626; x_wconf 91' lang='lat' dir='ltr'><em>dicitur,</em></span> <span class='ocrx_word' id='word_1_246' title='bbox 1268 1590 1363 1621; x_wconf 89' lang='lat' dir='ltr'><em>Haec</em></span> 
     </span>
     <span class='ocr_line' id='line_1_38' title="bbox 287 1635 731 1676; baseline -0.002 -10"><span class='ocrx_word' id='word_1_247' title='bbox 287 1641 333 1666; x_wconf 87' lang='lat' dir='ltr'><em>est</em></span> <span class='ocrx_word' id='word_1_248' title='bbox 356 1635 515 1676; x_wconf 82' lang='lat' dir='ltr'><em>sapientia</em></span> <span class='ocrx_word' id='word_1_249' title='bbox 540 1639 646 1665; x_wconf 82' lang='lat' dir='ltr'><em>vestra</em></span> <span class='ocrx_word' id='word_1_250' title='bbox 671 1640 731 1665; x_wconf 90' lang='lat' dir='ltr'><em>etc.</em></span> 
     </span>
    </p>

    <p class='ocr_par' dir='ltr' id='par_1_12' title="bbox 285 1679 1362 2483">
     <span class='ocr_line' id='line_1_39' title="bbox 345 1679 1362 1720; baseline 0 -10"><span class='ocrx_word' id='word_1_251' title='bbox 345 1690 373 1710; x_wconf 90' lang='lat'><em>2.</em></span> <span class='ocrx_word' id='word_1_252' title='bbox 399 1679 493 1710; x_wconf 90' lang='lat' dir='ltr'><em>Circa</em></span> <span class='ocrx_word' id='word_1_253' title='bbox 505 1679 642 1720; x_wconf 90' lang='lat' dir='ltr'><em>primam</em></span> <span class='ocrx_word' id='word_1_254' title='bbox 659 1685 782 1720; x_wconf 89' lang='lat' dir='ltr'><em>partem</em></span> <span class='ocrx_word' id='word_1_255' title='bbox 799 1680 895 1710; x_wconf 90' lang='lat' dir='ltr'><em>huius</em></span> <span class='ocrx_word' id='word_1_256' title='bbox 912 1680 1142 1716; x_wconf 88' lang='lat' dir='ltr'><em>conclusionis,</em></span> <span class='ocrx_word' id='word_1_257' title='bbox 1157 1679 1362 1711; x_wconf 90' lang='lat' dir='ltr'><em>consideran-</em></span> 
     </span>
     <span class='ocr_line' id='line_1_40' title="bbox 287 1724 1361 1766; baseline -0.001 -10"><span class='ocrx_word' id='word_1_258' title='bbox 287 1725 365 1756; x_wconf 90' lang='lat' dir='ltr'><em>dum</em></span> <span class='ocrx_word' id='word_1_259' title='bbox 390 1730 436 1755; x_wconf 89' lang='lat' dir='ltr'><em>est</em></span> <span class='ocrx_word' id='word_1_260' title='bbox 460 1724 561 1765; x_wconf 90' lang='lat' dir='ltr'><em>quod,</em></span> <span class='ocrx_word' id='word_1_261' title='bbox 586 1734 662 1755; x_wconf 91' lang='lat' dir='ltr'><em>cum</em></span> <span class='ocrx_word' id='word_1_262' title='bbox 685 1726 766 1755; x_wconf 91' lang='lat' dir='ltr'><em>ratio</em></span> <span class='ocrx_word' id='word_1_263' title='bbox 790 1724 991 1755; x_wconf 86' lang='lat' dir='ltr'><em>considerata</em></span> <span class='ocrx_word' id='word_1_264' title='bbox 1015 1734 1049 1755; x_wconf 90' lang='lat' dir='ltr'><em>se</em></span> <span class='ocrx_word' id='word_1_265' title='bbox 1073 1731 1186 1756; x_wconf 89' lang='lat' dir='ltr'><em>tenens</em></span> <span class='ocrx_word' id='word_1_266' title='bbox 1210 1735 1247 1756; x_wconf 81' lang='lat' dir='ltr'><em>ex</em></span> <span class='ocrx_word' id='word_1_267' title='bbox 1271 1731 1361 1766; x_wconf 92' lang='lat' dir='ltr'><em>parte</em></span> 
     </span>
     <span class='ocr_line' id='line_1_41' title="bbox 286 1769 1361 1810; baseline 0 -10"><span class='ocrx_word' id='word_1_268' title='bbox 286 1771 331 1801; x_wconf 89' lang='lat' dir='ltr'><em>rei</em></span> <span class='ocrx_word' id='word_1_269' title='bbox 355 1770 394 1800; x_wconf 91' lang='lat' dir='ltr'><em>sit</em></span> <span class='ocrx_word' id='word_1_270' title='bbox 417 1770 615 1810; x_wconf 89' lang='lat' dir='ltr'><em>principium</em></span> <span class='ocrx_word' id='word_1_271' title='bbox 639 1775 670 1800; x_wconf 91' lang='lat' dir='ltr'><em>et</em></span> <span class='ocrx_word' id='word_1_272' title='bbox 693 1769 838 1800; x_wconf 90' lang='lat' dir='ltr'><em>medium</em></span> <span class='ocrx_word' id='word_1_273' title='bbox 868 1779 884 1799; x_wconf 88' lang='lat' dir='ltr'><em>a</em></span> <span class='ocrx_word' id='word_1_274' title='bbox 916 1779 984 1810; x_wconf 90' lang='lat' dir='ltr'><em>quo</em></span> <span class='ocrx_word' id='word_1_275' title='bbox 1014 1770 1211 1810; x_wconf 89' lang='lat' dir='ltr'><em>originaliter</em></span> <span class='ocrx_word' id='word_1_276' title='bbox 1239 1770 1361 1810; x_wconf 89' lang='lat' dir='ltr'><em>depen-</em></span> 
     </span>
     <span class='ocr_line' id='line_1_42' title="bbox 287 1814 1361 1855; baseline 0.001 -10"><span class='ocrx_word' id='word_1_277' title='bbox 287 1814 363 1845; x_wconf 92' lang='lat' dir='ltr'><em>dent</em></span> <span class='ocrx_word' id='word_1_278' title='bbox 386 1815 551 1854; x_wconf 88' lang='lat' dir='ltr'><em>passiones</em></span> <span class='ocrx_word' id='word_1_279' title='bbox 575 1820 606 1845; x_wconf 89' lang='lat' dir='ltr'><em>et</em></span> <span class='ocrx_word' id='word_1_280' title='bbox 629 1815 841 1855; x_wconf 90' lang='lat' dir='ltr'><em>proprietates</em></span> <span class='ocrx_word' id='word_1_281' title='bbox 865 1815 925 1851; x_wconf 88' lang='lat' dir='ltr'><em>rei;</em></span> <span class='ocrx_word' id='word_1_282' title='bbox 950 1820 981 1844; x_wconf 91' lang='lat' dir='ltr'><em>et</em></span> <span class='ocrx_word' id='word_1_283' title='bbox 1009 1815 1085 1845; x_wconf 87' lang='lat' dir='ltr'><em>alias</em></span> <span class='ocrx_word' id='word_1_284' title='bbox 1118 1815 1258 1846; x_wconf 89' lang='lat' dir='ltr'><em>rationes</em></span> <span class='ocrx_word' id='word_1_285' title='bbox 1281 1815 1361 1846; x_wconf 89' lang='lat' dir='ltr'><em>aliae</em></span> 
     </span>
     <span class='ocr_line' id='line_1_43' title="bbox 286 1859 1361 1900; baseline 0.001 -11"><span class='ocrx_word' id='word_1_286' title='bbox 286 1860 452 1900; x_wconf 88' lang='lat' dir='ltr'><em>passiones</em></span> <span class='ocrx_word' id='word_1_287' title='bbox 482 1864 667 1899; x_wconf 89' lang='lat' dir='ltr'><em>sequantur,</em></span> <span class='ocrx_word' id='word_1_288' title='bbox 700 1859 782 1889; x_wconf 87' lang='lat' dir='ltr'><em>sicut</em></span> <span class='ocrx_word' id='word_1_289' title='bbox 813 1860 893 1890; x_wconf 88' lang='lat' dir='ltr'><em>aliae</em></span> <span class='ocrx_word' id='word_1_290' title='bbox 925 1865 999 1890; x_wconf 89' lang='lat' dir='ltr'><em>sunt</em></span> <span class='ocrx_word' id='word_1_291' title='bbox 1023 1860 1189 1900; x_wconf 89' lang='lat' dir='ltr'><em>passiones</em></span> <span class='ocrx_word' id='word_1_292' title='bbox 1219 1860 1361 1890; x_wconf 90' lang='lat' dir='ltr'><em>hominis</em></span> 
     </span>
     <span class='ocr_line' id='line_1_44' title="bbox 287 1904 1360 1941; baseline 0.001 -7"><span class='ocrx_word' id='word_1_293' title='bbox 287 1911 322 1935; x_wconf 92' lang='lat' dir='ltr'><em>ut</em></span> <span class='ocrx_word' id='word_1_294' title='bbox 346 1904 463 1934; x_wconf 91' lang='lat' dir='ltr'><em>animal</em></span> <span class='ocrx_word' id='word_1_295' title='bbox 489 1910 545 1940; x_wconf 91' lang='lat' dir='ltr'><em>est,</em></span> <span class='ocrx_word' id='word_1_296' title='bbox 571 1910 601 1934; x_wconf 92' lang='lat' dir='ltr'><em>et</em></span> <span class='ocrx_word' id='word_1_297' title='bbox 625 1904 704 1934; x_wconf 91' lang='lat' dir='ltr'><em>aliae</em></span> <span class='ocrx_word' id='word_1_298' title='bbox 730 1910 765 1934; x_wconf 91' lang='lat' dir='ltr'><em>ut</em></span> <span class='ocrx_word' id='word_1_299' title='bbox 789 1910 836 1934; x_wconf 90' lang='lat' dir='ltr'><em>est</em></span> <span class='ocrx_word' id='word_1_300' title='bbox 859 1904 1037 1934; x_wconf 83' lang='lat' dir='ltr'><em>rationalis:</em></span> <span class='ocrx_word' id='word_1_301' title='bbox 1062 1914 1195 1935; x_wconf 89' lang='lat' dir='ltr'><em>necesse</em></span> <span class='ocrx_word' id='word_1_302' title='bbox 1219 1910 1276 1941; x_wconf 92' lang='lat' dir='ltr'><em>est,</em></span> <span class='ocrx_word' id='word_1_303' title='bbox 1304 1905 1360 1935; x_wconf 92' lang='lat' dir='ltr'><em>ubi</em></span> 
     </span>
     <span class='ocr_line' id='line_1_45' title="bbox 286 1948 1361 1980; baseline 0 -1"><span class='ocrx_word' id='word_1_304' title='bbox 286 1949 372 1980; x_wconf 88' lang='lat' dir='ltr'><em>idem</em></span> <span class='ocrx_word' id='word_1_305' title='bbox 396 1949 577 1979; x_wconf 89' lang='lat' dir='ltr'><em>subiectum</em></span> <span class='ocrx_word' id='word_1_306' title='bbox 602 1949 661 1979; x_wconf 93' lang='lat' dir='ltr'><em>sub</em></span> <span class='ocrx_word' id='word_1_307' title='bbox 686 1948 818 1979; x_wconf 91' lang='lat' dir='ltr'><em>diversis</em></span> <span class='ocrx_word' id='word_1_308' title='bbox 841 1948 1020 1979; x_wconf 90' lang='lat' dir='ltr'><em>rationibus</em></span> <span class='ocrx_word' id='word_1_309' title='bbox 1036 1959 1054 1979; x_wconf 92' lang='lat' dir='ltr'><em>a</em></span> <span class='ocrx_word' id='word_1_310' title='bbox 1073 1949 1204 1979; x_wconf 89' lang='lat' dir='ltr'><em>diversis</em></span> <span class='ocrx_word' id='word_1_311' title='bbox 1221 1949 1361 1980; x_wconf 89' lang='lat' dir='ltr'><em>scientiis</em></span> 
     </span>
     <span class='ocr_line' id='line_1_46' title="bbox 286 1992 1361 2033; baseline 0.001 -10"><span class='ocrx_word' id='word_1_312' title='bbox 286 1992 516 2030; x_wconf 88' lang='lat' dir='ltr'><em>consideratur,</em></span> <span class='ocrx_word' id='word_1_313' title='bbox 541 1993 631 2033; x_wconf 93' lang='lat' dir='ltr'><em>quod</em></span> <span class='ocrx_word' id='word_1_314' title='bbox 662 1994 758 2023; x_wconf 90' lang='lat' dir='ltr'><em>etiarn</em></span> <span class='ocrx_word' id='word_1_315' title='bbox 790 1993 830 2023; x_wconf 91' lang='lat' dir='ltr'><em>ab</em></span> <span class='ocrx_word' id='word_1_316' title='bbox 854 1993 914 2023; x_wconf 91' lang='lat' dir='ltr'><em>illis</em></span> <span class='ocrx_word' id='word_1_317' title='bbox 945 1993 1086 2024; x_wconf 90' lang='lat' dir='ltr'><em>scientiis</em></span> <span class='ocrx_word' id='word_1_318' title='bbox 1115 1993 1258 2024; x_wconf 88' lang='lat' dir='ltr'><em>diversae</em></span> <span class='ocrx_word' id='word_1_319' title='bbox 1291 1994 1361 2025; x_wconf 90' lang='lat' dir='ltr'><em>eius</em></span> 
     </span>
     <span class='ocr_line' id='line_1_47' title="bbox 286 2037 1360 2079; baseline 0.001 -11"><span class='ocrx_word' id='word_1_320' title='bbox 286 2038 452 2079; x_wconf 88' lang='lat' dir='ltr'><em>passiones</em></span> <span class='ocrx_word' id='word_1_321' title='bbox 484 2037 742 2074; x_wconf 90' lang='lat' dir='ltr'><em>considerentur;</em></span> <span class='ocrx_word' id='word_1_322' title='bbox 767 2038 860 2073; x_wconf 91' lang='lat' dir='ltr'><em>sicut,</em></span> <span class='ocrx_word' id='word_1_323' title='bbox 886 2038 962 2078; x_wconf 91' lang='lat' dir='ltr'><em>quia</em></span> <span class='ocrx_word' id='word_1_324' title='bbox 993 2038 1053 2069; x_wconf 90' lang='lat' dir='ltr'><em>alia</em></span> <span class='ocrx_word' id='word_1_325' title='bbox 1084 2044 1115 2069; x_wconf 95' lang='lat' dir='ltr'><em>et</em></span> <span class='ocrx_word' id='word_1_326' title='bbox 1145 2038 1205 2069; x_wconf 91' lang='lat' dir='ltr'><em>alia</em></span> <span class='ocrx_word' id='word_1_327' title='bbox 1236 2039 1360 2069; x_wconf 89' lang='lat' dir='ltr'><em>ratione</em></span> 
     </span>
     <span class='ocr_line' id='line_1_48' title="bbox 286 2082 1361 2119; baseline 0 -5"><span class='ocrx_word' id='word_1_328' title='bbox 286 2082 491 2114; x_wconf 89' lang='lat' dir='ltr'><em>considerant</em></span> <span class='ocrx_word' id='word_1_329' title='bbox 514 2083 762 2114; x_wconf 88' lang='lat' dir='ltr'><em>mathematicus</em></span> <span class='ocrx_word' id='word_1_330' title='bbox 784 2088 816 2113; x_wconf 92' lang='lat' dir='ltr'><em>et</em></span> <span class='ocrx_word' id='word_1_331' title='bbox 840 2082 993 2113; x_wconf 90' lang='lat' dir='ltr'><em>naturalis</em></span> <span class='ocrx_word' id='word_1_332' title='bbox 1014 2083 1054 2114; x_wconf 89' lang='lat' dir='ltr'><em>de</em></span> <span class='ocrx_word' id='word_1_333' title='bbox 1071 2083 1166 2119; x_wconf 88' lang='lat' dir='ltr'><em>linea,</em></span> <span class='ocrx_word' id='word_1_334' title='bbox 1187 2083 1263 2114; x_wconf 89' lang='lat' dir='ltr'><em>ideo</em></span> <span class='ocrx_word' id='word_1_335' title='bbox 1284 2083 1361 2114; x_wconf 90' lang='lat' dir='ltr'><em>alias</em></span> 
     </span>
     <span class='ocr_line' id='line_1_49' title="bbox 286 2127 1360 2168; baseline 0.002 -10"><span class='ocrx_word' id='word_1_336' title='bbox 286 2129 451 2168; x_wconf 89' lang='lat' dir='ltr'><em>passiones</em></span> <span class='ocrx_word' id='word_1_337' title='bbox 475 2127 514 2158; x_wconf 93' lang='lat' dir='ltr'><em>de</em></span> <span class='ocrx_word' id='word_1_338' title='bbox 539 2128 607 2168; x_wconf 88' lang='lat' dir='ltr'><em>ipsa</em></span> <span class='ocrx_word' id='word_1_339' title='bbox 632 2127 814 2158; x_wconf 87' lang='lat' dir='ltr'><em>considerat</em></span> <span class='ocrx_word' id='word_1_340' title='bbox 837 2127 1084 2158; x_wconf 87' lang='lat' dir='ltr'><em>mathematicus</em></span> <span class='ocrx_word' id='word_1_341' title='bbox 1112 2134 1143 2159; x_wconf 90' lang='lat' dir='ltr'><em>et</em></span> <span class='ocrx_word' id='word_1_342' title='bbox 1167 2128 1244 2159; x_wconf 89' lang='lat' dir='ltr'><em>alias</em></span> <span class='ocrx_word' id='word_1_343' title='bbox 1267 2134 1360 2160; x_wconf 90' lang='lat' dir='ltr'><em>natu-</em></span> 
     </span>
     <span class='ocr_line' id='line_1_50' title="bbox 286 2171 1361 2214; baseline 0.002 -11"><span class='ocrx_word' id='word_1_344' title='bbox 286 2173 367 2204; x_wconf 89' lang='lat' dir='ltr'><em>ralis.</em></span> <span class='ocrx_word' id='word_1_345' title='bbox 393 2173 441 2204; x_wconf 90' lang='lat' dir='ltr'><em>Ex</em></span> <span class='ocrx_word' id='word_1_346' title='bbox 465 2173 527 2203; x_wconf 91' lang='lat' dir='ltr'><em>hoc</em></span> <span class='ocrx_word' id='word_1_347' title='bbox 553 2182 630 2213; x_wconf 87' lang='lat' dir='ltr'><em>ergo</em></span> <span class='ocrx_word' id='word_1_348' title='bbox 661 2171 876 2203; x_wconf 88' lang='lat' dir='ltr'><em>fundamento</em></span> <span class='ocrx_word' id='word_1_349' title='bbox 904 2173 1007 2213; x_wconf 91' lang='lat' dir='ltr'><em>prima</em></span> <span class='ocrx_word' id='word_1_350' title='bbox 1038 2183 1111 2214; x_wconf 90' lang='lat' dir='ltr'><em>pars</em></span> <span class='ocrx_word' id='word_1_351' title='bbox 1139 2173 1361 2205; x_wconf 89' lang='lat' dir='ltr'><em>conclusionis</em></span> 
     </span>
     <span class='ocr_line' id='line_1_51' title="bbox 285 2217 1360 2259; baseline 0.002 -11"><span class='ocrx_word' id='word_1_352' title='bbox 285 2223 382 2249; x_wconf 87' lang='lat' dir='ltr'><em>tenet.</em></span> <span class='ocrx_word' id='word_1_353' title='bbox 400 2218 486 2256; x_wconf 89' lang='lat' dir='ltr'><em>Quia</em></span> <span class='ocrx_word' id='word_1_354' title='bbox 502 2217 590 2248; x_wconf 90' lang='lat' dir='ltr'><em>enim</em></span> <span class='ocrx_word' id='word_1_355' title='bbox 606 2217 666 2248; x_wconf 90' lang='lat' dir='ltr'><em>alia</em></span> <span class='ocrx_word' id='word_1_356' title='bbox 683 2223 714 2248; x_wconf 92' lang='lat' dir='ltr'><em>et</em></span> <span class='ocrx_word' id='word_1_357' title='bbox 738 2217 799 2248; x_wconf 89' lang='lat' dir='ltr'><em>alia</em></span> <span class='ocrx_word' id='word_1_358' title='bbox 815 2218 940 2248; x_wconf 87' lang='lat' dir='ltr'><em>ratione</em></span> <span class='ocrx_word' id='word_1_359' title='bbox 956 2227 990 2248; x_wconf 89' lang='lat' dir='ltr'><em>se</em></span> <span class='ocrx_word' id='word_1_360' title='bbox 1006 2224 1137 2249; x_wconf 88' lang='lat' dir='ltr'><em>tenente</em></span> <span class='ocrx_word' id='word_1_361' title='bbox 1154 2228 1192 2249; x_wconf 86' lang='lat' dir='ltr'><em>ex</em></span> <span class='ocrx_word' id='word_1_362' title='bbox 1210 2224 1298 2259; x_wconf 89' lang='lat' dir='ltr'><em>parte</em></span> <span class='ocrx_word' id='word_1_363' title='bbox 1314 2219 1360 2250; x_wconf 91' lang='lat' dir='ltr'><em>rei</em></span> 
     </span>
     <span class='ocr_line' id='line_1_52' title="bbox 286 2262 1361 2303; baseline 0 -9"><span class='ocrx_word' id='word_1_364' title='bbox 286 2262 490 2294; x_wconf 88' lang='lat' dir='ltr'><em>considerant</em></span> <span class='ocrx_word' id='word_1_365' title='bbox 506 2262 724 2303; x_wconf 87' lang='lat' dir='ltr'><em>Philosophus</em></span> <span class='ocrx_word' id='word_1_366' title='bbox 740 2268 772 2292; x_wconf 86' lang='lat' dir='ltr'><em>et</em></span> <span class='ocrx_word' id='word_1_367' title='bbox 795 2262 914 2293; x_wconf 90' lang='lat' dir='ltr'><em>Fidelis</em></span> <span class='ocrx_word' id='word_1_368' title='bbox 929 2262 970 2293; x_wconf 91' lang='lat' dir='ltr'><em>de</em></span> <span class='ocrx_word' id='word_1_369' title='bbox 986 2263 1149 2299; x_wconf 89' lang='lat' dir='ltr'><em>creaturis,</em></span> <span class='ocrx_word' id='word_1_370' title='bbox 1165 2272 1298 2295; x_wconf 89' lang='lat' dir='ltr'><em>necesse</em></span> <span class='ocrx_word' id='word_1_371' title='bbox 1314 2270 1361 2295; x_wconf 92' lang='lat' dir='ltr'><em>est</em></span> 
     </span>
     <span class='ocr_line' id='line_1_53' title="bbox 286 2306 1361 2348; baseline 0.002 -11"><span class='ocrx_word' id='word_1_372' title='bbox 286 2314 321 2338; x_wconf 90' lang='lat' dir='ltr'><em>ut</em></span> <span class='ocrx_word' id='word_1_373' title='bbox 345 2307 406 2338; x_wconf 90' lang='lat' dir='ltr'><em>alia</em></span> <span class='ocrx_word' id='word_1_374' title='bbox 429 2313 460 2338; x_wconf 89' lang='lat' dir='ltr'><em>et</em></span> <span class='ocrx_word' id='word_1_375' title='bbox 484 2307 544 2337; x_wconf 90' lang='lat' dir='ltr'><em>alia</em></span> <span class='ocrx_word' id='word_1_376' title='bbox 560 2306 600 2338; x_wconf 88' lang='lat' dir='ltr'><em>de</em></span> <span class='ocrx_word' id='word_1_377' title='bbox 624 2307 701 2347; x_wconf 88' lang='lat' dir='ltr'><em>ipsis</em></span> <span class='ocrx_word' id='word_1_378' title='bbox 725 2307 930 2338; x_wconf 84' lang='lat' dir='ltr'><em>considerent</em></span> <span class='ocrx_word' id='word_1_379' title='bbox 954 2307 1149 2348; x_wconf 86' lang='lat' dir='ltr'><em>praedicata:</em></span> <span class='ocrx_word' id='word_1_380' title='bbox 1175 2308 1258 2339; x_wconf 90' lang='lat' dir='ltr'><em>sicut</em></span> <span class='ocrx_word' id='word_1_381' title='bbox 1281 2308 1361 2340; x_wconf 91' lang='lat' dir='ltr'><em>aliae</em></span> 
     </span>
     <span class='ocr_line' id='line_1_54' title="bbox 286 2352 1360 2393; baseline 0.002 -11"><span class='ocrx_word' id='word_1_382' title='bbox 286 2358 359 2383; x_wconf 90' lang='lat' dir='ltr'><em>sunt</em></span> <span class='ocrx_word' id='word_1_383' title='bbox 391 2353 602 2393; x_wconf 87' lang='lat' dir='ltr'><em>proprietates</em></span> <span class='ocrx_word' id='word_1_384' title='bbox 635 2361 719 2393; x_wconf 92' lang='lat' dir='ltr'><em>quae</em></span> <span class='ocrx_word' id='word_1_385' title='bbox 752 2352 797 2382; x_wconf 90' lang='lat' dir='ltr'><em>rei</em></span> <span class='ocrx_word' id='word_1_386' title='bbox 830 2352 1031 2383; x_wconf 91' lang='lat' dir='ltr'><em>conveniunt</em></span> <span class='ocrx_word' id='word_1_387' title='bbox 1059 2352 1241 2384; x_wconf 88' lang='lat' dir='ltr'><em>secundum</em></span> <span class='ocrx_word' id='word_1_388' title='bbox 1269 2363 1360 2384; x_wconf 91' lang='lat' dir='ltr'><em>suam</em></span> 
     </span>
     <span class='ocr_line' id='line_1_55' title="bbox 286 2396 1361 2438; baseline 0.002 -10"><span class='ocrx_word' id='word_1_389' title='bbox 286 2398 451 2438; x_wconf 85' lang='lat' dir='ltr'><em>propriam</em></span> <span class='ocrx_word' id='word_1_390' title='bbox 474 2397 644 2434; x_wconf 85' lang='lat' dir='ltr'><em>rationem,</em></span> <span class='ocrx_word' id='word_1_391' title='bbox 669 2403 701 2428; x_wconf 89' lang='lat' dir='ltr'><em>et</em></span> <span class='ocrx_word' id='word_1_392' title='bbox 731 2396 811 2427; x_wconf 92' lang='lat' dir='ltr'><em>aliae</em></span> <span class='ocrx_word' id='word_1_393' title='bbox 834 2406 918 2438; x_wconf 89' lang='lat' dir='ltr'><em>quae</em></span> <span class='ocrx_word' id='word_1_394' title='bbox 942 2397 1001 2428; x_wconf 90' lang='lat' dir='ltr'><em>sibi</em></span> <span class='ocrx_word' id='word_1_395' title='bbox 1033 2398 1234 2430; x_wconf 91' lang='lat' dir='ltr'><em>conveniunt</em></span> <span class='ocrx_word' id='word_1_396' title='bbox 1258 2404 1294 2430; x_wconf 93' lang='lat' dir='ltr'><em>ut</em></span> <span class='ocrx_word' id='word_1_397' title='bbox 1321 2398 1361 2429; x_wconf 87' lang='lat' dir='ltr'><em>ad</em></span> 
     </span>
     <span class='ocr_line' id='line_1_56' title="bbox 286 2442 1358 2483; baseline -0.002 -10"><span class='ocrx_word' id='word_1_398' title='bbox 286 2442 393 2473; x_wconf 90' lang='lat' dir='ltr'><em>Deum</em></span> <span class='ocrx_word' id='word_1_399' title='bbox 417 2442 537 2473; x_wconf 90' lang='lat' dir='ltr'><em>habent</em></span> <span class='ocrx_word' id='word_1_400' title='bbox 559 2442 847 2483; x_wconf 89' lang='lat' dir='ltr'><em>comparationem.</em></span> <span class='ocrx_word' id='word_1_401' title='bbox 1355 2454 1358 2458; x_wconf 64' lang='grc'>’</span> 
     </span>
    </p>

    <p class='ocr_par' dir='ltr' id='par_1_13' title="bbox 282 2486 1361 3069">
     <span class='ocr_line' id='line_1_57' title="bbox 343 2486 1360 2529; baseline 0.001 -11"><span class='ocrx_word' id='word_1_402' title='bbox 343 2487 372 2518; x_wconf 83' lang='grc'><em>3.</em></span> <span class='ocrx_word' id='word_1_403' title='bbox 398 2486 492 2518; x_wconf 91' lang='lat' dir='ltr'><em>Circa</em></span> <span class='ocrx_word' id='word_1_404' title='bbox 516 2486 693 2518; x_wconf 88' lang='lat' dir='ltr'><em>secundam</em></span> <span class='ocrx_word' id='word_1_405' title='bbox 725 2492 858 2527; x_wconf 87' lang='lat' dir='ltr'><em>partem,</em></span> <span class='ocrx_word' id='word_1_406' title='bbox 889 2486 1123 2519; x_wconf 89' lang='lat' dir='ltr'><em>advertendum</em></span> <span class='ocrx_word' id='word_1_407' title='bbox 1154 2487 1254 2529; x_wconf 89' lang='lat' dir='ltr'><em>quod,</em></span> <span class='ocrx_word' id='word_1_408' title='bbox 1286 2488 1360 2519; x_wconf 88' lang='lat' dir='ltr'><em>licet</em></span> 
     </span>
     <span class='ocr_line' id='line_1_58' title="bbox 286 2531 1361 2574; baseline 0.002 -12"><span class='ocrx_word' id='word_1_409' title='bbox 286 2531 424 2563; x_wconf 88' lang='lat' dir='ltr'><em>diversas</em></span> <span class='ocrx_word' id='word_1_410' title='bbox 454 2532 500 2563; x_wconf 91' lang='lat' dir='ltr'><em>rei</em></span> <span class='ocrx_word' id='word_1_411' title='bbox 532 2532 671 2563; x_wconf 88' lang='lat' dir='ltr'><em>rationes</em></span> <span class='ocrx_word' id='word_1_412' title='bbox 701 2531 845 2563; x_wconf 89' lang='lat' dir='ltr'><em>diversae</em></span> <span class='ocrx_word' id='word_1_413' title='bbox 876 2533 1088 2572; x_wconf 88' lang='lat' dir='ltr'><em>proprietates</em></span> <span class='ocrx_word' id='word_1_414' title='bbox 1118 2539 1361 2574; x_wconf 88' lang='lat' dir='ltr'><em>consequantur</em></span> 
     </span>
     <span class='ocr_line' id='line_1_59' title="bbox 286 2576 1360 2614; baseline 0.003 -7"><span class='ocrx_word' id='word_1_415' title='bbox 286 2583 320 2608; x_wconf 91' lang='lat' dir='ltr'><em>ut</em></span> <span class='ocrx_word' id='word_1_416' title='bbox 344 2577 484 2608; x_wconf 90' lang='lat' dir='ltr'><em>rationes</em></span> <span class='ocrx_word' id='word_1_417' title='bbox 508 2577 580 2608; x_wconf 87' lang='lat' dir='ltr'><em>illae</em></span> <span class='ocrx_word' id='word_1_418' title='bbox 604 2576 785 2608; x_wconf 89' lang='lat' dir='ltr'><em>secundum</em></span> <span class='ocrx_word' id='word_1_419' title='bbox 809 2587 842 2608; x_wconf 90' lang='lat' dir='ltr'><em>se</em></span> <span class='ocrx_word' id='word_1_420' title='bbox 866 2577 1121 2614; x_wconf 87' lang='lat' dir='ltr'><em>considerantur,</em></span> <span class='ocrx_word' id='word_1_421' title='bbox 1146 2588 1213 2610; x_wconf 91' lang='lat' dir='ltr'><em>non</em></span> <span class='ocrx_word' id='word_1_422' title='bbox 1245 2579 1360 2609; x_wconf 89' lang='lat' dir='ltr'><em>incon-</em></span> 
     </span>
     <span class='ocr_line' id='line_1_60' title="bbox 286 2621 1360 2663; baseline 0.002 -11"><span class='ocrx_word' id='word_1_423' title='bbox 286 2623 372 2653; x_wconf 87' lang='lat' dir='ltr'><em>venit</em></span> <span class='ocrx_word' id='word_1_424' title='bbox 388 2628 496 2653; x_wconf 89' lang='lat' dir='ltr'><em>tamen</em></span> <span class='ocrx_word' id='word_1_425' title='bbox 513 2621 650 2653; x_wconf 89' lang='lat' dir='ltr'><em>eandem</em></span> <span class='ocrx_word' id='word_1_426' title='bbox 667 2623 711 2653; x_wconf 90' lang='lat' dir='ltr'><em>rei</em></span> <span class='ocrx_word' id='word_1_427' title='bbox 735 2623 966 2663; x_wconf 85' lang='lat' dir='ltr'><em>proprietatem</em></span> <span class='ocrx_word' id='word_1_428' title='bbox 990 2632 1008 2653; x_wconf 90' lang='lat' dir='ltr'><em>a</em></span> <span class='ocrx_word' id='word_1_429' title='bbox 1033 2622 1166 2654; x_wconf 90' lang='lat' dir='ltr'><em>diversis</em></span> <span class='ocrx_word' id='word_1_430' title='bbox 1182 2624 1360 2655; x_wconf 87' lang='lat' dir='ltr'><em>rationibus</em></span> 
     </span>
     <span class='ocr_line' id='line_1_61' title="bbox 285 2666 1360 2709; baseline 0.002 -11"><span class='ocrx_word' id='word_1_431' title='bbox 285 2668 329 2698; x_wconf 88' lang='lat' dir='ltr'><em>rei</em></span> <span class='ocrx_word' id='word_1_432' title='bbox 351 2667 385 2698; x_wconf 93' lang='lat' dir='ltr'><em>in</em></span> <span class='ocrx_word' id='word_1_433' title='bbox 409 2677 478 2698; x_wconf 91' lang='lat' dir='ltr'><em>esse</em></span> <span class='ocrx_word' id='word_1_434' title='bbox 502 2667 714 2708; x_wconf 82' lang='lat' dir='ltr'><em>cognoscibili</em></span> <span class='ocrx_word' id='word_1_435' title='bbox 737 2666 932 2708; x_wconf 89' lang='lat' dir='ltr'><em>dependere,</em></span> <span class='ocrx_word' id='word_1_436' title='bbox 956 2667 1138 2699; x_wconf 89' lang='lat' dir='ltr'><em>secundum</em></span> <span class='ocrx_word' id='word_1_437' title='bbox 1166 2668 1257 2709; x_wconf 91' lang='lat' dir='ltr'><em>quod</em></span> <span class='ocrx_word' id='word_1_438' title='bbox 1287 2668 1360 2700; x_wconf 87' lang='lat' dir='ltr'><em>illae</em></span> 
     </span>
     <span class='ocr_line' id='line_1_62' title="bbox 283 2711 1359 2755; baseline 0.003 -13"><span class='ocrx_word' id='word_1_439' title='bbox 283 2713 424 2743; x_wconf 87' lang='lat' dir='ltr'><em>rationes</em></span> <span class='ocrx_word' id='word_1_440' title='bbox 448 2711 579 2743; x_wconf 91' lang='lat' dir='ltr'><em>diversis</em></span> <span class='ocrx_word' id='word_1_441' title='bbox 600 2712 779 2744; x_wconf 89' lang='lat' dir='ltr'><em>rationibus</em></span> <span class='ocrx_word' id='word_1_442' title='bbox 795 2712 923 2749; x_wconf 88' lang='lat' dir='ltr'><em>scibilis,</em></span> <span class='ocrx_word' id='word_1_443' title='bbox 940 2712 985 2744; x_wconf 90' lang='lat' dir='ltr'><em>rei</em></span> <span class='ocrx_word' id='word_1_444' title='bbox 1002 2719 1111 2744; x_wconf 86' lang='lat' dir='ltr'><em>tamen</em></span> <span class='ocrx_word' id='word_1_445' title='bbox 1128 2713 1359 2755; x_wconf 83' lang='lat' dir='ltr'><em>inadaequatis,</em></span> 
     </span>
     <span class='ocr_line' id='line_1_63' title="bbox 284 2757 1361 2799; baseline 0.003 -12"><span class='ocrx_word' id='word_1_446' title='bbox 284 2758 438 2788; x_wconf 88' lang='lat' dir='ltr'><em>substant.</em></span> <span class='ocrx_word' id='word_1_447' title='bbox 463 2757 573 2788; x_wconf 90' lang='lat' dir='ltr'><em>Potest</em></span> <span class='ocrx_word' id='word_1_448' title='bbox 597 2758 684 2789; x_wconf 90' lang='lat' dir='ltr'><em>enim</em></span> <span class='ocrx_word' id='word_1_449' title='bbox 708 2757 795 2788; x_wconf 91' lang='lat' dir='ltr'><em>idem</em></span> <span class='ocrx_word' id='word_1_450' title='bbox 815 2757 946 2789; x_wconf 89' lang='lat' dir='ltr'><em>diversis</em></span> <span class='ocrx_word' id='word_1_451' title='bbox 962 2757 1069 2789; x_wconf 85' lang='lat' dir='ltr'><em>modis</em></span> <span class='ocrx_word' id='word_1_452' title='bbox 1085 2759 1255 2799; x_wconf 81' lang='lat' dir='ltr'><em>cognosci:</em></span> <span class='ocrx_word' id='word_1_453' title='bbox 1277 2759 1361 2791; x_wconf 90' lang='lat' dir='ltr'><em>sicut</em></span> 
     </span>
     <span class='ocr_line' id='line_1_64' title="bbox 284 2802 1360 2845; baseline 0.002 -12"><span class='ocrx_word' id='word_1_454' title='bbox 284 2802 323 2832; x_wconf 92' lang='lat' dir='ltr'><em>de</em></span> <span class='ocrx_word' id='word_1_455' title='bbox 347 2808 429 2833; x_wconf 89' lang='lat' dir='ltr'><em>terra</em></span> <span class='ocrx_word' id='word_1_456' title='bbox 452 2802 633 2834; x_wconf 89' lang='lat' dir='ltr'><em>rotunditas</em></span> <span class='ocrx_word' id='word_1_457' title='bbox 656 2803 811 2843; x_wconf 82' lang='lat' dir='ltr'><em>cognosci</em></span> <span class='ocrx_word' id='word_1_458' title='bbox 829 2808 936 2843; x_wconf 86' lang='lat' dir='ltr'><em>potest</em></span> <span class='ocrx_word' id='word_1_459' title='bbox 959 2812 1017 2843; x_wconf 89' lang='lat' dir='ltr'><em>per</em></span> <span class='ocrx_word' id='word_1_460' title='bbox 1037 2803 1238 2844; x_wconf 84' lang='lat' dir='ltr'><em>astrologum</em></span> <span class='ocrx_word' id='word_1_461' title='bbox 1255 2810 1286 2835; x_wconf 90' lang='lat' dir='ltr'><em>et</em></span> <span class='ocrx_word' id='word_1_462' title='bbox 1302 2813 1360 2845; x_wconf 90' lang='lat' dir='ltr'><em>per</em></span> 
     </span>
     <span class='ocr_line' id='line_1_65' title="bbox 283 2847 1359 2888; baseline 0.002 -10"><span class='ocrx_word' id='word_1_463' title='bbox 283 2847 477 2884; x_wconf 67' lang='lat' dir='ltr'><em>naturalem</em></span> <span class='ocrx_word' id='word_1_464' title='bbox 502 2857 543 2878; x_wconf 90' lang='lat' dir='ltr'><em>eo</em></span> <span class='ocrx_word' id='word_1_465' title='bbox 567 2847 659 2888; x_wconf 91' lang='lat' dir='ltr'><em>quod</em></span> <span class='ocrx_word' id='word_1_466' title='bbox 682 2857 751 2879; x_wconf 91' lang='lat' dir='ltr'><em>esse</em></span> <span class='ocrx_word' id='word_1_467' title='bbox 776 2847 996 2888; x_wconf 84' lang='lat' dir='ltr'><em>cognoscibile</em></span> <span class='ocrx_word' id='word_1_468' title='bbox 1024 2857 1082 2888; x_wconf 89' lang='lat' dir='ltr'><em>per</em></span> <span class='ocrx_word' id='word_1_469' title='bbox 1110 2848 1256 2880; x_wconf 88' lang='lat' dir='ltr'><em>medium</em></span> <span class='ocrx_word' id='word_1_470' title='bbox 1281 2858 1359 2880; x_wconf 91' lang='lat' dir='ltr'><em>con-</em></span> 
     </span>
     <span class='ocr_line' id='line_1_66' title="bbox 283 2892 1360 2934; baseline 0.002 -11"><span class='ocrx_word' id='word_1_471' title='bbox 283 2902 418 2923; x_wconf 85' lang='lat' dir='ltr'><em>cernens</em></span> <span class='ocrx_word' id='word_1_472' title='bbox 452 2893 631 2930; x_wconf 87' lang='lat' dir='ltr'><em>materiam,</em></span> <span class='ocrx_word' id='word_1_473' title='bbox 663 2899 695 2924; x_wconf 91' lang='lat' dir='ltr'><em>et</em></span> <span class='ocrx_word' id='word_1_474' title='bbox 725 2902 794 2924; x_wconf 90' lang='lat' dir='ltr'><em>esse</em></span> <span class='ocrx_word' id='word_1_475' title='bbox 824 2892 1043 2933; x_wconf 84' lang='lat' dir='ltr'><em>cognoscibile</em></span> <span class='ocrx_word' id='word_1_476' title='bbox 1076 2903 1132 2934; x_wconf 87' lang='lat' dir='ltr'><em>per</em></span> <span class='ocrx_word' id='word_1_477' title='bbox 1165 2893 1311 2925; x_wconf 89' lang='lat' dir='ltr'><em>medium</em></span> <span class='ocrx_word' id='word_1_478' title='bbox 1342 2904 1360 2924; x_wconf 89' lang='lat' dir='ltr'><em>a</em></span> 
     </span>
     <span class='ocr_line' id='line_1_67' title="bbox 283 2937 1360 2978; baseline 0.003 -11"><span class='ocrx_word' id='word_1_479' title='bbox 283 2938 414 2968; x_wconf 90' lang='lat' dir='ltr'><em>materia</em></span> <span class='ocrx_word' id='word_1_480' title='bbox 438 2937 619 2969; x_wconf 89' lang='lat' dir='ltr'><em>secundum</em></span> <span class='ocrx_word' id='word_1_481' title='bbox 636 2938 795 2968; x_wconf 91' lang='lat' dir='ltr'><em>rationem</em></span> <span class='ocrx_word' id='word_1_482' title='bbox 812 2938 1016 2974; x_wconf 90' lang='lat' dir='ltr'><em>abstractum,</em></span> <span class='ocrx_word' id='word_1_483' title='bbox 1034 2939 1136 2978; x_wconf 91' lang='lat' dir='ltr'><em>possit</em></span> <span class='ocrx_word' id='word_1_484' title='bbox 1154 2944 1256 2970; x_wconf 86' lang='lat' dir='ltr'><em>terrae</em></span> <span class='ocrx_word' id='word_1_485' title='bbox 1280 2948 1360 2970; x_wconf 92' lang='lat' dir='ltr'><em>con-</em></span> 
     </span>
     <span class='ocr_line' id='line_1_68' title="bbox 283 2982 1360 3023; baseline 0.002 -11"><span class='ocrx_word' id='word_1_486' title='bbox 283 2982 392 3013; x_wconf 90' lang='lat' dir='ltr'><em>venire</em></span> <span class='ocrx_word' id='word_1_487' title='bbox 416 2988 564 3023; x_wconf 90' lang='lat' dir='ltr'><em>respectu</em></span> <span class='ocrx_word' id='word_1_488' title='bbox 588 2982 805 3018; x_wconf 87' lang='lat' dir='ltr'><em>rotunditatis,</em></span> <span class='ocrx_word' id='word_1_489' title='bbox 837 2992 974 3023; x_wconf 89' lang='lat' dir='ltr'><em>quarum</em></span> <span class='ocrx_word' id='word_1_490' title='bbox 1006 2983 1169 3014; x_wconf 84' lang='lat' dir='ltr'><em>rationum</em></span> <span class='ocrx_word' id='word_1_491' title='bbox 1200 2983 1289 3015; x_wconf 90' lang='lat' dir='ltr'><em>nulla</em></span> <span class='ocrx_word' id='word_1_492' title='bbox 1312 2989 1360 3015; x_wconf 92' lang='lat' dir='ltr'><em>est</em></span> 
     </span>
     <span class='ocr_line' id='line_1_69' title="bbox 282 3027 1359 3069; baseline 0.003 -12"><span class='ocrx_word' id='word_1_493' title='bbox 282 3032 383 3058; x_wconf 89' lang='lat' dir='ltr'><em>terrae</em></span> <span class='ocrx_word' id='word_1_494' title='bbox 408 3027 595 3069; x_wconf 89' lang='lat' dir='ltr'><em>adaequata.</em></span> <span class='ocrx_word' id='word_1_495' title='bbox 621 3027 716 3060; x_wconf 91' lang='lat' dir='ltr'><em>Unde</em></span> <span class='ocrx_word' id='word_1_496' title='bbox 740 3028 821 3058; x_wconf 90' lang='lat' dir='ltr'><em>sicut</em></span> <span class='ocrx_word' id='word_1_497' title='bbox 845 3033 938 3064; x_wconf 88' lang='lat' dir='ltr'><em>terra,</em></span> <span class='ocrx_word' id='word_1_498' title='bbox 963 3027 1162 3059; x_wconf 89' lang='lat' dir='ltr'><em>considerata</em></span> <span class='ocrx_word' id='word_1_499' title='bbox 1195 3039 1212 3059; x_wconf 86' lang='lat' dir='ltr'><em>a</em></span> <span class='ocrx_word' id='word_1_500' title='bbox 1235 3029 1359 3060; x_wconf 88' lang='lat' dir='ltr'><em>mathe—</em></span> 
     </span>
    </p>
   </div>
   <div class='ocr_carea' id='block_1_8' title="bbox 1385 2981 1388 3068">
    <p class='ocr_par' dir='ltr' id='par_1_14' title="bbox 1385 2981 1388 3068">
     <span class='ocr_line' id='line_1_70' title="bbox 1385 2981 1388 3068; baseline 0 0"><span class='ocrx_word' id='word_1_501' title='bbox 1385 2981 1388 3068; x_wconf 95' lang='lat' dir='ltr'><em> </em></span> 
     </span>
    </p>
   </div>
   <div class='ocr_carea' id='block_1_9' title="bbox 781 255 2006 302">
    <p class='ocr_par' dir='ltr' id='par_1_15' title="bbox 781 255 2006 302">
     <span class='ocr_line' id='line_1_71' title="bbox 781 255 2006 302; baseline 0 -8"><span class='ocrx_word' id='word_1_502' title='bbox 781 257 968 294; x_wconf 81' lang='lat' dir='ltr'><strong>SUMMA</strong></span> <span class='ocrx_word' id='word_1_503' title='bbox 999 255 1221 293; x_wconf 88' lang='lat' dir='ltr'>CONTRA</span> <span class='ocrx_word' id='word_1_504' title='bbox 1250 255 1527 301; x_wconf 90' lang='lat' dir='ltr'><em>GENTILES,</em></span> <span class='ocrx_word' id='word_1_505' title='bbox 1555 255 1651 291; x_wconf 90' lang='lat' dir='ltr'><em>LIB.</em></span> <span class='ocrx_word' id='word_1_506' title='bbox 1673 256 1714 300; x_wconf 79' lang='grc' dir='ltr'><em>ΙΙ,</em></span> <span class='ocrx_word' id='word_1_507' title='bbox 1746 255 1858 292; x_wconf 91' lang='lat' dir='ltr'><em>CAP.</em></span> <span class='ocrx_word' id='word_1_508' title='bbox 1878 257 1940 302; x_wconf 90' lang='lat' dir='ltr'><em>IV,</em></span> <span class='ocrx_word' id='word_1_509' title='bbox 1960 258 2006 294; x_wconf 92' lang='lat' dir='ltr'><em>V.</em></span> 
     </span>
    </p>
   </div>
   <div class='ocr_carea' id='block_1_10' title="bbox 1410 335 2496 3070">
    <p class='ocr_par' dir='ltr' id='par_1_16' title="bbox 1416 335 2496 958">
     <span class='ocr_line' id='line_1_72' title="bbox 1418 335 2494 376; baseline 0.008 -13"><span class='ocrx_word' id='word_1_510' title='bbox 1418 335 1540 364; x_wconf 91' lang='lat' dir='ltr'><em>matico</em></span> <span class='ocrx_word' id='word_1_511' title='bbox 1569 340 1600 364; x_wconf 87' lang='lat' dir='ltr'><em>et</em></span> <span class='ocrx_word' id='word_1_512' title='bbox 1632 335 1768 365; x_wconf 88' lang='lat' dir='ltr'><em>naturali</em></span> <span class='ocrx_word' id='word_1_513' title='bbox 1795 342 1946 376; x_wconf 91' lang='lat' dir='ltr'><em>respectu</em></span> <span class='ocrx_word' id='word_1_514' title='bbox 1977 337 2192 375; x_wconf 85' lang='lat' dir='ltr'><em>rotunditatis,</em></span> <span class='ocrx_word' id='word_1_515' title='bbox 2217 339 2313 370; x_wconf 90' lang='lat' dir='ltr'><em>habet</em></span> <span class='ocrx_word' id='word_1_516' title='bbox 2336 342 2494 372; x_wconf 89' lang='lat' dir='ltr'><em>rationem</em></span> 
     </span>
     <span class='ocr_line' id='line_1_73' title="bbox 1419 377 2495 422; baseline 0.007 -14"><span class='ocrx_word' id='word_1_517' title='bbox 1419 377 1561 409; x_wconf 92' lang='lat' dir='ltr'><em>duorum</em></span> <span class='ocrx_word' id='word_1_518' title='bbox 1578 379 1739 410; x_wconf 90' lang='lat' dir='ltr'><em>scibilium</em></span> <span class='ocrx_word' id='word_1_519' title='bbox 1757 379 1953 418; x_wconf 86' lang='lat' dir='ltr'><em>formalium,</em></span> <span class='ocrx_word' id='word_1_520' title='bbox 1967 381 2162 422; x_wconf 78' lang='lat' dir='ltr'><em>inquantum</em></span> <span class='ocrx_word' id='word_1_521' title='bbox 2178 383 2238 413; x_wconf 90' lang='lat' dir='ltr'><em>sub</em></span> <span class='ocrx_word' id='word_1_522' title='bbox 2251 383 2382 415; x_wconf 90' lang='lat' dir='ltr'><em>diversis</em></span> <span class='ocrx_word' id='word_1_523' title='bbox 2399 386 2495 416; x_wconf 91' lang='lat' dir='ltr'><em>ratio-</em></span> 
     </span>
     <span class='ocr_line' id='line_1_74' title="bbox 1418 423 2495 467; baseline 0.007 -15"><span class='ocrx_word' id='word_1_524' title='bbox 1418 423 1514 453; x_wconf 91' lang='lat' dir='ltr'><em>nibus</em></span> <span class='ocrx_word' id='word_1_525' title='bbox 1530 423 1649 454; x_wconf 91' lang='lat' dir='ltr'><em>obiecti</em></span> <span class='ocrx_word' id='word_1_526' title='bbox 1673 429 1709 454; x_wconf 93' lang='lat' dir='ltr'><em>ut</em></span> <span class='ocrx_word' id='word_1_527' title='bbox 1726 424 1892 456; x_wconf 91' lang='lat' dir='ltr'><em>obiectum</em></span> <span class='ocrx_word' id='word_1_528' title='bbox 1909 431 1956 456; x_wconf 88' lang='lat' dir='ltr'><em>est</em></span> <span class='ocrx_word' id='word_1_529' title='bbox 1972 432 2080 467; x_wconf 89' lang='lat' dir='ltr'><em>potest</em></span> <span class='ocrx_word' id='word_1_530' title='bbox 2097 427 2266 464; x_wconf 85' lang='lat' dir='ltr'><em>contineri,</em></span> <span class='ocrx_word' id='word_1_531' title='bbox 2284 434 2315 458; x_wconf 91' lang='lat' dir='ltr'><em>et</em></span> <span class='ocrx_word' id='word_1_532' title='bbox 2330 429 2376 459; x_wconf 90' lang='lat' dir='ltr'><em>sic</em></span> <span class='ocrx_word' id='word_1_533' title='bbox 2392 429 2432 460; x_wconf 92' lang='lat' dir='ltr'><em>ad</em></span> <span class='ocrx_word' id='word_1_534' title='bbox 2448 430 2495 460; x_wconf 91' lang='lat' dir='ltr'><em>di-</em></span> 
     </span>
     <span class='ocr_line' id='line_1_75' title="bbox 1418 469 2495 511; baseline 0.006 -14"><span class='ocrx_word' id='word_1_535' title='bbox 1418 477 1523 498; x_wconf 88' lang='lat' dir='ltr'><em>versas</em></span> <span class='ocrx_word' id='word_1_536' title='bbox 1536 469 1685 499; x_wconf 86' lang='lat' dir='ltr'><em>scientias</em></span> <span class='ocrx_word' id='word_1_537' title='bbox 1697 469 1872 509; x_wconf 85' lang='lat' dir='ltr'><em>pertinere3</em></span> <span class='ocrx_word' id='word_1_538' title='bbox 1889 471 1932 501; x_wconf 91' lang='lat' dir='ltr'><em>ita</em></span> <span class='ocrx_word' id='word_1_539' title='bbox 1949 471 2019 511; x_wconf 92' lang='lat' dir='ltr'><em>ipsa</em></span> <span class='ocrx_word' id='word_1_540' title='bbox 2034 471 2214 502; x_wconf 88' lang='lat' dir='ltr'><em>rotunditas</em></span> <span class='ocrx_word' id='word_1_541' title='bbox 2229 471 2326 503; x_wconf 92' lang='lat' dir='ltr'><em>habet</em></span> <span class='ocrx_word' id='word_1_542' title='bbox 2336 474 2495 505; x_wconf 91' lang='lat' dir='ltr'><em>rationem</em></span> 
     </span>
     <span class='ocr_line' id='line_1_76' title="bbox 1418 512 2495 558; baseline 0.006 -16"><span class='ocrx_word' id='word_1_543' title='bbox 1418 512 1556 553; x_wconf 90' lang='lat' dir='ltr'><em>duplicis</em></span> <span class='ocrx_word' id='word_1_544' title='bbox 1579 514 1784 554; x_wconf 88' lang='lat' dir='ltr'><em>proprietatis</em></span> <span class='ocrx_word' id='word_1_545' title='bbox 1806 515 1840 544; x_wconf 91' lang='lat' dir='ltr'><em>in</em></span> <span class='ocrx_word' id='word_1_546' title='bbox 1864 516 1989 546; x_wconf 89' lang='lat' dir='ltr'><em>ratione</em></span> <span class='ocrx_word' id='word_1_547' title='bbox 2013 515 2142 552; x_wconf 91' lang='lat' dir='ltr'><em>scibilis,</em></span> <span class='ocrx_word' id='word_1_548' title='bbox 2160 516 2355 556; x_wconf 87' lang='lat' dir='ltr'><em>inquantum</em></span> <span class='ocrx_word' id='word_1_549' title='bbox 2374 527 2433 558; x_wconf 90' lang='lat' dir='ltr'><em>per</em></span> <span class='ocrx_word' id='word_1_550' title='bbox 2449 518 2495 549; x_wconf 92' lang='lat' dir='ltr'><em>di-</em></span> 
     </span>
     <span class='ocr_line' id='line_1_77' title="bbox 1418 557 2495 600; baseline 0.006 -13"><span class='ocrx_word' id='word_1_551' title='bbox 1418 567 1508 588; x_wconf 87' lang='lat' dir='ltr'><em>versa</em></span> <span class='ocrx_word' id='word_1_552' title='bbox 1524 557 1631 588; x_wconf 89' lang='lat' dir='ltr'><em>media</em></span> <span class='ocrx_word' id='word_1_553' title='bbox 1647 557 1805 596; x_wconf 80' lang='lat' dir='ltr'><em>formalia,</em></span> <span class='ocrx_word' id='word_1_554' title='bbox 1818 566 1947 600; x_wconf 89' lang='lat' dir='ltr'><em>sumpta</em></span> <span class='ocrx_word' id='word_1_555' title='bbox 1963 560 2145 591; x_wconf 89' lang='lat' dir='ltr'><em>secundum</em></span> <span class='ocrx_word' id='word_1_556' title='bbox 2162 560 2321 592; x_wconf 89' lang='lat' dir='ltr'><em>diversam</em></span> <span class='ocrx_word' id='word_1_557' title='bbox 2336 562 2495 594; x_wconf 89' lang='lat' dir='ltr'><em>rationem</em></span> 
     </span>
     <span class='ocr_line' id='line_1_78' title="bbox 1418 602 2495 647; baseline 0.006 -15"><span class='ocrx_word' id='word_1_558' title='bbox 1418 602 1547 639; x_wconf 89' lang='lat' dir='ltr'><em>scibilis,</em></span> <span class='ocrx_word' id='word_1_559' title='bbox 1564 603 1720 643; x_wconf 88' lang='lat' dir='ltr'><em>cognosci</em></span> <span class='ocrx_word' id='word_1_560' title='bbox 1736 609 1854 644; x_wconf 92' lang='lat' dir='ltr'><em>potest.</em></span> <span class='ocrx_word' id='word_1_561' title='bbox 1879 604 1927 635; x_wconf 84' lang='lat' dir='ltr'><em>Ex</em></span> <span class='ocrx_word' id='word_1_562' title='bbox 1943 614 2012 646; x_wconf 94' lang='lat' dir='ltr'><em>quo</em></span> <span class='ocrx_word' id='word_1_563' title='bbox 2028 611 2116 646; x_wconf 92' lang='lat' dir='ltr'><em>patet</em></span> <span class='ocrx_word' id='word_1_564' title='bbox 2139 615 2236 646; x_wconf 91' lang='lat' dir='ltr'><em>posse</em></span> <span class='ocrx_word' id='word_1_565' title='bbox 2257 606 2495 647; x_wconf 90' lang='lat' dir='ltr'><em>Philosophum</em></span> 
     </span>
     <span class='ocr_line' id='line_1_79' title="bbox 1418 646 2496 691; baseline 0.005 -14"><span class='ocrx_word' id='word_1_566' title='bbox 1418 653 1449 677; x_wconf 91' lang='lat' dir='ltr'><em>et</em></span> <span class='ocrx_word' id='word_1_567' title='bbox 1472 646 1618 678; x_wconf 89' lang='lat' dir='ltr'><em>Fidelem</em></span> <span class='ocrx_word' id='word_1_568' title='bbox 1635 647 1749 679; x_wconf 90' lang='lat' dir='ltr'><em>eadem</em></span> <span class='ocrx_word' id='word_1_569' title='bbox 1766 647 1806 678; x_wconf 92' lang='lat' dir='ltr'><em>de</em></span> <span class='ocrx_word' id='word_1_570' title='bbox 1823 650 1975 680; x_wconf 88' lang='lat' dir='ltr'><em>creaturis</em></span> <span class='ocrx_word' id='word_1_571' title='bbox 1991 659 2199 690; x_wconf 87' lang='lat' dir='ltr'><em>cognoscere,</em></span> <span class='ocrx_word' id='word_1_572' title='bbox 2216 650 2273 681; x_wconf 91' lang='lat' dir='ltr'><em>sed</em></span> <span class='ocrx_word' id='word_1_573' title='bbox 2291 660 2349 691; x_wconf 91' lang='lat' dir='ltr'><em>per</em></span> <span class='ocrx_word' id='word_1_574' title='bbox 2372 651 2496 682; x_wconf 87' lang='lat' dir='ltr'><em>diversa</em></span> 
     </span>
     <span class='ocr_line' id='line_1_80' title="bbox 1417 691 2495 732; baseline 0.006 -11"><span class='ocrx_word' id='word_1_575' title='bbox 1417 691 1534 728; x_wconf 90' lang='lat' dir='ltr'><em>media,</em></span> <span class='ocrx_word' id='word_1_576' title='bbox 1559 698 1595 722; x_wconf 89' lang='lat' dir='ltr'><em>ut</em></span> <span class='ocrx_word' id='word_1_577' title='bbox 1619 692 1746 723; x_wconf 92' lang='lat' dir='ltr'><em>dicebat</em></span> <span class='ocrx_word' id='word_1_578' title='bbox 1769 692 1906 724; x_wconf 89' lang='lat' dir='ltr'><em>Sanctus</em></span> <span class='ocrx_word' id='word_1_579' title='bbox 1921 694 2077 732; x_wconf 87' lang='lat' dir='ltr'><em>Thomas,</em></span> <span class='ocrx_word' id='word_1_580' title='bbox 2102 701 2138 726; x_wconf 91' lang='lat' dir='ltr'><em>ut</em></span> <span class='ocrx_word' id='word_1_581' title='bbox 2161 701 2271 726; x_wconf 91' lang='lat' dir='ltr'><em>tamen</em></span> <span class='ocrx_word' id='word_1_582' title='bbox 2296 696 2328 726; x_wconf 92' lang='lat' dir='ltr'><em>in</em></span> <span class='ocrx_word' id='word_1_583' title='bbox 2356 695 2495 727; x_wconf 85' lang='lat' dir='ltr'><em>diversas</em></span> 
     </span>
     <span class='ocr_line' id='line_1_81' title="bbox 1417 736 2495 782; baseline 0.005 -15"><span class='ocrx_word' id='word_1_584' title='bbox 1417 737 1557 767; x_wconf 89' lang='lat' dir='ltr'><em>rationes</em></span> <span class='ocrx_word' id='word_1_585' title='bbox 1585 737 1703 767; x_wconf 90' lang='lat' dir='ltr'><em>scibilis</em></span> <span class='ocrx_word' id='word_1_586' title='bbox 1727 736 1923 768; x_wconf 89' lang='lat' dir='ltr'><em>referuntur:</em></span> <span class='ocrx_word' id='word_1_587' title='bbox 1949 744 2042 779; x_wconf 92' lang='lat' dir='ltr'><em>puta,</em></span> <span class='ocrx_word' id='word_1_588' title='bbox 2066 745 2183 771; x_wconf 90' lang='lat' dir='ltr'><em>terram</em></span> <span class='ocrx_word' id='word_1_589' title='bbox 2207 750 2276 771; x_wconf 91' lang='lat' dir='ltr'><em>esse</em></span> <span class='ocrx_word' id='word_1_590' title='bbox 2300 741 2495 782; x_wconf 91' lang='lat' dir='ltr'><em>incorrupti-</em></span> 
     </span>
     <span class='ocr_line' id='line_1_82' title="bbox 1417 781 2495 826; baseline 0.005 -14"><span class='ocrx_word' id='word_1_591' title='bbox 1417 781 1516 812; x_wconf 91' lang='lat' dir='ltr'><em>bilem</em></span> <span class='ocrx_word' id='word_1_592' title='bbox 1533 787 1564 812; x_wconf 92' lang='lat' dir='ltr'><em>et</em></span> <span class='ocrx_word' id='word_1_593' title='bbox 1580 781 1614 812; x_wconf 91' lang='lat' dir='ltr'><em>in</em></span> <span class='ocrx_word' id='word_1_594' title='bbox 1630 788 1798 813; x_wconf 88' lang='lat' dir='ltr'><em>aeternum</em></span> <span class='ocrx_word' id='word_1_595' title='bbox 1823 788 1915 819; x_wconf 87' lang='lat' dir='ltr'><em>stare,</em></span> <span class='ocrx_word' id='word_1_596' title='bbox 1931 792 1990 824; x_wconf 92' lang='lat' dir='ltr'><em>per</em></span> <span class='ocrx_word' id='word_1_597' title='bbox 2004 783 2139 824; x_wconf 88' lang='lat' dir='ltr'><em>aliquod</em></span> <span class='ocrx_word' id='word_1_598' title='bbox 2161 784 2307 816; x_wconf 90' lang='lat' dir='ltr'><em>medium</em></span> <span class='ocrx_word' id='word_1_599' title='bbox 2326 791 2495 826; x_wconf 88' lang='lat' dir='ltr'><em>sumptum</em></span> 
     </span>
     <span class='ocr_line' id='line_1_83' title="bbox 1417 827 2496 872; baseline 0.006 -16"><span class='ocrx_word' id='word_1_600' title='bbox 1417 837 1434 857; x_wconf 91' lang='lat' dir='ltr'><em>a</em></span> <span class='ocrx_word' id='word_1_601' title='bbox 1458 827 1591 857; x_wconf 90' lang='lat' dir='ltr'><em>materia</em></span> <span class='ocrx_word' id='word_1_602' title='bbox 1607 832 1639 857; x_wconf 89' lang='lat' dir='ltr'><em>et</em></span> <span class='ocrx_word' id='word_1_603' title='bbox 1654 832 1748 857; x_wconf 92' lang='lat' dir='ltr'><em>motu</em></span> <span class='ocrx_word' id='word_1_604' title='bbox 1771 827 1991 868; x_wconf 89' lang='lat' dir='ltr'><em>Philosophus</em></span> <span class='ocrx_word' id='word_1_605' title='bbox 2009 829 2140 869; x_wconf 88' lang='lat' dir='ltr'><em>probat;</em></span> <span class='ocrx_word' id='word_1_606' title='bbox 2164 829 2283 861; x_wconf 89' lang='lat' dir='ltr'><em>Fidelis</em></span> <span class='ocrx_word' id='word_1_607' title='bbox 2305 836 2415 862; x_wconf 90' lang='lat' dir='ltr'><em>autem</em></span> <span class='ocrx_word' id='word_1_608' title='bbox 2438 840 2496 872; x_wconf 90' lang='lat' dir='ltr'><em>per</em></span> 
     </span>
     <span class='ocr_line' id='line_1_84' title="bbox 1417 871 2493 915; baseline 0.005 -13"><span class='ocrx_word' id='word_1_609' title='bbox 1417 871 1564 902; x_wconf 90' lang='lat' dir='ltr'><em>medium</em></span> <span class='ocrx_word' id='word_1_610' title='bbox 1587 882 1605 902; x_wconf 89' lang='lat' dir='ltr'><em>a</em></span> <span class='ocrx_word' id='word_1_611' title='bbox 1629 871 1738 902; x_wconf 93' lang='lat' dir='ltr'><em>divina</em></span> <span class='ocrx_word' id='word_1_612' title='bbox 1753 872 1951 903; x_wconf 88' lang='lat' dir='ltr'><em>revelatione</em></span> <span class='ocrx_word' id='word_1_613' title='bbox 1966 878 2145 913; x_wconf 90' lang='lat' dir='ltr'><em>sumptum,</em></span> <span class='ocrx_word' id='word_1_614' title='bbox 2162 879 2241 914; x_wconf 91' lang='lat' dir='ltr'><em>puta</em></span> <span class='ocrx_word' id='word_1_615' title='bbox 2260 876 2336 915; x_wconf 91' lang='lat' dir='ltr'><em>quia</em></span> <span class='ocrx_word' id='word_1_616' title='bbox 2360 875 2445 907; x_wconf 93' lang='lat' dir='ltr'><em>cedit</em></span> <span class='ocrx_word' id='word_1_617' title='bbox 2461 876 2493 906; x_wconf 93' lang='lat' dir='ltr'><em>in</em></span> 
     </span>
     <span class='ocr_line' id='line_1_85' title="bbox 1416 915 2280 958; baseline 0.003 -12"><span class='ocrx_word' id='word_1_618' title='bbox 1416 916 1552 957; x_wconf 88' lang='lat' dir='ltr'><em>gloriam</em></span> <span class='ocrx_word' id='word_1_619' title='bbox 1577 916 1649 953; x_wconf 90' lang='lat' dir='ltr'><em>Dei,</em></span> <span class='ocrx_word' id='word_1_620' title='bbox 1674 915 1766 957; x_wconf 91' lang='lat' dir='ltr'><em>quod</em></span> <span class='ocrx_word' id='word_1_621' title='bbox 1789 926 1827 947; x_wconf 87' lang='lat' dir='ltr'><em>ex</em></span> <span class='ocrx_word' id='word_1_622' title='bbox 1852 916 2024 958; x_wconf 88' lang='lat' dir='ltr'><em>Scripturis</em></span> <span class='ocrx_word' id='word_1_623' title='bbox 2048 917 2280 949; x_wconf 87' lang='lat' dir='ltr'><em>manifestatur.</em></span> 
     </span>
    </p>

    <p class='ocr_par' dir='ltr' id='par_1_17' title="bbox 1415 960 2495 1495">
     <span class='ocr_line' id='line_1_86' title="bbox 1472 960 2494 1005; baseline 0.005 -14"><span class='ocrx_word' id='word_1_624' title='bbox 1472 971 1504 1001; x_wconf 93' lang='lat'><em>4.</em></span> <span class='ocrx_word' id='word_1_625' title='bbox 1530 960 1623 992; x_wconf 89' lang='lat' dir='ltr'><em>Circa</em></span> <span class='ocrx_word' id='word_1_626' title='bbox 1641 961 1850 993; x_wconf 88' lang='lat' dir='ltr'><em>corollarium</em></span> <span class='ocrx_word' id='word_1_627' title='bbox 1866 962 1963 993; x_wconf 90' lang='lat' dir='ltr'><em>huius</em></span> <span class='ocrx_word' id='word_1_628' title='bbox 1979 963 2087 1003; x_wconf 88' lang='lat' dir='ltr'><em>partis,</em></span> <span class='ocrx_word' id='word_1_629' title='bbox 2100 962 2282 993; x_wconf 91' lang='lat' dir='ltr'><em>notandum</em></span> <span class='ocrx_word' id='word_1_630' title='bbox 2295 964 2387 1005; x_wconf 89' lang='lat' dir='ltr'><em>quod</em></span> <span class='ocrx_word' id='word_1_631' title='bbox 2401 965 2494 996; x_wconf 89' lang='lat' dir='ltr'><em>theo-</em></span> 
     </span>
     <span class='ocr_line' id='line_1_87' title="bbox 1417 1006 2495 1049; baseline 0.005 -13"><span class='ocrx_word' id='word_1_632' title='bbox 1417 1006 1502 1047; x_wconf 88' lang='lat' dir='ltr'><em>logia</em></span> <span class='ocrx_word' id='word_1_633' title='bbox 1530 1016 1547 1036; x_wconf 93' lang='lat' dir='ltr'><em>a</em></span> <span class='ocrx_word' id='word_1_634' title='bbox 1575 1006 1795 1047; x_wconf 86' lang='lat' dir='ltr'><em>metaphysica</em></span> <span class='ocrx_word' id='word_1_635' title='bbox 1821 1006 1935 1044; x_wconf 82' lang='lat' dir='ltr'><em>differt,</em></span> <span class='ocrx_word' id='word_1_636' title='bbox 1961 1007 2037 1048; x_wconf 87' lang='lat' dir='ltr'><em>quia</em></span> <span class='ocrx_word' id='word_1_637' title='bbox 2067 1008 2289 1049; x_wconf 87' lang='lat' dir='ltr'><em>metaphysica</em></span> <span class='ocrx_word' id='word_1_638' title='bbox 2313 1009 2495 1041; x_wconf 87' lang='lat' dir='ltr'><em>considerat</em></span> 
     </span>
     <span class='ocr_line' id='line_1_88' title="bbox 1417 1050 2495 1093; baseline 0.004 -12"><span class='ocrx_word' id='word_1_639' title='bbox 1417 1050 1551 1091; x_wconf 91' lang='lat' dir='ltr'><em>quidem</em></span> <span class='ocrx_word' id='word_1_640' title='bbox 1568 1050 1608 1081; x_wconf 93' lang='lat' dir='ltr'><em>de</em></span> <span class='ocrx_word' id='word_1_641' title='bbox 1633 1051 1704 1082; x_wconf 93' lang='lat' dir='ltr'><em>Deo</em></span> <span class='ocrx_word' id='word_1_642' title='bbox 1729 1057 1761 1082; x_wconf 92' lang='lat' dir='ltr'><em>et</em></span> <span class='ocrx_word' id='word_1_643' title='bbox 1784 1052 1970 1082; x_wconf 88' lang='lat' dir='ltr'><em>substantiis</em></span> <span class='ocrx_word' id='word_1_644' title='bbox 1993 1053 2157 1093; x_wconf 89' lang='lat' dir='ltr'><em>separatis,</em></span> <span class='ocrx_word' id='word_1_645' title='bbox 2174 1062 2243 1083; x_wconf 93' lang='lat' dir='ltr'><em>non</em></span> <span class='ocrx_word' id='word_1_646' title='bbox 2258 1057 2369 1084; x_wconf 87' lang='lat' dir='ltr'><em>tamen</em></span> <span class='ocrx_word' id='word_1_647' title='bbox 2385 1055 2495 1085; x_wconf 87' lang='lat' dir='ltr'><em>omnia</em></span> 
     </span>
     <span class='ocr_line' id='line_1_89' title="bbox 1417 1095 2494 1139; baseline 0.004 -13"><span class='ocrx_word' id='word_1_648' title='bbox 1417 1095 1619 1126; x_wconf 90' lang='lat' dir='ltr'><em>considerata</em></span> <span class='ocrx_word' id='word_1_649' title='bbox 1649 1105 1667 1126; x_wconf 94' lang='lat' dir='ltr'><em>a</em></span> <span class='ocrx_word' id='word_1_650' title='bbox 1697 1096 1922 1138; x_wconf 88' lang='lat' dir='ltr'><em>metaphysico</em></span> <span class='ocrx_word' id='word_1_651' title='bbox 1946 1097 2126 1138; x_wconf 87' lang='lat' dir='ltr'><em>probantur</em></span> <span class='ocrx_word' id='word_1_652' title='bbox 2149 1106 2207 1137; x_wconf 89' lang='lat' dir='ltr'><em>per</em></span> <span class='ocrx_word' id='word_1_653' title='bbox 2229 1097 2334 1138; x_wconf 90' lang='lat' dir='ltr'><em>ipsam</em></span> <span class='ocrx_word' id='word_1_654' title='bbox 2356 1099 2494 1139; x_wconf 85' lang='lat' dir='ltr'><em>primam</em></span> 
     </span>
     <span class='ocr_line' id='line_1_90' title="bbox 1417 1141 2495 1183; baseline 0.003 -12"><span class='ocrx_word' id='word_1_655' title='bbox 1417 1150 1563 1171; x_wconf 90' lang='lat' dir='ltr'><em>causam:</em></span> <span class='ocrx_word' id='word_1_656' title='bbox 1595 1141 1762 1181; x_wconf 87' lang='lat' dir='ltr'><em>theologia</em></span> <span class='ocrx_word' id='word_1_657' title='bbox 1792 1147 1901 1172; x_wconf 91' lang='lat' dir='ltr'><em>autem</em></span> <span class='ocrx_word' id='word_1_658' title='bbox 1926 1142 1969 1173; x_wconf 91' lang='lat' dir='ltr'><em>ita</em></span> <span class='ocrx_word' id='word_1_659' title='bbox 1992 1141 2032 1172; x_wconf 91' lang='lat' dir='ltr'><em>de</em></span> <span class='ocrx_word' id='word_1_660' title='bbox 2060 1142 2164 1183; x_wconf 92' lang='lat' dir='ltr'><em>prima</em></span> <span class='ocrx_word' id='word_1_661' title='bbox 2191 1152 2287 1173; x_wconf 88' lang='lat' dir='ltr'><em>causa</em></span> <span class='ocrx_word' id='word_1_662' title='bbox 2314 1142 2495 1174; x_wconf 90' lang='lat' dir='ltr'><em>considerat</em></span> 
     </span>
     <span class='ocr_line' id='line_1_91' title="bbox 1417 1185 2493 1228; baseline 0.004 -13"><span class='ocrx_word' id='word_1_663' title='bbox 1417 1185 1507 1226; x_wconf 89' lang='lat' dir='ltr'><em>quod</em></span> <span class='ocrx_word' id='word_1_664' title='bbox 1541 1191 1573 1216; x_wconf 90' lang='lat' dir='ltr'><em>et</em></span> <span class='ocrx_word' id='word_1_665' title='bbox 1603 1185 1899 1217; x_wconf 89' lang='lat' dir='ltr'><em>considerationem</em></span> <span class='ocrx_word' id='word_1_666' title='bbox 1933 1196 2033 1228; x_wconf 89' lang='lat' dir='ltr'><em>quam</em></span> <span class='ocrx_word' id='word_1_667' title='bbox 2061 1186 2101 1217; x_wconf 88' lang='lat' dir='ltr'><em>de</em></span> <span class='ocrx_word' id='word_1_668' title='bbox 2133 1187 2285 1218; x_wconf 88' lang='lat' dir='ltr'><em>creaturis</em></span> <span class='ocrx_word' id='word_1_669' title='bbox 2318 1188 2425 1225; x_wconf 90' lang='lat' dir='ltr'><em>habet,</em></span> <span class='ocrx_word' id='word_1_670' title='bbox 2460 1189 2493 1220; x_wconf 88' lang='lat' dir='ltr'><em>in</em></span> 
     </span>
     <span class='ocr_line' id='line_1_92' title="bbox 1415 1230 2494 1273; baseline 0.004 -13"><span class='ocrx_word' id='word_1_671' title='bbox 1415 1230 1520 1270; x_wconf 89' lang='lat' dir='ltr'><em>ipsam</em></span> <span class='ocrx_word' id='word_1_672' title='bbox 1543 1230 1682 1270; x_wconf 88' lang='lat' dir='ltr'><em>primam</em></span> <span class='ocrx_word' id='word_1_673' title='bbox 1698 1240 1829 1261; x_wconf 90' lang='lat' dir='ltr'><em>causam</em></span> <span class='ocrx_word' id='word_1_674' title='bbox 1845 1231 1992 1269; x_wconf 90' lang='lat' dir='ltr'><em>resolvit;</em></span> <span class='ocrx_word' id='word_1_675' title='bbox 2013 1231 2053 1262; x_wconf 91' lang='lat' dir='ltr'><em>de</em></span> <span class='ocrx_word' id='word_1_676' title='bbox 2070 1241 2135 1272; x_wconf 91' lang='lat' dir='ltr'><em>qua</em></span> <span class='ocrx_word' id='word_1_677' title='bbox 2160 1233 2256 1263; x_wconf 89' lang='lat' dir='ltr'><em>etiarn</em></span> <span class='ocrx_word' id='word_1_678' title='bbox 2273 1242 2311 1263; x_wconf 90' lang='lat' dir='ltr'><em>ea</em></span> <span class='ocrx_word' id='word_1_679' title='bbox 2335 1242 2418 1273; x_wconf 90' lang='lat' dir='ltr'><em>quae</em></span> <span class='ocrx_word' id='word_1_680' title='bbox 2434 1233 2494 1264; x_wconf 91' lang='lat' dir='ltr'><em>soli</em></span> 
     </span>
     <span class='ocr_line' id='line_1_93' title="bbox 1416 1274 2494 1318; baseline 0.004 -13"><span class='ocrx_word' id='word_1_681' title='bbox 1416 1275 1488 1306; x_wconf 87' lang='lat' dir='ltr'><em>Deo</em></span> <span class='ocrx_word' id='word_1_682' title='bbox 1504 1274 1544 1306; x_wconf 92' lang='lat' dir='ltr'><em>de</em></span> <span class='ocrx_word' id='word_1_683' title='bbox 1561 1275 1669 1316; x_wconf 90' lang='lat' dir='ltr'><em>seipso</em></span> <span class='ocrx_word' id='word_1_684' title='bbox 1686 1276 1816 1316; x_wconf 83' lang='lat' dir='ltr'><em>cognita</em></span> <span class='ocrx_word' id='word_1_685' title='bbox 1832 1282 1908 1308; x_wconf 89' lang='lat' dir='ltr'><em>sunt</em></span> <span class='ocrx_word' id='word_1_686' title='bbox 1922 1275 2125 1313; x_wconf 85' lang='lat' dir='ltr'><em>determinat,</em></span> <span class='ocrx_word' id='word_1_687' title='bbox 2138 1282 2175 1308; x_wconf 92' lang='lat' dir='ltr'><em>ut</em></span> <span class='ocrx_word' id='word_1_688' title='bbox 2189 1286 2248 1318; x_wconf 91' lang='lat' dir='ltr'><em>per</em></span> <span class='ocrx_word' id='word_1_689' title='bbox 2262 1278 2494 1309; x_wconf 87' lang='lat' dir='ltr'><em>revelationem</em></span> 
     </span>
     <span class='ocr_line' id='line_1_94' title="bbox 1416 1319 2494 1363; baseline 0.004 -13"><span class='ocrx_word' id='word_1_690' title='bbox 1416 1325 1491 1350; x_wconf 90' lang='lat' dir='ltr'><em>sunt</em></span> <span class='ocrx_word' id='word_1_691' title='bbox 1511 1320 1652 1360; x_wconf 87' lang='lat' dir='ltr'><em>cognita,</em></span> <span class='ocrx_word' id='word_1_692' title='bbox 1669 1325 1705 1350; x_wconf 93' lang='lat' dir='ltr'><em>ut</em></span> <span class='ocrx_word' id='word_1_693' title='bbox 1721 1319 1838 1351; x_wconf 90' lang='lat' dir='ltr'><em>dicitur</em></span> <span class='ocrx_word' id='word_1_694' title='bbox 1853 1321 1960 1352; x_wconf 90' lang='lat' dir='ltr'><em>Prima</em></span> <span class='ocrx_word' id='word_1_695' title='bbox 1975 1321 2079 1358; x_wconf 88' lang='lat' dir='ltr'><em>Parte,</em></span> <span class='ocrx_word' id='word_1_696' title='bbox 2096 1331 2128 1363; x_wconf 91' lang='lat' dir='ltr'><em>q.</em></span> <span class='ocrx_word' id='word_1_697' title='bbox 2145 1332 2166 1359; x_wconf 84' lang='lat' dir='ltr'><em>r,</em></span> <span class='ocrx_word' id='word_1_698' title='bbox 2183 1332 2211 1353; x_wconf 88' lang='lat' dir='ltr'><em>a.</em></span> <span class='ocrx_word' id='word_1_699' title='bbox 2229 1322 2260 1353; x_wconf 90' lang='lat'><em>6.</em></span> <span class='ocrx_word' id='word_1_700' title='bbox 2286 1322 2382 1354; x_wconf 89' lang='lat' dir='ltr'><em>Unde</em></span> <span class='ocrx_word' id='word_1_701' title='bbox 2398 1328 2446 1354; x_wconf 87' lang='lat' dir='ltr'><em>est</em></span> <span class='ocrx_word' id='word_1_702' title='bbox 2460 1324 2494 1354; x_wconf 89' lang='lat' dir='ltr'><em>in</em></span> 
     </span>
     <span class='ocr_line' id='line_1_95' title="bbox 1416 1364 2494 1408; baseline 0.004 -13"><span class='ocrx_word' id='word_1_703' title='bbox 1416 1364 1582 1405; x_wconf 86' lang='lat' dir='ltr'><em>theologia</em></span> <span class='ocrx_word' id='word_1_704' title='bbox 1598 1365 1811 1396; x_wconf 88' lang='lat' dir='ltr'><em>universalior</em></span> <span class='ocrx_word' id='word_1_705' title='bbox 1822 1365 1862 1397; x_wconf 93' lang='lat' dir='ltr'><em>de</em></span> <span class='ocrx_word' id='word_1_706' title='bbox 1877 1367 1982 1407; x_wconf 89' lang='lat' dir='ltr'><em>prima</em></span> <span class='ocrx_word' id='word_1_707' title='bbox 1998 1376 2095 1398; x_wconf 88' lang='lat' dir='ltr'><em>causa</em></span> <span class='ocrx_word' id='word_1_708' title='bbox 2111 1366 2328 1398; x_wconf 88' lang='lat' dir='ltr'><em>consideratio</em></span> <span class='ocrx_word' id='word_1_709' title='bbox 2345 1377 2445 1408; x_wconf 90' lang='lat' dir='ltr'><em>quam</em></span> <span class='ocrx_word' id='word_1_710' title='bbox 2460 1368 2494 1399; x_wconf 89' lang='lat' dir='ltr'><em>in</em></span> 
     </span>
     <span class='ocr_line' id='line_1_96' title="bbox 1416 1410 2494 1454; baseline 0.004 -14"><span class='ocrx_word' id='word_1_711' title='bbox 1416 1410 1647 1451; x_wconf 88' lang='lat' dir='ltr'><em>metaphysica.</em></span> <span class='ocrx_word' id='word_1_712' title='bbox 1672 1410 1807 1451; x_wconf 90' lang='lat' dir='ltr'><em>Propter</em></span> <span class='ocrx_word' id='word_1_713' title='bbox 1823 1411 1887 1442; x_wconf 91' lang='lat' dir='ltr'><em>hoc</em></span> <span class='ocrx_word' id='word_1_714' title='bbox 1904 1417 1952 1442; x_wconf 90' lang='lat' dir='ltr'><em>est</em></span> <span class='ocrx_word' id='word_1_715' title='bbox 1972 1412 2074 1452; x_wconf 87' lang='lat' dir='ltr'><em>magis</em></span> <span class='ocrx_word' id='word_1_716' title='bbox 2090 1411 2188 1452; x_wconf 89' lang='lat' dir='ltr'><em>digna</em></span> <span class='ocrx_word' id='word_1_717' title='bbox 2209 1413 2344 1444; x_wconf 89' lang='lat' dir='ltr'><em>nomine</em></span> <span class='ocrx_word' id='word_1_718' title='bbox 2367 1413 2494 1454; x_wconf 85' lang='lat' dir='ltr'><em>sapien·</em></span> 
     </span>
     <span class='ocr_line' id='line_1_97' title="bbox 1415 1454 2442 1495; baseline 0.003 -10"><span class='ocrx_word' id='word_1_719' title='bbox 1415 1455 1489 1491; x_wconf 88' lang='lat' dir='ltr'><em>tiae,</em></span> <span class='ocrx_word' id='word_1_720' title='bbox 1509 1454 1548 1485; x_wconf 92' lang='lat' dir='ltr'><em>ad</em></span> <span class='ocrx_word' id='word_1_721' title='bbox 1574 1464 1674 1495; x_wconf 90' lang='lat' dir='ltr'><em>quam</em></span> <span class='ocrx_word' id='word_1_722' title='bbox 1697 1455 1837 1495; x_wconf 87' lang='lat' dir='ltr'><em>pertinet</em></span> <span class='ocrx_word' id='word_1_723' title='bbox 1860 1456 2047 1487; x_wconf 89' lang='lat' dir='ltr'><em>altissimam</em></span> <span class='ocrx_word' id='word_1_724' title='bbox 2072 1466 2203 1488; x_wconf 88' lang='lat' dir='ltr'><em>causam</em></span> <span class='ocrx_word' id='word_1_725' title='bbox 2227 1457 2442 1489; x_wconf 89' lang='lat' dir='ltr'><em>considerare.</em></span> 
     </span>
    </p>

    <p class='ocr_par' dir='ltr' id='par_1_18' title="bbox 1410 1499 2496 1991">
     <span class='ocr_line' id='line_1_98' title="bbox 1472 1499 2494 1543; baseline 0.004 -13"><span class='ocrx_word' id='word_1_726' title='bbox 1472 1499 1524 1530; x_wconf 91' lang='lat'><em>111.</em></span> <span class='ocrx_word' id='word_1_727' title='bbox 1549 1499 1718 1539; x_wconf 89' lang='lat' dir='ltr'><em>Quantum</em></span> <span class='ocrx_word' id='word_1_728' title='bbox 1736 1499 1776 1531; x_wconf 87' lang='lat' dir='ltr'><em>ad</em></span> <span class='ocrx_word' id='word_1_729' title='bbox 1795 1500 1977 1532; x_wconf 90' lang='lat' dir='ltr'><em>secundum</em></span> <span class='ocrx_word' id='word_1_730' title='bbox 1993 1502 2020 1539; x_wconf 72' lang='lat'><em>*,</em></span> <span class='ocrx_word' id='word_1_731' title='bbox 2038 1502 2172 1542; x_wconf 91' lang='lat' dir='ltr'><em>ponitur</em></span> <span class='ocrx_word' id='word_1_732' title='bbox 2187 1501 2308 1543; x_wconf 89' lang='lat' dir='ltr'><em>duplex</em></span> <span class='ocrx_word' id='word_1_733' title='bbox 2325 1502 2494 1534; x_wconf 87' lang='lat' dir='ltr'><em>conclusio</em></span> 
     </span>
     <span class='ocr_line' id='line_1_99' title="bbox 1415 1545 2496 1589; baseline 0.004 -14"><span class='ocrx_word' id='word_1_734' title='bbox 1415 1554 1556 1585; x_wconf 92' lang='lat' dir='ltr'><em>sequens</em></span> <span class='ocrx_word' id='word_1_735' title='bbox 1580 1554 1618 1575; x_wconf 82' lang='lat' dir='ltr'><em>ex</em></span> <span class='ocrx_word' id='word_1_736' title='bbox 1642 1545 1836 1585; x_wconf 88' lang='lat' dir='ltr'><em>praemissis.</em></span> <span class='ocrx_word' id='word_1_737' title='bbox 1865 1545 1971 1577; x_wconf 86' lang='lat' dir='ltr'><em>Prima</em></span> <span class='ocrx_word' id='word_1_738' title='bbox 1995 1552 2056 1577; x_wconf 90' lang='lat' dir='ltr'><em>est:</em></span> <span class='ocrx_word' id='word_1_739' title='bbox 2089 1546 2179 1577; x_wconf 80' lang='lat' dir='ltr'><em>Huic</em></span> <span class='ocrx_word' id='word_1_740' title='bbox 2208 1547 2373 1583; x_wconf 84' lang='lat' dir='ltr'><em>scientiae,</em></span> <span class='ocrx_word' id='word_1_741' title='bbox 2401 1548 2496 1589; x_wconf 77' lang='lat' dir='ltr'><em>quasi</em></span> 
     </span>
     <span class='ocr_line' id='line_1_100' title="bbox 1410 1589 2495 1631; baseline 0.003 -11"><span class='ocrx_word' id='word_1_742' title='bbox 1410 1589 1600 1631; x_wconf 84' lang='lat' dir='ltr'><em>principali,</em></span> <span class='ocrx_word' id='word_1_743' title='bbox 1620 1590 1830 1631; x_wconf 79' lang='lat' dir='ltr'><em>philosophia</em></span> <span class='ocrx_word' id='word_1_744' title='bbox 1853 1591 1998 1622; x_wconf 86' lang='lat' dir='ltr'><em>humana</em></span> <span class='ocrx_word' id='word_1_745' title='bbox 2021 1591 2171 1622; x_wconf 74' lang='lat' dir='ltr'><em>deservit.</em></span> <span class='ocrx_word' id='word_1_746' title='bbox 2203 1591 2361 1623; x_wconf 85' lang='lat' dir='ltr'><em>Probatur</em></span> <span class='ocrx_word' id='word_1_747' title='bbox 2384 1601 2423 1623; x_wconf 82' lang='lat' dir='ltr'><em>ex</em></span> <span class='ocrx_word' id='word_1_748' title='bbox 2453 1593 2495 1624; x_wconf 89' lang='lat' dir='ltr'><em>si-</em></span> 
     </span>
     <span class='ocr_line' id='line_1_101' title="bbox 1416 1634 2495 1677; baseline 0.004 -12"><span class='ocrx_word' id='word_1_749' title='bbox 1416 1634 1614 1666; x_wconf 89' lang='lat' dir='ltr'><em>militudine:</em></span> <span class='ocrx_word' id='word_1_750' title='bbox 1632 1635 1708 1675; x_wconf 88' lang='lat' dir='ltr'><em>quia</em></span> <span class='ocrx_word' id='word_1_751' title='bbox 1725 1640 1756 1666; x_wconf 91' lang='lat' dir='ltr'><em>et</em></span> <span class='ocrx_word' id='word_1_752' title='bbox 1772 1635 1877 1666; x_wconf 90' lang='lat' dir='ltr'><em>Prima</em></span> <span class='ocrx_word' id='word_1_753' title='bbox 1890 1635 2100 1677; x_wconf 89' lang='lat' dir='ltr'><em>Philosophia</em></span> <span class='ocrx_word' id='word_1_754' title='bbox 2112 1637 2214 1667; x_wconf 91' lang='lat' dir='ltr'><em>utitur</em></span> <span class='ocrx_word' id='word_1_755' title='bbox 2225 1637 2376 1668; x_wconf 87' lang='lat' dir='ltr'><em>omnium</em></span> <span class='ocrx_word' id='word_1_756' title='bbox 2392 1637 2495 1669; x_wconf 82' lang='lat' dir='ltr'><em>scien·</em></span> 
     </span>
     <span class='ocr_line' id='line_1_102' title="bbox 1417 1679 2494 1722; baseline 0.004 -12"><span class='ocrx_word' id='word_1_757' title='bbox 1417 1680 1534 1710; x_wconf 89' lang='lat' dir='ltr'><em>tiarum</em></span> <span class='ocrx_word' id='word_1_758' title='bbox 1558 1679 1764 1710; x_wconf 89' lang='lat' dir='ltr'><em>documentis</em></span> <span class='ocrx_word' id='word_1_759' title='bbox 1788 1680 1828 1711; x_wconf 93' lang='lat' dir='ltr'><em>ad</em></span> <span class='ocrx_word' id='word_1_760' title='bbox 1852 1690 1949 1712; x_wconf 91' lang='lat' dir='ltr'><em>suum</em></span> <span class='ocrx_word' id='word_1_761' title='bbox 1973 1682 2190 1722; x_wconf 89' lang='lat' dir='ltr'><em>propositum.</em></span> <span class='ocrx_word' id='word_1_762' title='bbox 2207 1699 2229 1704; x_wconf 88' lang='lat'><em>-</em></span> <span class='ocrx_word' id='word_1_763' title='bbox 2248 1681 2494 1714; x_wconf 85' lang='lat' dir='ltr'><em>Advertendum</em></span> 
     </span>
     <span class='ocr_line' id='line_1_103' title="bbox 1417 1724 2494 1767; baseline 0.003 -12"><span class='ocrx_word' id='word_1_764' title='bbox 1417 1730 1536 1761; x_wconf 90' lang='lat' dir='ltr'><em>autem,</em></span> <span class='ocrx_word' id='word_1_765' title='bbox 1554 1734 1591 1756; x_wconf 89' lang='lat' dir='ltr'><em>ex</em></span> <span class='ocrx_word' id='word_1_766' title='bbox 1617 1724 1763 1755; x_wconf 92' lang='lat' dir='ltr'><em>doctrina</em></span> <span class='ocrx_word' id='word_1_767' title='bbox 1788 1724 1896 1756; x_wconf 87' lang='lat' dir='ltr'><em>Sancti</em></span> <span class='ocrx_word' id='word_1_768' title='bbox 1913 1725 2063 1756; x_wconf 88' lang='lat' dir='ltr'><em>Thomae</em></span> <span class='ocrx_word' id='word_1_769' title='bbox 2087 1725 2203 1763; x_wconf 71' lang='lat' dir='ltr'><em>Prima,</em></span> <span class='ocrx_word' id='word_1_770' title='bbox 2224 1735 2257 1767; x_wconf 92' lang='lat' dir='ltr'><em>q.</em></span> <span class='ocrx_word' id='word_1_771' title='bbox 2275 1737 2295 1763; x_wconf 90' lang='lat'><em>1,</em></span> <span class='ocrx_word' id='word_1_772' title='bbox 2312 1737 2340 1757; x_wconf 89' lang='lat' dir='ltr'><em>a.</em></span> <span class='ocrx_word' id='word_1_773' title='bbox 2362 1728 2389 1764; x_wconf 88' lang='lat'><em>5,</em></span> <span class='ocrx_word' id='word_1_774' title='bbox 2406 1726 2447 1758; x_wconf 90' lang='lat' dir='ltr'><em>ad</em></span> <span class='ocrx_word' id='word_1_775' title='bbox 2464 1737 2494 1764; x_wconf 87' lang='lat'><em>2,</em></span> 
     </span>
     <span class='ocr_line' id='line_1_104' title="bbox 1417 1769 2495 1811; baseline 0.002 -10"><span class='ocrx_word' id='word_1_776' title='bbox 1417 1769 1518 1810; x_wconf 90' lang='lat' dir='ltr'><em>quod,</em></span> <span class='ocrx_word' id='word_1_777' title='bbox 1543 1769 1618 1800; x_wconf 87' lang='lat' dir='ltr'><em>licet</em></span> <span class='ocrx_word' id='word_1_778' title='bbox 1641 1769 1805 1810; x_wconf 87' lang='lat' dir='ltr'><em>theologia</em></span> <span class='ocrx_word' id='word_1_779' title='bbox 1821 1770 1944 1811; x_wconf 87' lang='lat' dir='ltr'><em>aliquid</em></span> <span class='ocrx_word' id='word_1_780' title='bbox 1961 1770 2097 1811; x_wconf 91' lang='lat' dir='ltr'><em>accipiat</em></span> <span class='ocrx_word' id='word_1_781' title='bbox 2113 1771 2153 1801; x_wconf 90' lang='lat' dir='ltr'><em>ab</em></span> <span class='ocrx_word' id='word_1_782' title='bbox 2169 1771 2238 1802; x_wconf 91' lang='lat' dir='ltr'><em>aliis</em></span> <span class='ocrx_word' id='word_1_783' title='bbox 2257 1772 2409 1808; x_wconf 87' lang='lat' dir='ltr'><em>scientiis,</em></span> <span class='ocrx_word' id='word_1_784' title='bbox 2432 1772 2495 1803; x_wconf 87' lang='lat' dir='ltr'><em>hoc</em></span> 
     </span>
     <span class='ocr_line' id='line_1_105' title="bbox 1417 1815 2495 1858; baseline 0.003 -13"><span class='ocrx_word' id='word_1_785' title='bbox 1417 1819 1524 1845; x_wconf 88' lang='lat' dir='ltr'><em>tamen</em></span> <span class='ocrx_word' id='word_1_786' title='bbox 1543 1824 1608 1845; x_wconf 88' lang='lat' dir='ltr'><em>non</em></span> <span class='ocrx_word' id='word_1_787' title='bbox 1625 1819 1672 1845; x_wconf 85' lang='lat' dir='ltr'><em>est</em></span> <span class='ocrx_word' id='word_1_788' title='bbox 1682 1820 1821 1856; x_wconf 84' lang='lat' dir='ltr'><em>propter</em></span> <span class='ocrx_word' id='word_1_789' title='bbox 1832 1815 1992 1857; x_wconf 84' lang='lat' dir='ltr'><em>defectum</em></span> <span class='ocrx_word' id='word_1_790' title='bbox 2010 1820 2042 1846; x_wconf 87' lang='lat' dir='ltr'><em>et</em></span> <span class='ocrx_word' id='word_1_791' title='bbox 2057 1815 2322 1858; x_wconf 83' lang='lat' dir='ltr'><em>insufficientiam</em></span> <span class='ocrx_word' id='word_1_792' title='bbox 2339 1816 2427 1847; x_wconf 84' lang='lat' dir='ltr'><em>eius:</em></span> <span class='ocrx_word' id='word_1_793' title='bbox 2437 1817 2495 1848; x_wconf 82' lang='lat' dir='ltr'><em>sed</em></span> 
     </span>
     <span class='ocr_line' id='line_1_106' title="bbox 1411 1859 2493 1902; baseline 0.004 -13"><span class='ocrx_word' id='word_1_794' title='bbox 1411 1865 1550 1900; x_wconf 88' lang='lat' dir='ltr'><em>propter</em></span> <span class='ocrx_word' id='word_1_795' title='bbox 1572 1859 1734 1901; x_wconf 71' lang='lat' dir='ltr'><em>defectum</em></span> <span class='ocrx_word' id='word_1_796' title='bbox 1759 1859 1941 1891; x_wconf 83' lang='lat' dir='ltr'><em>intellectus</em></span> <span class='ocrx_word' id='word_1_797' title='bbox 1966 1860 2081 1896; x_wconf 86' lang='lat' dir='ltr'><em>nostri,</em></span> <span class='ocrx_word' id='word_1_798' title='bbox 2105 1870 2174 1891; x_wconf 90' lang='lat' dir='ltr'><em>non</em></span> <span class='ocrx_word' id='word_1_799' title='bbox 2198 1860 2333 1892; x_wconf 86' lang='lat' dir='ltr'><em>valentis</em></span> <span class='ocrx_word' id='word_1_800' title='bbox 2357 1870 2395 1892; x_wconf 86' lang='lat' dir='ltr'><em>ea</em></span> <span class='ocrx_word' id='word_1_801' title='bbox 2408 1870 2493 1902; x_wconf 87' lang='lat' dir='ltr'><em>quae</em></span> 
     </span>
     <span class='ocr_line' id='line_1_107' title="bbox 1416 1904 2492 1947; baseline 0.003 -13"><span class='ocrx_word' id='word_1_802' title='bbox 1416 1913 1513 1944; x_wconf 89' lang='lat' dir='ltr'><em>supra</em></span> <span class='ocrx_word' id='word_1_803' title='bbox 1536 1904 1696 1934; x_wconf 88' lang='lat' dir='ltr'><em>rationem</em></span> <span class='ocrx_word' id='word_1_804' title='bbox 1720 1910 1795 1935; x_wconf 91' lang='lat' dir='ltr'><em>sunt</em></span> <span class='ocrx_word' id='word_1_805' title='bbox 1816 1913 1874 1944; x_wconf 88' lang='lat' dir='ltr'><em>per</em></span> <span class='ocrx_word' id='word_1_806' title='bbox 1896 1914 1930 1935; x_wconf 90' lang='lat' dir='ltr'><em>se</em></span> <span class='ocrx_word' id='word_1_807' title='bbox 1954 1905 2142 1945; x_wconf 84' lang='lat' dir='ltr'><em>intelligere,</em></span> <span class='ocrx_word' id='word_1_808' title='bbox 2167 1910 2200 1935; x_wconf 90' lang='lat' dir='ltr'><em>et</em></span> <span class='ocrx_word' id='word_1_809' title='bbox 2222 1905 2279 1946; x_wconf 82' lang='lat' dir='ltr'><em>qui</em></span> <span class='ocrx_word' id='word_1_810' title='bbox 2292 1905 2436 1947; x_wconf 77' lang='lat' dir='ltr'><em>facilius</em></span> <span class='ocrx_word' id='word_1_811' title='bbox 2459 1906 2492 1937; x_wconf 91' lang='lat' dir='ltr'><em>in</em></span> 
     </span>
     <span class='ocr_line' id='line_1_108' title="bbox 1416 1948 2493 1991; baseline 0.004 -13"><span class='ocrx_word' id='word_1_812' title='bbox 1416 1958 1453 1979; x_wconf 88' lang='lat' dir='ltr'><em>ea</em></span> <span class='ocrx_word' id='word_1_813' title='bbox 1469 1958 1511 1979; x_wconf 82' lang='lat' dir='ltr'><em>ex</em></span> <span class='ocrx_word' id='word_1_814' title='bbox 1524 1948 1563 1979; x_wconf 83' lang='lat' dir='ltr'><em>iis</em></span> <span class='ocrx_word' id='word_1_815' title='bbox 1578 1957 1663 1989; x_wconf 84' lang='lat' dir='ltr'><em>quae</em></span> <span class='ocrx_word' id='word_1_816' title='bbox 1678 1949 1827 1979; x_wconf 89' lang='lat' dir='ltr'><em>naturali</em></span> <span class='ocrx_word' id='word_1_817' title='bbox 1843 1949 1972 1980; x_wconf 87' lang='lat' dir='ltr'><em>ratione</em></span> <span class='ocrx_word' id='word_1_818' title='bbox 1988 1954 2235 1991; x_wconf 83' lang='lat' dir='ltr'><em>cognoscuntur</em></span> <span class='ocrx_word' id='word_1_819' title='bbox 2251 1950 2493 1982; x_wconf 79' lang='lat' dir='ltr'><em>manuducitur.</em></span> 
     </span>
    </p>

    <p class='ocr_par' dir='ltr' id='par_1_19' title="bbox 1415 1992 2495 2394">
     <span class='ocr_line' id='line_1_109' title="bbox 1471 1992 2495 2036; baseline 0.003 -12"><span class='ocrx_word' id='word_1_820' title='bbox 1471 1992 1621 2024; x_wconf 86' lang='lat' dir='ltr'><em>Secunda</em></span> <span class='ocrx_word' id='word_1_821' title='bbox 1645 1993 1814 2024; x_wconf 90' lang='lat' dir='ltr'><em>conclusio</em></span> <span class='ocrx_word' id='word_1_822' title='bbox 1838 1999 1901 2024; x_wconf 89' lang='lat' dir='ltr'><em>est:</em></span> <span class='ocrx_word' id='word_1_823' title='bbox 1927 1993 2003 2025; x_wconf 84' lang='lat' dir='ltr'><em>Non</em></span> <span class='ocrx_word' id='word_1_824' title='bbox 2025 1994 2136 2025; x_wconf 85' lang='lat' dir='ltr'><em>eodem</em></span> <span class='ocrx_word' id='word_1_825' title='bbox 2153 1994 2271 2025; x_wconf 81' lang='lat' dir='ltr'><em>ordine</em></span> <span class='ocrx_word' id='word_1_826' title='bbox 2279 1994 2495 2036; x_wconf 78' lang='lat' dir='ltr'><em>philosophus</em></span> 
     </span>
     <span class='ocr_line' id='line_1_110' title="bbox 1415 2038 2494 2079; baseline 0.003 -11"><span class='ocrx_word' id='word_1_827' title='bbox 1415 2043 1447 2068; x_wconf 91' lang='lat' dir='ltr'><em>et</em></span> <span class='ocrx_word' id='word_1_828' title='bbox 1470 2038 1643 2079; x_wconf 79' lang='lat' dir='ltr'><em>theologus</em></span> <span class='ocrx_word' id='word_1_829' title='bbox 1666 2038 1706 2069; x_wconf 83' lang='lat' dir='ltr'><em>de</em></span> <span class='ocrx_word' id='word_1_830' title='bbox 1729 2038 1801 2069; x_wconf 84' lang='lat' dir='ltr'><em>Deo</em></span> <span class='ocrx_word' id='word_1_831' title='bbox 1826 2043 1858 2069; x_wconf 89' lang='lat' dir='ltr'><em>et</em></span> <span class='ocrx_word' id='word_1_832' title='bbox 1879 2039 2042 2070; x_wconf 85' lang='lat' dir='ltr'><em>creaturis</em></span> <span class='ocrx_word' id='word_1_833' title='bbox 2060 2044 2190 2070; x_wconf 80' lang='lat' dir='ltr'><em>tractat.</em></span> <span class='ocrx_word' id='word_1_834' title='bbox 2215 2039 2383 2070; x_wconf 86' lang='lat' dir='ltr'><em>Probatur.</em></span> <span class='ocrx_word' id='word_1_835' title='bbox 2407 2039 2494 2079; x_wconf 86' lang='lat' dir='ltr'><em>Quia</em></span> 
     </span>
     <span class='ocr_line' id='line_1_111' title="bbox 1416 2082 2493 2126; baseline 0.003 -13"><span class='ocrx_word' id='word_1_836' title='bbox 1416 2083 1632 2124; x_wconf 89' lang='lat' dir='ltr'><em>philosophus</em></span> <span class='ocrx_word' id='word_1_837' title='bbox 1656 2083 1746 2123; x_wconf 93' lang='lat' dir='ltr'><em>prius</em></span> <span class='ocrx_word' id='word_1_838' title='bbox 1774 2082 1815 2114; x_wconf 93' lang='lat' dir='ltr'><em>de</em></span> <span class='ocrx_word' id='word_1_839' title='bbox 1845 2084 2009 2120; x_wconf 87' lang='lat' dir='ltr'><em>creaturis,</em></span> <span class='ocrx_word' id='word_1_840' title='bbox 2042 2090 2158 2125; x_wconf 88' lang='lat' dir='ltr'><em>utpote</em></span> <span class='ocrx_word' id='word_1_841' title='bbox 2185 2094 2203 2115; x_wconf 90' lang='lat' dir='ltr'><em>a</em></span> <span class='ocrx_word' id='word_1_842' title='bbox 2233 2084 2354 2125; x_wconf 86' lang='lat' dir='ltr'><em>quibus</em></span> <span class='ocrx_word' id='word_1_843' title='bbox 2381 2085 2493 2126; x_wconf 81' lang='lat' dir='ltr'><em>cogni·</em></span> 
     </span>
     <span class='ocr_line' id='line_1_112' title="bbox 1416 2127 2492 2170; baseline 0.003 -12"><span class='ocrx_word' id='word_1_844' title='bbox 1416 2128 1541 2159; x_wconf 88' lang='lat' dir='ltr'><em>tionem</em></span> <span class='ocrx_word' id='word_1_845' title='bbox 1565 2127 1605 2159; x_wconf 90' lang='lat' dir='ltr'><em>de</em></span> <span class='ocrx_word' id='word_1_846' title='bbox 1630 2127 1701 2159; x_wconf 91' lang='lat' dir='ltr'><em>Deo</em></span> <span class='ocrx_word' id='word_1_847' title='bbox 1718 2128 1814 2168; x_wconf 84' lang='lat' dir='ltr'><em>capit,</em></span> <span class='ocrx_word' id='word_1_848' title='bbox 1831 2127 2033 2166; x_wconf 85' lang='lat' dir='ltr'><em>determinat,</em></span> <span class='ocrx_word' id='word_1_849' title='bbox 2050 2134 2082 2160; x_wconf 90' lang='lat' dir='ltr'><em>et</em></span> <span class='ocrx_word' id='word_1_850' title='bbox 2106 2128 2267 2170; x_wconf 88' lang='lat' dir='ltr'><em>posterius</em></span> <span class='ocrx_word' id='word_1_851' title='bbox 2283 2129 2324 2160; x_wconf 89' lang='lat' dir='ltr'><em>de</em></span> <span class='ocrx_word' id='word_1_852' title='bbox 2347 2129 2435 2161; x_wconf 85' lang='lat' dir='ltr'><em>Deo:</em></span> <span class='ocrx_word' id='word_1_853' title='bbox 2459 2130 2492 2164; x_wconf 76' lang='lat' dir='ltr'><em>iu</em></span> 
     </span>
     <span class='ocr_line' id='line_1_113' title="bbox 1416 2171 2493 2215; baseline 0.002 -11"><span class='ocrx_word' id='word_1_854' title='bbox 1416 2172 1563 2204; x_wconf 89' lang='lat' dir='ltr'><em>doctrina</em></span> <span class='ocrx_word' id='word_1_855' title='bbox 1586 2178 1696 2204; x_wconf 90' lang='lat' dir='ltr'><em>autem</em></span> <span class='ocrx_word' id='word_1_856' title='bbox 1722 2171 1796 2204; x_wconf 81' lang='lat' dir='ltr'><em>fidei</em></span> <span class='ocrx_word' id='word_1_857' title='bbox 1813 2179 1860 2204; x_wconf 88' lang='lat' dir='ltr'><em>est</em></span> <span class='ocrx_word' id='word_1_858' title='bbox 1884 2183 1902 2205; x_wconf 90' lang='lat' dir='ltr'><em>e</em></span> <span class='ocrx_word' id='word_1_859' title='bbox 1926 2175 2099 2210; x_wconf 85' lang='lat' dir='ltr'><em>contrario,</em></span> <span class='ocrx_word' id='word_1_860' title='bbox 2117 2174 2193 2215; x_wconf 89' lang='lat' dir='ltr'><em>quia</em></span> <span class='ocrx_word' id='word_1_861' title='bbox 2217 2183 2286 2205; x_wconf 90' lang='lat' dir='ltr'><em>non</em></span> <span class='ocrx_word' id='word_1_862' title='bbox 2302 2173 2493 2207; x_wconf 80' lang='lat' dir='ltr'><em>determinat</em></span> 
     </span>
     <span class='ocr_line' id='line_1_114' title="bbox 1417 2217 2493 2261; baseline 0.003 -13"><span class='ocrx_word' id='word_1_863' title='bbox 1417 2217 1457 2249; x_wconf 91' lang='lat' dir='ltr'><em>de</em></span> <span class='ocrx_word' id='word_1_864' title='bbox 1473 2218 1626 2249; x_wconf 88' lang='lat' dir='ltr'><em>creaturis</em></span> <span class='ocrx_word' id='word_1_865' title='bbox 1642 2218 1704 2249; x_wconf 90' lang='lat' dir='ltr'><em>nisi</em></span> <span class='ocrx_word' id='word_1_866' title='bbox 1720 2218 1752 2249; x_wconf 92' lang='lat' dir='ltr'><em>in</em></span> <span class='ocrx_word' id='word_1_867' title='bbox 1770 2217 1884 2250; x_wconf 91' lang='lat' dir='ltr'><em>ordine</em></span> <span class='ocrx_word' id='word_1_868' title='bbox 1901 2218 1942 2250; x_wconf 85' lang='lat' dir='ltr'><em>ad</em></span> <span class='ocrx_word' id='word_1_869' title='bbox 1958 2218 2077 2250; x_wconf 88' lang='lat' dir='ltr'><em>Deum.</em></span> <span class='ocrx_word' id='word_1_870' title='bbox 2095 2219 2143 2251; x_wconf 90' lang='lat' dir='ltr'><em>Ex</em></span> <span class='ocrx_word' id='word_1_871' title='bbox 2160 2228 2228 2260; x_wconf 93' lang='lat' dir='ltr'><em>quo</em></span> <span class='ocrx_word' id='word_1_872' title='bbox 2244 2219 2391 2260; x_wconf 89' lang='lat' dir='ltr'><em>sequitur</em></span> <span class='ocrx_word' id='word_1_873' title='bbox 2402 2218 2493 2261; x_wconf 87' lang='lat' dir='ltr'><em>quod</em></span> 
     </span>
     <span class='ocr_line' id='line_1_115' title="bbox 1417 2262 2492 2306; baseline 0.001 -12"><span class='ocrx_word' id='word_1_874' title='bbox 1417 2269 1465 2294; x_wconf 86' lang='lat' dir='ltr'><em>est</em></span> <span class='ocrx_word' id='word_1_875' title='bbox 1481 2263 1661 2304; x_wconf 88' lang='lat' dir='ltr'><em>cognitioni</em></span> <span class='ocrx_word' id='word_1_876' title='bbox 1678 2262 1805 2294; x_wconf 82' lang='lat' dir='ltr'><em>divinae</em></span> <span class='ocrx_word' id='word_1_877' title='bbox 1821 2263 1973 2295; x_wconf 85' lang='lat' dir='ltr'><em>similior:</em></span> <span class='ocrx_word' id='word_1_878' title='bbox 1991 2264 2068 2305; x_wconf 90' lang='lat' dir='ltr'><em>quia</em></span> <span class='ocrx_word' id='word_1_879' title='bbox 2084 2268 2116 2295; x_wconf 90' lang='lat' dir='ltr'><em>et</em></span> <span class='ocrx_word' id='word_1_880' title='bbox 2132 2263 2231 2300; x_wconf 90' lang='lat' dir='ltr'><em>Deus,</em></span> <span class='ocrx_word' id='word_1_881' title='bbox 2248 2263 2328 2295; x_wconf 88' lang='lat' dir='ltr'><em>dum</em></span> <span class='ocrx_word' id='word_1_882' title='bbox 2349 2264 2492 2306; x_wconf 88' lang='lat' dir='ltr'><em>seipsum</em></span> 
     </span>
     <span class='ocr_line' id='line_1_116' title="bbox 1416 2307 2492 2350; baseline 0.001 -11"><span class='ocrx_word' id='word_1_883' title='bbox 1416 2308 1586 2349; x_wconf 90' lang='lat' dir='ltr'><em>cognoscit</em></span> <span class='ocrx_word' id='word_1_884' title='bbox 1611 2314 1646 2339; x_wconf 92' lang='lat' dir='ltr'><em>ut</em></span> <span class='ocrx_word' id='word_1_885' title='bbox 1669 2308 1812 2348; x_wconf 92' lang='lat' dir='ltr'><em>primum</em></span> <span class='ocrx_word' id='word_1_886' title='bbox 1836 2309 2014 2346; x_wconf 87' lang='lat' dir='ltr'><em>obiectum,</em></span> <span class='ocrx_word' id='word_1_887' title='bbox 2038 2309 2100 2340; x_wconf 89' lang='lat' dir='ltr'><em>alia</em></span> <span class='ocrx_word' id='word_1_888' title='bbox 2123 2314 2279 2350; x_wconf 84' lang='lat' dir='ltr'><em>tanquam</em></span> <span class='ocrx_word' id='word_1_889' title='bbox 2303 2307 2492 2341; x_wconf 82' lang='lat' dir='ltr'><em>secundaria</em></span> 
     </span>
     <span class='ocr_line' id='line_1_117' title="bbox 1417 2353 1748 2394; baseline 0 -10"><span class='ocrx_word' id='word_1_890' title='bbox 1417 2353 1544 2384; x_wconf 89' lang='lat' dir='ltr'><em>obiecta</em></span> <span class='ocrx_word' id='word_1_891' title='bbox 1568 2354 1748 2394; x_wconf 87' lang='lat' dir='ltr'><em>cognoscit.</em></span> 
     </span>
    </p>

    <p class='ocr_par' dir='ltr' id='par_1_20' title="bbox 1416 2397 2492 2530">
     <span class='ocr_line' id='line_1_118' title="bbox 1474 2397 2492 2440; baseline 0.002 -12"><span class='ocrx_word' id='word_1_892' title='bbox 1474 2407 1502 2428; x_wconf 90' lang='lat'><em>2.</em></span> <span class='ocrx_word' id='word_1_893' title='bbox 1530 2397 1576 2428; x_wconf 84' lang='lat' dir='ltr'><em>Ex</em></span> <span class='ocrx_word' id='word_1_894' title='bbox 1600 2398 1649 2428; x_wconf 89' lang='lat' dir='ltr'><em>his</em></span> <span class='ocrx_word' id='word_1_895' title='bbox 1673 2398 1790 2429; x_wconf 88' lang='lat' dir='ltr'><em>ultimo</em></span> <span class='ocrx_word' id='word_1_896' title='bbox 1814 2398 2030 2436; x_wconf 89' lang='lat' dir='ltr'><em>concluditur,</em></span> <span class='ocrx_word' id='word_1_897' title='bbox 2048 2404 2123 2439; x_wconf 86' lang='lat' dir='ltr'><em>post</em></span> <span class='ocrx_word' id='word_1_898' title='bbox 2143 2408 2180 2429; x_wconf 89' lang='lat' dir='ltr'><em>ea</em></span> <span class='ocrx_word' id='word_1_899' title='bbox 2196 2408 2280 2440; x_wconf 89' lang='lat' dir='ltr'><em>quae</em></span> <span class='ocrx_word' id='word_1_900' title='bbox 2305 2398 2377 2430; x_wconf 88' lang='lat' dir='ltr'><em>Deo</em></span> <span class='ocrx_word' id='word_1_901' title='bbox 2400 2399 2436 2430; x_wconf 87' lang='lat' dir='ltr'><em>in</em></span> <span class='ocrx_word' id='word_1_902' title='bbox 2458 2408 2492 2430; x_wconf 81' lang='lat' dir='ltr'><em>se</em></span> 
     </span>
     <span class='ocr_line' id='line_1_119' title="bbox 1416 2442 2491 2484; baseline 0.002 -10"><span class='ocrx_word' id='word_1_903' title='bbox 1416 2443 1627 2480; x_wconf 87' lang='lat' dir='ltr'><em>conveniunt,</em></span> <span class='ocrx_word' id='word_1_904' title='bbox 1652 2442 1692 2474; x_wconf 91' lang='lat' dir='ltr'><em>de</em></span> <span class='ocrx_word' id='word_1_905' title='bbox 1717 2443 1837 2484; x_wconf 89' lang='lat' dir='ltr'><em>quibus</em></span> <span class='ocrx_word' id='word_1_906' title='bbox 1860 2444 1893 2474; x_wconf 91' lang='lat' dir='ltr'><em>in</em></span> <span class='ocrx_word' id='word_1_907' title='bbox 1916 2443 2024 2484; x_wconf 91' lang='lat' dir='ltr'><em>primo</em></span> <span class='ocrx_word' id='word_1_908' title='bbox 2048 2443 2131 2475; x_wconf 91' lang='lat' dir='ltr'><em>libro</em></span> <span class='ocrx_word' id='word_1_909' title='bbox 2156 2450 2203 2475; x_wconf 88' lang='lat' dir='ltr'><em>est</em></span> <span class='ocrx_word' id='word_1_910' title='bbox 2231 2443 2491 2481; x_wconf 86' lang='lat' dir='ltr'><em>determinatum,</em></span> 
     </span>
     <span class='ocr_line' id='line_1_120' title="bbox 1417 2487 2398 2530; baseline 0.001 -12"><span class='ocrx_word' id='word_1_911' title='bbox 1417 2497 1487 2519; x_wconf 86' lang='lat' dir='ltr'><em>esse</em></span> <span class='ocrx_word' id='word_1_912' title='bbox 1510 2487 1792 2519; x_wconf 90' lang='lat' dir='ltr'><em>determinandum</em></span> <span class='ocrx_word' id='word_1_913' title='bbox 1812 2487 1852 2519; x_wconf 91' lang='lat' dir='ltr'><em>de</em></span> <span class='ocrx_word' id='word_1_914' title='bbox 1876 2489 1915 2519; x_wconf 89' lang='lat' dir='ltr'><em>iis</em></span> <span class='ocrx_word' id='word_1_915' title='bbox 1939 2498 2023 2529; x_wconf 88' lang='lat' dir='ltr'><em>quae</em></span> <span class='ocrx_word' id='word_1_916' title='bbox 2046 2489 2086 2519; x_wconf 90' lang='lat' dir='ltr'><em>ab</em></span> <span class='ocrx_word' id='word_1_917' title='bbox 2110 2489 2182 2530; x_wconf 89' lang='lat' dir='ltr'><em>ipso</em></span> <span class='ocrx_word' id='word_1_918' title='bbox 2206 2487 2398 2529; x_wconf 89' lang='lat' dir='ltr'><em>procedunt.</em></span> 
     </span>
    </p>

    <p class='ocr_par' dir='ltr' id='par_1_21' title="bbox 1415 2532 2492 2709">
     <span class='ocr_line' id='line_1_121' title="bbox 1473 2532 2492 2575; baseline 0 -11"><span class='ocrx_word' id='word_1_919' title='bbox 1473 2532 1537 2564; x_wconf 87' lang='lat' dir='ltr'><em>Sed</em></span> <span class='ocrx_word' id='word_1_920' title='bbox 1569 2539 1682 2564; x_wconf 86' lang='lat' dir='ltr'><em>contra</em></span> <span class='ocrx_word' id='word_1_921' title='bbox 1711 2533 1958 2564; x_wconf 88' lang='lat' dir='ltr'><em>conclusionem</em></span> <span class='ocrx_word' id='word_1_922' title='bbox 1986 2533 2095 2565; x_wconf 89' lang='lat' dir='ltr'><em>instari</em></span> <span class='ocrx_word' id='word_1_923' title='bbox 2125 2539 2243 2574; x_wconf 90' lang='lat' dir='ltr'><em>potest.</em></span> <span class='ocrx_word' id='word_1_924' title='bbox 2275 2533 2358 2564; x_wconf 91' lang='lat' dir='ltr'><em>Nam</em></span> <span class='ocrx_word' id='word_1_925' title='bbox 2389 2533 2492 2575; x_wconf 85' lang='lat' dir='ltr'><em>prima</em></span> 
     </span>
     <span class='ocr_line' id='line_1_122' title="bbox 1416 2577 2492 2619; baseline 0.002 -11"><span class='ocrx_word' id='word_1_926' title='bbox 1416 2577 1632 2610; x_wconf 90' lang='lat' dir='ltr'><em>consideratio</em></span> <span class='ocrx_word' id='word_1_927' title='bbox 1656 2578 1689 2609; x_wconf 88' lang='lat' dir='ltr'><em>in</em></span> <span class='ocrx_word' id='word_1_928' title='bbox 1713 2578 1809 2609; x_wconf 89' lang='lat' dir='ltr'><em>Sacra</em></span> <span class='ocrx_word' id='word_1_929' title='bbox 1832 2578 1996 2619; x_wconf 86' lang='lat' dir='ltr'><em>Scriptura</em></span> <span class='ocrx_word' id='word_1_930' title='bbox 2012 2588 2080 2610; x_wconf 91' lang='lat' dir='ltr'><em>non</em></span> <span class='ocrx_word' id='word_1_931' title='bbox 2105 2578 2232 2610; x_wconf 88' lang='lat' dir='ltr'><em>videtur</em></span> <span class='ocrx_word' id='word_1_932' title='bbox 2252 2587 2321 2609; x_wconf 89' lang='lat' dir='ltr'><em>esse</em></span> <span class='ocrx_word' id='word_1_933' title='bbox 2345 2577 2386 2609; x_wconf 88' lang='lat' dir='ltr'><em>de</em></span> <span class='ocrx_word' id='word_1_934' title='bbox 2409 2577 2492 2615; x_wconf 91' lang='lat' dir='ltr'><em>Deo,</em></span> 
     </span>
     <span class='ocr_line' id='line_1_123' title="bbox 1415 2622 2492 2664; baseline 0.001 -10"><span class='ocrx_word' id='word_1_935' title='bbox 1415 2622 1472 2654; x_wconf 89' lang='lat' dir='ltr'><em>sed</em></span> <span class='ocrx_word' id='word_1_936' title='bbox 1495 2622 1536 2654; x_wconf 91' lang='lat' dir='ltr'><em>de</em></span> <span class='ocrx_word' id='word_1_937' title='bbox 1560 2623 1724 2654; x_wconf 63' lang='lat' dir='ltr'><em>creaturis</em></span> <span class='ocrx_word' id='word_1_938' title='bbox 1749 2623 1866 2664; x_wconf 88' lang='lat' dir='ltr'><em>Incipit</em></span> <span class='ocrx_word' id='word_1_939' title='bbox 1882 2624 1970 2654; x_wconf 91' lang='lat' dir='ltr'><em>enim</em></span> <span class='ocrx_word' id='word_1_940' title='bbox 1987 2634 2005 2654; x_wconf 91' lang='lat' dir='ltr'><em>a</em></span> <span class='ocrx_word' id='word_1_941' title='bbox 2028 2633 2136 2655; x_wconf 91' lang='lat' dir='ltr'><em>rerum</em></span> <span class='ocrx_word' id='word_1_942' title='bbox 2160 2624 2336 2660; x_wconf 84' lang='lat' dir='ltr'><em>creatione,</em></span> <span class='ocrx_word' id='word_1_943' title='bbox 2352 2628 2389 2655; x_wconf 89' lang='lat' dir='ltr'><em>ut</em></span> <span class='ocrx_word' id='word_1_944' title='bbox 2403 2629 2492 2664; x_wconf 83' lang='lat' dir='ltr'><em>patet</em></span> 
     </span>
     <span class='ocr_line' id='line_1_124' title="bbox 1417 2668 1692 2709; baseline 0 -10"><span class='ocrx_word' id='word_1_945' title='bbox 1417 2668 1552 2699; x_wconf 85' lang='lat' dir='ltr'><em>Genesis</em></span> <span class='ocrx_word' id='word_1_946' title='bbox 1574 2669 1692 2709; x_wconf 89' lang='lat' dir='ltr'><em>primo.</em></span> 
     </span>
    </p>

    <p class='ocr_par' dir='ltr' id='par_1_22' title="bbox 1413 2711 2494 3070">
     <span class='ocr_line' id='line_1_125' title="bbox 1471 2711 2492 2754; baseline 0 -10"><span class='ocrx_word' id='word_1_947' title='bbox 1471 2712 1700 2754; x_wconf 89' lang='lat' dir='ltr'><em>Respondetur</em></span> <span class='ocrx_word' id='word_1_948' title='bbox 1716 2713 1806 2754; x_wconf 90' lang='lat' dir='ltr'><em>quod</em></span> <span class='ocrx_word' id='word_1_949' title='bbox 1824 2713 1954 2754; x_wconf 88' lang='lat' dir='ltr'><em>Moyses</em></span> <span class='ocrx_word' id='word_1_950' title='bbox 1970 2722 2037 2744; x_wconf 91' lang='lat' dir='ltr'><em>non</em></span> <span class='ocrx_word' id='word_1_951' title='bbox 2054 2711 2182 2745; x_wconf 87' lang='lat' dir='ltr'><em>tradidit</em></span> <span class='ocrx_word' id='word_1_952' title='bbox 2203 2712 2384 2744; x_wconf 83' lang='lat' dir='ltr'><em>doctrinam</em></span> <span class='ocrx_word' id='word_1_953' title='bbox 2400 2721 2492 2744; x_wconf 81' lang='lat' dir='ltr'><em>suam</em></span> 
     </span>
     <span class='ocr_line' id='line_1_126' title="bbox 1415 2757 2493 2799; baseline 0 -10"><span class='ocrx_word' id='word_1_954' title='bbox 1415 2757 1517 2789; x_wconf 90' lang='lat' dir='ltr'><em>modo</em></span> <span class='ocrx_word' id='word_1_955' title='bbox 1548 2757 1742 2796; x_wconf 85' lang='lat' dir='ltr'><em>scientifico,</em></span> <span class='ocrx_word' id='word_1_956' title='bbox 1775 2757 1832 2790; x_wconf 87' lang='lat' dir='ltr'><em>sed</em></span> <span class='ocrx_word' id='word_1_957' title='bbox 1865 2764 1901 2789; x_wconf 90' lang='lat' dir='ltr'><em>ut</em></span> <span class='ocrx_word' id='word_1_958' title='bbox 1928 2758 2129 2799; x_wconf 84' lang='lat' dir='ltr'><em>congruebat</em></span> <span class='ocrx_word' id='word_1_959' title='bbox 2158 2758 2197 2789; x_wconf 86' lang='lat' dir='ltr'><em>iis</em></span> <span class='ocrx_word' id='word_1_960' title='bbox 2228 2758 2348 2799; x_wconf 88' lang='lat' dir='ltr'><em>quibus</em></span> <span class='ocrx_word' id='word_1_961' title='bbox 2377 2757 2493 2799; x_wconf 89' lang='lat' dir='ltr'><em>loque-</em></span> 
     </span>
     <span class='ocr_line' id='line_1_127' title="bbox 1415 2802 2492 2844; baseline 0.001 -11"><span class='ocrx_word' id='word_1_962' title='bbox 1415 2802 1517 2834; x_wconf 89' lang='lat' dir='ltr'><em>batur.</em></span> <span class='ocrx_word' id='word_1_963' title='bbox 1542 2803 1630 2842; x_wconf 89' lang='lat' dir='ltr'><em>Quia</em></span> <span class='ocrx_word' id='word_1_964' title='bbox 1652 2804 1741 2835; x_wconf 88' lang='lat' dir='ltr'><em>enim</em></span> <span class='ocrx_word' id='word_1_965' title='bbox 1765 2803 1909 2844; x_wconf 88' lang='lat' dir='ltr'><em>populus</em></span> <span class='ocrx_word' id='word_1_966' title='bbox 1932 2803 2128 2835; x_wconf 86' lang='lat' dir='ltr'><em>ludaeorum</em></span> <span class='ocrx_word' id='word_1_967' title='bbox 2151 2802 2239 2835; x_wconf 90' lang='lat' dir='ltr'><em>rudis</em></span> <span class='ocrx_word' id='word_1_968' title='bbox 2263 2809 2339 2840; x_wconf 88' lang='lat' dir='ltr'><em>erat,</em></span> <span class='ocrx_word' id='word_1_969' title='bbox 2363 2807 2395 2834; x_wconf 90' lang='lat' dir='ltr'><em>et</em></span> <span class='ocrx_word' id='word_1_970' title='bbox 2423 2811 2492 2834; x_wconf 89' lang='lat' dir='ltr'><em>non</em></span> 
     </span>
     <span class='ocr_line' id='line_1_128' title="bbox 1415 2845 2492 2890; baseline 0 -12"><span class='ocrx_word' id='word_1_971' title='bbox 1415 2854 1542 2888; x_wconf 88' lang='lat' dir='ltr'><em>poterat</em></span> <span class='ocrx_word' id='word_1_972' title='bbox 1563 2848 1776 2890; x_wconf 85' lang='lat' dir='ltr'><em>intelligibilia</em></span> <span class='ocrx_word' id='word_1_973' title='bbox 1799 2847 1981 2880; x_wconf 89' lang='lat' dir='ltr'><em>secundum</em></span> <span class='ocrx_word' id='word_1_974' title='bbox 2005 2858 2040 2879; x_wconf 91' lang='lat' dir='ltr'><em>se</em></span> <span class='ocrx_word' id='word_1_975' title='bbox 2063 2857 2179 2889; x_wconf 90' lang='lat' dir='ltr'><em>capere</em></span> <span class='ocrx_word' id='word_1_976' title='bbox 2208 2854 2239 2879; x_wconf 82' lang='lat' dir='ltr'><em>et</em></span> <span class='ocrx_word' id='word_1_977' title='bbox 2269 2847 2388 2884; x_wconf 83' lang='lat' dir='ltr'><em>divina,</em></span> <span class='ocrx_word' id='word_1_978' title='bbox 2417 2845 2492 2879; x_wconf 89' lang='lat' dir='ltr'><em>ideo</em></span> 
     </span>
     <span class='ocr_line' id='line_1_129' title="bbox 1414 2891 2494 2935; baseline 0 -12"><span class='ocrx_word' id='word_1_979' title='bbox 1414 2902 1432 2923; x_wconf 87' lang='lat' dir='ltr'><em>a</em></span> <span class='ocrx_word' id='word_1_980' title='bbox 1455 2893 1660 2925; x_wconf 89' lang='lat' dir='ltr'><em>sensibilibus</em></span> <span class='ocrx_word' id='word_1_981' title='bbox 1684 2894 1844 2934; x_wconf 84' lang='lat' dir='ltr'><em>incoepit:</em></span> <span class='ocrx_word' id='word_1_982' title='bbox 1868 2894 1929 2924; x_wconf 85' lang='lat' dir='ltr'><em>sub</em></span> <span class='ocrx_word' id='word_1_983' title='bbox 1953 2894 2072 2935; x_wconf 89' lang='lat' dir='ltr'><em>quibus</em></span> <span class='ocrx_word' id='word_1_984' title='bbox 2089 2893 2186 2924; x_wconf 86' lang='lat' dir='ltr'><em>etiam</em></span> <span class='ocrx_word' id='word_1_985' title='bbox 2210 2891 2422 2933; x_wconf 81' lang='lat' dir='ltr'><em>intelligibilia</em></span> <span class='ocrx_word' id='word_1_986' title='bbox 2438 2901 2494 2923; x_wconf 90' lang='lat' dir='ltr'><em>ve-</em></span> 
     </span>
     <span class='ocr_line' id='line_1_130' title="bbox 1413 2936 2492 2980; baseline 0 -12"><span class='ocrx_word' id='word_1_987' title='bbox 1413 2937 1572 2975; x_wconf 86' lang='lat' dir='ltr'><em>labantur,</em></span> <span class='ocrx_word' id='word_1_988' title='bbox 1597 2948 1680 2979; x_wconf 91' lang='lat' dir='ltr'><em>quae</em></span> <span class='ocrx_word' id='word_1_989' title='bbox 1705 2944 1856 2980; x_wconf 86' lang='lat' dir='ltr'><em>poterant</em></span> <span class='ocrx_word' id='word_1_990' title='bbox 1879 2938 1919 2969; x_wconf 90' lang='lat' dir='ltr'><em>ab</em></span> <span class='ocrx_word' id='word_1_991' title='bbox 1943 2938 2172 2970; x_wconf 86' lang='lat' dir='ltr'><em>eruditioribus</em></span> <span class='ocrx_word' id='word_1_992' title='bbox 2195 2937 2389 2979; x_wconf 85' lang='lat' dir='ltr'><em>investigari.</em></span> <span class='ocrx_word' id='word_1_993' title='bbox 2413 2936 2492 2969; x_wconf 84' lang='lat' dir='ltr'><em>San—</em></span> 
     </span>
     <span class='ocr_line' id='line_1_131' title="bbox 1414 2981 2493 3024; baseline -0.001 -10"><span class='ocrx_word' id='word_1_994' title='bbox 1414 2989 1485 3014; x_wconf 87' lang='lat' dir='ltr'><em>ctus</em></span> <span class='ocrx_word' id='word_1_995' title='bbox 1505 2983 1652 3015; x_wconf 88' lang='lat' dir='ltr'><em>Thomas</em></span> <span class='ocrx_word' id='word_1_996' title='bbox 1668 2989 1778 3014; x_wconf 89' lang='lat' dir='ltr'><em>autem</em></span> <span class='ocrx_word' id='word_1_997' title='bbox 1795 2983 1941 3024; x_wconf 89' lang='lat' dir='ltr'><em>loquitur</em></span> <span class='ocrx_word' id='word_1_998' title='bbox 1958 2983 1998 3014; x_wconf 88' lang='lat' dir='ltr'><em>de</em></span> <span class='ocrx_word' id='word_1_999' title='bbox 2017 2983 2163 3015; x_wconf 90' lang='lat' dir='ltr'><em>doctrina</em></span> <span class='ocrx_word' id='word_1_1000' title='bbox 2179 2981 2255 3014; x_wconf 91' lang='lat' dir='ltr'><em>fidei</em></span> <span class='ocrx_word' id='word_1_1001' title='bbox 2271 2981 2373 3014; x_wconf 92' lang='lat' dir='ltr'><em>modo</em></span> <span class='ocrx_word' id='word_1_1002' title='bbox 2389 2982 2493 3014; x_wconf 87' lang='lat' dir='ltr'><em>scien·</em></span> 
     </span>
     <span class='ocr_line' id='line_1_132' title="bbox 1414 3027 2374 3070; baseline 0 -12"><span class='ocrx_word' id='word_1_1003' title='bbox 1414 3027 1504 3059; x_wconf 85' lang='lat' dir='ltr'><em>tifico</em></span> <span class='ocrx_word' id='word_1_1004' title='bbox 1528 3028 1652 3066; x_wconf 84' lang='lat' dir='ltr'><em>tradita,</em></span> <span class='ocrx_word' id='word_1_1005' title='bbox 1677 3035 1714 3060; x_wconf 88' lang='lat' dir='ltr'><em>ut</em></span> <span class='ocrx_word' id='word_1_1006' title='bbox 1736 3029 1806 3070; x_wconf 87' lang='lat' dir='ltr'><em>ipse</em></span> <span class='ocrx_word' id='word_1_1007' title='bbox 1831 3027 1935 3060; x_wconf 83' lang='lat' dir='ltr'><em>facere</em></span> <span class='ocrx_word' id='word_1_1008' title='bbox 1959 3029 1991 3059; x_wconf 90' lang='lat' dir='ltr'><em>in</em></span> <span class='ocrx_word' id='word_1_1009' title='bbox 2015 3028 2079 3059; x_wconf 90' lang='lat' dir='ltr'><em>hoc</em></span> <span class='ocrx_word' id='word_1_1010' title='bbox 2103 3037 2203 3070; x_wconf 86' lang='lat' dir='ltr'><em>opere</em></span> <span class='ocrx_word' id='word_1_1011' title='bbox 2227 3027 2374 3059; x_wconf 87' lang='lat' dir='ltr'><em>intendit.</em></span> 
     </span>
    </p>
   </div>
   <div class='ocr_carea' id='block_1_11' title="bbox 881 3116 1892 3385">
    <p class='ocr_par' dir='ltr' id='par_1_23' title="bbox 881 3116 1892 3385">
     <span class='ocr_line' id='line_1_133' title="bbox 1117 3116 1656 3161; baseline 0 -19"><span class='ocrx_word' id='word_1_1012' title='bbox 1117 3116 1656 3161; x_wconf 36' lang='grc' dir='ltr'><em>ψ..</em></span> 
     </span>
     <span class='ocr_line' id='line_1_134' title="bbox 881 3230 1892 3311; baseline 0.003 -25"><span class='ocrx_word' id='word_1_1013' title='bbox 881 3230 1421 3288; x_wconf 84' lang='lat' dir='ltr'><strong>CAPITULUM</strong></span> <span class='ocrx_word' id='word_1_1014' title='bbox 1472 3231 1892 3311; x_wconf 80' lang='lat' dir='ltr'><strong>QUINTUM</strong></span> 
     </span>
     <span class='ocr_line' id='line_1_135' title="bbox 1077 3342 1699 3385; baseline 0.005 -3"><span class='ocrx_word' id='word_1_1015' title='bbox 1077 3342 1249 3383; x_wconf 87' lang='lat' dir='ltr'>ORDO</span> <span class='ocrx_word' id='word_1_1016' title='bbox 1284 3343 1699 3385; x_wconf 88' lang='lat' dir='ltr'>DICENDORUM</span> 
     </span>
    </p>
   </div>
   <div class='ocr_carea' id='block_1_12' title="bbox 313 3447 1356 3552">
    <p class='ocr_par' dir='ltr' id='par_1_24' title="bbox 313 3447 1356 3552">
     <span class='ocr_line' id='line_1_136' title="bbox 313 3447 1356 3499; baseline 0 -14"><span class='ocrx_word' id='word_1_1017' title='bbox 313 3482 318 3485; x_wconf 75' lang='grc'><strong><em>,</em></strong></span> <span class='ocrx_word' id='word_1_1018' title='bbox 353 3447 550 3499; x_wconf 46' lang='grc' dir='ltr'><em>ῳῐηὶωτ</em></span> <span class='ocrx_word' id='word_1_1019' title='bbox 583 3456 714 3485; x_wconf 91' lang='lat' dir='ltr'><em>autem</em></span> <span class='ocrx_word' id='word_1_1020' title='bbox 754 3447 816 3485; x_wconf 87' lang='lat' dir='ltr'><em>hic</em></span> <span class='ocrx_word' id='word_1_1021' title='bbox 853 3447 1138 3498; x_wconf 89' lang='lat' dir='ltr'><em>prosecutionis</em></span> <span class='ocrx_word' id='word_1_1022' title='bbox 1175 3448 1285 3494; x_wconf 89' lang='lat' dir='ltr'><em>ordo,</em></span> <span class='ocrx_word' id='word_1_1023' title='bbox 1315 3457 1356 3486; x_wconf 89' lang='lat' dir='ltr'><em>ut</em></span> 
     </span>
     <span class='ocr_line' id='line_1_137' title="bbox 353 3496 1356 3552; baseline 0.004 -17"><span class='ocrx_word' id='word_1_1024' title='bbox 353 3496 376 3535; x_wconf 48' lang='grc' dir='ltr'><em>Ἦ</em></span> <span class='ocrx_word' id='word_1_1025' title='bbox 395 3498 460 3548; x_wconf 58' lang='lat'><em>²11·</em></span> <span class='ocrx_word' id='word_1_1026' title='bbox 509 3501 637 3552; x_wconf 89' lang='lat' dir='ltr'><em>primo</em></span> <span class='ocrx_word' id='word_1_1027' title='bbox 666 3513 828 3550; x_wconf 88' lang='lat' dir='ltr'><em>agamus</em></span> <span class='ocrx_word' id='word_1_1028' title='bbox 856 3501 905 3539; x_wconf 92' lang='lat' dir='ltr'><em>de</em></span> <span class='ocrx_word' id='word_1_1029' title='bbox 934 3501 1191 3552; x_wconf 89' lang='lat' dir='ltr'><em>productione</em></span> <span class='ocrx_word' id='word_1_1030' title='bbox 1225 3513 1356 3539; x_wconf 87' lang='lat' dir='ltr'><em>rerum</em></span> 
     </span>
    </p>
   </div>
   <div class='ocr_carea' id='block_1_13' title="bbox 410 3554 1356 3602">
    <p class='ocr_par' dir='ltr' id='par_1_25' title="bbox 410 3554 1356 3602">
     <span class='ocr_line' id='line_1_138' title="bbox 410 3554 1356 3602; baseline 0 -10"><span class='ocrx_word' id='word_1_1031' title='bbox 410 3567 423 3577; x_wconf 66' lang='lat'><strong>⁴</strong></span> <span class='ocrx_word' id='word_1_1032' title='bbox 511 3554 550 3592; x_wconf 91' lang='lat' dir='ltr'><em>in</em></span> <span class='ocrx_word' id='word_1_1033' title='bbox 579 3567 662 3592; x_wconf 89' lang='lat' dir='ltr'><em>esse</em></span> <span class='ocrx_word' id='word_1_1034' title='bbox 681 3555 719 3600; x_wconf 79' lang='grc' dir='ltr'><em>*ς</em></span> <span class='ocrx_word' id='word_1_1035' title='bbox 759 3555 951 3602; x_wconf 90' lang='lat' dir='ltr'><em>secundo,</em></span> <span class='ocrx_word' id='word_1_1036' title='bbox 982 3555 1031 3592; x_wconf 93' lang='lat' dir='ltr'><em>de</em></span> <span class='ocrx_word' id='word_1_1037' title='bbox 1060 3567 1197 3593; x_wconf 92' lang='lat' dir='ltr'><em>earum</em></span> <span class='ocrx_word' id='word_1_1038' title='bbox 1226 3554 1356 3593; x_wconf 89' lang='lat' dir='ltr'><em>distin-</em></span> 
     </span>
    </p>
   </div>
   <div class='ocr_carea' id='block_1_14' title="bbox 282 3424 493 3629">
    <p class='ocr_par' dir='ltr' id='par_1_26' title="bbox 282 3424 493 3629">
     <span class='ocr_line' id='line_1_139' title="bbox 282 3424 493 3629; baseline 0 0"><span class='ocrx_word' id='word_1_1039' title='bbox 282 3424 493 3629; x_wconf 95' lang='lat' dir='ltr'><em>  </em></span> 
     </span>
    </p>
   </div>
   <div class='ocr_carea' id='block_1_15' title="bbox 1054 3635 1151 3639">
    <p class='ocr_par' dir='ltr' id='par_1_27' title="bbox 1054 3635 1151 3639">
     <span class='ocr_line' id='line_1_140' title="bbox 1054 3635 1151 3639; baseline 0 0"><span class='ocrx_word' id='word_1_1040' title='bbox 1054 3635 1151 3639; x_wconf 95' lang='lat' dir='ltr'><em> </em></span> 
     </span>
    </p>
   </div>
   <div class='ocr_carea' id='block_1_16' title="bbox 1210 3635 1357 3640">
    <p class='ocr_par' dir='ltr' id='par_1_28' title="bbox 1210 3635 1357 3640">
     <span class='ocr_line' id='line_1_141' title="bbox 1210 3635 1357 3640; baseline 0 0"><span class='ocrx_word' id='word_1_1041' title='bbox 1210 3635 1357 3640; x_wconf 95' lang='lat' dir='ltr'><em> </em></span> 
     </span>
    </p>
   </div>
   <div class='ocr_carea' id='block_1_17' title="bbox 1412 3446 2489 3604">
    <p class='ocr_par' dir='ltr' id='par_1_29' title="bbox 1412 3446 2489 3604">
     <span class='ocr_line' id='line_1_142' title="bbox 1412 3446 2489 3498; baseline -0.001 -13"><span class='ocrx_word' id='word_1_1042' title='bbox 1412 3447 1539 3486; x_wconf 91' lang='lat' dir='ltr'><em>ctione</em></span> <span class='ocrx_word' id='word_1_1043' title='bbox 1554 3448 1590 3495; x_wconf 81' lang='lat'><em>*3</em></span> <span class='ocrx_word' id='word_1_1044' title='bbox 1615 3447 1727 3486; x_wconf 85' lang='lat' dir='ltr'><em>tertio</em></span> <span class='ocrx_word' id='word_1_1045' title='bbox 1747 3459 1842 3486; x_wconf 90' lang='lat' dir='ltr'><em>vero</em></span> <span class='ocrx_word' id='word_1_1046' title='bbox 1861 3448 1910 3486; x_wconf 91' lang='lat' dir='ltr'><em>de</em></span> <span class='ocrx_word' id='word_1_1047' title='bbox 1934 3446 2109 3498; x_wconf 79' lang='lat' dir='ltr'><em>ipsarum</em></span> <span class='ocrx_word' id='word_1_1048' title='bbox 2129 3457 2261 3483; x_wconf 87' lang='lat' dir='ltr'><em>rerum</em></span> <span class='ocrx_word' id='word_1_1049' title='bbox 2282 3446 2489 3497; x_wconf 85' lang='lat' dir='ltr'><em>producta-</em></span> 
     </span>
     <span class='ocr_line' id='line_1_143' title="bbox 1413 3498 2487 3550; baseline -0.003 -10"><span class='ocrx_word' id='word_1_1050' title='bbox 1413 3513 1502 3539; x_wconf 90' lang='lat' dir='ltr'><em>rum</em></span> <span class='ocrx_word' id='word_1_1051' title='bbox 1534 3510 1571 3540; x_wconf 90' lang='lat' dir='ltr'><em>et</em></span> <span class='ocrx_word' id='word_1_1052' title='bbox 1603 3501 1870 3540; x_wconf 89' lang='lat' dir='ltr'><em>distinctarum</em></span> <span class='ocrx_word' id='word_1_1053' title='bbox 1904 3508 2053 3547; x_wconf 88' lang='lat' dir='ltr'><em>natura,</em></span> <span class='ocrx_word' id='word_1_1054' title='bbox 2087 3508 2281 3550; x_wconf 88' lang='lat' dir='ltr'><em>quantum</em></span> <span class='ocrx_word' id='word_1_1055' title='bbox 2314 3499 2363 3537; x_wconf 91' lang='lat' dir='ltr'><em>ad</em></span> <span class='ocrx_word' id='word_1_1056' title='bbox 2396 3498 2487 3538; x_wconf 86' lang='lat' dir='ltr'><em>fidei</em></span> 
     </span>
     <span class='ocr_line' id='line_1_144' title="bbox 1412 3554 1852 3604; baseline -0.002 -11"><span class='ocrx_word' id='word_1_1057' title='bbox 1412 3555 1575 3604; x_wconf 85' lang='lat' dir='ltr'><em>pertinet</em></span> <span class='ocrx_word' id='word_1_1058' title='bbox 1603 3555 1803 3594; x_wconf 87' lang='lat' dir='ltr'><em>veritatem</em></span> <span class='ocrx_word' id='word_1_1059' title='bbox 1821 3554 1852 3592; x_wconf 74' lang='lat'><em>³⁸.</em></span> 
     </span>
    </p>
   </div>
   <div class='ocr_carea' id='block_1_18' title="bbox 337 3667 2092 3705">
    <p class='ocr_par' dir='ltr' id='par_1_30' title="bbox 337 3667 2092 3705">
     <span class='ocr_line' id='line_1_145' title="bbox 337 3667 2092 3705; baseline 0.002 -13"><span class='ocrx_word' id='word_1_1060' title='bbox 337 3667 398 3693; x_wconf 83' lang='lat' dir='ltr'><em>Erit.</em></span> <span class='ocrx_word' id='word_1_1061' title='bbox 417 3668 435 3692; x_wconf 90' lang='grc' dir='ltr'>Ζ</span> <span class='ocrx_word' id='word_1_1062' title='bbox 456 3676 506 3692; x_wconf 84' lang='lat' dir='ltr'><em>non</em></span> <span class='ocrx_word' id='word_1_1063' title='bbox 521 3670 591 3702; x_wconf 81' lang='lat' dir='ltr'><em>facit</em></span> <span class='ocrx_word' id='word_1_1064' title='bbox 611 3677 707 3695; x_wconf 83' lang='lat' dir='ltr'><em>novum</em></span> <span class='ocrx_word' id='word_1_1065' title='bbox 727 3671 884 3703; x_wconf 79' lang='lat' dir='ltr'><em>capitulum,</em></span> <span class='ocrx_word' id='word_1_1066' title='bbox 904 3671 951 3696; x_wconf 79' lang='lat' dir='ltr'><em>red</em></span> <span class='ocrx_word' id='word_1_1067' title='bbox 969 3678 1053 3703; x_wconf 75' lang='lat' dir='ltr'><em>supra</em></span> <span class='ocrx_word' id='word_1_1068' title='bbox 1073 3671 1222 3704; x_wconf 79' lang='lat' dir='ltr'><em>marginem</em></span> <span class='ocrx_word' id='word_1_1069' title='bbox 1242 3674 1380 3696; x_wconf 81' lang='lat' dir='ltr'><em>corrector</em></span> <span class='ocrx_word' id='word_1_1070' title='bbox 1398 3672 1491 3697; x_wconf 80' lang='lat' dir='ltr'><em>scribit</em></span> <span class='ocrx_word' id='word_1_1071' title='bbox 1511 3675 1574 3705; x_wconf 82' lang='lat' dir='ltr'><em>cap·</em></span> <span class='ocrx_word' id='word_1_1072' title='bbox 1595 3675 1622 3697; x_wconf 83' lang='lat' dir='ltr'><em>et</em></span> <span class='ocrx_word' id='word_1_1073' title='bbox 1639 3673 1756 3704; x_wconf 71' lang='lat' dir='ltr'><em>scriptor</em></span> <span class='ocrx_word' id='word_1_1074' title='bbox 1775 3671 1858 3696; x_wconf 76' lang='lat' dir='ltr'><em>rubro</em></span> <span class='ocrx_word' id='word_1_1075' title='bbox 1876 3671 1955 3696; x_wconf 77' lang='lat' dir='ltr'><em>addit</em></span> <span class='ocrx_word' id='word_1_1076' title='bbox 1974 3671 2092 3696; x_wconf 76' lang='lat' dir='ltr'><em>titulum.</em></span> 
     </span>
    </p>
   </div>
   <div class='ocr_carea' id='block_1_19' title="bbox 2523 1502 2737 1552">
    <p class='ocr_par' dir='ltr' id='par_1_31' title="bbox 2523 1502 2737 1552">
     <span class='ocr_line' id='line_1_146' title="bbox 2523 1502 2737 1526; baseline 0.005 -1"><span class='ocrx_word' id='word_1_1077' title='bbox 2523 1503 2533 1512; x_wconf 89' lang='grc'><em>·</em></span> <span class='ocrx_word' id='word_1_1078' title='bbox 2547 1502 2584 1525; x_wconf 73' lang='lat' dir='ltr'><em>Cf.</em></span> <span class='ocrx_word' id='word_1_1079' title='bbox 2602 1503 2653 1526; x_wconf 82' lang='lat' dir='ltr'><em>init.</em></span> <span class='ocrx_word' id='word_1_1080' title='bbox 2667 1503 2737 1526; x_wconf 77' lang='lat' dir='ltr'><em>Com-</em></span> 
     </span>
     <span class='ocr_line' id='line_1_147' title="bbox 2523 1533 2594 1552; baseline 0 -1"><span class='ocrx_word' id='word_1_1081' title='bbox 2523 1533 2594 1552; x_wconf 86' lang='lat' dir='ltr'><em>ment.</em></span> 
     </span>
    </p>
   </div>
   <div class='ocr_carea' id='block_1_20' title="bbox 2518 3448 2701 3476">
    <p class='ocr_par' dir='ltr' id='par_1_32' title="bbox 2518 3448 2701 3476">
     <span class='ocr_line' id='line_1_148' title="bbox 2518 3448 2701 3476; baseline -0.005 -5"><span class='ocrx_word' id='word_1_1082' title='bbox 2518 3450 2526 3458; x_wconf 89' lang='grc'><em>·</em></span> <span class='ocrx_word' id='word_1_1083' title='bbox 2545 3448 2602 3476; x_wconf 67' lang='lat' dir='ltr'><em>Cap.</em></span> <span class='ocrx_word' id='word_1_1084' title='bbox 2619 3454 2701 3471; x_wconf 76' lang='lat' dir='ltr'><em>xxxix.</em></span> 
     </span>
    </p>
   </div>
   <div class='ocr_carea' id='block_1_21' title="bbox 2516 3554 2677 3584">
    <p class='ocr_par' dir='ltr' id='par_1_33' title="bbox 2516 3554 2677 3584">
     <span class='ocr_line' id='line_1_149' title="bbox 2516 3554 2677 3584; baseline 0 -6"><span class='ocrx_word' id='word_1_1085' title='bbox 2516 3557 2526 3565; x_wconf 82' lang='lat'><strong>&#39;</strong></span> <span class='ocrx_word' id='word_1_1086' title='bbox 2541 3554 2598 3584; x_wconf 70' lang='lat' dir='ltr'><em>Cap.</em></span> <span class='ocrx_word' id='word_1_1087' title='bbox 2614 3562 2677 3578; x_wconf 72' lang='grc' dir='ltr'>ιινι.</span> 
     </span>
    </p>
   </div>
  </div>
 </body>
</html>
