2664 4120
670 367 752 408 Cap.
777 377 829 398 vn.

211 431 282 462 lnit.
309 430 434 462 rationi
458 430 608 461 naturali
631 447 652 453 -
675 431 792 461 rationi
816 431 1003 462 naturaliter
1027 432 1092 463 AP.

210 476 311 507 Num.
335 486 356 512 1,
386 483 396 506 1
426 485 507 506 vers.
523 474 580 507 fin.
604 474 656 505 Ea
673 479 782 506 autem
803 491 828 498 -
850 480 959 507 autem
983 485 1050 507 om.
1075 477 1113 513 P;
1139 483 1171 508 et
1186 478 1294 508 statim

482 529 542 562 pro
574 519 775 556 iudicantur,
800 519 995 551 indicantur.

334 575 366 596 ιι.
391 564 481 606 quod
504 564 582 605 ipsis
605 569 653 595 est
675 564 882 595 contrarium
905 582 927 586 —
955 564 1046 605 quod
1078 564 1117 596 de
1145 566 1222 606 ipsis
1247 571 1295 597 est

481 610 681 640 contrarium
705 608 795 641 APS.

333 664 375 691 tv,
402 654 432 685 3.
456 654 534 695 quia
557 653 736 685 secundum
759 671 783 676 -
806 653 885 695 quia
910 663 978 684 orn.
1005 654 1038 684 P.

663 730 746 772 Cap.
770 740 836 763 vm.

210 797 312 829 Num.
335 807 369 828 11.
393 796 438 828 ad
461 806 500 828 ea
516 802 694 873 qgaespm
706 814 730 819 -
745 806 785 827 ea
802 806 869 828 om.
894 796 928 827 P.
947 815 969 819 -
985 796 1099 828 Statim
1115 806 1176 838 pro
1193 808 1223 839 q.
1239 798 1293 834 32,

506 864 514 872 .
568 850 578 872 1
665 865 673 872 .

258 901 273 914 ι
335 901 349 914 »
388 896 462 928 pag.
482 852 541 917 32.
565 896 651 928 quae
667 891 775 917 tamen
800 895 867 917 non
883 886 1057 928 sufficiunt
1071 904 1095 908 -
1111 887 1167 927 qui
1183 892 1293 918 tamen

482 941 551 963 non
575 930 745 963 sufficiunt
771 930 844 968 AP;
876 931 933 972 qui
968 937 1077 962 tamen
1101 941 1170 962 non
1205 931 1293 963 suffi-

482 977 525 1008 cit
549 976 586 1013 S;
611 976 676 1008 vid.
700 981 776 1007 text.

678 1053 761 1096 Cap.
786 1064 827 1085 ιιι.

208 1125 309 1156 Num.
333 1134 345 1154 1
368 1122 424 1154 fin.
448 1123 589 1164 simplex
612 1122 734 1154 ueritas
756 1139 779 1145 -
803 1122 993 1163 simpliciter
1016 1123 1130 1153 veritas
1154 1122 1189 1153 P.

258 1183 273 1197 »
333 1178 366 1200 ιι.
392 1173 519 1200 tum...
534 1172 613 1199 tum.
629 1184 653 1192 -
669 1177 806 1198 cum...
820 1173 892 1198 tum
915 1167 951 1198 P.

679 1245 765 1287 Cap.
790 1255 819 1276 x.

210 1311 312 1345 Num.
336 1322 348 1342 1
371 1311 619 1352 medrnoscere
641 1329 665 1334 -
687 1321 788 1343 nosce
809 1312 874 1344 AP.

203 1362 278 1385 ῐ
298 1354 353 1384 ‘''3
393 1362 469 1398 post
485 1365 601 1397 pauca.
625 1355 732 1388 dictas
754 1366 874 1388 causas
889 1375 911 1380 —
927 1358 957 1388 A
973 1367 1049 1389 casu
1065 1357 1202 1389 dilectas
1217 1367 1296 1389 cau-

480 1409 555 1437 sas:
573 1401 598 1432 P
614 1401 736 1434 allatas
751 1409 887 1438 causas:
903 1403 925 1433 S
941 1402 1089 1434 diversas
1103 1413 1231 1435 causas.

259 1461 274 1475 ι
335 1457 368 1478 ιι.
399 1446 470 1478 Ver.
494 1457 524 1488 q.
550 1456 587 1478 ro
610 1465 634 1470 -
656 1447 757 1478 Verit.
778 1456 809 1488 q.
833 1456 856 1486 4
879 1448 922 1478 A.

677 1525 761 1566 Cap.
786 1536 828 1556 ιιι.

209 1593 311 1627 Num.
335 1603 359 1624 11
382 1598 457 1624 ante
474 1593 561 1624 med.
586 1592 663 1624 Non
689 1593 879 1625 inconvenit
901 1599 1010 1624 autem
1035 1594 1172 1636 aliquod
1187 1612 1209 1617 -
1233 1594 1295 1625 Pro

481 1638 627 1680 aliquod,
652 1637 775 1680 aliquid
799 1638 856 1670 PS.

334 1693 379 1721 ιιι,
407 1691 417 1714 ι
448 1689 524 1724 post
539 1683 626 1715 med.
650 1693 668 1714 e
691 1693 852 1715 conuerso
875 1702 898 1706 -
921 1693 939 1715 e
963 1684 1126 1715 contrario
1151 1685 1186 1717 P.

338 1742 353 1756 »
393 1737 423 1759 2.
449 1728 482 1759 in
506 1738 536 1770 q.
562 1738 598 1760 10
622 1728 663 1760 de
694 1728 763 1762 Ver.
780 1729 852 1760 -in
876 1728 917 1760 de
940 1729 1013 1760 Pot.
1032 1738 1064 1770 q.
1090 1737 1129 1760 ιο
1153 1730 1188 1760 Ρ.

259 1787 273 1802 ι
334 1784 376 1811 xv,
401 1774 458 1805 lin.
482 1783 514 1814 4,
539 1773 581 1804 P:
606 1783 665 1815 per
691 1783 726 1804 se
749 1773 940 1814 simpliciter
963 1783 1022 1815 per
1046 1784 1080 1805 se
1108 1780 1239 1812 notam;
1265 1781 1297 1806 et

482 1818 502 1849 l.
522 1819 539 1849 5
565 1827 634 1851 om.
652 1828 717 1860 per
738 1828 774 1850 se
797 1824 871 1860 post
898 1829 977 1850 esse.

256 1876 271 1891 ι
337 1877 351 1891 »
389 1869 465 1905 post
480 1872 596 1904 pauca.
621 1869 657 1894 ut
679 1864 736 1900 sic,
762 1869 799 1895 ut
822 1863 1005 1905 importans
1021 1883 1043 1887 -
1067 1870 1103 1895 ut
1126 1865 1211 1896 sicut
1234 1866 1295 1896 im-

481 1914 615 1949 portans
639 1908 674 1940 P.

333 1963 364 1984 v.
388 1953 556 1985 sciendum
582 1958 630 1984 est
651 1953 742 1995 quod
763 1970 784 1977 -
808 1953 897 1995 quod
920 1963 987 1985 om.
1011 1953 1102 1987 APS.

256 2010 272 2027 ν
337 2012 350 2025 ›
388 1997 475 2030 med.
501 2003 723 2039 repraesentet
744 2015 768 2021 -
790 2004 1009 2040 repraesentat
1031 1998 1067 2031 P.

258 2056 272 2071 ι
338 2056 352 2070 1·
390 2042 446 2074 fin.
470 2047 623 2074 sumatur
644 2060 667 2067 -
690 2049 872 2074 summetur
894 2043 935 2074 A.

332 2097 385 2119 vn.
412 2097 479 2119 non
503 2093 613 2119 autem
638 2087 731 2120 nobis
754 2106 775 2112 -
798 2097 868 2120 non
892 2098 910 2119 a
933 2089 1029 2120 nobis
1053 2088 1087 2119 P.

331 2143 398 2170 vm,
425 2143 455 2164 2.
480 2133 601 2174 duplex
626 2151 648 2155 -
671 2133 843 2174 dupliciter
865 2133 900 2166 Ρ.

334 2188 354 2209 x
376 2178 446 2209 init.
470 2178 638 2210 sciendum
666 2178 790 2220 primo.
813 2196 838 2202 -
860 2178 907 2209 lta
930 2178 1004 2215 AP;
1035 2177 1058 2210 S
1081 2187 1148 2209 orn.
1168 2178 1293 2219 primo.

258 2235 274 2251 ι
338 2236 352 2252 »
382 2232 412 2254 2.
428 2222 555 2254 homini
569 2241 593 2246 —
607 2223 638 2254 A
654 2222 771 2255 falsum
788 2222 1039 2264 compendium3
1055 2222 1080 2253 P
1095 2223 1293 2255 huiusmodi.

258 2281 273 2296 ι
337 2281 352 2295 ›
378 2273 454 2309 post
466 2277 581 2309 pauca.
599 2273 631 2300 et
641 2268 690 2299 sic
700 2268 806 2299 Deum
820 2287 842 2290 —
856 2273 888 2299 et
900 2269 944 2300 sic
959 2267 1049 2299 Deus
1065 2267 1095 2298 A
1111 2278 1198 2305 casu,
1213 2273 1245 2299 et
1261 2268 1292 2299 S.

669 2346 752 2388 Cap.
775 2357 830 2378 xn.

210 2413 312 2446 Num.
335 2423 377 2445 xv.
401 2413 650 2445 demonstratur
671 2413 779 2445 Deum
803 2423 872 2445 esse
894 2432 916 2436 -
939 2414 970 2444 A
993 2423 1053 2455 pro
1077 2423 1147 2445 esse
1175 2413 1294 2445 falsum

481 2458 731 2500 compendium,
756 2459 780 2490 Ρ
804 2459 914 2490 etiam.

669 2535 751 2577 Cap.
776 2546 842 2567 xm.

210 2604 311 2636 Num.
335 2614 377 2634 vr.
402 2603 444 2634 ΙΙ
463 2603 496 2634 d.
520 2613 554 2640 11,
577 2613 645 2645 φῖ
668 2603 713 2634 ad
733 2612 753 2634 2
775 2620 799 2625 —
821 2612 882 2644 pro
906 2613 936 2644 q.
954 2613 984 2640 x,
1007 2603 1089 2634 APS
1111 2614 1142 2645 q.
1160 2613 1188 2643 7.

259 2662 275 2676 »
334 2658 389 2686 vn,
416 2657 428 2679 1
448 2647 536 2679 med.
561 2648 740 2679 conuenire
762 2648 862 2679 simul
883 2666 906 2671 -
929 2648 1028 2679 simul
1055 2649 1231 2680 convenire
1255 2649 1296 2679 si-

481 2693 552 2724 mul
576 2692 666 2726 APS.
689 2710 714 2716 -
737 2692 852 2724 Statim
867 2698 944 2734 post
965 2693 1062 2735 Ergo
1086 2693 1112 2724 P
1136 2693 1209 2726 add.
1234 2699 1294 2725 etc.

486 2737 569 2780 (non
585 2737 727 2779 amplius
749 2737 909 2779 notatur).

259 2797 274 2810 ›
339 2798 353 2810 »
409 2793 427 2814 2
445 2789 520 2814 ante
534 2782 622 2814 med.
649 2792 716 2813 non
748 2788 865 2814 causat
888 2783 921 2813 in
950 2783 1056 2824 seipso
1080 2800 1102 2806 -
1125 2784 1160 2814 in
1187 2784 1295 2824 seipso

481 2837 550 2859 non
574 2833 685 2858 causat
708 2827 750 2863 1³3
775 2833 808 2858 et
830 2828 937 2858 statim
961 2837 1028 2858 orn.
1055 2828 1203 2859 localem.

259 2886 274 2901 ι
333 2885 349 2901 »
398 2878 475 2914 post
500 2882 616 2913 pauca.
645 2877 774 2913 oportet
788 2889 813 2895 -
833 2872 892 2903 sed
918 2878 1050 2913 oportet
1075 2873 1149 2909 AP;
1174 2873 1297 2904 scilicet

481 2923 613 2958 oportet
625 2916 656 2948 S.

260 2975 275 2990 ι
334 2972 391 2992 vm
406 2971 488 2993 vers.
497 2961 584 2993 med„
594 2962 778 3003 susceptiva
790 2966 899 2992 autem
909 2962 1124 3003 -susceptiva
1137 2968 1193 2993 aut
1205 2962 1295 2993 APS.

259 3019 273 3034 ι
334 3017 367 3037 tx
383 3013 460 3047 post
477 3006 564 3038 med.
589 3006 702 3038 eodem
730 3011 821 3037 motu
845 3006 967 3037 diurno
991 3013 1166 3038 moventur
1188 3024 1210 3030 -
1233 3007 1296 3038 Pro

483 3051 606 3082 diurno
629 3052 661 3082 A
686 3050 789 3092 (casu)
809 3051 858 3083 PS
877 3051 1001 3084 diuino.

260 3109 275 3123 »
382 3095 440 3127 fin.
465 3096 595 3138 infinita
620 3096 679 3127 illa
702 3105 848 3137 corpora
871 3115 894 3119 —
917 3095 975 3127 inf.
1004 3096 1059 3127 illa
1087 3106 1227 3137 corpore
1253 3097 1295 3127 A.

336 3151 357 3172 x
388 3147 463 3182 post
479 3140 565 3172 med.
592 3141 625 3172 in
651 3141 815 3182 infinitum
839 3158 861 3164 -
885 3141 919 3172 in
943 3150 1011 3174 om.
1034 3141 1100 3172 AP.

335 3196 378 3223 xx,
397 3196 414 3216 2
440 3192 516 3227 post
538 3185 626 3217 med.
649 3185 739 3227 quod
761 3186 868 3227 inquit
893 3185 1141 3217 Commentator
1163 3204 1186 3208 —
1209 3186 1298 3226 quod

485 3241 552 3262 om.
577 3231 617 3263 A.

261 3289 276 3302 ι
336 3285 390 3307 nv
411 3275 468 3307 fin.
493 3285 628 3307 causam
650 3293 674 3298 -
697 3285 795 3306 causa
822 3275 857 3305 P.

337 3330 388 3351 xv.
412 3321 591 3352 secundum
615 3321 704 3362 quod
718 3339 742 3343 -
765 3321 789 3350 P
814 3321 847 3351 in
871 3319 1034 3360 aliquibus
1057 3319 1296 3360 exemplaribus

484 3366 651 3402 secundo‚·
674 3366 696 3397 S
719 3365 843 3396 scilicet
865 3364 964 3406 quod.

263 3423 278 3436 »
340 3423 355 3437 »
405 3416 481 3451 post
505 3420 524 3442 2
548 3411 605 3442 lin.
629 3411 670 3441 ab
694 3410 872 3441 intrinseco
887 3427 912 3432 —
927 3410 967 3440 ab
991 3409 1172 3440 extrinseco
1196 3409 1231 3439 P.

337 3465 388 3491 xx,
418 3463 429 3485 ι
457 3455 514 3486 fin.
534 3465 600 3497 pro
617 3455 730 3486 eadem
746 3472 767 3478 -
784 3464 842 3496 per
858 3453 972 3485 eadem
988 3454 1024 3490 P,
1037 3463 1095 3494 per
1111 3453 1250 3485 eandem
1262 3454 1295 3486 S.

342 3513 358 3527 a·
420 3510 451 3530 2.
475 3500 509 3531 in
534 3500 576 3530 II
595 3501 674 3531 Met.
698 3517 720 3522 —
747 3501 778 3530 A
809 3499 926 3530 falsum
956 3498 1192 3539 compendium
1224 3498 1256 3538 (ι
1278 3508 1297 3530 2

484 3554 545 3585 pro
569 3545 603 3576 in
627 3545 683 3585 2)‚·
705 3545 728 3576 S
755 3553 794 3575 12
820 3544 920 3580 Met.;
946 3544 970 3574 P
1000 3544 1034 3574 in
1063 3552 1100 3574 12
1126 3543 1204 3576 Met.

262 3602 277 3615 »
337 3598 424 3619 xxm.
448 3591 492 3620 At
513 3590 604 3620 circa
626 3590 715 3625 dicta
731 3589 906 3630 dupliciter
926 3589 1096 3619 dubitatur
1110 3605 1133 3611 -
1148 3588 1173 3618 P
1189 3589 1224 3618 in
1239 3588 1297 3618 ali—

486 3635 604 3674 quibus
618 3634 856 3675 exemplaribus
874 3633 963 3675 (cum
981 3632 1040 3675 L):
1066 3634 1110 3663 At
1125 3632 1298 3673 dupliciter

484 3679 569 3710 circa
592 3678 678 3710 dicta
701 3678 848 3710 secundo
876 3678 1050 3709 dubitatur.

2329 311 2423 336 XLVll

1799 374 1879 415 Cap.
1906 386 1966 407 xiv.

1349 432 1448 463 Num.
1474 443 1484 462 1
1507 432 1562 463 fin.
1582 439 1768 474 pertractat
1791 446 1856 467 om.
1883 437 1916 470 P.

1809 507 1891 547 Cap.
1916 519 1966 540 xv.

1348 563 1448 594 Num.
1473 575 1496 594 ιι
1520 574 1601 596 vers.
1619 565 1675 597 fin.
1701 567 1834 598 omm'no
1852 574 1898 599 est
1915 587 1935 592 -
1950 576 1998 601 est
2014 573 2147 603 omnino
2164 574 2200 604 P.
2220 575 2419 607 Huiusmodi

1619 620 1687 641 non
1711 612 1851 652 amplius
1875 619 2037 645 notamus,

1473 663 1516 688 ιιι,
1547 662 1556 684 ι
1587 654 1642 685 fin.
1667 656 1797 686 meliori
1821 657 1941 688 iudicio
1957 676 1979 682 —
1997 660 2124 691 meliori
2146 662 2261 693 inditio
2285 665 2324 694 A.

1476 711 1488 722 »
1544 698 1561 728 3
1587 698 1643 730 fin.
1667 700 1725 730 sub
1750 701 1929 732 intentione
1951 721 1972 726 —
1994 704 2053 734 sub
2077 705 2290 738 intentionem
2314 709 2348 741 P.

1475 755 1489 768 »
1541 743 1570 773 5.
1593 743 1623 774 si
1646 744 1822 785 loquamur
1844 763 1866 768 —
1889 747 1915 776 si
1939 747 2106 788 loquimur
2128 750 2163 780 P.

1472 796 1514 817 ιν.
1539 787 1576 818 Si
1598 788 1689 819 Deus
1713 799 1778 820 non
1802 800 1929 831 semper
1941 792 2016 833 suit
2038 812 2061 815 —
2085 793 2120 823 Si
2143 803 2208 825 om.
2233 796 2320 827 APS.

1471 841 1513 861 vr.
1537 832 1632 875 Ergo
1657 839 1764 865 motus
1787 852 1807 857 -
1831 835 1894 865 Pro
1925 836 2029 878 Ergo,
2063 837 2173 879 Igitur
2195 839 2228 870 P.
2254 840 2330 871 Non
2353 851 2420 872 am-

1618 878 1702 918 plius
1726 884 1889 910 notamus.

1798 957 1879 998 Cap.
1906 968 1967 989 xvr.

1348 1016 1447 1047 Num.
1472 1027 1494 1047 ιι
1516 1023 1592 1058 post
1607 1017 1692 1049 med.
1719 1024 1755 1049 ut
1769 1025 1881 1060 aperte
1897 1026 2081 1053 constat...
2095 1026 2127 1052 et
2142 1027 2259 1054 tamen.
2276 1042 2298 1045 —
2315 1024 2338 1054 P
2355 1034 2420 1055 om.

1619 1068 1654 1093 ut
1677 1069 1774 1104 atque
1799 1069 1839 1095 et.

1476 1120 1489 1132 »
1528 1106 1584 1138 fin.
1609 1108 1810 1139 accidentale
1826 1114 1936 1149 potest
1951 1119 2016 1140 non
2034 1119 2111 1143 esse.
2127 1128 2151 1133 -
2172 1113 2202 1142 A
2226 1113 2258 1143 in
2279 1114 2422 1153 margine

1618 1153 1730 1189 habet;
1756 1153 1780 1183 P
1804 1163 1888 1190 om.;
1917 1154 1939 1186 S
1963 1155 2199 1187 accidentaliter
2223 1163 2328 1197 potest
2355 1167 2422 1189 non

1620 1207 1698 1228 esse.

1473 1251 1517 1271 ιιι.
1542 1246 1573 1271 et
1596 1241 1667 1272 lect.
1691 1252 1710 1282 7
1733 1260 1753 1265 -
1778 1248 1809 1273 et
1833 1252 1900 1274 om.
1925 1243 1959 1274 P.

1473 1295 1504 1316 v1
1526 1291 1601 1326 post
1625 1286 1710 1318 med.
1735 1287 1767 1317 in
1792 1293 1912 1320 actum.
1928 1289 1994 1319 —in
2019 1294 2093 1320 actu
2116 1290 2181 1320 AP.

1797 1365 1878 1406 Cap.
1903 1376 1977 1397 xvu.

1350 1425 1450 1456 Num.
1475 1437 1496 1457 1.
1521 1426 1598 1468 quia
1622 1431 1670 1458 est
1691 1445 1714 1449 —
1737 1426 1829 1468 quod
1852 1434 1899 1458 est
1921 1428 1958 1459 P.

1474 1481 1507 1503 11.
1531 1471 1642 1502 David
1651 1471 1802 1512 (Davidis
1811 1471 1844 1513 S)
1860 1472 1900 1503 de
1912 1472 2178 1504 Dinando—...de
2191 1474 2374 1506 Divinando
2387 1476 2422 1508 P.

1474 1525 1518 1546 ιιι.
1543 1515 1680 1547 habetur
1704 1535 1724 1539 —
1748 1517 1908 1548 habentur
1931 1517 1966 1548 P.

1473 1570 1527 1592 vn.
1546 1561 1751 1602 praepositio
1776 1561 1817 1592 ab
1841 1580 1861 1584 —
1885 1562 2068 1602 propositio
2093 1563 2132 1593 ab
2156 1563 2214 1594 PS.

1791 1639 1872 1680 Cap.
1898 1649 1984 1670 xvm.

1350 1701 1423 1732 Init.
1447 1701 1588 1733 exclusit
1609 1719 1632 1723 -
1655 1701 1796 1732 excludit
1820 1702 1883 1735 AS.

1349 1746 1450 1778 Num.
1474 1756 1506 1777 11.
1532 1756 1550 1778 e
1573 1755 1732 1777 converso
1756 1763 1775 1769 -
1799 1755 1817 1777 e
1841 1747 2004 1778 contrario
2028 1747 2062 1778 P.
2087 1747 2163 1778 Non
2195 1748 2334 1788 amplius
2364 1759 2424 1780 no-

1620 1797 1737 1822 tamus.

1471 1845 1528 1867 vm
1551 1835 1608 1867 fin.
1633 1836 1663 1866 A
1686 1842 1765 1867 ante
1784 1841 1832 1866 est
1855 1845 1915 1878 pro
1938 1842 2062 1877 quanto
2087 1836 2203 1868 falsum
2226 1837 2354 1878 sigium.

1471 1891 1503 1912 rx
1527 1880 1613 1912 med.
1638 1881 1842 1912 elementum.
1865 1898 1889 1904 -
1919 1881 2080 1912 elementa
2103 1881 2138 1912 P.
2171 1882 2212 1913 Et
2235 1883 2342 1913 statim
2365 1891 2424 1923 pro

1614 1925 1866 1966 potentialitate,
1891 1926 2113 1966 possibilitate.

1471 1980 1492 2001 x
1515 1979 1596 2001 vers.
1610 1969 1665 2001 fin.
1680 1970 1763 2001 nihil
1772 1970 1905 2001 haberet
1915 1971 2037 2001 aliud-
2047 1971 2127 2001 nihil
2139 1971 2270 2002 haberet
2281 1971 2379 2002 alium
2390 1971 2424 2002 P.

1808 2048 1890 2089 Cap.
1915 2059 1965 2079 xx.

1347 2111 1418 2142 lnit.
1444 2121 1487 2142 ex
1508 2111 1676 2152 supposito
1701 2116 1732 2142 et
1755 2116 1877 2142 natura
1895 2129 1916 2134 -
1933 2121 1971 2142 ex
1994 2111 2166 2152 supposito
2190 2120 2229 2141 ex
2248 2116 2361 2142 natura
2384 2111 2424 2142 A.

1346 2156 1446 2187 Num.
1471 2166 1482 2186 1
1515 2155 1602 2189 med.
1626 2155 1715 2186 dicat
1736 2174 1758 2178 —
1782 2156 1860 2186 dicit
1882 2156 1916 2186 P.

1395 2214 1410 2228 ›
1474 2215 1488 2228 »
1515 2210 1597 2232 vers.
1622 2199 1678 2231 fin.
1710 2210 1776 2231 non
1812 2206 1860 2231 est
1890 2200 2108 2232 contradictio
2142 2217 2164 2224 -
2197 2209 2262 2231 non
2298 2209 2365 2231 om.
2399 2200 2425 2230 P

1618 2254 1695 2276 cum
1720 2245 1788 2276 LN.
1814 2245 1854 2276 Et
1886 2246 2002 2281 statim,
2031 2254 2107 2276 cum
2135 2244 2260 2282 iisdem,
2290 2254 2351 2285 pro
2376 2245 2424 2275 in-

1618 2299 1728 2331 quam,
1753 2290 1959 2330 inquantum.

1472 2345 1504 2365 rv
1526 2335 1596 2365 init.
1615 2334 1763 2375 probant
1784 2352 1807 2357 -
1829 2335 1946 2375 probat
1969 2335 2058 2366 APS.

1473 2390 1493 2410 v
1530 2380 1600 2410 init.
1619 2389 1685 2410 non
1697 2384 1807 2420 potest
1829 2389 1897 2410 esse
1911 2397 1934 2402 -
1949 2380 1980 2410 A
2000 2379 2116 2411 falsum
2139 2379 2257 2420 sigium
2281 2377 2336 2415 e’ci;
2360 2378 2423 2410 PS:

1620 2434 1685 2455 non
1705 2429 1815 2465 potest
1837 2433 1918 2455 eam.

1477 2482 1492 2496 »
1530 2469 1587 2500 fin.
1612 2474 1804 2510 sequeretur
1825 2469 1914 2510 quod
1936 2486 1957 2492 -
1980 2469 2069 2510 quod
2091 2477 2158 2499 om.
2183 2468 2222 2499 A.

1472 2524 1516 2551 vr,
1541 2524 1572 2547 2.
1596 2514 1641 2545 ad
1664 2518 1766 2545 totum
1791 2519 1914 2545 motum
1938 2531 1960 2536 -—
1979 2519 2101 2544 motum
2125 2522 2192 2544 om.
2216 2513 2252 2543 P.

1476 2572 1491 2587 υ
1541 2569 1564 2599 4
1586 2559 1642 2591 fin.
1667 2559 1708 2590 de
1731 2559 1892 2597 infinitate
1915 2575 1935 2582 -
1960 2557 1999 2589 de
2023 2558 2148 2589 infinite
2172 2558 2212 2588 A.

1398 2617 1413 2632 ιι
1476 2617 1491 2631 »
1542 2605 1559 2634 5
1585 2613 1667 2635 vers.
1691 2603 1747 2634 fin.
1765 2604 1797 2634 in
1814 2608 1906 2634 textu
1921 2603 1971 2640 43
1985 2621 2007 2625 -
2023 2604 2055 2634 in
2071 2608 2161 2634 textu
2179 2602 2196 2633 3
2213 2601 2280 2638 AS;
2297 2602 2329 2632 in
2347 2606 2421 2632 text.

1620 2657 1706 2679 com.
1732 2657 1774 2688 29
1799 2648 1840 2684 P;
1865 2647 1928 2678 vid.
1954 2657 2060 2688 parag.
2085 2657 2126 2683 vr,
2150 2656 2182 2686 4.

1472 2703 1527 2729 vu,
1546 2693 1614 2730 3,1.
1629 2693 1662 2724 6.
1686 2692 1823 2734 aliquod
1849 2693 1981 2734 signum
2004 2709 2027 2715 -
2049 2691 2172 2731 aliquid
2201 2691 2328 2730 signum
2353 2690 2425 2725 AP;

1618 2736 1675 2768 sed
1690 2736 1772 2768 infra
1788 2738 1820 2768 in
1837 2737 1901 2768 hoc
1917 2737 2064 2767 membro
2081 2737 2129 2766 bis
2145 2734 2280 2776 aliquod
2294 2734 2425 2775 signum

1620 2782 1752 2813 habent.

1474 2838 1516 2858 ιιι.
1541 2827 1670 2869 infinito
1695 2832 1839 2868 tempore
1861 2843 1882 2848 -
1905 2827 1938 2856 in
1963 2825 2090 2856 infinito
2114 2830 2262 2864 tempore
2285 2823 2319 2853 P.

1474 2883 1504 2910 x,
1531 2881 1561 2903 2.
1585 2871 1795 2912 Respondent
1817 2870 1949 2912 quidam
1971 2887 1995 2892 —
2017 2868 2205 2910 Respondet
2229 2867 2361 2907 quidam
2384 2866 2422 2903 P;

1621 2916 1663 2947 cf.
1680 2922 1767 2953 text„
1783 2926 1804 2946 a
1821 2915 2011 2956 quibusdam
2035 2913 2257 2955 respondetur.
2273 2930 2296 2935 —
2311 2912 2424 2943 Statim

1622 2971 1680 3002 pro
1705 2971 1821 2992 comm.
1846 2971 1898 3002 79,
1923 2969 2044 2990 comm.
2068 2967 2106 2998 41
2135 2958 2223 2989 APS.
2249 2956 2299 2988 Cf.
2317 2966 2422 2997 parag.

1622 3016 1684 3042 x1v,
1711 3016 1740 3036 2.

1479 3066 1492 3079 »
1531 3061 1562 3092 4.
1588 3057 1624 3081 ut
1646 3051 1768 3081 dicitur
1790 3068 1814 3073 —
1837 3055 1872 3080 ut
1897 3048 1974 3079 dicit
1997 3049 2032 3078 P.

1476 3107 1507 3127 ιιι
1530 3097 1599 3128 init.
1632 3095 1664 3126 in
1686 3095 1790 3137 finito
1818 3103 1958 3134 corpore
1980 3111 2001 3115 -
2025 3091 2153 3123 infinito
2184 3100 2320 3132 corpore
2343 3090 2377 3120 P.
2402 3107 2424 3112 -

1621 3140 1699 3171 Post
1722 3149 1825 3180 pauca
1849 3148 1909 3179 pro
1934 3147 1999 3168 non
2028 3137 2214 3178 attingitur,
2238 3145 2305 3166 non
2329 3134 2423 3164 attin-

1620 3191 1714 3225 gatur
1737 3184 1802 3214 AP.
1828 3182 1879 3214 Cf.
1905 3181 1986 3213 infra
2010 3182 2043 3211 in
2067 3182 2130 3211 hoc
2154 3190 2275 3221 parag.:
2302 3178 2423 3208 Adver-

1621 3229 1751 3260 tendum
1766 3251 1791 3259 ..
1805 3251 1812 3257 .
1828 3237 1893 3258 non
1910 3227 2095 3267 attingitur.

1479 3289 1492 3301 »
1530 3274 1616 3305 med.
1642 3274 1723 3304 nihil
1737 3273 1851 3315 saciat
1867 3290 1890 3294 —
1912 3271 1991 3302 nihil
2015 3270 2090 3300 facit
2112 3270 2146 3299 P.

1567 3333 1581 3346 ι
1638 3318 1730 3349 nullo
1755 3317 1852 3348 modo
1876 3333 1897 3339 —·
1921 3315 2016 3345 modo
2042 3324 2108 3344 om.
2133 3314 2166 3343 P.

1477 3378 1492 3391 ›
1530 3374 1611 3395 vers.
1636 3362 1691 3394 fin.
1707 3362 1821 3404 jaciat
1844 3362 1876 3391 in
1902 3361 1971 3400 ipso
1987 3358 2120 3389 -faciat
2144 3359 2176 3388 in
2201 3358 2306 3397 seipso
2331 3357 2365 3387 P.

1474 3419 1528 3439 xn.
1554 3413 1698 3440 removet
1723 3406 1886 3447 quoddam
1917 3404 2047 3435 dubium
2071 3420 2092 3426 -
2115 3407 2226 3432 movet
2257 3400 2422 3441 quoddam

1621 3451 1757 3483 dubium
1781 3451 1857 3485 AP;
1882 3448 1922 3479 cf.
1947 3447 2027 3478 infra
2051 3447 2200 3478 Secundo
2225 3451 2377 3478 removet.

1475 3508 1540 3534 xm,
1567 3507 1596 3528 2.
1622 3496 1708 3527 med.
1723 3496 1768 3526 Et
1790 3493 2020 3526 universaliter
2041 3510 2064 3514 -
2087 3497 2123 3522 ut
2145 3490 2364 3521 universaliter
2387 3490 2421 3520 P.

1566 3542 1582 3572 3
1610 3548 1683 3571 ante
1707 3539 1793 3571 med.
1810 3538 1973 3579 quoddam
1987 3559 1994 3566 .
2006 3560 2013 3566 .
2024 3559 2031 3566 .
2045 3535 2220 3577 quoddam.
2237 3552 2260 3580 -3
2274 3535 2328 3565 Bis
2343 3544 2422 3575 quo-

1620 3586 1695 3616 dam
1719 3585 1754 3614 P.

1570 3645 1582 3657 »
1622 3635 1705 3669 post.
1722 3627 1807 3658 med.
1829 3631 1936 3667 potest
1955 3626 2052 3656 etiam
2067 3642 2091 3647 -
2105 3625 2135 3654 A
2158 3623 2274 3654 falsum
2290 3623 2422 3664 siglum;

1621 3674 1686 3704 PS:
1708 3677 1815 3713 potest
1838 3680 1914 3702 esse.
