2768 4134
29 2173 98 2197 ·1.ib.
105 2173 124 2202 1,
130 2179 182 2202 etp.
187 2179 244 2196 xxu.

796 266 984 310 SUMMA
1013 267 1236 306 CONTRA
1264 268 1538 315 GENTILES,
1567 271 1661 307 LIB.
1686 271 1727 316 II,
1759 271 1868 308 CAP.
1890 272 1966 308 LII.

2402 274 2476 323 387

503 424 987 482 CAPITULUM
1025 427 1774 504 QUINQUAGESIMUM
1811 429 2258 486 SECUNDUM

899 553 1021 594 Autog.
1046 554 1197 585 Ambros.
1226 564 1243 584 2
1257 564 1277 583 v
1309 564 1327 584 a
1343 554 1384 593 43
1406 572 1430 576 —
1445 555 1566 594 Autog.
1591 555 1662 584 Vat.
1688 564 1730 593 42
1744 565 1758 584 r
1789 565 1806 585 a
1827 564 1853 585 1.

311 649 486 700 QUOD
521 649 581 689 IN
617 649 1016 694 SUBSTANTIIS
1049 653 1663 768 INTELLng'EIIJDAsslsEl-US
1698 654 1958 696 CREATIS
1993 656 2256 697 DIFFERT
2290 658 2440 699 ESSE

1161 717 1240 756 ET

297 851 308 878 ,χ
344 843 398 879 -J-s-
417 848 427 887 ζ
483 845 533 870 οΝ
549 841 605 870 est
622 842 754 872 autem
769 835 1014 884 opinandum
1033 836 1153 886 quod,
1169 836 1350 886 quamvis

333 888 338 922 .'
368 889 438 942 βψς
452 922 475 944 A
496 886 729 925 substantiae
758 888 1030 927 intellectuales
1058 902 1140 926 non
1169 889 1243 926 sint
1266 901 1349 927 cor-

298 985 308 999 .
332 909 436 1005 ὣῆἧ
452 955 475 980 si·
495 952 650 989 poreae,
671 953 744 978 nec
769 954 815 979 ex
843 943 1005 980 materia
1033 950 1069 980 et
1096 943 1223 980 forma
1241 955 1349 980 com-

331 971 462 1028 ἕξεθ’
494 994 653 1043 positae,
674 1006 746 1031 nec
774 995 815 1032 in
843 995 1004 1036 materia
1032 995 1234 1033 existentes
1253 995 1350 1033 sicut

275 1045 423 1082 formae
439 1047 666 1094 materialeS,
683 1048 792 1097 quod
810 1056 970 1098 propter
989 1049 1066 1086 hoc
1084 1049 1239 1086 divinae
1260 1049 1349 1086 sim-

274 1098 431 1148 plicitati
451 1100 730 1150 adaequentur.
746 1101 946 1139 Invenitur
964 1102 1070 1140 enim
1089 1102 1129 1139 in
1148 1102 1202 1139 eis
1221 1103 1351 1153 aliqua

275 1152 507 1202 compositio
528 1166 575 1191 ex
594 1166 642 1191 eo
662 1155 772 1204 quod
795 1167 876 1192 non
905 1163 961 1192 est
989 1155 1095 1193 idem
1123 1156 1163 1193 in
1191 1157 1246 1193 eis
1274 1169 1351 1194 esse

276 1213 311 1242 et
341 1206 441 1255 quod
467 1213 528 1244 est.

330 1259 371 1296 Si
391 1258 497 1297 enim
516 1272 600 1297 esse
621 1268 676 1297 est
695 1260 918 1308 subsistens,
935 1262 1031 1300 nihil
1050 1270 1202 1312 praeter
1221 1262 1350 1313 ipsum

275 1323 357 1350 esse
378 1312 419 1362 εξ
431 1312 664 1362 adiungitur.
681 1314 786 1362 Quia
800 1315 917 1352 etiam
937 1315 976 1353 in
996 1315 1056 1353 his
1075 1329 1248 1365 quorum
1267 1329 1350 1354 esse

274 1377 356 1403 non
371 1374 428 1403 est
441 1366 663 1414 subsistens,
679 1368 787 1417 quod
802 1368 900 1406 inest
914 1369 1088 1407 existenti
1103 1377 1254 1419 praeter
1267 1382 1351 1407 esse

275 1418 370 1466 eius,
391 1427 447 1456 est
467 1420 628 1469 quidem
652 1421 826 1458 existenti
853 1422 1020 1468 unitum,
1040 1435 1121 1460 non
1144 1431 1276 1460 autem
1296 1431 1352 1460 est

274 1483 402 1510 unum
417 1485 510 1510 cum
525 1486 608 1510 esse
623 1473 718 1521 eius,
733 1474 806 1511 nisi
821 1487 892 1524 per
910 1475 1100 1522 accidens,
1116 1476 1351 1526 inquantum

274 1533 331 1562 est
349 1537 477 1563 unum
496 1526 716 1565 subiectum
744 1528 894 1566 habens
922 1541 1006 1566 esse
1035 1537 1072 1566 et
1099 1529 1139 1566 id
1167 1529 1276 1578 quod
1296 1537 1352 1566 est

272 1586 425 1628 praeter
443 1591 543 1616 esse:
565 1580 662 1617 sicut
679 1588 784 1630 patet
803 1581 911 1630 quod
931 1581 1044 1627 Sorti‚
1063 1590 1215 1631 praeter
1234 1595 1351 1619 suurn

273 1643 358 1669 esse
387 1632 646 1679 substantiale,
673 1633 772 1671 inest
799 1634 946 1680 album,
966 1635 1075 1684 quod
1104 1635 1266 1684 quidem
1295 1635 1350 1672 di-

272 1697 434 1723 versum
462 1694 519 1723 est
545 1686 596 1723 ab
624 1686 708 1724 eius
737 1699 820 1724 esse
850 1687 1104 1734 substantiali3
1134 1700 1216 1725 non
1245 1687 1350 1725 enim

273 1738 379 1776 idem
399 1747 456 1776 est
474 1751 558 1777 esse
579 1740 734 1778 Sortem
754 1748 791 1778 et
809 1753 893 1778 esse
912 1741 1058 1787 album,
1074 1741 1146 1778 nisi
1165 1754 1236 1792 per
1253 1741 1350 1779 acci-

273 1792 381 1831 dens.
413 1792 454 1831 Si
482 1793 596 1842 igitur
623 1806 705 1831 non
738 1794 785 1831 sit
817 1806 900 1831 esse
933 1794 972 1832 in
1001 1794 1133 1844 aliquo
1162 1794 1348 1842 subiecto,

272 1858 355 1884 non
383 1846 600 1885 remanebit
627 1847 766 1897 aliquis
785 1848 929 1886 modus
953 1861 1034 1898 quo
1053 1847 1174 1898 possit
1194 1848 1228 1886 ei
1248 1848 1349 1886 uniri

273 1899 368 1939 illud
388 1901 497 1950 quod
526 1908 582 1938 est
609 1909 761 1950 praeter
779 1913 875 1938 esse.
905 1902 1001 1938 Esse
1020 1910 1164 1948 autem,
1184 1902 1348 1951 inquan-

272 1961 358 1991 tum
386 1962 443 1991 est
471 1966 566 2000 esse,
595 1966 677 1991 non
704 1962 832 2004 potest
864 1967 948 1992 esse
977 1955 1192 1992 diversum:
1223 1963 1349 2005 potest

273 2014 406 2045 autem
434 2007 686 2045 diversificari
712 2020 784 2057 per
810 2008 956 2058 aliquid
986 2009 1094 2058 quod
1123 2016 1179 2046 est
1197 2016 1349 2058 praeter

272 2073 376 2108 esse;
405 2060 504 2099 sicut
523 2073 606 2098 esse
635 2061 772 2112 lapidis
792 2069 848 2099 est
866 2061 971 2099 aliud
991 2062 1040 2100 ab
1060 2074 1143 2099 esse
1163 2062 1345 2100 hominis.

272 2115 370 2153 Illud
397 2127 488 2164 ergo
517 2114 627 2164 quod
655 2123 711 2152 est
744 2127 827 2152 esse
861 2115 1083 2162 subsistens,
1112 2128 1194 2153 non
1222 2124 1348 2165 potest

272 2180 355 2206 esse
388 2168 462 2206 nisi
494 2181 622 2206 unum
656 2176 820 2206 tantum.
851 2169 1065 2207 Ostensum
1094 2169 1188 2206 est*
1216 2177 1347 2207 autem

271 2221 380 2272 quod
399 2223 508 2260 Deus
527 2230 584 2259 est
602 2234 720 2259 suum
739 2234 823 2259 esse
848 2222 1070 2260 subsistens.
1100 2222 1208 2260 Nihil
1235 2223 1349 2272 igitur

271 2275 377 2313 aliud
390 2283 544 2326 praeter
557 2275 689 2326 ipsum
703 2283 829 2325 potest
844 2288 928 2313 esse
943 2289 1060 2313 suum
1076 2288 1170 2313 esse.
1183 2277 1348 2327 Oportet

270 2329 385 2378 igitur
403 2329 443 2366 in
463 2329 573 2366 omni
592 2329 805 2367 substantia
824 2342 925 2380 quae
951 2338 1007 2367 est
1034 2338 1187 2380 praeter
1204 2330 1345 2380 ipsum,

270 2395 354 2421 esse
383 2383 489 2421 aliud
516 2382 644 2433 ipsam
672 2383 928 2421 substantiam
957 2392 994 2421 et
1022 2396 1105 2421 esse
1134 2383 1228 2421 eius.

324 2436 516 2486 Amplius.
546 2437 697 2474 Natura
725 2437 959 2483 communis,
979 2437 1010 2474 si
1035 2445 1211 2487 separata
1238 2437 1346 2474 intel-

269 2489 418 2539 ligatur,
447 2502 529 2527 non
557 2498 683 2539 potest
717 2503 801 2528 esse
836 2490 909 2528 nisi
944 2503 1038 2528 una:
1069 2491 1250 2541 quamvis
1278 2492 1345 2528 ha-

269 2544 404 2580 bentes
432 2551 613 2581 naturam
633 2543 737 2581 illam
764 2545 896 2594 plures
922 2544 1071 2594 possint
1099 2544 1274 2582 inveniri.
1306 2544 1346 2581 Si

270 2596 375 2634 enim
395 2604 533 2634 natura
561 2598 736 2635 animalis
763 2610 834 2648 per
852 2610 893 2635 se
913 2606 1088 2648 separata
1111 2598 1343 2644 subsisteret,

269 2662 351 2688 non
376 2651 536 2688 haberet
555 2662 601 2688 ea
620 2663 721 2700 quae
742 2659 831 2689 sunt
849 2651 1022 2689 hominis
1047 2653 1110 2688 vel
1135 2663 1236 2700 quae
1256 2658 1345 2688 sunt

269 2703 397 2741 bovis:
427 2703 508 2741 iam
536 2704 642 2742 enim
670 2717 752 2741 non
781 2713 880 2742 esset
907 2705 1052 2742 animal
1078 2712 1245 2750 tantum,
1275 2703 1343 2740 sed

268 2758 393 2797 homo
420 2759 484 2795 vel
512 2757 595 2795 bos.
629 2757 806 2796 Remotis
839 2766 971 2795 autem
999 2757 1223 2795 differentiis
1251 2769 1344 2794 con-

269 2811 447 2848 stitutivis
475 2811 706 2860 specierum,
736 2819 911 2848 remanet
938 2819 1076 2848 natura
1107 2810 1258 2859 generis
1285 2810 1343 2847 in-

268 2864 410 2902 divisa:
441 2864 534 2914 quia
562 2865 725 2902 eaedem
753 2864 992 2902 differentiae
1021 2876 1122 2914 quae
1143 2870 1232 2900 sunt
1251 2875 1342 2900 con-

268 2918 460 2956 stitutivae
489 2918 726 2968 specierum,
756 2926 846 2955 sunt
873 2917 1060 2955 divisivae
1087 2917 1248 2966 generis.
1280 2916 1343 2954 Sic

268 2971 392 3020 igitur,
414 2971 446 3009 si
472 2973 550 3009 hoc
573 2971 705 3021 ipsum
724 2972 832 3021 quod
861 2979 917 3008 est
944 2983 1027 3009 esse
1056 2970 1102 3008 sit
1129 2982 1341 3008 commune

268 3025 366 3062 sicut
384 3037 517 3073 genus,
533 3037 616 3062 esse
636 3033 858 3074 separatum
878 3037 948 3074 per
966 3037 1006 3061 se
1031 3024 1241 3062 subsistens
1260 3035 1342 3060 non

267 3087 394 3129 potest
413 3091 496 3116 esse
516 3078 588 3116 nisi
610 3091 748 3116 unum.
771 3078 812 3116 Si
836 3090 930 3115 vero
954 3090 1035 3115 non
1059 3077 1254 3115 dividatur
1273 3076 1341 3113 dif-

266 3132 445 3179 ferentiis,
466 3132 564 3170 sicut
590 3144 723 3180 genus,
744 3132 812 3169 sed
831 3143 902 3182 per
921 3132 997 3168 hoc
1017 3130 1125 3180 quod
1145 3138 1200 3167 est
1223 3129 1340 3167 huius

1405 836 1544 873 festum
1575 837 1683 886 quod
1711 849 1793 874 non
1821 846 1947 887 potest
1965 850 2048 875 esse
2068 851 2138 888 per
2157 851 2196 876 se
2223 840 2385 878 existens
2404 841 2476 879 nisi

1406 902 1544 927 unum.
1582 890 1829 940 Relinquitur
1862 891 1975 939 igitur
2010 892 2133 941 quod,
2163 905 2254 929 cum
2291 894 2398 931 Deus
2430 895 2477 932 sit

1406 955 1489 980 esse
1527 944 1755 990 subsistens,
1794 944 1889 982 nihil
1926 945 2030 982 aliud
2067 954 2219 995 praeter
2255 946 2384 995 ipsum
2423 956 2478 985 est

1407 1009 1524 1033 suum
1553 1009 1648 1034 esse.
1771 1029 1774 1030 γ

1373 1066 1382 1087 ς
1459 1050 1612 1087 Adhuc.
1643 1050 1882 1100 Impossibile
1912 1059 1967 1088 est
1995 1052 2102 1100 quod
2138 1051 2184 1088 sit
2216 1052 2358 1102 duplex
2395 1066 2476 1091 esse

1406 1103 1570 1141 omnino
1599 1103 1811 1141 infinitum:
1842 1117 1924 1141 esse
1953 1105 2059 1142 enim
2087 1105 2195 1154 quod
2223 1106 2385 1144 omnino
2421 1115 2477 1144 est

1406 1156 1613 1203 infinitum,
1634 1169 1796 1195 omnem
1814 1158 2090 1207 perfectionem
2119 1159 2271 1196 essendi
2299 1172 2476 1209 compre-

1406 1210 1558 1256 hendit;
1589 1218 1625 1247 et
1653 1211 1717 1257 sic,
1747 1211 1777 1248 si
1806 1212 1962 1248 duobus
1998 1212 2081 1248 talis
2109 1212 2259 1249 adesset
2296 1213 2474 1261 infinitas,

1406 1275 1487 1300 non
1516 1263 1754 1301 inveniretur
1788 1277 1867 1314 quo
1903 1277 2031 1302 unum
2066 1265 2114 1302 ab
2147 1267 2265 1303 altero
2294 1266 2473 1304 differret.

1367 1336 1392 1350 ιο
1406 1317 1502 1353 Esse
1539 1325 1670 1355 autem
1708 1317 1917 1355 subsistens
1956 1326 2107 1368 oportet
2142 1331 2223 1355 esse
2259 1318 2472 1357 infinitum:

1407 1369 1499 1418 quia
1526 1382 1607 1408 non
1635 1371 1862 1408 terminatur
1889 1371 2020 1421 aliquo
2049 1371 2266 1421 recipiente.
2295 1373 2475 1423 Impossi-

1406 1422 1482 1460 bile
1502 1431 1558 1461 est
1576 1423 1689 1472 igitur
1707 1437 1789 1461 esse
1809 1424 1968 1474 aliquod
1988 1438 2070 1462 esse
2097 1425 2306 1463 subsistens
2325 1434 2476 1475 praeter

1406 1488 1591 1525 prlmum.

1460 1530 1567 1568 Item.
1590 1530 1630 1567 Si
1650 1530 1696 1567 sit
1715 1530 1873 1580 aliquod
1893 1543 1975 1568 esse
1994 1543 2065 1580 per
2083 1543 2123 1568 se
2144 1531 2364 1579 subsistens,
2379 1533 2475 1570 nihil

1368 1599 1390 1619 ις
1407 1583 1592 1632 competit
1611 1583 1645 1620 ei
1664 1583 1737 1620 nisi
1752 1585 1860 1633 quod
1875 1592 1930 1621 est
1945 1584 2041 1621 entis
2060 1583 2292 1633 inquantum
2312 1593 2368 1622 est
2387 1598 2473 1623 ens:

1407 1636 1516 1683 quod
1535 1636 1640 1673 enirn
1659 1636 1798 1674 dicitur
1817 1637 1865 1674 de
1885 1637 2016 1686 aliquo
2043 1649 2123 1674 non
2152 1637 2384 1687 inquantum
2403 1640 2475 1676 hu-

1406 1687 1590 1735 iusmodi,
1619 1701 1700 1726 non
1728 1690 1911 1726 convenit
1940 1690 1974 1727 ei
2002 1690 2074 1726 nisi
2102 1702 2172 1739 per
2199 1690 2387 1737 accidens,
2417 1704 2475 1729 ra-

1406 1740 1511 1779 tione
1548 1742 1728 1788 subiecti;
1767 1743 1888 1789 unde,
1922 1743 1953 1780 si
1988 1751 2210 1792 separatum
2245 1756 2267 1780 a
2302 1743 2475 1782 subiecto

1404 1803 1584 1844 ponatur,
1613 1797 1721 1833 nullo
1756 1797 1877 1834 modo
1913 1796 1947 1833 ei
1982 1796 2177 1846 competit.
2215 1798 2309 1834 Esse
2345 1805 2476 1835 autem

1364 1863 1390 1878 20
1404 1848 1454 1885 ab
1482 1849 1557 1886 alio
1585 1857 1788 1887 causatum
1817 1862 1898 1887 non
1926 1849 2111 1900 competit
2137 1849 2214 1887 enti
2242 1850 2475 1900 inquantum

1404 1909 1460 1938 est
1487 1914 1574 1939 ens:
1604 1902 1697 1940 alias
1725 1915 1844 1940 omne
1873 1915 1941 1940 ens
1970 1911 2068 1940 esset
2087 1903 2137 1940 ab
2156 1903 2231 1940 alio
2255 1912 2499 1951 causatum;-

1404 1963 1441 1991 et
1459 1955 1513 1992 sie
1531 1963 1727 2005 oporteret
1753 1957 1964 2005 procedere
1993 1956 2032 1993 in
2061 1956 2256 1994 infinitum
2275 1957 2315 1994 in
2335 1957 2472 2004 causis,

1403 2009 1511 2057 quod
1547 2017 1603 2046 est
1636 2009 1888 2058 impossibile,
1918 2018 1960 2046 ut
1988 2022 2105 2058 supra
2128 2010 2148 2031 '³‘
2176 2017 2375 2047 ostensum
2405 2019 2471 2048 est.

1403 2062 1498 2099 Illud
1518 2061 1630 2110 igitur
1649 2074 1731 2099 esse
1751 2063 1858 2112 quod
1879 2071 1934 2100 est
1953 2062 2174 2109 subsistens,
2194 2071 2346 2113 oportet
2365 2065 2472 2113 quod

1362 2129 1385 2149 ις
1403 2115 1449 2152 sit
1476 2128 1557 2153 non
1586 2123 1800 2153 causatum.
1837 2117 2000 2163 Nullum
2033 2116 2146 2164 igitur
2174 2129 2242 2154 ens
2270 2125 2471 2155 causatum

1403 2176 1460 2206 est
1487 2181 1605 2206 suum
1633 2181 1728 2206 esse.

1456 2222 1646 2272 Amplius.
1677 2222 1899 2260 Substantia
1927 2222 2236 2272 uniuscuiusque
2265 2231 2321 2260 est
2348 2223 2382 2260 ei
2401 2236 2472 2273 per

1403 2287 1443 2313 se
1463 2283 1499 2313 et
1518 2288 1599 2313 non
1618 2288 1688 2325 per
1707 2276 1828 2313 aliud:
1858 2276 1963 2313 unde
1983 2288 2066 2312 esse
2085 2276 2259 2313 lucidum
2278 2284 2366 2313 actu
2390 2289 2471 2314 non

1402 2337 1459 2366 est
1486 2329 1534 2366 de
1563 2329 1775 2366 substantia
1794 2328 1902 2375 aeris,
1923 2329 2015 2379 quia
2034 2337 2089 2366 est
2108 2329 2143 2366 ei
2161 2341 2232 2379 per
2250 2329 2366 2367 aliud.
2393 2330 2471 2368 Sed

1363 2396 1388 2416 ³⁰
1402 2382 1557 2420 cuilibet
1585 2382 1639 2420 rei
1667 2390 1816 2420 creatae
1845 2395 1962 2419 suum
1991 2395 2073 2419 esse
2103 2390 2158 2420 est
2186 2382 2220 2420 ei
2249 2395 2319 2432 per
2346 2383 2468 2421 aliud:

1402 2436 1494 2474 alias
1513 2448 1594 2474 non
1613 2444 1712 2473 esset
1730 2444 1944 2473 causatum.
1975 2435 2130 2473 Nullius
2158 2435 2270 2484 igitur
2295 2436 2470 2474 substan-

1401 2490 1474 2527 tiae
1502 2498 1651 2527 creatae
1680 2502 1798 2527 suum
1826 2501 1908 2526 esse
1938 2497 1994 2526 est
2022 2502 2093 2526 sua
2121 2489 2343 2526 substantia.

1455 2544 1561 2580 Item.
1593 2543 1696 2580 Cum
1731 2554 1849 2579 omne
1878 2554 1994 2590 agens
2030 2550 2115 2590 agat
2149 2542 2380 2591 inquantum
2413 2550 2470 2579 est

1401 2603 1498 2642 actu,
1513 2595 1641 2645 primo
1657 2595 1793 2644 agenti,
1809 2595 1917 2644 quod
1937 2603 1993 2631 est
2009 2595 2341 2644 perfectissimum,
2362 2607 2468 2632 com-

1361 2662 1383 2682 κς
1399 2649 1492 2699 petit
1520 2661 1602 2686 esse
1622 2648 1662 2685 in
1681 2656 1769 2685 actu
1796 2647 2073 2697 perfectissimo
2093 2648 2226 2685 modo.
2247 2649 2376 2685 Tanto
2400 2661 2467 2685 au-

1399 2710 1479 2739 tem
1506 2701 1652 2751 aliquid
1687 2709 1743 2738 est
1775 2700 1979 2751 perfectius
2014 2700 2054 2738 in
2088 2709 2175 2738 actu
2208 2709 2355 2750 quanto
2384 2701 2466 2738 talis

1399 2763 1507 2792 actus
1525 2762 1581 2792 est
1600 2754 1639 2791 in
1658 2754 1722 2791 via
1740 2754 1996 2803 generationis
2014 2754 2218 2803 posterior:
2240 2762 2346 2791 actus
2361 2754 2466 2791 enim

1399 2817 1454 2845 est
1481 2816 1658 2858 tempore
1686 2807 1857 2857 potentia
1883 2807 2074 2857 posterior
2101 2807 2140 2844 in
2168 2819 2249 2844 uno
2269 2815 2306 2844 et
2324 2807 2465 2844 eodem

1398 2862 1506 2911 quod
1535 2861 1583 2898 de
1610 2861 1782 2911 potentia
1810 2861 1859 2898 ad
1877 2868 2016 2898 -actum
2044 2860 2228 2910 procedit.
2258 2860 2465 2898 Perfectius

1357 2931 1384 2951 40
1398 2927 1558 2965 quoque
1591 2922 1647 2951 est
1682 2915 1722 2952 in
1757 2922 1844 2952 actu
1873 2914 1982 2963 quod
2011 2922 2066 2951 est
2100 2914 2182 2963 ipse
2211 2921 2316 2951 actus
2344 2925 2464 2962 quam

1397 2969 1506 3019 quod
1534 2976 1590 3005 est
1618 2968 1767 3005 habens
1795 2975 1943 3005 actum:
1974 2968 2051 3004 hoc
2072 2967 2176 3004 enim
2195 2974 2353 3016 propter
2371 2966 2464 3004 illud

1397 3030 1485 3060 actu
1504 3029 1570 3059 est.
1591 3021 1663 3058 His
1691 3021 1804 3070 igitur
1832 3020 1886 3058 sic
1913 3020 2057 3070 positis,
2078 3028 2225 3058 constat
2244 3032 2290 3057 ex
2309 3032 2426 3068 supra
2444 3019 2464 3041 '¹‘

1397 3075 1558 3113 ostensis
1577 3075 1685 3124 quod
1705 3075 1812 3111 Deus
1832 3076 1937 3111 solus
1957 3081 2012 3110 est
2030 3073 2202 3123 primum
2231 3084 2357 3120 agens.
2381 3072 2463 3110 Sibi

1396 3141 1487 3178 ergo
1525 3128 1596 3166 soli
1633 3128 1818 3178 competit
1854 3139 1936 3164 esse
1978 3127 2017 3164 in
2059 3134 2145 3164 actu
2186 3125 2462 3176 perfectissimo

266 3188 330 3224 vel
357 3186 457 3223 illius
486 3198 580 3232 esse,
602 3193 643 3223 ut
670 3185 809 3222 veritas
836 3185 971 3238 habet;
1000 3184 1122 3233 magis
1142 3191 1198 3221 est
1216 3182 1340 3220 mani-
1354 3202 1379 3222 45
1395 3182 1528 3228 modo,
1565 3189 1607 3219 ut
1642 3181 1781 3219 scilicet
1815 3180 1860 3218 sit
1894 3180 1976 3230 ipse
2011 3188 2117 3217 actus
2153 3178 2461 3229 perfectissimus.

322 3307 355 3334 17
374 3299 547 3332 substantiali]
566 3299 738 3324 substantiale
756 3299 842 3324 aWX.

268 3344 302 3362 20
320 3336 384 3369 quo]
404 3337 431 3361 in
449 3344 504 3369 quo
523 3336 571 3361 Pd.
663 3334 694 3360 25
715 3342 775 3359 esse
799 3334 946 3359 subsistens
969 3334 1002 3365 Z;
1027 3333 1184 3358 subsistens.

265 3372 519 3403 DNXYZsBEHPc;
538 3372 613 3396 deest
631 3370 658 3395 in
674 3371 695 3395 A
710 3378 773 3395 casu
792 3374 819 3395 et
838 3370 864 3394 in
879 3369 983 3395 ceteris.

265 3408 300 3439 43
320 3408 346 3433 Si
365 3415 469 3433 vero...
489 3407 505 3432 b
518 3414 529 3432 1
552 3407 601 3432 nisi
619 3414 702 3431 unum
720 3407 781 3431 hom
800 3414 843 3430 om
863 3406 910 3438 pZ.

933 3297 966 3323 18
985 3303 1026 3322 est
1043 3305 1087 3323 om
1106 3298 1156 3328 αΝ,
1174 3300 1238 3322 ante
1256 3298 1326 3322 idem
1344 3297 1387 3323 Pc-

1276 3333 1309 3357 30
1328 3340 1388 3357 esse
1412 3331 1477 3366 eius]
1503 3332 1560 3357 eius
1585 3339 1645 3356 esse
1663 3331 1710 3362 Gc,
1735 3331 1805 3355 aliud
1828 3330 1883 3355 eius
1909 3337 1969 3354 esse
1988 3329 2036 3354 Pd.

1075 3369 1108 3402 39
1128 3377 1196 3402 quae
1214 3373 1317 3394 sunt...
1337 3367 1406 3401 sunt]
1426 3376 1493 3401 quae
1512 3372 1617 3393 sunt...
1636 3375 1703 3400 quae
1722 3371 1782 3391 sunt
1799 3366 1877 3396 BCH,
1897 3370 1999 3390 sunt...
2019 3369 2080 3389 sunt
2093 3364 2124 3394 D,
2145 3368 2246 3390 sunt...
2266 3370 2332 3395 quae
2351 3367 2412 3387 sunt
2429 3362 2462 3387 Y.

995 3404 1145 3429 differentiis
1164 3405 1234 3435 sZP3
1248 3404 1274 3428 in
1293 3403 1451 3428 differentiis.

1479 3303 1512 3330 19
1531 3296 1557 3321 in
1576 3296 1665 3328 aliquo
1684 3295 1801 3320 subiecto
1820 3295 1861 3319 vel
1879 3294 1905 3318 in
1924 3294 2010 3326 aliqua
2029 3293 2172 3318 substantia
2190 3293 2222 3324 A,
2234 3292 2348 3317 alterum
2362 3298 2463 3317 omnes.

2127 3328 2158 3353 32
2183 3328 2232 3353 nisi
2254 3328 2380 3352 addimus
2401 3334 2462 3352 cum

1537 3403 1570 3434 45
1586 3408 1614 3428 ut
1631 3403 1725 3427 veritas
1745 3402 1834 3432 habet;
1854 3400 1936 3433 magis
1956 3405 1995 3424 est
2013 3399 2179 3424 manifestum
2194 3397 2250 3432 (m'
2263 3405 2301 3423 ex
2319 3398 2378 3428 evi·,
2390 3398 2463 3430 quod

265 3447 306 3469 est
324 3442 462 3476 evidentia)
482 3444 504 3468 A
522 3443 607 3473 solus3
628 3443 687 3467 ideo
705 3442 787 3467 virtus
801 3441 879 3466 habet
891 3440 975 3473 magis
988 3445 1029 3465 est
1046 3448 1139 3465 verum
1152 3440 1199 3464 DX
1217 3442 1244 3465 et
1256 3440 1314 3464 sine
1326 3439 1407 3464 virtus
1420 3440 1467 3464 BH
1486 3442 1512 3464 et
1529 3439 1646 3471 spatium
1660 3446 1715 3470 pro
1733 3438 1815 3462 virtus
1829 3437 1857 3468 C,
1877 3436 1935 3476 iden
1950 3435 2028 3460 habet
2039 3435 2134 3467 (spat.)
2148 3435 2231 3467 magis
2250 3438 2291 3475 est
2307 3441 2400 3458 verum
2419 3434 2462 3464 sZ,

266 3487 319 3504 non
337 3479 416 3504 habet
435 3479 518 3512 magis
537 3483 579 3503 est
595 3486 688 3503 verum
707 3478 740 3508 G,
761 3478 820 3502 ideo
838 3477 947 3502 habetur
965 3476 1048 3508 magis
1068 3483 1161 3500 verum
1179 3475 1210 3507 E,
1228 3475 1287 3500 ideo
1307 3473 1370 3509 (iam
1387 3474 1433 3509 cd)
1452 3474 1530 3499 habet
1548 3475 1632 3507 magis
1650 3481 1710 3498 esse
1728 3480 1821 3498 verum
1840 3472 1902 3502 ch,
1922 3471 1980 3496 ideo
2001 3469 2096 3504 (adhuc
2115 3469 2190 3504 NYb)
2210 3477 2294 3502 magis
2312 3474 2353 3494 est
2369 3476 2462 3494 verum

265 3515 373 3546 NWYb,
392 3515 443 3540 iam
462 3514 514 3539 hoc
532 3515 616 3547 magis
635 3519 676 3539 est
702 3521 795 3538 verum
815 3513 843 3538 P.

319 3550 336 3576 8
355 3549 468 3584 adesset]
489 3550 583 3575 adesse
601 3551 624 3574 A
642 3557 716 3575 casu.
814 3556 842 3574 ιι
866 3547 961 3581 aliquo]
981 3547 1013 3572 ab
1032 3547 1120 3579 aliquo
1139 3546 1191 3572 DZ.

265 3586 360 3612 sistens
372 3587 404 3617 X,
424 3594 484 3611 esse
496 3585 643 3610 subsistens
657 3593 717 3610 esse
732 3584 846 3618 (praeter
862 3582 957 3618 unum)
976 3583 1007 3608 D.

266 3629 299 3654 27
319 3622 351 3656 ei]
371 3630 419 3647 ens
438 3622 540 3647 anPc.

267 3657 299 3690 37
319 3658 389 3683 enim
414 3665 510 3691 margo
529 3658 565 3688 A;
590 3663 634 3682 om
652 3657 681 3682 Z.
772 3663 808 3688 4⁰
827 3663 934 3689 quoque
949 3658 1014 3687 post
1031 3658 1072 3678 est
1090 3654 1151 3679 αΡε.

1094 3581 1126 3606 18
1146 3581 1304 3614 separatum]
1324 3581 1464 3614 separatim
1484 3581 1564 3612 sBPc,
1584 3585 1719 3613 separatur
1737 3578 1792 3605 EG.

633 3621 666 3646 30
679 3629 757 3646 suum
777 3627 837 3645 esse
856 3625 897 3644 est
915 3619 938 3644 ei
956 3619 1069 3652 legimus
1086 3625 1146 3643 cum
1165 3617 1300 3647 omnffiun
1320 3625 1398 3642 suum
1417 3624 1477 3641 esse
1496 3616 1519 3641 ei
1537 3617 1561 3641 A
1579 3623 1656 3646 casu;
1678 3622 1713 3640 an
1733 3614 1756 3639 ei
1771 3621 1825 3646 pro
1844 3612 1900 3638 est?

1242 3659 1277 3684 42
1296 3657 1354 3677 actu
1372 3652 1420 3684 W;
1440 3657 1526 3677 actum
1545 3651 1578 3682 Y,
1598 3656 1670 3676 actus
1688 3650 1778 3675 ceteri.

1287 3552 1319 3571 12
1340 3553 1401 3571 esse
1419 3545 1525 3578 aliquod
1549 3553 1608 3570 esse
1631 3542 1786 3575 subsistens]
1806 3542 1911 3575 aliquod
1934 3549 1993 3566 esse
2017 3540 2163 3565 subsistens
2182 3540 2298 3570 BGHZc,
2318 3547 2377 3565 esse
2399 3539 2462 3565 sub-

1878 3585 1912 3609 24
1930 3577 2076 3602 subsistens
2095 3577 2117 3601 A
2136 3576 2220 3606 solus;
2240 3583 2287 3600 ens
2306 3575 2462 3601 subsistens.

1992 3612 2024 3637 33
2043 3617 2102 3645 agat
2119 3619 2162 3637 om
2182 3619 2207 3642 α,
2227 3612 2261 3636 sit
2285 3619 2366 3644 agens
2388 3611 2462 3637 XsH.

2501 2014 2510 2024 ¹
2520 2013 2595 2041 Lib-I,
2606 2019 2656 2041 cap.
2664 2020 2713 2036 xm.

2491 3027 2501 3037 ²
2508 3026 2560 3048 Lib.
2567 3026 2587 3054 1,
2595 3032 2646 3054 cap.
2655 3032 2706 3048 xm.
