2768 4134
69 1397 78 1407 ·
91 1396 179 1424 Opusc.
190 1395 253 1418 XVI.

69 3664 77 3673 ·
93 3663 150 3691 Cap.
165 3669 196 3685 ιι.

312 293 389 341 418

311 373 401 414 quod
416 370 596 403 intellectus
612 367 645 398 id
661 366 752 408 quod
771 367 942 407 cogitativa
959 366 1128 406 cognoscit
1142 365 1384 406 particulariter,

310 419 378 458 ipse
394 413 614 447 universaliter
629 411 794 451 intelligat,
811 420 879 441 non
903 411 1049 451 sequitur
1073 409 1163 450 quod
1186 410 1289 440 homo
1313 409 1386 440 uni-

309 460 470 492 versaliter
484 458 650 497 intelligat,
663 455 720 486 sed
735 460 862 486 tantum
878 455 1110 495 particulariter
1131 453 1386 494 comprehendat

310 515 367 547 per
390 513 482 535 suam
496 503 648 533 virtutem
664 500 884 540 cogitativam:
910 500 993 530 sicut
1015 509 1073 540 per
1095 500 1160 530 hoc
1180 498 1272 539 quod
1295 498 1385 528 Deus

309 548 527 581 universaliter
551 550 728 586 cognoscat
751 543 842 585 quod
864 553 926 574 nos
949 544 1182 584 particulariter
1204 543 1384 584 apprehen-

309 594 425 629 dimus,
441 601 510 623 non
533 591 678 631 sequitur
700 598 762 620 nos
784 588 1005 620 universaliter
1027 588 1215 629 intelligere.

364 637 486 668 Tertio.
504 635 591 667 Unio
615 633 757 665 duorum
781 633 1051 674 cognoscentium
1074 633 1108 663 in
1132 633 1243 672 aliquo
1267 631 1384 663 extrin-

308 691 384 713 seco
408 682 549 717 obiecto,
567 688 637 710 non
660 678 736 709 facit
759 684 795 709 ut
819 677 933 709 eadem
955 687 1094 709 numero
1118 677 1263 717 cognitio
1287 676 1385 707 unius

308 728 348 757 sit
371 726 500 757 alterius
526 724 687 764 cognitio:
718 722 806 754 idem
837 723 925 753 enim
948 732 967 752 a
996 721 1128 752 diversis
1158 726 1266 762 potest
1288 720 1385 751 simul

308 770 440 802 diversis
456 769 697 810 cognitionibus
718 766 927 808 apprehendi.
951 766 1046 806 Ergo>
1059 765 1150 806 quod
1173 765 1261 796 idem
1276 765 1316 795 ab
1335 766 1384 796 in-

308 815 440 846 tellectu
463 819 495 845 et
519 813 690 854 cogitativa
719 813 861 843 hominis
889 810 1193 851 comprehendatur,
1217 819 1286 841 non
1309 809 1385 840 facit

308 865 344 891 ut
365 860 468 890 homo
492 859 637 899 cogitans
661 856 774 888 eadem
797 855 1017 887 intellectione
1044 854 1201 895 intelligat
1224 863 1290 895 qua
1314 854 1385 894 ipse

308 903 500 936 intellectus.
516 903 615 943 Ergo,
633 911 708 932 cum
727 911 795 932 non
811 901 913 941 possit
929 899 992 930 dici
1007 899 1068 930 alia
1085 900 1275 940 operatione
1291 898 1384 929 intel-

308 949 416 989 ligere,
441 957 518 979 cum
540 947 717 987 intelligere
741 946 781 976 sit
804 945 904 975 solius
933 943 1117 975 intellectus
1147 944 1311 984 operatio;
1334 952 1384 974 se-

309 993 419 1033 quitur
442 992 533 1033 quod
547 1001 605 1032 per
624 991 722 1021 talem
745 989 1026 1021 continuationem
1041 988 1133 1020 nullo
1149 987 1252 1019 modo
1276 993 1385 1029 potest

309 1037 372 1069 dici
395 1038 497 1068 homo
520 1036 711 1076 intelligens.

365 1081 500 1119 Quarto.
524 1080 704 1120 Intelligere
726 1088 794 1109 non
818 1083 866 1108 est
895 1086 953 1118 per
983 1086 1143 1118 organum
1175 1086 1382 1118 corporeum.

308 1126 394 1166 Ergo
418 1135 486 1157 non
510 1113 710 1156 conveniunt
732 1122 914 1153 intellectus
930 1127 963 1153 et
981 1122 1154 1162 cogitativa
1176 1122 1210 1153 in
1234 1131 1384 1162 compre—

308 1171 465 1201 hensione
481 1169 636 1205 eiusdem,
653 1169 696 1198 ita
713 1166 804 1208 quod
826 1167 1009 1198 intellectus
1028 1167 1068 1197 sit
1091 1166 1270 1208 principale
1285 1175 1384 1206 agens

307 1215 390 1245 sicut
413 1224 472 1251 ars,
489 1220 521 1245 et
544 1213 724 1254 cogitativa,
742 1221 825 1252 quae
841 1217 888 1242 est
911 1212 945 1242 in
966 1220 1089 1252 organo
1113 1220 1285 1252 corporeo,
1301 1211 1384 1242 sicut

307 1260 567 1290 instrumentum.

362 1313 394 1343 4.
412 1303 536 1334 Contra
550 1301 727 1334 secundam
746 1301 996 1341 responsionem
1011 1301 1116 1341 arguit
1140 1300 1277 1332 Sanctus
1292 1299 1384 1331 Tho-

307 1357 376 1379 mas
399 1348 514 1384 Prima,
545 1357 577 1388 q.
601 1357 705 1383 Lxxw,
733 1351 765 1377 et
788 1346 822 1376 in
846 1345 1000 1376 Tractatu
1028 1345 1069 1376 de
1095 1345 1228 1376 Unitate
1250 1345 1383 1376 Intelle-

307 1398 378 1424 ctus
393 1394 420 1429 ὓ,
443 1392 610 1423 nonnullis
633 1391 811 1422 rationibus
838 1399 923 1431 quae
950 1390 989 1421 ab
1013 1390 1083 1421 aliis
1106 1390 1286 1421 Thomistis
1308 1395 1384 1421 sunt

307 1438 504 1478 explanatae.
529 1436 606 1468 ldeo
622 1446 690 1467 non
715 1440 846 1476 oportet
860 1444 921 1466 nos
944 1435 978 1466 in
1002 1444 1040 1466 ea
1062 1434 1278 1476 improbanda
1300 1434 1383 1466 ulte-

306 1483 372 1513 rius
395 1482 571 1513 immorari.

362 1526 416 1557 VI.
444 1526 554 1557 Tertio
584 1526 741 1567 arguitur
770 1525 814 1556 ad
845 1524 1097 1555 conclusionem.
1121 1523 1235 1555 Homo
1260 1528 1307 1555 est
1333 1523 1382 1555 in-

306 1570 453 1611 telligens
471 1581 529 1612 per
550 1570 752 1602 intellectum
767 1571 851 1601 sicut
873 1578 932 1610 per
946 1569 1098 1599 virtutem
1117 1569 1381 1609 cognoscitivam.

307 1615 394 1655 Ergo
409 1626 478 1647 non
494 1625 551 1656 per
567 1614 706 1646 formam
717 1613 953 1654 intelligibilem
969 1613 1178 1653 coniungitur
1192 1613 1381 1650 intellectui,

307 1660 364 1691 sed
388 1670 406 1691 e
429 1669 588 1691 converso
619 1669 677 1699 per
706 1659 908 1690 intellectum
938 1658 1147 1698 coniungitur
1176 1657 1380 1699 intelligibili.

307 1705 395 1745 Ergo
418 1705 503 1736 male
519 1704 636 1735 dicitur
659 1703 750 1744 quod
773 1704 875 1734 homo
899 1703 1109 1743 coniungitur
1131 1702 1311 1734 intellectui
1331 1711 1382 1733 ra-

307 1749 396 1780 tione
412 1750 532 1790 speciei
554 1748 761 1788 intelligibilis
785 1747 937 1779 fundatae
960 1747 994 1777 in
1018 1747 1249 1788 phantasmate.
1265 1764 1288 1769 -
1303 1747 1382 1778 Pro-

308 1793 400 1824 batur
433 1794 675 1834 consequentia.
706 1792 793 1831 Quia
823 1800 1026 1832 cognoscens
1056 1801 1114 1832 per
1142 1792 1295 1823 virtutem
1324 1801 1381 1823 co-

307 1839 520 1878 gnoscitivam
544 1838 752 1878 coniungitur
775 1837 915 1873 obiecto,
947 1840 978 1866 et
1004 1846 1073 1867 non
1098 1846 1115 1867 e
1143 1845 1301 1867 converso
1323 1845 1381 1877 per

308 1883 474 1914 obiectum
504 1882 713 1922 coniungitur
742 1882 851 1912 virtuti
881 1881 1137 1920 cognoscitivae:
1167 1881 1251 1912 sicut
1280 1890 1380 1912 omne

308 1936 445 1967 operans
467 1937 526 1967 per
547 1928 699 1957 virtutem
723 1926 922 1966 operativam
946 1926 1156 1966 coniungitur
1178 1930 1324 1966 operato.

362 1972 430 2002 VII.
447 1971 585 2008 Quarto.
595 1971 708 2001 Homo
720 1970 878 2010 intelligit.
892 1970 934 2001 Et
944 1978 1013 2000 non
1025 1970 1086 2000 nisi
1098 1979 1157 2010 per
1167 1970 1379 2001 intellectum.

307 2015 393 2056 Ergo
418 2021 548 2056 oportet
570 2016 679 2056 ipsum
701 2015 786 2045 uniri
809 2015 905 2045 nobis
929 2013 1115 2050 formaliter,
1133 2020 1165 2045 et
1187 2024 1255 2045 non
1271 2014 1380 2045 solum

306 2069 364 2100 per
378 2070 475 2091 suum
491 2061 668 2091 obiectum.
683 2077 707 2083 —
722 2059 880 2090 Probatur
899 2059 1143 2099 consequentia.
1159 2058 1247 2097 Quia
1261 2059 1295 2090 id
1310 2067 1379 2099 quo

306 2104 428 2146 aliquid
443 2110 605 2146 operatur,
622 2109 752 2145 oportet
767 2113 836 2135 esse
852 2103 991 2135 formam
1007 2104 1086 2135 eius.
1099 2103 1200 2142 Quod
1214 2104 1379 2145 probatur.

306 2149 394 2180 Tum
403 2151 479 2191 quia
486 2149 565 2180 nihil
576 2150 640 2189 agit
651 2149 713 2179 nisi
725 2148 906 2180 secundum
918 2149 1009 2190 quod
1022 2154 1070 2179 est
1080 2154 1170 2180 actu:
1183 2154 1258 2180 actu
1269 2153 1380 2179 autem

305 2203 373 2225 non
396 2200 444 2226 est
467 2193 589 2235 aliquid
603 2194 665 2224 nisi
681 2203 739 2234 per
754 2193 904 2224 formam.
921 2194 1010 2225 Tum
1026 2193 1102 2234 quia
1117 2193 1307 2224 Aristoteles
1322 2202 1381 2234 per

305 2239 384 2272 illud
400 2239 526 2280 probat,
542 2238 570 2269 11
593 2238 632 2269 de
647 2238 776 2273 Anima,
800 2243 876 2269 text.
895 2247 948 2278 24,
972 2239 1114 2270 animam
1137 2248 1206 2269 esse
1229 2237 1379 2269 formam.

362 2294 392 2315 2.
416 2283 512 2315 Circa
534 2284 618 2314 hanc
642 2283 913 2324 propositionem,
931 2283 971 2314 Id
986 2293 1050 2325 quo
1075 2283 1200 2324 aliquid
1223 2287 1381 2324 operatur

307 2334 354 2360 est
367 2329 486 2371 forma
511 2329 590 2363 eius,
615 2327 694 2358 dans
717 2327 839 2358 scilicet
864 2337 934 2358 esse
956 2328 1013 2365 illi,
1032 2327 1267 2358 attendendum
1290 2327 1381 2368 quod

306 2373 402 2404 habet
424 2373 591 2404 veritatem
613 2371 654 2402 de
678 2381 719 2402 eo
736 2381 804 2412 quo
827 2372 934 2412 primo
957 2371 1081 2413 aliquid
1104 2377 1267 2412 operatur,
1290 2372 1317 2403 si
1340 2372 1380 2402 ab

307 2422 462 2458 operante
477 2417 517 2448 sit
533 2416 736 2447 distinctum:
754 2422 790 2447 ut
806 2421 894 2456 patet
909 2426 948 2447 ex
963 2417 1176 2457 Philosopho,
1196 2417 1273 2448 loco
1288 2426 1380 2457 prae-

307 2462 453 2502 allegato.
478 2461 603 2492 Dicitur
618 2466 728 2492 autem
751 2470 815 2502 quo
826 2461 937 2501 primo
961 2461 1088 2503 aliquid
1103 2466 1260 2502 operatur
1274 2461 1308 2492 id
1327 2461 1380 2492 eui

307 2507 459 2537 convenit
482 2511 519 2537 ut
534 2506 574 2536 sit
597 2515 665 2546 quo
681 2505 804 2546 aliquid
828 2511 980 2546 operatur
1002 2511 1034 2537 et
1056 2515 1126 2537 non
1149 2506 1302 2537 convenit
1320 2505 1381 2536 sibi

306 2561 364 2592 per
390 2550 512 2591 aliquid
537 2550 624 2581 aliud
648 2555 685 2581 ut
718 2550 758 2581 sit
779 2550 858 2581 tale:
886 2550 1000 2588 immo,
1026 2551 1054 2582 si
1080 2550 1178 2581 alicui
1204 2551 1269 2581 hoc
1301 2559 1380 2581 con-

306 2596 403 2632 venit,
423 2600 459 2626 ut
482 2595 604 2626 scilicet
618 2595 659 2625 sit
675 2603 743 2635 quo
767 2594 891 2635 aliquid
914 2600 1076 2636 operatur,
1101 2595 1255 2626 convenit
1278 2595 1308 2626 ei
1323 2604 1381 2636 per

306 2641 423 2681 ipsum.
447 2638 500 2671 Ad
527 2640 616 2670 hunc
647 2648 778 2671 sensum
808 2640 991 2680 propositio
1020 2645 1068 2672 est
1095 2640 1274 2671 verissima:
1303 2640 1381 2681 quia

305 2685 448 2725 primum
470 2684 668 2725 principium
687 2693 755 2724 quo
779 2683 902 2725 aliquid
925 2690 1089 2725 operatur,
1113 2693 1245 2716 necesse
1270 2689 1318 2715 est
1343 2689 1381 2715 ut

305 2734 412 2761 actuet
427 2734 634 2770 operantem;
651 2738 728 2759 cum
751 2729 831 2759 nihil
846 2734 919 2769 agat
937 2730 998 2760 nisi
1021 2728 1203 2760 secundum
1227 2729 1318 2770 quod
1333 2734 1381 2760 est

305 2775 339 2805 in
362 2779 446 2804 actu.
462 2791 486 2796 -
499 2773 606 2804 Habet
629 2773 726 2804 etiam
749 2773 970 2804 universaliter
991 2774 1160 2805 veritatem
1182 2774 1223 2805 de
1246 2783 1287 2805 eo
1311 2783 1380 2815 quo

305 2817 428 2859 aliquid
450 2823 604 2859 operatur
627 2822 782 2859 tanquam
800 2818 951 2858 potentia
975 2819 1154 2859 operativa.

360 2863 402 2894 Et
424 2871 482 2903 per
505 2862 570 2893 hoc
586 2861 767 2893 excluditur
790 2863 933 2894 obiectio
949 2871 1034 2903 quae
1049 2868 1160 2904 posset
1177 2862 1247 2894 fieri
1267 2863 1307 2894 de
1331 2862 1379 2894 di-

304 2907 379 2938 vina
401 2907 539 2938 essentia
561 2907 652 2938 unita
674 2907 852 2937 intellectui
875 2907 1060 2938 beatorum:
1085 2917 1143 2948 per
1165 2907 1269 2948 ipsam
1292 2908 1380 2938 enim

305 2951 485 2983 intellectus
500 2952 586 2982 beati
602 2950 688 2982 videt
704 2950 846 2982 divinam
870 2952 1051 2988 essentiam,
1073 2957 1105 2982 et
1127 2952 1173 2983 sic
1196 2961 1254 2993 per
1276 2952 1379 2993 ipsam

305 2997 417 3027 beatus
441 3001 604 3037 operatur,
629 3001 662 3026 et
687 3001 797 3026 tamen
826 3004 895 3026 non
923 2995 1077 3027 informat
1103 2996 1304 3028 intellectum
1331 3005 1380 3028 se-

306 3040 451 3072 cundum
475 3049 554 3071 esse.
571 3039 710 3071 Constat
733 3041 821 3071 enim
837 3039 928 3080 quod
951 3050 1019 3071 non
1044 3046 1091 3071 est
1113 3040 1147 3071 id
1169 3050 1238 3081 quo
1261 3041 1380 3082 primo,

305 3094 413 3126 neque
437 3094 505 3125 quo
535 3090 691 3125 tanquam
720 3085 838 3116 virtute
865 3085 1060 3116 intellectiva
1083 3085 1196 3116 beatus
1222 3085 1310 3117 videt
1333 3085 1380 3117 di-

305 3131 414 3160 vinam
430 3130 617 3160 essentiam:
635 3129 692 3160 sed
706 3129 776 3170 ipsa
792 3129 918 3160 animae
933 3129 1110 3160 substantia
1126 3135 1173 3161 est
1189 3139 1256 3171 quo
1273 3130 1380 3170 primo

306 3175 417 3205 beatus
431 3173 519 3205 videt
535 3173 678 3204 divinam
694 3174 876 3210 essentiam,
893 3174 1076 3205 intellectus
1092 3179 1201 3205 autem
1217 3180 1265 3205 est
1280 3175 1380 3206 virtus

306 3220 374 3259 ipsa
389 3218 593 3250 intellectiva.
617 3218 781 3259 Supponit
796 3219 884 3249 enim
901 3218 1009 3249 divina
1033 3219 1178 3255 essentia,
1194 3224 1231 3250 ut
1250 3219 1381 3260 supplet

306 3263 410 3294 vicem
433 3263 551 3304 speciei
575 3263 793 3303 intelligibilis,
811 3269 842 3294 et
858 3263 1015 3299 animam;
1041 3269 1073 3294 et
1093 3263 1306 3300 intellectum,
1323 3273 1380 3304 per

307 3317 405 3347 quem
428 3308 535 3338 anima
559 3312 607 3338 est
630 3317 729 3348 capax
754 3307 881 3338 divinae
904 3308 1036 3338 visionis
1043 3318 1052 3345 ;
1076 3313 1108 3338 et
1127 3308 1239 3338 lumen
1258 3308 1379 3348 gloriae

307 3352 434 3383 elevans
457 3352 676 3389 intellectum;
701 3351 810 3382 divina
832 3357 942 3383 autem
961 3352 1098 3383 essentia
1121 3352 1251 3392 supplet
1274 3353 1380 3384 vicem

306 3397 426 3436 speciei
449 3396 667 3437 intelligibilis,
692 3406 730 3427 ex
755 3405 820 3437 qua
843 3397 913 3437 ipsa
935 3397 1017 3427 visio
1044 3396 1188 3437 speciem
1212 3398 1320 3434 sumit,
1344 3403 1380 3428 ut

307 3441 347 3470 sit
369 3441 439 3471 talis
462 3442 508 3472 rei
531 3441 718 3472 intellectio.
741 3441 834 3478 Nam,
852 3451 928 3472 cum
949 3442 1077 3482 'species
1094 3441 1302 3481 intelligibilis
1326 3441 1380 3472 det

308 3494 376 3515 esse
393 3485 558 3525 quoddam
574 3486 785 3516 immateriale
805 3491 837 3516 et
852 3485 1050 3517 accidentale
1073 3485 1262 3522 intellectui,
1287 3491 1318 3516 et
1340 3486 1380 3516 sit

309 3529 337 3558 ei
361 3530 555 3569 principium
571 3530 768 3571 intelligendi
786 3535 943 3571 tanquam
958 3529 1130 3571 perficiens
1145 3530 1254 3570 ipsum
1273 3530 1313 3560 ad
1331 3530 1379 3560 in-

308 3572 533 3612 telligendum:
566 3574 673 3605 divina
701 3575 839 3606 essentia
871 3574 1000 3615 supplet
1027 3575 1133 3605 vicem
1156 3574 1286 3615 speciei,
1310 3583 1379 3605 non

310 3623 467 3655 quantum
483 3618 522 3649 ad
537 3619 689 3659 primum,
706 3618 762 3650 sed
775 3625 935 3659 quantum
950 3619 990 3650 ad
1006 3618 1201 3655 seeundum
1219 3624 1255 3649 ut
1269 3624 1378 3650 osten-

310 3659 402 3691 detur
424 3661 556 3693 inferius
579 3664 612 3693 in
635 3664 731 3694 tertio
756 3664 854 3694 Libro
867 3665 893 3694 “·.

812 288 1000 326 SUMMA
1030 286 1252 324 CONTRA
1280 285 1556 332 GENTILES,
1585 286 1680 323 LIB.
1701 287 1742 332 II,
1773 287 1885 324 CAP.
1905 288 2004 326 LIX.

1497 364 1527 395 3.
1552 363 1648 395 Circa
1670 364 1759 396 illam
1781 366 2053 410 propositionem,
2070 367 2182 399 Homo
2207 370 2370 412 intelligit,
2394 376 2426 403 et
2448 381 2514 402 non

1442 408 1505 439 nisi
1515 418 1580 449 per
1594 409 1802 445 intellectum,
1819 409 1948 441 attende
1965 410 2056 451 quod
2078 421 2136 452 per
2151 412 2329 445 dictionem
2352 415 2441 449 illam
2461 426 2515 447 ex-

1442 453 1598 484 clusivam
1621 463 1690 484 non
1714 453 1896 485 excluditur
1922 455 2046 495 species
2072 456 2296 498 intelligibilis:
2321 458 2378 490 sed
2406 460 2515 492 exclu-

1442 497 1528 528 ditur
1550 497 1613 528 alia
1634 498 1745 534 virtus,
1769 499 1838 529 sive
1867 499 1956 530 aliud
1984 509 2052 540 quo
2081 501 2189 541 primo
2219 502 2322 533 homo
2348 503 2515 545 intelligat.

1441 542 1541 573 Nullo
1565 543 1654 573 enim
1670 542 1744 579 alio,
1761 548 1918 584 tanquam
1932 545 2037 584 prima
2051 546 2170 577 virtute
2187 545 2397 586 intelligendi,
2413 548 2515 580 homo

1441 586 1590 627 intelligit
1605 596 1706 627 quam
1727 587 1911 619 intellectu:
1936 598 2005 620 non
2021 589 2170 622 faciendo
2187 590 2439 629 distincn'onem,
2454 601 2516 633 pro

1441 640 1540 667 nunc,
1565 631 1648 662 inter
1670 631 1874 663 intellectum
1897 637 1929 664 et
1951 634 2094 665 animam
2117 635 2358 666 intellectivam.

1496 684 1528 715 4.
1552 675 1605 707 Ad
1627 676 1712 707 hanc
1737 677 1896 708 rationem
1921 678 1961 709 ab
1987 678 2181 711 Averroistis
2210 679 2435 721 respondetur,
2458 690 2517 712 ne-

1440 719 1549 760 gando
1565 720 1635 751 eius
1658 719 1919 758 fundamentum,
1934 722 2067 760 scilicet,
2083 723 2124 754 Id
2137 734 2202 765 quo
2218 725 2345 766 aliquid
2360 730 2517 766 operatur

1441 770 1489 795 est
1506 765 1627 806 forma
1649 765 1729 801 eius,
1754 766 1780 796 si
1803 766 2000 806 intelligatur
2022 767 2063 798 de
2085 767 2192 800 forma
2215 769 2312 800 dante
2335 779 2415 801 esse.
2439 770 2517 801 Non

1441 809 1529 840 enim
1545 815 1677 850 oportet
1691 819 1759 850 quo
1783 810 1919 851 aliquod
1933 817 2087 852 operatur
2100 812 2177 845 dare
2192 822 2262 845 esse
2285 815 2443 855 operanti,
2459 814 2517 846 sed

1440 853 1558 884 sufficit
1580 860 1618 885 ut
1640 855 1681 885 sit
1703 864 1843 895 operans
1865 855 2087 888 intrinsecum.
2103 857 2146 888 Et
2169 867 2246 889 cum
2267 859 2425 899 probatur
2439 860 2517 900 quia

1441 903 1572 939 oportet
1591 904 1628 930 ut
1651 908 1749 939 agens
1764 899 1804 930 sit
1826 900 1861 930 in
1883 905 1959 931 actu
1981 909 2041 941 per
2055 900 2090 932 id
2105 911 2173 942 quo
2196 908 2360 943 operatur,
2379 913 2452 935 non
2468 909 2516 935 est

1440 948 1549 974 autem
1573 944 1608 974 in
1624 949 1698 974 actu
1722 953 1780 984 per
1802 943 1884 975 illud
1906 945 1969 976 nisi
1991 946 2122 977 uniatur
2140 947 2201 978 sibi
2223 947 2406 979 secundum
2428 957 2514 980 esse:

1439 987 1656 1028 respondetur
1682 987 1774 1029 quod
1802 990 2025 1029 compositum
2055 999 2125 1022 esse
2154 991 2188 1022 in
2216 996 2291 1022 actu
2313 1001 2372 1032 per
2393 992 2516 1033 aliquid

1440 1038 1549 1073 potest
1572 1042 1642 1064 esse
1665 1038 1721 1064 aut
1743 1033 1821 1074 quia
1843 1042 1914 1064 esse
1936 1035 2034 1066 unius
2060 1035 2158 1075 partis
2187 1036 2360 1077 recipiatur
2386 1037 2422 1068 in
2443 1037 2515 1074 alia,

1439 1078 1523 1108 sicut
1546 1087 1615 1108 esse
1638 1076 1763 1109 formae
1785 1079 1939 1119 recipitur
1961 1079 1996 1110 in
2018 1080 2167 1117 materia;
2191 1085 2248 1112 aut
2270 1081 2348 1121 quia
2369 1080 2403 1112 id
2425 1081 2517 1122 quod

1441 1121 1531 1153 alteri
1553 1123 1675 1159 unitur,
1705 1123 1747 1153 sit
1770 1132 1827 1154 ens
1850 1129 1925 1154 actu
1947 1124 1982 1154 in
2013 1133 2058 1155 se.
2087 1124 2202 1162 Modo,
2225 1134 2296 1156 non
2326 1130 2458 1166 oportet
2479 1131 2517 1158 ut

1439 1165 1473 1197 id
1496 1166 1588 1207 quod
1610 1173 1764 1208 operatur
1778 1176 1837 1208 per
1851 1167 1975 1209 aliquid
1993 1169 2083 1200 sitin
2105 1174 2181 1200 actu
2203 1179 2261 1210 per
2283 1170 2392 1210 ipsum
2408 1171 2515 1210 primo

1439 1211 1559 1242 modo:
1584 1211 1642 1242 sed
1664 1211 1783 1243 sufficit
1797 1217 1834 1243 ut
1856 1213 1897 1244 sit
1914 1222 1973 1253 per
1987 1213 2096 1254 ipsum
2111 1215 2146 1245 in
2169 1219 2244 1245 actu
2267 1214 2368 1245 altero
2383 1214 2516 1246 illorum

1439 1255 1627 1287 modorum.

1496 1299 1619 1332 Contra
1641 1300 1726 1332 hanc
1748 1302 1998 1341 responsionem
2020 1303 2174 1343 arguitur,
2191 1308 2228 1334 ut
2251 1303 2466 1344 arguebamus
2479 1305 2516 1336 in

1442 1344 1695 1382 Quaestionibus
1718 1345 1841 1376 nostris
1856 1345 1896 1377 de
1910 1347 2073 1378 Anima*:
2097 1348 2215 1388 primo,
2233 1348 2310 1388 quia
2333 1347 2421 1389 apud
2443 1348 2515 1390 phi-

1438 1389 1598 1431 losophos
1621 1398 1794 1430 nunquam
1816 1391 1974 1431 reperitur
1996 1391 2072 1423 ideo
2095 1401 2201 1424 unum
2223 1391 2288 1424 dici
2310 1402 2370 1433 per
2392 1392 2516 1434 aliquid

1439 1433 1510 1466 fieri
1532 1440 1617 1471 actu,
1641 1435 1719 1476 quia
1741 1434 1832 1472 illud,
1856 1436 1995 1467 existens
2017 1445 2076 1477 per
2095 1446 2129 1468 se
2152 1442 2238 1474 actu,
2260 1438 2372 1469 unitur
2394 1438 2456 1470 sibi
2473 1437 2516 1470 ad

1439 1479 1653 1520 operandum.
1674 1479 1761 1511 Cum
1785 1480 1873 1510 enim
1897 1489 1966 1512 esse
1989 1486 2064 1513 actu
2088 1487 2276 1523 opponatur
2299 1482 2329 1513 ei
2351 1481 2444 1524 quod
2465 1488 2516 1514 est

1439 1533 1508 1555 esse
1523 1525 1558 1555 in
1573 1525 1730 1565 potentia,
1746 1525 1830 1556 sicut
1851 1534 1921 1556 non
1940 1525 2058 1557 dicitur
2079 1525 2300 1567 aliquidesse
2317 1527 2352 1558 in
2368 1527 2515 1568 potentia

1439 1568 1479 1600 ad
1502 1568 1641 1600 formam
1664 1570 1741 1610 quia
1762 1570 1832 1610 ipsa
1850 1569 1955 1601 forma
1970 1575 2046 1602 nata
2069 1575 2117 1602 est
2139 1571 2199 1602 sibi
2222 1571 2308 1602 uniri
2331 1571 2396 1603 alio
2410 1570 2514 1604 modo

1438 1623 1537 1655 quam
1566 1623 1625 1654 per
1647 1623 1727 1651 esse,
1751 1614 1808 1645 sed
1831 1615 1909 1654 quia
1933 1619 2049 1646 natum
2075 1621 2124 1646 est
2152 1625 2212 1656 per
2238 1616 2343 1657 ipsam
2373 1615 2515 1648 formam

1437 1659 1555 1689 habere
1582 1668 1651 1690 esse
1674 1676 1698 1681 -
1720 1667 1778 1699 per
1801 1659 1865 1689 hoc
1893 1659 1982 1690 enim
2009 1661 2218 1700 cognoscitur
2240 1659 2419 1692 differentia
2445 1669 2515 1693 ma-

1436 1703 1534 1734 teriae
1558 1712 1576 1733 a
1600 1702 1719 1739 forma,
1747 1707 1779 1734 et
1801 1708 1949 1735 naturam
1979 1703 2049 1735 eius
2076 1714 2145 1736 esse
2175 1714 2290 1746 puram
2321 1705 2513 1745 potentiam,

1437 1748 1513 1788 quia
1529 1746 1679 1779 videlicet
1700 1753 1775 1778 nata
1799 1753 1846 1778 est
1861 1757 1880 1778 a
1902 1747 2016 1779 formis
2039 1749 2160 1780 actuari
2183 1748 2365 1781 secundum
2388 1759 2474 1787 esse;
2489 1767 2514 1774 -

1436 1793 1480 1823 ita
1495 1798 1527 1823 et
1542 1791 1664 1832 aliquid
1679 1801 1748 1824 esse
1771 1797 1845 1824 actu
1869 1801 1927 1833 per
1949 1792 2100 1830 formam,
2116 1794 2176 1825 erit
2197 1803 2266 1825 non
2286 1798 2414 1825 tantum
2428 1794 2514 1826 uniri

1436 1837 1495 1867 sibi
1519 1836 1658 1868 formam
1689 1846 1747 1877 per
1776 1846 1811 1868 se
1838 1842 1912 1868 actu
1935 1837 2143 1875 existentem,
2170 1837 2228 1870 sed
2249 1847 2308 1879 per
2329 1839 2434 1880 ipsam
2455 1839 2512 1870 ha-

1435 1881 1511 1912 bere
1534 1890 1614 1912 esse.

1491 1924 1655 1962 Secundo,
1671 1925 1748 1966 quia
1770 1925 1852 1956 ratio
1874 1925 2055 1956 Aristotelis
2078 1925 2119 1957 ad
2141 1925 2347 1967 probandum
2370 1927 2514 1959 animm

1435 1979 1504 2000 esse
1527 1969 1667 2001 formam
1690 1969 1821 2000 dantem
1844 1978 1914 2001 esse
1937 1971 2081 2011 corpori,
2114 1971 2174 2002 erit
2197 1980 2290 2002 vana.
2317 1971 2360 2002 Et
2384 1972 2514 2004 unim-

1435 2014 1540 2045 saliter
1571 2013 1611 2045 de
1641 2013 1731 2046 nulla
1762 2012 1867 2045 forma
1894 2023 1933 2046 ex
1965 2015 2209 2056 operationibus
2234 2015 2365 2056 probari
2395 2017 2517 2057 poterit·

1435 2058 1527 2099 quod
1557 2058 1612 2090 det
1641 2068 1710 2090 esse
1741 2059 1899 2099 operanti.
1930 2059 2052 2091 Poterit
2081 2059 2170 2092 enim
2201 2059 2265 2092 dici
2295 2061 2454 2101 quoniam
2478 2060 2515 2093 id

1436 2113 1504 2144 quo
1526 2104 1634 2144 primo
1657 2112 1840 2140 movemur,
1863 2104 2031 2141 sentimus,
2051 2109 2126 2142 etc„
2146 2113 2216 2136 non
2236 2110 2285 2136 est
2306 2104 2412 2137 forma
2433 2103 2514 2137 dans

1435 2158 1505 2180 esse
1527 2149 1690 2189 operanti,
1713 2147 1771 2180 sed
1793 2147 1885 2190 quod
1911 2149 1990 2190 ipsa,
2013 2149 2048 2181 in
2070 2158 2106 2180 se
2128 2154 2203 2181 actu
2227 2149 2380 2187 existens,
2403 2149 2514 2182 unitur

1436 2193 1566 2234 corpori
1598 2197 1635 2224 ut
1663 2198 1788 2224 motor:
1820 2198 1853 2224 et
1883 2193 1930 2224 sic
1958 2203 2028 2225 non
2057 2198 2189 2235 oportet
2220 2194 2363 2225 animam
2392 2202 2513 2236 corpus

1435 2237 1621 2269 informare.

1492 2281 1723 2314 Confirmatur.
1740 2281 1827 2321 Quia
1849 2287 1940 2320 tunc,
1955 2281 2137 2314 secundum
2153 2282 2237 2314 hanc
2251 2284 2512 2324 responsionem,

1437 2336 1514 2359 cum
1537 2327 1646 2369 plures
1661 2327 1792 2359 trahunt
1807 2327 1927 2364 navim,
1942 2327 2062 2368 poterit
2077 2326 2142 2360 dici
2157 2326 2249 2368 quod
2264 2337 2350 2359 unus
2373 2333 2422 2359 est
2436 2333 2512 2361 acm

1435 2381 1494 2413 per
1517 2371 1628 2409 alium,
1652 2377 1685 2403 et
1707 2371 1798 2412 quod
1821 2377 1976 2413 operatur
2004 2372 2200 2413 inquantum
2223 2377 2271 2404 est
2296 2372 2332 2404 in
2355 2377 2430 2404 actu
2452 2381 2511 2414 per

1435 2417 1539 2448 illum.
1563 2416 1665 2455 Quod
1687 2417 1728 2448 ab
1751 2417 1843 2448 omni
1865 2416 2073 2458 philosophia
2095 2421 2144 2448 est
2166 2416 2320 2448 alienum.

1491 2461 1575 2492 VIII.
1602 2461 1736 2498 Quinto.
1761 2461 1893 2502 Species
1914 2461 2124 2502 intelligibilis
2146 2460 2329 2493 secundum
2352 2460 2446 2502 quod
2462 2466 2512 2494 ast

1436 2506 1470 2537 in
1500 2506 1788 2546 phantasmatibus,
1815 2515 1884 2537 non
1911 2511 1959 2537 est
1985 2505 2194 2547 intelligibilia
2220 2511 2310 2538 actu:
2340 2505 2424 2538 sicut
2448 2513 2510 2538 nec

1436 2551 1561 2592 species
1583 2550 1702 2582 coloris
1718 2555 1767 2581 est
1788 2555 1914 2582 sensata
1935 2551 1971 2582 in
1993 2555 2068 2582 actu
2090 2549 2273 2582 secundum
2296 2549 2389 2591 quod
2409 2554 2460 2583 est
2472 2551 2512 2584 'a

1435 2594 1553 2636 lapide.
1577 2595 1619 2627 Et
1641 2603 1700 2636 per
1722 2603 1928 2635 consequens
1954 2604 2023 2626 non
2046 2601 2095 2627 est
2117 2604 2222 2627 unum
2245 2604 2322 2627 cum
2343 2593 2512 2630 intellectu

1435 2639 1595 2681 possibili:
1621 2640 1698 2680 quia
1720 2639 1922 2680 intelligibile
1944 2639 1978 2670 in
2006 2644 2081 2671 actu
2111 2644 2160 2672 est
2185 2649 2291 2671 unum
2313 2648 2390 2671 cum
2415 2638 2511 2673 intel<-

1435 2685 1522 2716 lectu
1544 2685 1579 2716 in
1602 2689 1687 2721 actu,
1704 2693 1773 2715 non
1795 2689 1906 2715 autem
1928 2683 2128 2724 intelligibile
2142 2684 2177 2715 in
2200 2684 2347 2726 potentia
2369 2692 2447 2716 cum
2461 2684 2510 2716 in-

1435 2729 1567 2761 tellectu
1589 2729 1623 2760 in
1646 2729 1803 2770 potentia.
1827 2729 1915 2769 Ergo
1937 2737 2007 2760 non
2034 2729 2244 2760 continuatur
2266 2729 2439 2761 nobiscum
2459 2733 2512 2761 σο-

1436 2773 1583 2806 cundum
1601 2772 1692 2814 quod
1716 2778 1764 2804 est
1786 2773 1821 2804 in
1843 2772 2011 2805 intellectu
2033 2773 2190 2815 possibili.
2214 2773 2302 2814 Ergo
2317 2782 2386 2805 non
2401 2778 2511 2814 potest

1436 2828 1506 2850 esse
1528 2817 1675 2850 medium
1698 2827 1766 2859 quo
1796 2818 2006 2849 continuetur
2019 2817 2194 2850 nobiscum
2209 2817 2391 2850 intellectus

1435 2863 1517 2895 bilis.
1533 2880 1557 2885 -
1571 2863 1729 2894 Probatur
1743 2863 1848 2904 prima
1862 2863 2105 2904 consequentia.
2121 2861 2209 2901 Quia
2223 2861 2405 2894 secundum
2421 2863 2510 2904 posi-

1435 2908 1561 2940 tionem
1577 2907 1774 2948 praedictam
1789 2907 1836 2938 sic
1851 2907 1960 2938 solum
1976 2907 2185 2939 continuatur
2196 2907 2370 2939 nobiscum
2385 2907 2511 2948 spade·

1435 2952 1655 2993 intelligibilis,
1671 2950 1854 2984 secundum
1869 2951 1961 2992 quod
1982 2957 2031 2983 est
2046 2952 2081 2983 in
2103 2951 2390 2992 phantasmatibus.
2405 2969 2429 2975 -
2451 2950 2511 2985 Se-

1435 2996 1543 3029 cunda
1569 3005 1704 3038 quoque
1727 2996 1961 3038 consequentia
1984 2996 2149 3037 probatur.
2169 2995 2257 3034 Quia
2278 2996 2324 3027 sic
2342 2996 2414 3028 talis
2432 3000 2510 3038 spei

1436 3042 1511 3079 cies,
1535 3041 1716 3073 secundum
1740 3040 1831 3082 quod
1847 3041 2056 3073 continuatur
2070 3049 2147 3072 cum
2161 3039 2329 3072 intellectu
2352 3039 2486 3082 postibi!

1435 3095 1503 3117 non
1527 3086 1736 3117 continuatur
1757 3085 1942 3121 nobiscum,
1965 3094 2026 3116 nec
2050 3094 2068 3116 e
2092 3093 2261 3116 converso.
2472 3101 2473 3104 =

1492 3130 1665 3171 Subiungit
1688 3135 1798 3162 autem
1821 3129 1959 3161 Sanctus
1981 3129 2128 3161 Thomas
2145 3134 2314 3161 auctorem
2335 3128 2507 3168 huia-po-

1435 3175 1560 3207 sitionis
1583 3184 1642 3216 per
1672 3175 1978 3215 aequivocationem
2008 3173 2183 3216 deceptum
2205 3182 2285 3205 esse.
2309 3172 2407 3211 Quia.
2428 3177 2510 3205 eum

1436 3219 1609 3260 dupliciter
1627 3219 1752 3251 dicatur
1774 3224 1848 3250 actu
1864 3218 2075 3260 intelligibile,
2099 3223 2155 3250 aut
2170 3217 2292 3250 scilicet
2305 3217 2383 3257 quia
2397 3221 2508 3256 pooest

1435 3273 1569 3296 movere
1593 3263 1795 3295 intellectum
1821 3263 2021 3304 possibilem,
2045 3268 2101 3294 aut
2130 3262 2206 3303 quia
2229 3266 2278 3292 est
2304 3259 2506 3292 intellectum

1435 3309 1468 3340 in
1485 3314 1560 3340 actu
1575 3314 1732 3349 tanquam
1756 3307 1878 3339 factum
1902 3317 2007 3339 unum
2023 3316 2099 3338 cum
2122 3305 2288 3338 intellectu
2304 3303 2450 3344 possibili
2472 3305 2507 3336 in

1436 3358 1523 3390 actu;
1548 3353 1631 3384 sicut
1658 3352 1776 3384 dicitur
1806 3352 1930 3383 visibile
1954 3357 2028 3383 actu
2051 3355 2107 3382 aut
2135 3349 2213 3390 quia
2235 3353 2343 3389 potest
2373 3357 2506 3380 movere

1434 3398 1552 3434 visum,
1575 3398 1659 3428 sicut
1682 3397 1809 3428 colores
1832 3401 2001 3438 praesente
2023 3394 2156 3430 lumine,
2179 3397 2236 3424 aut
2257 3393 2334 3433 quia
2357 3398 2405 3424 est
2431 3398 2505 3424 actu

1435 3447 1599 3473 sensatum
1630 3440 1811 3473 secundum
1839 3439 1930 3482 quod
1956 3445 2006 3471 est
2026 3446 2131 3470 unum
2158 3446 2235 3468 cum
2261 3438 2331 3468 visu
2360 3438 2393 3469 in
2419 3442 2504 3474 actu,

1435 3487 1519 3518 sicut
1548 3486 1673 3527 species
1700 3485 1848 3517 visibilis:
1880 3493 1949 3515 non
1975 3482 2118 3514 distinxit
2140 3481 2219 3512 haec
2248 3481 2369 3522 positio
2400 3490 2505 3513 unum

1434 3530 1572 3562 modum
1596 3531 1635 3561 ab
1659 3530 1734 3567 alio,
1753 3528 1811 3561 sed
1833 3526 2024 3560 existimavit
2046 3526 2079 3557 in
2102 3525 2174 3566 ipso
2198 3526 2420 3566 phantasmate
2435 3535 2504 3557 esse

1435 3574 1575 3606 formam
1598 3580 1672 3606 actu
1696 3573 1902 3608 intellectam,
1927 3571 2004 3611 quia
2026 3570 2150 3601 lumine
2178 3570 2360 3602 intellectus
2382 3570 2504 3610 agentis

1434 3625 1572 3660 possunt
1602 3619 1825 3660 phantasmata
1853 3623 1985 3648 movere
2015 3614 2226 3646 intellectum.
2254 3614 2295 3645 Et
2317 3613 2403 3651 ideo,
2428 3623 2504 3645 cum

1435 3664 1635 3695 intellectum
1657 3664 1691 3694 in
1714 3666 1788 3693 actu
1810 3661 1850 3692 sit
1872 3660 2001 3692 unitum
2024 3658 2210 3695 intellectui,
2235 3659 2426 3690 existimavit
2448 3668 2505 3700 per

2542 1357 2552 1368 ·
2568 1356 2621 1380 ub.
2629 1356 2670 1385 111,
2682 1356 2732 1386 Qu.
2742 1362 2755 1378 v

2543 1382 2612 1412 (ven.
2626 1384 2695 1414 ¹593)-
