2768 4134
103 1110 242 1132 .vu,‚;12

26 1137 48 1156 1.
118 1121 182 1155 Lu.

0 1417 4 1464 Ἀνη-
0 1355 7 1411 -ru
0 1298 9 1349 -ι--ς-
0 1204 6 1291 -·-—-·

26 1999 39 2012 ·
52 1997 91 2022 Cf.
104 2003 170 2021 mm.
179 2003 212 2020 vr.

10 2487 40 2516 ,·
53 2485 92 2510 cf.
105 2492 203 2511 numm.

30 3245 213 3269 'anum-iv.

265 1263 366 1310 fecti.

26 1918 39 1931 ⁶
52 1917 91 1942 Cf.
107 1917 244 1941 comment.

26 1949 80 1974 η.
92 1950 174 1973 um,
191 1943 244 1967 init.

729 275 917 313 SUMMA
947 276 1170 314 CONTRA
1198 277 1474 325 GENTlLES,
1503 278 1598 314 LIB.
1620 279 1661 324 ΙΙ,
1692 278 2012 316 CAP.LXXX11.

325 353 508 390 Secundo
527 353 630 403 quia,
651 365 744 391 cum
763 366 929 392 movens
952 355 1186 405 inquantum
1211 356 1344 394 huius-

270 406 379 444 modi
408 406 455 444 sit
482 414 581 454 actu,
610 415 765 445 motum
789 416 921 446 autem
949 408 1182 459 inquantum
1211 409 1344 447 huius-

270 460 380 498 modi
408 459 454 497 sit
482 460 522 498 in
540 460 731 511 potentia;
751 460 848 498 nihil
866 469 998 500 autem
1022 470 1149 512 potest
1175 475 1258 500 esse
1287 475 1344 500 se-

270 513 448 551 cundum
476 514 582 552 idern
610 522 699 551 actu
727 522 764 551 et
792 515 980 564 potentia:
1010 515 1250 566 impossibile
1276 516 1345 553 erit

270 568 379 617 quod
408 567 515 605 idem
543 567 763 604 secundum
791 567 896 605 idem
925 569 972 606 sit
1000 581 1167 606 movens
1195 577 1232 606 et
1259 581 1344 606 mo·
1367 583 1376 602 ς

269 628 366 667 tum,
400 621 468 658 sed
500 628 664 670 oportet,
694 620 725 657 si
753 621 898 671 aliquid
926 622 1066 660 dicitur
1092 634 1259 660 movens
1287 635 1344 660 se-

270 673 411 724 ipsum,
427 674 536 724 quod
555 686 634 712 una
649 686 738 724 pars
758 674 840 712 eius
860 674 906 712 sit
924 687 1090 713 movens
1110 683 1147 713 et
1165 675 1237 713 alia
1255 688 1345 726 pars

271 726 317 765 sit
344 734 463 765 mota.
493 728 542 765 Et
570 728 646 765 hoc
675 729 797 765 modo
832 729 970 766 dicitur
1004 728 1148 766 animal
1182 741 1344 767 movere

271 780 464 830 seipsum:
494 781 588 830 quia
611 781 742 819 anima
770 789 827 819 est
854 794 1032 829 movens,
1057 790 1094 820 et
1121 795 1264 832 corpus
1289 790 1346 820 est

270 841 437 872 motum.
473 835 551 873 Sed
579 834 671 884 quia
706 836 815 873 Plato
851 835 1026 873 animam
1059 848 1141 873 non
1175 836 1346 885 ponebat
1361 849 1385 863 ¹0

271 900 354 925 esse
392 900 546 938 corpus,
585 888 670 925 licet
707 896 880 926 uteretur
915 889 1076 926 nomine
1111 895 1243 935 motus,
1277 889 1344 939 qui

270 941 427 992 proprie
455 953 668 991 corporum
696 949 762 989 est,
792 954 873 980 non
901 950 1033 980 tamen
1061 942 1110 979 de
1135 943 1211 980 hoc
1234 950 1345 980 motu

270 995 427 1045 proprie
455 995 557 1033 dicto
586 995 828 1044 intelligebat,
857 996 925 1034 sed
953 995 1164 1046 accipiebat
1191 1003 1345 1033 motum

270 1048 522 1087 communius
540 1062 612 1099 pro
632 1049 803 1099 qualibet
821 1049 1064 1099 operatione:
1089 1057 1207 1099 prout
1229 1048 1346 1087 etiam

270 1103 492 1140 Aristoteles
520 1102 620 1149 dicit,
650 1102 689 1140 in
718 1104 764 1140 ΙΙΙ
790 1103 836 1140 de
853 1105 995 1140 Anima
1013 1103 1044 1149 *,
1073 1103 1181 1152 quod
1209 1104 1346 1140 sentire
1361 1123 1383 1143 ις

270 1162 304 1193 et
329 1153 538 1207 intelligere
561 1162 646 1193 sunt
670 1162 791 1193 motus
820 1157 983 1206 quidam,
1003 1158 1057 1193 sic
1077 1162 1201 1193 autem
1225 1162 1345 1194 motus

271 1222 345 1247 non
367 1216 418 1247 est
436 1216 540 1247 actus
565 1211 754 1247 existentis
777 1211 815 1246 in
838 1211 1018 1270 potentia,
1045 1210 1112 1247 sed
1135 1215 1238 1247 actus
1257 1223 1344 1260 per-

402 1263 527 1310 Unde,
565 1275 659 1301 cum
691 1262 843 1301 dicebat
880 1262 1054 1301 animam
1090 1275 1250 1300 movere
1287 1275 1343 1301 se-

268 1329 428 1367 ιρεειιῑι,ν
430 1314 660 1358 intendebat
678 1329 749 1367 per
767 1317 844 1354 hoc
863 1316 989 1354 dicere
1009 1316 1150 1376 quod
1141 1329 1224 1366 ipsa
1252 1329 1344 1366 ope-

269 1378 376 1408 ratur
413 1370 562 1419 absque
599 1370 838 1408 adminiculo
870 1369 1057 1420 eorporis,
1090 1382 1112 1407 e
1149 1369 1343 1408 contrario
1358 1394 1385 1408 ,ο

269 1423 305 1461 ei
332 1423 441 1473 quod
469 1423 606 1461 accidit
633 1423 674 1460 in
702 1423 784 1461 aliis
811 1423 956 1469 formis,
986 1435 1088 1473 quae
1117 1435 1198 1461 non
1226 1431 1344 1471 agunt

269 1477 418 1527 absque
450 1476 630 1514 materia:
660 1489 741 1514 non
771 1476 875 1514 enirn
903 1453 1009 1514 calor
1035 1476 1207 1514 calefacit
1234 1488 1343 1526 sepa-

325 1599 355 1617 12
375 1591 408 1617 de
426 1591 477 1616 hoc
495 1589 579 1625 motu]
599 1595 640 1616 est
657 1590 709 1615 hoc
727 1595 801 1615 motu
820 1591 848 1620 d,
866 1590 917 1615 boc
935 1590 968 1615 de
986 1595 1060 1615 motu
1079 1590 1108 1616 P.

1031 1678 1369 1712 Commentaria

335 1787 380 1808 mr
413 1782 583 1808 ostensum
617 1777 658 1807 sit
691 1776 833 1807 animam
854 1776 1095 1808 ‘intellectivam
1129 1777 1347 1808 immortalem

271 1788 332 1854 C
350 1831 432 1858 esse,
456 1821 498 1852 ad
526 1821 797 1852 abundantiorem
824 1821 1016 1858 doctrinam,
1046 1831 1088 1852 ne
1116 1821 1232 1862 aliquis
1259 1821 1347 1853 idem

269 1867 312 1899 de
333 1867 504 1898 animabus
526 1867 698 1897 brutorum
718 1866 922 1902 existimaret,
940 1865 1081 1896 ostendit
1097 1865 1233 1897 Sanctus
1256 1866 1346 1897 Tho-

269 1921 340 1944 mas
354 1911 424 1942 illas
438 1911 639 1942 immortales
653 1919 723 1941 non
739 1919 808 1941 esse
819 1911 847 1940 *.
861 1909 956 1940 Circa
967 1910 1032 1941 hoc
1047 1915 1158 1941 autem
1169 1910 1237 1942 duo
1254 1910 1345 1942 facit:

270 1956 378 1998 primo
395 1956 483 1986 enim
498 1956 615 1995 probat
630 1955 851 1995 propositum3
867 1954 1011 1985 secundo
1028 1954 1185 1995 quasdam
1201 1961 1347 1986 removet

271 2000 473 2032 abiectiones
488 2000 516 2030 *.

327 2045 358 2076 1.»
375 2045 546 2084 Quantum
561 2043 602 2074 ad
625 2044 778 2084 primum,
795 2044 910 2084 arguit
927 2043 1038 2084 primo
1054 2043 1111 2074 sic.
1128 2044 1247 2074 Anima
1262 2044 1347 2075 bruti

221 2078 225 2082 ⁴
271 2095 416 2131 separata
431 2099 450 2120 a
469 2098 607 2129 corpore
630 2087 754 2119 nullam
776 2088 873 2119 habet
896 2088 1131 2129 operationem.
1155 2088 1253 2129 Ergo,
1276 2098 1347 2129 per—

272 2141 371 2166 eunte
400 2143 549 2174 corpore,
573 2134 665 2174 perit.
691 2150 712 2155 -
735 2133 826 2164 Patet
854 2133 1099 2174 consequentia.
1126 2133 1213 2171 Quia
1240 2134 1347 2164 omnis

271 2179 449 2211 substantia
470 2178 614 2218 aliquam
637 2177 734 2208 habet
750 2178 985 2218 operationem.
1002 2195 1025 2199 —
1039 2177 1245 2209 Antecedens
1268 2187 1346 2209 vero

271 2225 438 2266 probatur.
461 2223 550 2261 Quia
571 2223 605 2253 in
632 2223 801 2253 animabus
831 2222 1002 2254 brutorum
1026 2231 1095 2253 non
1125 2227 1174 2253 est
1203 2223 1348 2254 invenire

270 2269 499 2310 operationem
527 2267 732 2307 superiorem
762 2267 1006 2307 operationibus
1035 2267 1206 2298 sensitivae
1236 2268 1347 2307 partis.

271 2313 364 2344 Patet
385 2314 474 2344 enim
489 2311 581 2352 quod
599 2321 669 2342 non
684 2311 868 2351 intelligunt
883 2321 992 2352 neque
1006 2312 1254 2342 ratiocinantur:
1270 2313 1347 2352 quia

271 2358 384 2390 omnia
407 2357 558 2388 animalia
580 2355 727 2387 eiusdem
750 2357 880 2396 speciei,
908 2357 1001 2397 quasi
1023 2365 1042 2386 a
1064 2362 1179 2387 natura
1201 2362 1292 2387 mota
1315 2362 1347 2388 et

271 2412 341 2434 non
352 2412 392 2433 ex
403 2408 470 2433 arte
485 2402 663 2442 operantia,
675 2401 821 2432 similiter
836 2407 1021 2441 operantur.
1033 2400 1131 2432 Nulla
1142 2406 1251 2432 autem
1267 2411 1347 2442 ope-

271 2448 353 2478 ratio
376 2447 547 2478 sensitivae
571 2446 669 2486 partis
692 2451 800 2486 potest
822 2455 892 2476 esse
915 2446 984 2477 sine
1001 2455 1149 2486 corpore.
1173 2446 1261 2486 Ergo
1285 2451 1346 2477 etc.

327 2491 478 2522 Secundo
494 2492 520 2521 ἕ.
551 2491 672 2520 Anima
700 2490 786 2520 bruti
811 2499 982 2522 remanens
1011 2496 1166 2531 corrupto
1197 2500 1346 2531 corpore,

272 2537 331 2567 erit
354 2537 531 2567 substantia
554 2540 708 2575 separata.
732 2535 820 2575 Ergo
836 2536 895 2566 erit
913 2535 1078 2566 intellecta
1100 2536 1135 2566 in
1158 2541 1243 2566 actu.
1260 2535 1346 2576 Ergo

272 2581 332 2612 erit
353 2580 589 2612 intellectualis.
614 2580 689 2610 Hoc
712 2585 760 2610 est
782 2580 994 2620 impossibile.
1022 2581 1110 2621 Ergo
1134 2586 1195 2611 etc.
1220 2597 1243 2603 -
1269 2580 1347 2611 Pro-

271 2626 365 2656 batur
387 2626 492 2666 prima
515 2625 759 2664 consequentia.
790 2624 878 2663 Quia
900 2626 1008 2656 omnis
1034 2624 1139 2656 forma
1162 2630 1306 2665 separata
1329 2635 1348 2656 a

271 2671 406 2701 materia
427 2675 477 2701 est
493 2669 661 2700 intellecta
683 2669 718 2700 in
741 2675 826 2700 actu.
843 2687 865 2691 —
887 2669 1038 2701 Secunda
1061 2671 1159 2700 etiam
1181 2670 1346 2709 probatur.

271 2715 369 2753 Quia,
392 2720 430 2745 ut
452 2714 569 2745 dicitur
591 2713 633 2744 111
649 2713 689 2744 de
704 2714 834 2750 Anima,
850 2719 926 2744 text.
948 2715 997 2751 15,
1015 2715 1048 2745 in
1065 2715 1226 2755 separatis
1242 2723 1263 2744 a
1278 2724 1346 2744 ma-

272 2760 356 2791 teria
380 2759 464 2790 idem
487 2763 536 2789 est
557 2758 744 2799 intelligens
767 2764 799 2789 et
821 2759 1029 2789 intellectum.

328 2804 366 2834 11.
392 2804 487 2834 Circa
509 2804 594 2833 hanc
623 2803 784 2833 rationem
815 2803 980 2833 dubitatur
1009 2803 1190 2844 dupliciter.
1224 2803 1346 2839 Primo,

273 2850 358 2880 circa
379 2848 610 2889 probationem
632 2848 757 2887 primae
781 2848 1046 2887 consequentiae.
1069 2848 1104 2879 Si
1127 2848 1215 2878 enim
1239 2847 1348 2878 omnis

272 2893 379 2924 forma
401 2898 546 2933 separata
570 2902 588 2922 a
610 2892 744 2922 materia
772 2898 819 2922 est
849 2892 1013 2923 intellecta
1035 2893 1069 2922 in
1092 2898 1178 2929 actu,
1202 2893 1348 2932 sequitur

273 2937 366 2979 quod
387 2937 571 2969 intellectus
599 2937 764 2967 humanus
793 2937 834 2967 sit
861 2936 942 2977 quid
967 2937 1170 2968 intellectum
1196 2937 1231 2967 in
1254 2942 1346 2968 actu:

273 2992 349 3014 nam
373 2983 445 3023 ipse
460 2988 509 3013 est
524 2992 543 3012 a
557 2982 692 3012 materia
706 2986 882 3021 separatus,
899 2986 1014 3021 utpote
1037 2991 1105 3012 non
1121 2981 1235 3012 affixus
1251 2981 1347 3013 alicui

273 3037 398 3068 organo
421 3035 594 3067 corpore0.
618 3026 694 3056 Hoc
716 3031 827 3056 autem
851 3031 899 3056 est
921 3025 1054 3057 falsum:
1072 3026 1158 3066 quia,
1182 3031 1219 3056 ut
1242 3026 1349 3067 inquit

215 3065 219 3068 Α
260 3072 411 3104 Sanctus
435 3072 581 3102 Thomas
611 3070 653 3101 111
676 3070 716 3101 de
738 3070 857 3100 Anima
869 3071 896 3107 *,
922 3070 1118 3111 exponendo
1145 3075 1270 3101 textum
1298 3071 1347 3107 15,

275 3122 308 3148 et
328 3118 364 3148 in
386 3117 551 3157 plerisque
581 3115 651 3146 aliis
677 3115 769 3151 locis,
794 3115 975 3146 intellectus
1000 3115 1165 3156 possibilis
1194 3120 1243 3146 est
1258 3124 1349 3156 pura

269 3162 420 3203 potentia
443 3162 476 3191 in
499 3169 622 3203 genere
645 3159 910 3201 intelligibilium.

330 3205 501 3243 Secundo,
533 3206 616 3236 circa
645 3205 873 3245 probationem
903 3204 1065 3236 secundae
1095 3205 1348 3244 consequentiae

275 3251 440 3283 dubitatur
450 3252 478 3281 ὗ.
498 3252 714 3290 Assumptum
737 3250 826 3280 enim
850 3258 919 3279 non
934 3248 1062 3280 videtur
1079 3248 1120 3279 ad
1140 3249 1348 3289 propositum

275 3305 355 3333 esse,
371 3296 507 3327 scilicet:
525 3296 564 3326 In
580 3294 741 3335 separatis
756 3304 777 3324 a
792 3294 931 3324 materia
947 3293 1031 3324 idem
1047 3298 1094 3324 est
1116 3293 1302 3335 intelligens
1317 3298 1350 3324 et

275 3340 484 3371 intellectum.
507 3340 593 3371 Nam
615 3340 699 3370 hanc
721 3339 982 3379 propositionem
1004 3338 1075 3378 ipse
1097 3337 1234 3368 Sanctus
1256 3337 1347 3369 Tho—

274 3394 354 3422 mas,
377 3386 411 3416 in
434 3385 477 3416 111
493 3385 676 3420 deAnima,
694 3384 828 3424 exponit
843 3393 912 3414 non
929 3382 969 3414 de
985 3383 1170 3413 substantiis
1187 3388 1218 3413 et
1234 3381 1346 3413 formis

274 3430 549 3466 immaterialibus,
565 3429 623 3460 sed
647 3429 687 3460 de
707 3429 746 3459 iis
761 3437 845 3468 quae
861 3433 935 3458 actu
951 3427 1175 3467 intelliguntur
1189 3432 1346 3466 tanquam

275 3484 293 3505 a
324 3474 541 3505 materialibus
574 3473 819 3505 conditionibus
849 3473 1013 3503 abstracta.
1045 3471 1140 3503 Unde
1171 3471 1207 3501 in
1238 3471 1347 3502 Prima

274 3519 377 3556 Parte,
395 3528 426 3559 q.
444 3529 494 3556 nv,
511 3529 538 3550 a.
560 3526 587 3555 ι,
604 3518 645 3549 ad
662 3528 692 3555 2,
708 3518 814 3558 inquit
834 3516 925 3557 quod
941 3516 1023 3547 idem
1043 3521 1091 3547 est
1111 3515 1229 3551 dicere,
1255 3516 1288 3546 in
1305 3516 1346 3547 iis

274 3574 358 3605 quae
379 3568 457 3594 sunt
477 3563 549 3594 sine
571 3563 719 3599 materia,
747 3575 762 3590 ιι
778 3562 861 3593 idem
885 3566 932 3592 est
954 3561 1140 3602 intelligens
1166 3565 1198 3591 et
1220 3561 1345 3591 intelle-

275 3614 362 3639 ctum
379 3621 409 3645 ν,
433 3617 474 3638 ac
494 3608 524 3639 si
545 3608 711 3639 diceretur
725 3607 812 3648 quod
836 3620 850 3634 ‹
870 3606 1050 3637 intellectus
1069 3605 1102 3636 in
1127 3610 1202 3635 actu
1226 3610 1274 3636 est
1295 3605 1345 3636 in-

274 3653 435 3684 tellectum
459 3653 492 3683 in
517 3658 592 3683 actu
612 3666 640 3689 1»,
663 3653 748 3683 sicut
775 3661 889 3682 sensus
913 3651 945 3681 in
970 3655 1044 3681 actu
1069 3655 1116 3681 est
1138 3649 1287 3680 sensibile
1310 3650 1343 3680 in

2394 282 2467 318 515

1400 356 1524 403 ratim,
1552 357 1620 394 sed
1648 357 1829 394 calidum.
1860 358 1919 395 Ex
1948 370 2028 407 quo
2057 359 2211 396 volebat
2239 361 2471 398 concludere

1400 422 1562 448 omnem
1582 410 1754 447 animam
1775 410 1966 448 motivam
1986 423 2069 448 esse
2084 412 2360 451 immortalem:
2377 426 2470 451 nam

1400 463 1508 513 quod
1536 475 1608 512 per
1635 476 1675 500 se
1706 464 1822 501 habet
1855 464 2134 514 operationem,
2164 474 2199 503 et
2227 478 2297 516 per
2324 479 2364 503 se
2393 467 2470 505 exi-

1400 516 1576 553 stentiam
1607 516 1750 554 habere
1778 525 1914 566 potest.

1454 569 1533 606 Sed
1561 569 1639 606 iam
1668 577 1868 607 ostensum
1898 579 1953 607 est
1981 572 2088 620 quod
2115 572 2288 621 operatio
2317 573 2470 612 animae

1400 622 1569 668 brutalis‚
1598 634 1699 671 quae
1732 631 1787 659 est
1821 626 1967 669 sentire,
2005 637 2085 661 non
2120 634 2245 674 potest
2277 638 2360 663 esse
2388 627 2470 664 sine

1390 687 1575 725 corpore.
1606 676 1731 712 Multo
1751 683 1883 713 autem
1902 677 2023 726 magis
2043 679 2118 714 hoc
2138 687 2296 728 apparet
2319 679 2359 717 in
2378 692 2470 730 ope—

1401 729 1548 766 ratione
1568 729 1651 766 eius
1671 729 1779 779 quod
1799 736 1855 767 est
1883 735 2066 779 appetere.
2088 731 2192 768 Nam
2212 733 2345 770 omnia
2369 745 2469 783 quae

1400 782 1450 820 ad
1478 782 1693 832 appetitum
1727 782 1929 820 sensitivae
1961 783 2079 832 partis
2113 785 2314 833 pertinent,
2347 787 2470 824 mani-

1398 836 1492 873 feste
1520 848 1612 873 cum
1641 836 1960 874 transmutatione
1989 836 2118 886 aliqua
2146 839 2319 887 corporis
2351 839 2468 878 fiunt:

1400 889 1506 926 unde
1535 897 1572 926 et
1595 892 1788 939 passiones
1815 889 1968 927 animae
1996 889 2188 927 dicuntur.

1454 943 1513 980 Ex
1533 942 1676 992 quibus
1695 942 1870 993 sequitur
1888 943 1996 993 quod
2016 955 2089 981 nec
2107 943 2236 994 ipsum
2257 957 2408 983 movere
2427 946 2472 983 sit

1401 995 1574 1046 operatio
1598 996 1752 1034 animae
1781 996 1984 1034 sensitivae
2014 997 2162 1047 absque
2191 1010 2348 1047 organo.
2379 999 2471 1036 Non

1401 1050 1506 1087 enim
1534 1059 1667 1088 movet
1696 1050 1827 1088 anima
1858 1050 2017 1088 brutalis
2044 1051 2117 1088 nisi
2145 1063 2215 1101 per
2249 1064 2408 1089 sensum
2436 1060 2472 1089 et

1399 1103 1627 1153 appetitum.
1669 1105 1774 1141 Nam
1810 1103 1931 1141 virtus
1973 1116 2074 1153 quae
2111 1104 2250 1142 dicitur
2285 1118 2472 1156 exequens

1399 1163 1553 1203 motum,
1574 1157 1660 1194 facit
1679 1157 1857 1194 membra
1876 1170 1959 1194 esse
1978 1157 2198 1195 obedientia
2221 1158 2385 1209 imperio
2405 1171 2471 1208 ap-

1398 1210 1555 1260 petitus:
1576 1210 1682 1247 unde
1702 1210 1824 1259 magis
1844 1218 1933 1248 sunt
1952 1210 2111 1248 virtutes
2125 1211 2368 1261 perficientes
2387 1224 2470 1250 cor-

1398 1275 1473 1314 pus
1501 1264 1551 1301 ad
1579 1263 1740 1311 moveri,
1770 1277 1891 1314 quam
1919 1264 2078 1302 virtutes
2106 1273 2321 1303 moventes.

1453 1316 1516 1354 Sic
1544 1316 1658 1366 igitur
1684 1325 1788 1367 patet
1822 1318 1931 1367 quod
1963 1319 2071 1355 nulla
2109 1318 2282 1368 operatio
2318 1318 2470 1357 animae

1398 1369 1557 1410 brutalis
1585 1378 1711 1420 potest
1739 1383 1823 1408 esse
1852 1371 1999 1420 absque
2029 1383 2204 1421 corpore.
2235 1373 2294 1410 Ex
2321 1385 2402 1421 quo
2421 1373 2471 1410 de

1399 1423 1623 1461 necessitate
1651 1424 1833 1461 concludi
1861 1432 1988 1474 potest
2017 1426 2125 1475 quod
2154 1425 2286 1463 anima
2313 1426 2471 1463 brutalis

1398 1488 1491 1514 cum
1519 1489 1685 1527 corpore
1715 1477 1884 1515 intereat.

1398 1678 1711 1711 Fen-ariensis

1401 1782 1487 1807 actu.
1501 1776 1612 1807 Simile
1629 1776 1706 1807 dicit
1720 1776 1760 1807 de
1776 1776 2017 1817 spiritualibus,
2031 1787 2058 1807 a.
2073 1777 2103 1814 8,
2117 1777 2157 1808 ad
2176 1786 2223 1817 ¹4.
2240 1796 2263 1800 —
2278 1778 2358 1809 Item
2375 1789 2474 1820 expo-

1401 1821 1459 1858 nit,
1482 1830 1552 1851 non
1575 1821 1616 1852 de
1638 1821 1806 1852 identitate
1829 1821 1987 1852 numerali
2010 1822 2192 1853 secundum
2210 1823 2420 1854 substantiam
2443 1829 2475 1854 et

1402 1866 1579 1902 entitatem,
1602 1875 1672 1897 non
1688 1866 1776 1897 enim
1798 1866 1980 1897 intellectus
2003 1866 2145 1898 hominis
2168 1872 2215 1898 est
2231 1867 2344 1898 eadem
2360 1869 2474 1899 entitas

1401 1919 1486 1950 quae
1510 1915 1558 1941 est
1572 1910 1654 1950 lapis
1675 1917 1750 1941 actu
1773 1910 1970 1942 intellectus:
1995 1910 2052 1942 sed
2075 1921 2133 1952 per
2156 1913 2416 1943 convenientiam
2439 1914 2473 1944 in

1402 1964 1468 1985 una
1483 1953 1598 1991 forma,
1615 1964 1698 1995 quae
1715 1961 1763 1986 est
1781 1955 1958 1986 similitudo
1971 1956 2017 1986 rei
2032 1956 2223 1993 intellectae,
2237 1966 2294 1996 per
2309 1966 2408 1996 quam
2422 1967 2473 1988 res

1402 2004 1450 2030 est
1472 2004 1547 2030 actu
1570 1999 1732 2030 intellecta
1760 2005 1792 2030 et
1818 1999 2002 2031 intellectus
2029 2006 2077 2031 est
2103 2001 2136 2032 in
2166 2006 2250 2036 actu,
2278 2001 2472 2041 inquantum

1402 2044 1510 2084 ipsum
1527 2044 1651 2083 species
1666 2045 1712 2075 rei
1728 2044 1908 2075 intellectae
1924 2044 2077 2076 informat
2092 2045 2133 2075 ad
2151 2045 2215 2075 hoe
2230 2051 2267 2075 ut
2282 2047 2383 2086 possit
2398 2051 2472 2078 actu

1402 2088 1615 2119 considerare.
1636 2088 1696 2119 Per
1718 2089 1861 2129 speciem
1877 2089 1966 2120 enim
1986 2089 2101 2129 lapidis
2117 2090 2306 2121 existentem
2322 2091 2356 2121 in
2379 2091 2472 2122 intel-

1401 2133 1498 2169 lectu,
1524 2139 1555 2164 et
1577 2132 1658 2173 lapis
1682 2139 1729 2164 est
1751 2139 1826 2164 actu
1852 2134 2045 2171 intellectus,
2070 2140 2101 2165 et
2123 2135 2192 2175 ipse
2219 2135 2400 2166 intellectus
2424 2142 2472 2167 est

1402 2183 1477 2208 actu
1492 2177 1684 2218 intelligens.
1695 2196 1716 2200 —
1729 2178 1841 2215 Mod0‚
1859 2179 1910 2209 hic
1923 2188 2029 2209 sermo
2041 2185 2089 2209 est
2101 2178 2141 2209 de
2158 2178 2262 2210 forma
2273 2180 2472 2211 substantiali

1402 2232 1420 2252 a
1444 2231 1582 2262 corpore
1605 2228 1762 2263 separata:
1787 2229 1819 2253 et
1846 2223 1886 2254 de
1908 2223 2075 2254 identitate
2101 2224 2259 2254 numerali
2290 2224 2471 2255 secundum

1402 2268 1575 2298 essentiam
1599 2273 1631 2298 et
1654 2273 1812 2298 naturam.
1829 2268 1983 2308 Arguitur
2002 2269 2090 2298 enim
2106 2268 2207 2308 quod,
2224 2269 2250 2299 si
2265 2270 2372 2300 anima
2387 2270 2472 2300 bruti

1401 2312 1442 2342 sit
1465 2317 1540 2342 actu
1555 2311 1726 2348 intellecta,
1751 2312 1864 2343 eadem
1894 2322 2043 2349 numero,
2067 2318 2099 2344 et
2123 2313 2303 2344 secundum
2326 2314 2472 2344 substan-

1402 2357 1490 2393 tiam,
1515 2357 1574 2388 erit
1596 2357 1778 2396 intelligens
1794 2358 1861 2387 sive
1884 2357 2119 2388 intellectualis.
2136 2358 2178 2388 Et
2194 2358 2239 2388 sic
2261 2367 2331 2388 non
2346 2357 2473 2389 videtur

1400 2402 1574 2432 auctoritas
1596 2401 1660 2437 illa,
1676 2401 1859 2432 secundum
1875 2402 2114 2442 expositionem
2129 2402 2238 2433 Sancti
2254 2402 2414 2440 Thomae‚
2431 2402 2471 2434 ad

1402 2446 1608 2486 propositum
1631 2455 1712 2477 esse.

1458 2490 1510 2521 111.
1534 2490 1586 2521 Ad
1609 2490 1804 2521 evidentiam
1827 2491 1924 2530 primi
1947 2491 2048 2528 dubii,
2072 2490 2139 2521 duo
2166 2497 2242 2522 sunt
2264 2492 2393 2522 termini
2417 2491 2472 2522 de-

1402 2535 1558 2566 clarandi:
1583 2534 1705 2565 scilicet
1729 2535 1924 2567 intellectum
1945 2536 1978 2565 in
2002 2541 2077 2566 actu
2083 2542 2096 2572 ;
2111 2541 2143 2566 et
2159 2546 2249 2576 pura
2265 2537 2414 2576 potentia
2438 2537 2471 2567 in

1399 2589 1523 2620 genere
1545 2579 1809 2620 intelligibilium.
1833 2581 2003 2619 Quantum
2026 2580 2066 2610 ad
2088 2580 2241 2620 primum,
2265 2580 2471 2611 consideran—

1402 2624 1482 2655 dum
1506 2623 1607 2664 quod,
1627 2633 1703 2654 curn
1727 2623 1848 2664 duplex
1870 2625 1910 2654 sit
1933 2624 2014 2655 ordo
2034 2630 2066 2655 et
2088 2634 2190 2664 genus
2213 2634 2332 2662 rerum,
2351 2625 2473 2656 scilicet

1401 2678 1505 2709 genus
1531 2677 1639 2699 rerum
1662 2669 1877 2700 materialium
1901 2674 1932 2699 et
1953 2678 2057 2709 genus
2080 2679 2188 2700 rerum
2210 2669 2471 2710 intelligibilium,

1402 2713 1574 2753 dupliciter
1601 2718 1708 2753 potest
1739 2712 1803 2744 dici
1834 2713 1956 2754 aliquid
1984 2713 2186 2744 intellectum
2214 2714 2248 2744 in
2278 2719 2368 2744 actu:
2403 2723 2471 2745 uno

1401 2757 1515 2794 mod0‚
1532 2758 1608 2798 quia
1624 2762 1672 2788 est
1687 2756 1727 2788 de
1750 2767 1868 2798 genere
1891 2757 2152 2798 intelligibilium,
2168 2767 2236 2788 non
2252 2763 2361 2789 autem
2383 2764 2470 2789 extra

1402 2802 1482 2833 illud
1497 2811 1600 2842 genus
1615 2807 1652 2832 ut
1667 2803 1859 2840 materialia3
1885 2802 1948 2834 alio
1964 2801 2076 2839 mod0‚
2093 2803 2170 2843 quia
2185 2808 2233 2833 est
2248 2802 2288 2833 de
2303 2812 2422 2843 genere
2440 2808 2472 2834 et

1402 2846 1516 2878 ordine
1539 2846 1790 2886 intelligibilium
1806 2848 1890 2878 sicut
1908 2852 1998 2877 actus
2023 2853 2078 2877 aut
2101 2847 2184 2878 sicut
2206 2848 2328 2878 habens
2351 2853 2470 2884 actum,

1401 2901 1470 2922 non
1487 2897 1597 2922 autem
1612 2892 1696 2922 sicut
1714 2893 1869 2931 potentia.
1886 2892 1997 2922 Primo
2020 2891 2122 2922 modo
2146 2893 2252 2922 omnis
2276 2891 2380 2922 forma
2402 2901 2471 2923 non

1403 2935 1590 2976 dependens
1616 2946 1635 2967 a
1660 2937 1795 2967 materia
1810 2942 1858 2968 est
1880 2936 2043 2967 intellecta
2065 2937 2099 2967 in
2123 2942 2196 2967 actu
2224 2936 2334 2976 aliquo
2357 2936 2470 2973 modo,

1401 2980 1486 3011 idest
1512 2980 1552 3011 de
1574 2990 1692 3021 genere
1717 2986 1748 3011 et
1771 2981 1884 3012 ordine
1907 2980 2170 3021 intelligibilium.
2190 2981 2267 3011 Non
2290 2986 2399 3011 autem
2422 2990 2471 3012 se—

1403 3024 1513 3056 cundo
1532 3025 1650 3056 modo:
1674 3031 1782 3066 potest
1805 3026 1893 3057 enim
1916 3026 2024 3066 aliqua
2047 3024 2151 3055 forma
2167 3035 2236 3056 esse
2258 3035 2326 3056 non
2350 3025 2471 3066 depen-

1403 3069 1482 3100 dens
1505 3080 1523 3100 a
1545 3071 1688 3107 materia,
1713 3076 1746 3101 et
1774 3071 1819 3101 sic
1849 3080 1919 3102 esse
1942 3069 1982 3101 de
2011 3069 2124 3100 ordine
2147 3070 2414 3110 intelligibilium
2439 3075 2472 3100 et

1402 3119 1512 3145 tamen
1534 3115 1569 3145 in
1592 3115 1648 3145 illo
1674 3115 1787 3146 ordine
1803 3124 1871 3146 non
1887 3115 1947 3146 erit
1967 3121 2123 3155 tanquam
2146 3119 2236 3145 actus
2255 3119 2310 3144 aut
2334 3114 2471 3145 existens

1402 3159 1437 3189 in
1459 3164 1544 3196 actu,
1569 3159 1625 3190 sed
1647 3165 1804 3200 tanquam
1831 3160 1978 3199 potentia
2004 3159 2115 3199 aliquo
2142 3158 2255 3196 modo,
2280 3164 2315 3189 ut
2337 3158 2470 3190 inferius

1402 3203 1615 3234 declarabitur
1637 3204 1832 3240 immediate,
1856 3204 1932 3234 licet
1958 3204 1999 3234 sit
2025 3208 2115 3234 actus
2137 3204 2171 3233 in
2193 3212 2311 3243 genere
2334 3203 2470 3234 entium.

1402 3248 1487 3278 Nam
1502 3253 1587 3279 stant
1602 3249 1700 3280 simul
1724 3248 1815 3289 quod
1830 3247 1953 3288 aliquid
1968 3248 2008 3278 sit
2029 3254 2121 3282 ,actus
2145 3249 2179 3278 in
2195 3257 2314 3287 genere
2335 3248 2469 3284 entium,

1402 3298 1434 3323 et
1449 3298 1558 3323 tamen
1574 3293 1608 3324 in
1623 3303 1741 3333 genere
1757 3293 2006 3332 intelligibilium
2022 3293 2063 3323 sit
2077 3293 2238 3333 potentia:
2255 3293 2339 3322 sicut
2351 3301 2470 3332 corpus

1402 3336 1600 3377 diaphanum
1617 3343 1665 3368 est
1680 3343 1754 3368 actu
1771 3336 1904 3378 quidem
1928 3346 2057 3377 corpus,
2078 3338 2224 3377 potentia
2248 3342 2356 3367 tamen
2379 3336 2470 3367 colo-

1400 3387 1517 3412 ratum.
1543 3400 1567 3404 —
1592 3382 1662 3413 Nec
1689 3383 1795 3413 obstat
1822 3381 1912 3422 quod
1938 3391 2174 3421 saepenumero
2201 3381 2307 3421 inquit
2333 3380 2470 3412 Sanctus

1400 3426 1546 3457 Thomas
1558 3427 1714 3467 quoniam
1730 3425 1981 3466 unumquodque
1995 3431 2043 3456 est
2057 3426 2262 3467 intelligibile
2277 3425 2470 3466 inquantum

1400 3475 1448 3501 est
1476 3471 1511 3501 in
1539 3476 1615 3502 actu
1631 3472 1658 3501 ’ἢ
1692 3471 1766 3501 Hoc
1797 3471 1885 3501 enim
1908 3480 1976 3500 non
2001 3470 2117 3501 dicitur
2139 3471 2230 3510 quasi
2255 3479 2355 3500 omne
2378 3468 2469 3510 quod

1399 3520 1448 3546 est
1469 3516 1503 3546 in
1527 3521 1601 3546 actu
1623 3516 1658 3546 in
1680 3525 1798 3555 genere
1823 3515 1958 3551 entium,
1974 3515 2014 3545 sit
2029 3515 2063 3545 in
2078 3524 2197 3555 genere
2220 3514 2469 3555 intelligibilium

1399 3565 1555 3600 tanquam
1582 3565 1687 3590 actus:
1713 3559 1769 3590 sed
1799 3559 1875 3599 quia
1902 3568 2000 3590 omne
2024 3559 2086 3590 tale
2117 3565 2165 3590 est
2190 3558 2390 3599 intelligibile
2413 3564 2469 3590 aut

1398 3609 1555 3645 tanquam
1578 3605 1715 3635 existens
1739 3603 1779 3634 de
1802 3603 1916 3635 ordine
1938 3603 2200 3643 intelligibilium,
2230 3608 2286 3634 aut
2312 3609 2469 3644 tanquam

1398 3654 1515 3689 potens
1532 3648 1572 3679 ad
1594 3649 1687 3679 illum
1705 3647 1863 3685 ordinem,
1882 3658 1941 3688 per
1956 3649 2204 3679 abstractionem
2220 3658 2238 3678 a
2259 3648 2391 3679 materia
2414 3653 2470 3679 aut

2497 3482 2506 3491 ·
2515 3480 2551 3504 cf.
2561 3481 2571 3503 1
2582 3481 2616 3509 r„

2624 3488 2665 3509 xn,
2679 3490 2695 3504 ι.
