2716 4302
4 1370 108 1391 urai.

2 1518 11 1527 ·
26 1516 80 1538 Vid.
95 1516 123 1538 ad
138 1516 184 1538 loc.

1 1837 26 1856 ¹4
35 1836 45 1850 r
53 1836 65 1851 a
82 1830 128 1858 mg*
139 1830 177 1851 nt.

0 1934 7 1941 ·
18 1933 79 1955 Casu
94 1939 133 1954 om
159 1934 191 1954 in.

0 1987 46 2029 'ager
61 1987 73 2002 a
90 1987 124 2009 ¹5:
141 1984 171 2003 cl.
183 1982 210 2003 ad

0 2708 45 2729 ¹⁴¹
60 2709 71 2724 a
84 2709 114 2731 32.

0 3414 32 3436 lb.
50 3414 95 3436 bi.

0 3778 6 3785 '
22 3776 82 3798 Casu
98 3783 144 3799 non
165 3783 213 3799 cor-

0 3804 85 3831 rigitur.

263 147 335 184 20*

264 232 331 258 sicut
349 231 448 256 formae
467 228 641 262 intelligibiles
660 228 778 253 diversae
795 231 858 251 sunt
877 226 903 250 in
922 224 1052 250 intellectu
1075 223 1197 249 humano.
1220 221 1333 246 Formae

261 286 330 310 enim
349 284 408 310 illae
421 277 490 321 (Illa
507 276 593 306 enirn
610 272 784 316 intellecta)
797 279 853 305 aut
865 277 971 304 essent
986 271 1072 302 idem
1086 269 1177 311 quod
1194 268 1332 300 essentia

261 332 378 369 divina,
403 337 434 362 et
457 331 501 361 sic
517 330 551 360 in
575 327 712 358 essentia
735 325 796 356 Dei
820 329 997 365 poneretur
1019 322 1127 362 aliqua
1142 319 1332 358 multitudo,

260 382 349 423 quod
373 390 468 421 supra
491 378 715 419 multipliciter
730 382 778 407 est
801 380 975 406 remotum.
992 374 1060 404 Aut
1083 377 1191 403 essent
1206 375 1333 408 superad-

259 435 325 461 ditae
344 430 547 471 superaddita
571 428 727 459 essentiae
744 426 881 461 divinae,
907 430 939 455 et
962 425 1007 454 sic
1024 429 1107 454 esset
1121 424 1154 454 in
1180 423 1251 454 Deo
1276 422 1332 453 ali-

259 482 348 524 quod
379 481 538 517 accidens,
563 479 653 520 quod
677 488 773 518 supra
796 475 996 517 impossibile
1024 484 1092 505 esse
1117 474 1330 505 ostendimus.

256 538 340 574 §Hoc
359 538 437 563 etiam
456 541 583 569 repugnat
601 534 641 559 his
661 540 729 567 quae
748 532 872 566 superius
886 531 918 556 de
931 530 978 555 Dei
997 530 1130 554 intellectu
1143 534 1205 554 sunt
1216 535 1331 553 ostensa.

257 591 401 616 Ostensum
421 594 535 620 namque
550 591 590 611 est
603 584 675 618 quod
687 584 759 609 Deus
773 582 908 614 cognoscit
920 589 950 607 se
963 587 1065 607 tantum
1078 581 1146 606 sicut
1157 579 1332 613 principaliter

255 647 281 667 et
304 648 350 674 per
369 647 398 664 se
423 644 524 669 notum,
544 637 592 661 alia
604 643 668 661 vero
688 634 714 659 in
734 634 791 666 scip
806 636 873 659 sicut
891 633 917 658 in
930 632 1018 665 seipso
1030 637 1100 658 nota.
1114 630 1191 661 Quod
1211 638 1264 655 non
1283 630 1332 656 erit

255 694 276 719 si
299 691 414 724 <formae
427 690 538 714 aliorum
554 686 770 720 intelligibilium>
784 684 845 718 (alia
858 683 1038 717 intelligibilia)
1058 683 1109 708 sint
1128 682 1248 708 distincte
1259 682 1330 715 apud

255 742 475 776 (intelligentem)
496 738 613 772 (Deum),
639 745 699 763 nam
719 736 782 762 illud
801 743 849 769 per
873 742 902 760 sc
927 739 953 759 et
971 734 1057 767 primo
1076 733 1107 758 ab
1127 733 1216 766 aliquo
1235 732 1329 757 intelli-

253 795 322 829 gitur
342 794 432 826 <cuius
451 792 551 823 forma>
567 789 662 824 (quod)
677 797 725 823 per
739 796 769 814 se
789 793 814 813 et
832 787 972 812 distinctim
985 791 1026 811 est
1044 785 1112 818 apud
1130 785 1329 818 intelligentem.

251 844 269 882 §
285 842 354 873 Nec
370 842 487 871 iterum
502 863 508 870 .
524 863 531 870 .
547 862 553 870 .
566 838 675 880 ydeas.
687 837 772 867 Nam
789 834 913 866 formae
924 843 1032 864 rerum
1046 832 1241 863 naturalium
1259 832 1328 862 sine

251 894 383 925 materia
408 893 542 923 existere
566 900 634 921 non
658 894 805 930 possunt,
823 896 898 917 cum
915 898 967 914 non
987 884 1075 927 (nec)
1100 885 1169 915 sine
1193 884 1327 914 materia

250 945 479 985 intelligantur,
505 952 532 972 ut
557 945 711 971 Aristoteles
735 943 873 968 manifeste
892 942 993 975 probat.
1013 939 1031 976 ἓ
1047 936 1147 975 Quod
1178 936 1275 966 etiam
1301 936 1326 966 si

248 1001 423 1038 poneretur
441 1018 448 1025 .
463 1018 471 1026 .
486 1019 492 1024 .
511 1000 678 1024 ostensum
695 998 752 1023 est.
770 994 826 1029 (Et)
844 1000 978 1027 praeterea
996 993 1143 1018 intellectus
1163 998 1326 1024 cognoscens

249 1052 275 1077 in
290 1056 348 1076 actu
363 1056 403 1075 est
415 1050 589 1083 cognoscibile
602 1049 627 1073 in
642 1054 699 1073 actu
713 1053 764 1072 tam
779 1048 848 1080 apud
861 1054 969 1072 sensum
983 1053 1063 1079 quam
1076 1046 1144 1078 apud
1158 1045 1325 1070 intellectum.

248 1103 306 1127 Hoc
325 1107 412 1126 autem
427 1106 468 1125 est
486 1100 629 1125 secundum
643 1099 714 1132 quod
733 1098 834 1123 formae
849 1098 1014 1130 cognitorum
1028 1098 1153 1122 uniuntur
1165 1102 1325 1128 cognoscen—

247 1154 326 1185 tibus,
346 1154 413 1178 sicut
431 1153 532 1186 species
546 1151 709 1177 sensibilium
720 1156 784 1176 sunt
801 1151 827 1175 in
840 1157 920 1175 sensu
935 1154 961 1174 et
972 1149 1074 1183 species
1087 1147 1287 1182 intelligibilium
1299 1147 1324 1172 in

247 1205 388 1230 intellectu.
402 1204 427 1228 Si
441 1203 518 1236 igitur
529 1202 630 1228 formae
644 1210 731 1227 rerum
746 1206 808 1226 sunt
827 1206 886 1226 actu
899 1206 970 1226 extra
988 1200 1074 1225 Deum
1087 1200 1236 1229 existentes,
1251 1198 1325 1223 nullo

246 1257 327 1282 modo
345 1263 392 1289 per
411 1262 456 1280 eas
475 1255 593 1288 intelligit
611 1261 653 1279 res
673 1254 698 1278 in
718 1259 785 1284 actu,
804 1250 822 1288 ξ
839 1249 930 1280 Item.
948 1248 1035 1280 Cum
1052 1257 1151 1278 Omne
1169 1246 1259 1287 quod
1277 1252 1325 1277 est

245 1310 371 1346 praeter
396 1303 566 1334 essentiam
583 1311 673 1333 suam
692 1302 731 1332 sit
755 1306 923 1332 causatum
940 1301 979 1331 ab
1000 1309 1051 1337 eo,
1076 1306 1112 1330 ut
1135 1310 1217 1337 supra
1234 1308 1324 1328 osten-

246 1348 307 1384 sur'n
327 1363 367 1383 est
386 1363 411 1383 et
429 1353 511 1384 infra
537 1353 736 1389 ostendetur,
762 1353 777 1368 ³*
794 1361 926 1382 necesse
951 1357 1008 1390 est,
1033 1351 1059 1382 si
1085 1350 1208 1382 formae
1232 1360 1324 1392 prae-

246 1407 349 1438 dictae
374 1412 460 1438 extra
484 1406 591 1436 Deum
616 1410 701 1441 sunt,
719 1405 758 1434 ab
775 1413 815 1434 eo
840 1409 985 1434 causatas
1010 1412 1089 1434 esse.
1115 1402 1188 1444 Ipse
1212 1409 1323 1434 autem

245 1465 292 1490 est
321 1468 416 1489 causa
445 1467 552 1488 rerum
584 1466 642 1497 per
668 1455 881 1492 intellectum,
905 1461 941 1486 ut
965 1467 995 1484 ex
1014 1466 1096 1492 supra
1113 1459 1188 1484 dictis
1207 1465 1279 1492 patet
1297 1465 1323 1485 et

243 1509 324 1540 infra
341 1509 528 1540 ostendetur
544 1509 570 1538 ’ἃ
585 1507 670 1548 Ergo
688 1507 795 1537 Deum
813 1507 989 1547 intelligere
1001 1506 1191 1537 huiusmodi
1207 1507 1323 1538 intelli-

244 1561 352 1601 gibilia
367 1560 561 1601 praexigitur
581 1557 706 1600 (ordine
722 1557 870 1598 naturae)
887 1557 926 1588 ad
942 1558 1006 1588 hoc
1027 1557 1117 1598 quod
1133 1558 1323 1588 huiusmodi

244 1611 456 1652 intelligibilia
473 1611 546 1641 sint.
563 1610 640 1640 Non
654 1610 749 1649 igitur
762 1618 819 1649 per
830 1609 895 1640 hoc
908 1609 998 1640 Deus
1013 1609 1163 1649 intelligit
1175 1608 1323 1640 multitu-

244 1663 352 1694 dinem
378 1662 467 1703 quod
487 1666 503 1690 h
522 1661 735 1701 intelligibilia
757 1662 858 1692 multa
883 1670 941 1702 per
956 1671 990 1692 se
1012 1666 1087 1698 apud
1106 1673 1165 1691 eum
1183 1662 1323 1692 existunt

245 1721 330 1745 extra
356 1723 441 1744 eum.
467 1713 628 1752 §Adhuc
646 1712 850 1753 Intelligibile
870 1713 904 1743 in
921 1718 996 1744 actu
1020 1719 1068 1744 est
1091 1713 1274 1744 intellectus
1289 1713 1322 1744 in

244 1772 328 1802 actu,
353 1766 435 1795 sicut
460 1763 518 1804 (et)
544 1763 694 1794 sensibile
721 1764 753 1793 in
778 1769 853 1794 actu
877 1770 924 1794 est
948 1773 1061 1795 sensus
1083 1765 1117 1795 in
1141 1770 1226 1795 actu.
1257 1768 1322 1793 Cum

243 1827 307 1846 vero
337 1816 525 1847 Secundum
543 1824 619 1845 vero
638 1838 644 1845 .
660 1838 667 1845 .
682 1838 689 1845 .
707 1824 782 1845 nam
799 1815 862 1846 hoc
879 1821 962 1846 esset
978 1825 1019 1846 eo
1035 1817 1134 1856 prius.
1152 1817 1169 1832 ³*
1185 1816 1214 1858 (§
1227 1816 1322 1847 Prae-

242 1874 339 1899 terea.
363 1872 409 1896 Ad
434 1872 482 1897 hoc
508 1872 658 1902 intellectus
681 1871 786 1903 aliquid
805 1871 934 1905 intelligzt
960 1868 1165 1898 Intellectum
1189 1874 1321 1908 oportet

242 1929 310 1950 esse
324 1920 340 1935 ³*
357 1919 566 1959 intelligente.
584 1918 659 1949 Non
676 1919 774 1959 igitur
791 1942 797 1949 .
814 1942 820 1949 .
835 1941 843 1949 .
860 1919 892 1949 in
910 1918 1164 1959 ipso-intellectu
1182 1919 1319 1960 divino.)

241 1973 257 1988 ³*
269 1972 287 2010 ἓ
304 1971 351 2001 Ex
376 1970 497 2001 eisdem
523 1972 620 2001 etiam
644 1971 823 2001 rationibus
837 1994 844 2001 .
857 1993 882 2000 ..
901 1971 1113 2011 impossibile.
1139 1975 1173 1999 Et
1195 1975 1321 2000 similiter

239 2030 354 2059 apparet
366 2027 399 2051 de
411 2027 439 2050 a!
455 2022 496 2064 (§)
513 2022 602 2052 Sicut
619 2023 716 2052 etiam
733 2031 798 2052 res.
814 2046 820 2052 .
836 2045 843 2052 .
861 2031 967 2053 causa.
984 2023 1002 2060 §
1014 2022 1192 2062 Sequetur.
1203 2046 1210 2053 .
1222 2047 1228 2054 .
1240 2033 1319 2054 con-

238 2075 358 2104 iuncta.
383 2073 508 2113 §Sicut
532 2073 628 2103 etiam
654 2072 833 2113 unicuique
850 2078 897 2105 est
920 2073 1091 2113 proprium
1115 2083 1195 2110 esse,
1219 2074 1263 2104 ita
1288 2080 1319 2105 et

239 2125 369 2166 propria
393 2126 550 2165 operatio.
576 2125 651 2155 Non
668 2133 758 2154 autem
775 2126 872 2165 igitur
895 2134 964 2156 esse
988 2131 1097 2166 potest
1112 2132 1149 2156 ut
1173 2135 1230 2166 per
1253 2126 1318 2157 hoc

241 2176 358 2218 (quod)
373 2176 488 2217 aliquis
501 2183 537 2205 aa
551 2177 734 2207 intellectus
750 2176 790 2208 ad
806 2176 1010 2217 operandum
1023 2176 1218 2218 disponitur,
1237 2177 1318 2208 alius

239 2229 463 2270 operationem
488 2229 739 2259 intellectualem
764 2235 952 2269 exequatur,
977 2228 1033 2259 sed
1060 2230 1199 2270 ipsemet
1222 2229 1316 2260 intel-

238 2280 340 2311 lectus
366 2291 381 2315 q
408 2279 495 2320 apud
512 2289 611 2321 quern
628 2279 798 2321 dispositio
814 2281 988 2320 invenitur,
1004 2281 1087 2311 sicut
1103 2280 1316 2322 unumquod-

239 2341 303 2372 que
329 2338 375 2362 est
402 2342 459 2373 per
484 2332 654 2362 essentiam
677 2341 780 2369 suam,
804 2341 872 2363 non
896 2341 953 2373 per
977 2333 1149 2363 essentiam
1174 2333 1315 2364 alterius.

238 2383 298 2414 Per
314 2384 377 2414 hoc
393 2373 490 2424 igitur
515 2383 605 2424 quod
629 2383 839 2423 intelligibilia
858 2390 920 2412 sunt
939 2383 1040 2414 multa
1061 2389 1135 2414 sunt
1154 2383 1242 2424 apud
1260 2384 1316 2414 ali-

240 2444 338 2475 quem
363 2435 582 2466 secundorum
615 2435 851 2472 intellectuum,
879 2444 946 2466 non
976 2436 1095 2476 poterit
1126 2445 1195 2466 esse
1224 2435 1315 2476 quod

238 2486 419 2517 intellectus
442 2487 566 2527 primus
590 2485 832 2516 multitudinem
857 2493 1043 2527 cognoscat.

366 2597 445 2639 Cap.
471 2598 551 2629 LIII.
578 2598 717 2630 Soturto
743 2608 930 2629 pnnamssaa
954 2609 1183 2630 numm-rioms.

282 2695 344 2730 §Ui
363 2696 440 2729 igitur
459 2696 566 2730 intelligi
587 2697 670 2730 possit
695 2705 750 2730 quo
775 2698 856 2722 modo
884 2698 956 2723 Deus
981 2698 1082 2731 absque
1101 2698 1142 2723 sui
1167 2698 1313 2724 intellectus

239 2748 427 2780 compositione
447 2747 639 2773 multitudinem
660 2753 807 2781 cognoscat,
827 2754 931 2782 oportet
948 2749 1081 2782 paulisper
1102 2750 1263 2776 descendere
1282 2750 1313 2775 ad

239 2803 356 2823 nostram
376 2798 560 2831 cognitionem,
580 2804 609 2823 ut
628 2806 658 2823 ex
678 2798 719 2824 his
739 2807 806 2832 quae
826 2799 892 2824 circa
915 2807 964 2825 nos
989 2806 1050 2825 sunt
1072 2801 1103 2826 ad
1129 2801 1207 2826 divini
1238 2801 1313 2826 intel-

239 2850 322 2875 lectus
336 2850 511 2883 cognitionem
525 2850 670 2883 aliqualiter
684 2850 873 2884 pertingamus.
885 2851 1025 2876 Sciendum
1040 2852 1171 2885 siquidem
1185 2858 1226 2878 est
1240 2853 1312 2886 quod

238 2901 324 2925 omnis
343 2901 459 2934 operatio
478 2909 524 2934 per
543 2909 623 2934 quam
639 2902 699 2935 quis
713 2907 771 2926 actu
791 2902 842 2935 agit
857 2902 882 2927 in
896 2902 993 2936 aliquid
1007 2904 1180 2929 extrinsecum
1199 2905 1240 2930 vel
1254 2909 1312 2930 actu

238 2952 331 2984 patitur
353 2952 384 2976 ab
403 2953 506 2984 eodem,
525 2953 632 2985 requirit
651 2960 704 2978 non
724 2953 810 2978 solum
831 2960 985 2987 operantem
1013 2955 1132 2986 existere,
1161 2956 1208 2982 sed
1233 2957 1310 2982 etiam

239 3003 306 3028 illud
323 3011 339 3036 q
359 3003 518 3036 operationis
537 3004 684 3030 obiectum:
705 3005 770 3037 ignis
789 3005 859 3030 enim
884 3006 1026 3032 calefacere
1046 3015 1098 3032 non
1119 3013 1206 3040 potest
1226 3008 1275 3033 nisi
1291 3015 1312 3041 p

238 3054 344 3078 materia
364 3053 522 3079 calefactibili
540 3061 687 3088 praesente,
707 3063 755 3080 nec
778 3063 821 3081 aer
840 3056 978 3082 illuminari
1004 3058 1052 3083 nisi
1078 3059 1135 3084 sole
1160 3064 1310 3092 praesente.

238 3104 410 3137 Operationes
430 3111 517 3131 autem
547 3106 657 3138 animae,
686 3107 816 3132 sensibilis
845 3108 903 3133 dico
931 3115 956 3134 et
975 3110 1155 3142 intellectivae,
1175 3118 1228 3136 non
1250 3117 1311 3136 sunt

237 3156 301 3181 tales
314 3163 360 3181 nec
374 3157 400 3182 in
417 3157 571 3182 exteriorem
585 3158 720 3183 materiam
733 3164 907 3189 transeuntes,
921 3161 1000 3192 sicut,
1014 3161 1061 3186 sed
1076 3162 1101 3187 in
1114 3168 1240 3195 operante
1252 3170 1312 3196 per—

238 3207 340 3239 sistunt,
360 3208 426 3233 sicut
437 3208 580 3241 intelligere
593 3214 618 3234 et
631 3209 716 3235 velle:
729 3210 797 3235 velle
811 3210 879 3236 enim
899 3216 924 3236 et
943 3211 1087 3246 intelligere
1107 3221 1160 3238 non
1174 3218 1237 3239 sunt
1246 3221 1311 3246 per-

231 3257 363 3291 fectiones
382 3264 454 3283 actus
474 3259 540 3284 tales
560 3259 632 3284 voliti
651 3261 692 3285 vel
718 3262 848 3293 intellecti,
876 3264 922 3288 sed
951 3263 1120 3297 intelligentis
1139 3271 1166 3290 et
1191 3266 1312 3297 volentis,

239 3309 368 3334 calefactio
386 3317 448 3334 vero
467 3315 507 3335 est
526 3316 598 3336 actus
618 3311 801 3345 calefactibilis,
821 3321 868 3347 per
886 3321 966 3347 quem
981 3321 1038 3340 actu
1058 3314 1094 3341 fit.
1115 3316 1146 3341 Et
1165 3316 1214 3342 hoc
1233 3317 1310 3343 etiam

239 3360 410 3393 philosophus
430 3362 505 3387 docet
524 3363 549 3387 in
568 3371 593 3388 tx
612 3364 736 3399 metaph..
747 3365 876 3391 Invenitur
892 3371 979 3391 tamen
993 3367 1059 3392 inter
1077 3367 1124 3393 has
1144 3368 1311 3402 operationes

239 3412 324 3445 aliqua
338 3420 405 3446 quae
417 3414 535 3439 consistit
549 3415 575 3439 in
589 3415 638 3440 hoc
652 3416 722 3448 quod
737 3416 769 3441 ab
784 3418 901 3443 exteriori
916 3418 1023 3444 actualia
1036 3420 1126 3451 passio
1138 3418 1191 3450 fiat,
1211 3420 1226 3435 ⁸
1242 3420 1310 3445 sicut

239 3469 307 3496 patet
326 3465 351 3489 in
370 3472 458 3496 sensu,
478 3466 522 3499 qui
541 3467 618 3492 sentit
636 3475 682 3500 per
701 3467 750 3493 hoc
769 3469 840 3502 quod
857 3475 914 3494 actu
928 3477 941 3494 a
955 3470 1072 3496 sensibili
1091 3477 1220 3502 movetur,
1241 3472 1310 3498 unde

240 3514 339 3547 absque
367 3516 496 3542 sensibilis
525 3518 672 3550 praesentia
699 3526 795 3545 sensus
825 3520 921 3546 sentire
946 3529 998 3546 non
1018 3527 1113 3554 potest.
1142 3524 1200 3548 Hoc
1223 3528 1309 3548 autem

240 3573 404 3599 nequaquam
425 3569 493 3600 apud
511 3569 573 3593 alias
593 3570 661 3595 vires
682 3571 780 3600 accidit,
794 3579 853 3596 nam
873 3572 915 3597 vel
936 3580 987 3598 non
1001 3578 1140 3599 moventur
1159 3575 1205 3599 sed
1226 3575 1309 3608 magis

239 3622 353 3647 movent,
372 3619 422 3649 vel,
443 3619 464 3643 si
484 3625 628 3652 moventur,
648 3621 679 3645 ab
699 3621 786 3654 aliqua
806 3623 919 3655 potentia
932 3623 1045 3649 interiori
1065 3630 1219 3650 moventur:
1241 3626 1310 3651 unde

240 3671 265 3692 et
294 3667 426 3700 imaginari
455 3677 596 3702 possumus
620 3677 645 3697 et
670 3673 814 3706 intelligere
836 3678 861 3699 et
888 3674 957 3699 velle
985 3683 1026 3700 res
1056 3676 1141 3709 <quae
1169 3683 1221 3701 non
1250 3682 1310 3702 sunt

240 3722 344 3750 praesto
357 3718 448 3750 nobis>
465 3718 616 3754 (absentes).
632 3723 731 3748 llarurn
745 3724 821 3757 igitur
834 3725 1008 3757 potentiarum
1023 3727 1222 3760 (operationes)
1237 3726 1310 3761 (ope-

1353 437 1362 458 5

1346 695 1371 710 to

1343 950 1365 969 ¹5

1340 1208 1366 1223 20

1338 1466 1362 1487 ²5

1339 1722 1365 1742 ιο

1336 1979 1358 2000 ³5

1331 2238 1359 2258 4ο

1330 2494 1354 2515 ⁴5

1331 2758 1356 2779 50

1329 3017 1351 3038 55

1325 3271 1353 3291 6ο

1325 3532 1349 3555 ⁶5

1229 138 1495 176 APPENDIX

1387 221 1479 245 relatio
1501 220 1632 253 potentiae
1658 219 1800 253 operantis,
1825 227 1894 254 quae
1916 221 2024 254 quidem
2048 222 2140 248 relatio
2165 224 2335 258 consequitur
2357 224 2469 250 fonnem

1387 260 1520 305 operantis
1539 279 1587 305 per
1604 279 1686 305 quam
1703 277 1842 304 operatur:
1861 272 1929 298 sicut
1949 272 2100 307 imaginatio
2118 282 2166 308 per
2182 275 2295 302 sormam
2317 275 2435 302 relictam
2454 283 2469 302 a

1388 330 1469 348 sensu
1495 322 1574 348 habet
1595 323 1776 357 operationem
1800 324 1934 357 propriam
1957 325 1982 349 in
2008 325 2192 359 imaginatione
2216 328 2413 361 consistentem,
2436 329 2469 354 ad

1387 382 1443 400 rem
1463 382 1527 400 vero
1545 375 1700 400 exteriorem
1721 382 1802 408 quam
1822 375 1987 409 imaginatur,
2009 377 2089 403 habet
2109 379 2263 405 relationem
2288 387 2336 414 per
2354 380 2468 407 tonnam

1388 433 1439 459 qua
1467 425 1629 457 informatur,
1655 430 1682 450 et
1706 433 1737 450 ex
1760 425 1809 451 hac
1832 426 1959 452 relatione
1984 427 2110 460 contingit
2134 429 2206 462 quod
2232 429 2400 464 imaginando
2424 439 2468 457 co-

1387 477 1488 510 gnoscit
1507 485 1563 502 rem
1587 477 1764 510 imaginatam.
1787 477 1822 503 Et
1847 478 1967 504 similiter
1991 479 2141 506 intellectus
2165 488 2213 515 per
2234 481 2347 507 formam
2372 482 2468 509 intelli-

1386 529 1492 562 gibilem
1512 536 1565 562 qua
1583 529 1710 561 intelligit,
1733 528 1846 555 refertur
1867 530 1980 563 quadam
2001 531 2178 557 similitudinis
2201 533 2328 559 relatione
2352 533 2385 559 ad
2409 541 2466 560 rem

1386 585 1456 606 extra
1475 588 1555 613 quam
1573 581 1760 614 cognoscendo
1777 581 1948 616 intelligendo
1967 585 2110 617 cognoscit.
2133 584 2209 610 Unde
2228 590 2257 610 et
2280 585 2374 611 dicitur
2394 586 2467 619 quod

1386 632 1492 656 scientia
1510 637 1551 656 est
1568 632 1724 657 assimilatio
1742 633 1849 659 scientis
1868 634 1901 659 ad
1919 641 1975 660 rem
1998 635 2098 660 scitam.
2118 635 2216 661 Forma
2241 636 2321 670 igitur
2339 644 2407 670 quae
2425 642 2468 664 est

1385 683 1411 708 in
1430 683 1587 716 intelligente
1606 692 1659 709 non
1678 687 1720 710 est
1737 692 1767 710 se
1785 684 1864 710 habet
1882 686 1914 711 ad
1934 686 2078 720 intelligere
2097 693 2126 712 ut
2144 688 2216 722 quod
2239 688 2398 722 intelligitur,
2418 689 2465 715 sed

1384 739 1413 759 ut
1431 741 1486 767 quo
1509 734 1670 767 intelligitur.
1692 735 1765 768 quod
1787 735 1857 761 enim
1882 736 2034 770 intelligitur
2058 744 2128 763 extra
2153 744 2207 765 est:
2235 739 2258 764 si
2275 744 2366 765 autem
2384 739 2419 765 sit
2437 745 2467 765 ut

1384 786 1456 818 quod
1475 786 1634 819 intelligitur,
1652 786 1704 812 hoc
1722 792 1764 812 est
1781 794 1829 821 per
1848 788 1981 821 quandam
2004 788 2182 822 reflexionem,
2206 778 2366 824 inquantum
2390 791 2468 817 intel-

1383 838 1466 863 lectus
1484 837 1653 870 intelligendo
1665 845 1721 863 rem
1735 839 1856 872 intelligit
1867 847 1897 865 se
1910 839 2055 873 intelligere
2070 846 2095 866 et
2112 841 2222 867 ulterius
2241 843 2309 868 redit
2321 843 2354 868 sd
2366 850 2466 877 cogno-

1383 889 1507 913 scendam
1526 889 1643 922 speciem
1662 897 1715 922 qua
1732 889 1861 923 intelligit.
1880 890 1918 916 Ex
1937 890 1985 916 hac
2009 896 2097 916 autem
2121 892 2209 926 specie
2232 893 2386 926 intelligibili
2411 901 2464 927 qua

1382 939 1469 972 primo
1487 939 1636 965 intellectus
1655 939 1820 971 informatur,
1838 941 1965 974 procedit,
1988 942 2173 974 componendo
2194 943 2238 968 vel
2262 942 2403 969 dividendo
2421 944 2465 970 vel

1382 990 1610 1025 qualitercumque
1628 991 1795 1022 conferendo.
1814 992 1847 1018 ad
1866 992 2052 1018 inveniendum
2072 993 2189 1027 aliquam
2207 993 2321 1020 formam
2341 995 2465 1029 intelligi-

1382 1042 1461 1067 bilem
1480 1050 1550 1076 quae
1567 1050 1597 1068 se
1615 1043 1696 1069 habet
1713 1043 1751 1069 ad
1769 1044 1934 1070 intellectum
1954 1048 1985 1069 at
2003 1052 2019 1078 q
2039 1052 2107 1078 quae
2126 1045 2220 1071 dicitur
2237 1053 2285 1080 per
2301 1046 2463 1072 intellectum
2507 1070 2511 1074 .

1381 1092 1501 1118 formata.
1520 1094 1554 1119 Et
1576 1094 1627 1120 hoc
1645 1099 1717 1128 patet
1734 1099 1788 1120 tam
1807 1095 1833 1120 in
1852 1095 1984 1121 intellectu
1998 1096 2161 1130 speculativo
2179 1104 2259 1130 quarn
2279 1098 2402 1130 practico.
2421 1098 2466 1124 In·

1380 1145 1500 1170 tellectus
1519 1145 1589 1171 enim
1609 1146 1787 1180 speculativus
1814 1154 1844 1172 ex
1873 1147 2006 1180 aliquibus
2024 1148 2211 1174 communibus
2230 1157 2299 1182 quae
2318 1151 2465 1184 cognoscit,

1381 1202 1474 1231 utpote
1503 1206 1551 1232 per
1573 1197 1624 1224 hoc
1656 1199 1728 1232 quod
1753 1204 1795 1224 est
1819 1206 1913 1224 eorum
1932 1199 2071 1233 speciebus
2096 1199 2261 1232 informatus,
2285 1200 2464 1228 definitionem

1380 1251 1525 1284 investigat,
1544 1251 1677 1284 quandam
1697 1250 1810 1276 formam
1829 1250 2018 1284 intelligibilem
2041 1251 2160 1277 formans
2179 1260 2259 1286 quam
2279 1253 2356 1279 intel!
2372 1254 2466 1288 accipit

1379 1303 1454 1336 qussi
1473 1303 1615 1328 essentiam
1628 1301 1734 1328 definiti.
1753 1302 1879 1328 Similiter
1890 1302 2038 1328 intellectus
2057 1304 2187 1337 practicus
2205 1304 2318 1330 formam
2337 1304 2464 1333 artificiati

1379 1355 1506 1388 excogitat
1525 1362 1556 1380 ex
1575 1354 1709 1388 aliquibus
1728 1355 1926 1388 praeconceptis
1939 1362 2009 1388 quae
2027 1363 2075 1388 per
2087 1356 2235 1389 aliquarum
2255 1357 2404 1391 specierum
2424 1357 2465 1384 in·

1379 1406 1563 1432 formationem
1583 1405 1714 1439 cognovit.
1734 1405 1777 1431 Sic
1795 1406 1874 1431 etiam
1893 1411 1920 1431 et
1938 1405 2098 1439 imaginatio,
2123 1407 2264 1433 informata
2288 1407 2429 1441 speciebus
2446 1416 2464 1435 a

1378 1465 1459 1484 sensu
1478 1458 1624 1482 secundum
1644 1462 1731 1482 actum
1750 1457 1855 1489 relictis,
1875 1464 1972 1482 novam
1991 1456 2105 1483 sennam
2124 1457 2259 1484 adinvenit
2276 1458 2464 1492 componendo
2488 1486 2493 1490 ,

1378 1511 1420 1536 vel
1435 1509 1583 1541 dividendo,
1595 1517 1675 1543 quam
1695 1516 1830 1542 nunquam
1850 1516 1932 1534 sensu
1950 1509 2076 1543 percepit,
2095 1510 2163 1535 sicut
2181 1514 2286 1536 montes
2305 1517 2401 1536 aureos
2418 1510 2463 1536 vel

1378 1561 1547 1587 chimaeram.
1568 1558 1727 1586 Huiusmodi
1747 1566 1836 1587 autem
1855 1561 1940 1586 forma
1959 1569 1989 1587 se
2007 1561 2087 1587 habet
2105 1562 2192 1596 primo
2209 1561 2319 1595 quidem
2338 1566 2369 1588 ut
2385 1562 2464 1589 hasl-

1378 1614 1452 1646 lecta,
1466 1614 1613 1639 secundum
1632 1613 1704 1646 quod
1724 1613 1893 1646 intelligentis
1904 1613 2022 1646 operatio
2035 1613 2067 1638 ad
2080 1620 2140 1639 eam
2159 1613 2311 1648 intelligitur
2328 1621 2378 1647 per
2393 1613 2463 1640 rela-

1378 1665 1476 1690 tionem
1497 1665 1611 1699 aliquam
1629 1664 1778 1695 terminari3
1798 1664 1916 1690 secundo
1933 1671 1998 1690 vero
2017 1670 2046 1690 ut
2064 1672 2119 1698 quo
2137 1665 2298 1699 intelligitur,
2317 1670 2397 1698 prout
2414 1672 2463 1700 per

1378 1717 1529 1742 huiusmodi
1548 1716 1661 1742 formam
1681 1717 1852 1750 excogitatam
1871 1716 1962 1742 relatio
1981 1717 2112 1750 quaedam
2128 1717 2306 1743 similitudinis
2318 1717 2463 1744 innascitur

1378 1768 1529 1802 intelligenti
1548 1768 1581 1793 ad
1599 1775 1656 1794 rem
1671 1767 1826 1794 exteriorem
1839 1775 1908 1801 quae
1922 1775 1970 1802 per
1983 1767 2135 1793 huiusmodi
2148 1767 2262 1794 formam
2283 1768 2463 1802 cognosciutr·

1377 1819 1418 1844 Sic
1437 1818 1515 1852 igitur
1532 1823 1655 1852 respectu
1675 1818 1852 1844 secundorum
1871 1817 2036 1851 cognitorum
2049 1818 2075 1843 in
2087 1817 2251 1851 intelligente
2270 1818 2365 1851 duplex
2383 1818 2462 1845 imel-

1377 1869 1480 1903 ligibilis
1500 1869 1585 1895 forma
1603 1869 1792 1900 consideratur,
1812 1876 1863 1894 una
1882 1876 1934 1902 qua
1953 1869 2073 1902 intelligit
2090 1873 2202 1901 tantum,
2220 1874 2315 1903 utpote
2333 1876 2384 1903 per
2400 1876 2460 1896 eam

1376 1921 1407 1946 ad
1427 1920 1627 1953 intelligendum
1646 1919 1766 1951 formata,
1785 1920 1834 1945 alia
1854 1927 1906 1953 qua
1924 1920 2044 1953 intelligit
2063 1925 2089 1945 et
2107 1914 2176 1954 quae
2194 1921 2348 1954 intelligitur
2369 1921 2462 1954 simul.

1375 1978 1467 2006 utpote
1486 1980 1534 2006 per
1552 1972 1713 1998 intellectum
1732 1972 1844 1998 formata
1863 1978 1889 1998 et
1907 1971 2068 1998 intellectum
2087 1972 2124 1998 rei
2143 1972 2263 1999 exteriori
2282 1973 2461 2000 confinem-s.

1375 2025 1507 2058 Respectu
1526 2031 1590 2049 vero
1609 2023 1756 2057 primorum
1775 2023 1966 2049 intellectorum
1987 2028 2028 2049 est
2046 2032 2098 2050 una
2123 2029 2224 2050 tantum
2243 2024 2330 2051 forma
2348 2032 2404 2059 qua
2420 2025 2461 2052 in-

1373 2076 1505 2109 telligitur,
1525 2083 1594 2109 quae
1612 2082 1665 2101 non
1679 2075 1759 2101 habet
1770 2083 1801 2101 se
1813 2081 1842 2101 ut
1861 2083 1916 2109 quo
1927 2075 2080 2108 intelligitur
2092 2077 2118 2102 in
2131 2077 2216 2110 prima
2234 2076 2384 2103 intellectus
2394 2084 2460 2111 opo-

1373 2129 1482 2160 ratione,
1496 2128 1543 2154 sed
1562 2129 1588 2153 in
1608 2128 1732 2159 secunda,
1751 2127 1767 2143 *
1781 2135 1830 2161 per
1847 2134 1928 2161 quam
1948 2127 2096 2153 intellectus
2115 2135 2197 2162 supra
2209 2128 2328 2162 seipsum
2341 2128 2417 2161 redit,
2429 2135 2461 2155 se
2489 2108 2543 2160 tar
2553 2137 2568 2155 a
2580 2139 2607 2155 ι.

1373 2179 1452 2206 habet
1470 2179 1548 2205 etiam
1569 2184 1597 2205 ut
1616 2180 1688 2213 quod
1707 2178 1867 2213 intelligitur.
1885 2179 1927 2204 Slc
1946 2178 2025 2212 igitur
2043 2179 2154 2213 quilibet
2171 2179 2322 2206 intellectus
2341 2187 2390 2214 per
2406 2178 2459 2206 hoc

1372 2231 1493 2264 intelligit
1510 2231 1583 2264 quod
1602 2238 1634 2257 ex
1652 2231 1739 2270 specie
1756 2238 1810 2265 qua
1829 2230 1949 2264 intelligit
1967 2230 2140 2264 consequitur
2158 2230 2247 2264 ipsum
2266 2231 2398 2265 quaedam
2415 2237 2459 2258 re-

1372 2282 1434 2307 latio
1452 2281 1643 2307 consonuimtis
1662 2282 1694 2308 ad
1717 2289 1774 2308 rem
1797 2282 1966 2308 intellectam.
1990 2282 2139 2308 Intellectus
2165 2288 2254 2308 autem
2278 2282 2382 2309 divinus
2402 2290 2457 2310 non

1371 2334 1420 2359 alia
1439 2334 1528 2367 specie
1547 2333 1668 2367 intelligit
1687 2341 1768 2367 quarn
1787 2334 1904 2360 essentia
1923 2341 1979 2366 sua,
1993 2339 2023 2359 ut
2040 2333 2182 2367 probatum
2195 2338 2245 2361 est.
2263 2334 2302 2360 Ex
2318 2333 2371 2360 hoc
2388 2341 2455 2368 ergo

1372 2385 1456 2411 differt
1474 2393 1489 2411 a
1508 2390 1607 2417 nostro,
1627 2386 1672 2419 qui
1692 2385 1780 2419 specie
1798 2385 1919 2419 intelligit
1933 2393 2000 2419 quae
2014 2393 2066 2411 non
2081 2390 2122 2412 est
2140 2393 2189 2412 sua
2207 2386 2330 2418 essentia,
2349 2390 2376 2412 et
2390 2386 2457 2413 slm-

1371 2437 1485 2471 plicitate
1503 2443 1529 2463 et
1547 2437 1648 2463 ordine.
1667 2438 1836 2471 Simplicitate
1849 2438 1965 2471 quidem,
1984 2438 2046 2471 quia
2065 2439 2211 2464 secundum
2229 2440 2313 2464 unum
2332 2443 2359 2464 et
2376 2437 2456 2472 idem,

1371 2489 1469 2515 scilicet
1490 2497 1566 2515 suam
1595 2490 1746 2521 essentiam,
1765 2489 1846 2516 rebus
1872 2490 1996 2516 omnibus
2016 2490 2204 2523 conformatur,
2223 2494 2315 2516 noster
2331 2497 2398 2517 vero
2415 2489 2456 2517 ‹ll-

1370 2540 1455 2566 versis
1474 2541 1621 2566 secundum
1641 2541 1759 2566 diversa:
1778 2541 1849 2567 unde
1867 2541 2008 2567 multitudo
2021 2541 2214 2568 intellectorum
2235 2541 2456 2575 compositionem

1371 2597 1463 2617 nostro
1483 2592 1631 2618 intelIectui
1650 2591 1748 2618 inducit
1766 2591 1917 2624 intellectui,
1938 2600 1991 2617 non
2013 2592 2109 2619 divino.
2129 2592 2230 2619 Ordine
2248 2599 2321 2625 vero,
2341 2591 2403 2626 quia
2420 2592 2455 2619 ad

1370 2643 1434 2669 illud
1453 2643 1613 2669 intellectum
1633 2643 1718 2676 primo
1736 2649 1873 2677 respectus
1892 2643 2060 2677 intelligentis
2073 2643 2244 2678 consequitur
2258 2643 2333 2670 cuius
2351 2643 2455 2677 spedas

1370 2703 1418 2729 per
1436 2703 1517 2729 quam
1537 2695 1687 2728 intelligitur
1705 2701 1746 2722 est
1764 2697 1870 2730 propria
1888 2696 2040 2722 similitudo.
2069 2696 2176 2729 Species
2195 2700 2284 2721 autem
2307 2702 2355 2729 per
2373 2701 2455 2730 quam

1369 2747 1517 2773 intellectus
1537 2752 1628 2773 noster
1645 2747 1772 2781 intelligit,
1790 2753 1832 2773 est
1849 2747 1994 2774 similitudo
2006 2748 2043 2773 rei
2057 2747 2191 2774 exterioris
2210 2747 2366 2778 intellectae,
2383 2746 2455 2773 unde

1369 2798 1454 2832 primo
1473 2799 1530 2832 ipsa
1548 2799 1712 2833 intelligitur;
1731 2806 1761 2825 se
1779 2807 1844 2825 vero
1856 2799 2005 2825 intellectus
2025 2799 2143 2833 intelligit
2161 2806 2243 2833 supra
2261 2806 2292 2824 se
2309 2798 2455 2831 redetmdo,

1368 2851 1430 2884 quia
1448 2850 1603 2884 inquantum
1622 2850 1645 2876 ei
1664 2851 1768 2884 species
1786 2851 1824 2876 rei
1843 2850 1990 2876 intellectae
2009 2850 2105 2882 unitur,
2124 2849 2154 2876 fit
2171 2851 2250 2876 etiam
2265 2850 2367 2884 species
2385 2850 2454 2883 eius,

1368 2907 1395 2927 et
1413 2902 1450 2927 sic
1463 2902 1541 2927 etiam
1554 2901 1586 2927 sd
1599 2902 1718 2935 seipsum
1737 2909 1769 2927 ex
1781 2909 1812 2927 ea
1825 2906 1962 2936 respectus
1981 2901 2076 2935 aliquis
2090 2901 2245 2928 secundario
2263 2901 2454 2930 conside-nm.

1367 2953 1475 2987 Species
1494 2958 1582 2978 autem
1601 2960 1648 2986 per
1675 2960 1756 2987 quam
1785 2953 1856 2979 Deus
1881 2953 2000 2987 intelligit
2024 2959 2065 2980 est
2089 2953 2148 2988 ipsa
2166 2954 2281 2980 “sentia
2300 2960 2358 2986 sua,
2383 2959 2454 2988 quan

1367 3004 1453 3038 primo
1471 3003 1550 3030 habet
1569 3010 1718 3038 respectum
1737 3004 1770 3030 ad
1794 3005 1892 3038 ipsum,
1912 3012 1960 3038 per
1978 3005 2111 3038 posterius
2130 3013 2194 3031 vero
2213 3005 2246 3032 ad
2265 3005 2328 3038 alia3
2348 3009 2375 3032 et
2391 3004 2454 3032 ideo

1367 3057 1424 3090 ipse
1443 3055 1530 3090 primo
1549 3055 1667 3089 seipsum
1693 3055 1820 3089 intelligit,
1840 3061 1866 3082 et
1884 3056 1909 3082 in
1929 3063 1959 3082 se
1978 3056 2097 3090 intelligit
2121 3057 2180 3088 alia,
2199 3057 2347 3083 secundum
2369 3056 2452 3091 quod.

1367 3101 1537 3142 intelligendo
1555 3108 1697 3134 essentiam
1717 3115 1801 3140 suam,
1821 3108 1941 3142 intelligit
1963 3114 2099 3142 respectus
2127 3109 2172 3144 qui
2191 3109 2249 3135 eius
2269 3109 2301 3135 ad
2319 3109 2371 3136 alia
2389 3113 2455 3136 sunt

1367 3160 1408 3185 vel
1429 3166 1490 3185 esse
1508 3164 1634 3193 possunt3
1654 3167 1708 3185 non
1725 3159 1796 3185 enim
1815 3159 1934 3193 intelligit
1943 3159 2042 3193 aliquid
2054 3159 2126 3186 aliud
2146 3167 2162 3186 a
2179 3167 2210 3186 se
2228 3159 2305 3193 quasi
2324 3159 2453 3194 pris-oet

1367 3213 1393 3239 in
1412 3220 1443 3239 se
1460 3212 1631 3244 intellectum,
1650 3218 1679 3238 ut
1697 3220 1778 3247 supra
1796 3212 1936 3246 probatum
1964 3218 2013 3239 est.
2036 3212 2106 3239 Cum
2124 3217 2211 3239 autem
2231 3212 2331 3246 aliquid
2353 3212 2382 3238 h
2397 3211 2452 3238 alio

1367 3264 1519 3298 intelligitur
1537 3269 1563 3290 et
1581 3272 1635 3290 non
1653 3271 1701 3298 per
1726 3264 1855 3298 seipsum.
1881 3271 1912 3290 ex
1941 3265 2028 3298 specie
2055 3262 2208 3298 intelligibili
2227 3271 2282 3298 qus
2299 3263 2450 3290 intellectus

1366 3316 1529 3349 informatur,
1549 3317 1720 3350 consequitur
1732 3317 1862 3351 quaedam
1876 3316 2002 3342 habitudo
2014 3316 2183 3350 intelligentis
2196 3315 2230 3342 ad
2243 3314 2360 3350 primum
2371 3314 2447 3341 intel-

1366 3368 1462 3393 lectum
1482 3375 1535 3393 non
1555 3368 1642 3393 solum
1662 3372 1741 3401 prout
1759 3367 1905 3393 secundum
1925 3374 1954 3392 se
1976 3366 2165 3397 consideratur,
2195 3365 2243 3391 sed
2269 3370 2348 3399 prout
2368 3364 2451 3391 habet

1365 3419 1543 3445 habitudinem
1563 3419 1595 3445 ad
1614 3427 1645 3445 es
1663 3427 1734 3453 quae
1754 3419 1780 3445 in
1805 3419 1865 3453 ipso
1893 3423 2101 3453 cognoscunturt
2127 3416 2202 3442 aliter
2226 3416 2355 3443 habitudo
2378 3416 2449 3444 illim

1365 3471 1443 3505 primi
1462 3470 1557 3504 cogniti
1581 3470 1613 3496 ad
1632 3478 1662 3496 ea
1682 3477 1750 3504 quae
1765 3478 1786 3504 p
1804 3471 1830 3496 in
1849 3469 1908 3503 ipso
1926 3474 2130 3502 cognoscuntur,
2149 3468 2267 3501 ignorata
2286 3472 2449 3500 remanet-etz

1366 3522 1433 3548 sicut
1451 3530 1482 3548 ex
1501 3522 1589 3556 specie
1607 3521 1761 3555 intelligibili
1779 3521 1860 3547 totius
1878 3526 1904 3546 et
1921 3519 2002 3554 partis
2025 3519 2194 3552 cognoscitur
2215 3526 2269 3544 non
2288 3519 2377 3546 solum
2395 3519 2450 3546 hd

1365 3573 1416 3599 hoc
1435 3573 1600 3607 principium,
1619 3573 1708 3598 Omne
1726 3577 1811 3598 totum
1829 3576 1871 3597 est
1888 3571 1974 3597 maius
1987 3577 2036 3596 sua
2054 3575 2137 3603 parte,
2156 3570 2204 3595 sed
2223 3569 2301 3596 etiam
2322 3569 2451 3596 habitudo

1366 3626 1423 3651 eius
1442 3626 1475 3651 ad
1493 3625 1677 3651 conclusiones
1695 3631 1764 3659 quae
1781 3624 1807 3650 in
1826 3623 1872 3649 illo
1890 3627 2094 3655 cognoscuntur.
2107 3621 2178 3648 Deus
2193 3622 2270 3656 igitur
2289 3630 2339 3657 per
2355 3629 2448 3648 essen—

1365 3677 1428 3702 tiam
1449 3685 1523 3703 suam
1543 3684 1596 3702 non
1616 3676 1704 3702 solum
1728 3683 1804 3702 suam
1830 3674 1971 3700 essentiam
1997 3674 2140 3707 cognoscit,
2166 3673 2213 3699 sed
2233 3678 2370 3707 respectus
2389 3672 2450 3699 eius

1366 3728 1398 3754 ad
1417 3728 1506 3754 omnia
1524 3734 1593 3761 quae
1612 3732 1683 3758 sunt.
1695 3726 1754 3760 Ipsa
1766 3725 1844 3759 igitur
1856 3725 1970 3750 essentia
1983 3724 2078 3756 divina,
2091 3724 2254 3750 considerata
2266 3727 2298 3750 nt
2308 3727 2358 3750 wat
2369 3728 2448 3758 prout

239 3768 314 3801 ratio)
334 3776 386 3794 non
405 3771 576 3796 terminantur
591 3773 606 3789 ¹*
626 3774 656 3798 ad
676 3782 718 3799 res
738 3776 876 3801 exteriores
899 3784 985 3810 neque
1008 3778 1073 3804 sicut
1095 3779 1127 3804 ad
1155 3779 1309 3812 principium
1325 3787 1352 3808 70
1366 3785 1415 3810 est,
1428 3780 1551 3813 accipitur
1563 3783 1591 3804 ut
1604 3779 1687 3813 prima
1697 3777 1800 3812 species
1809 3783 1863 3810 qua
1876 3776 2038 3809 intelligitur;
2052 3781 2082 3802 ut
2094 3781 2182 3802 tutem
2196 3777 2308 3810 ἰΡΟΙίῑΙθῗ
2317 3781 2358 3802 ⁶⁸¹
2370 3775 2448 3802 ἷΙἏῑΒΙ·

239 3829 320 3854 agens
339 3829 425 3856 neque
444 3822 510 3848 sicut
534 3824 565 3848 ad
592 3824 735 3850 subiectum
763 3827 871 3858 patiens.
896 3829 943 3853 sed
962 3829 994 3854 ad
1014 3836 1058 3854 eas
1080 3831 1233 3856 terminatur
1255 3831 1309 3856 sola

1366 3831 1431 3856 lecta
1441 3831 1588 3856 secundum
1599 3837 1636 3860 se,
1646 3829 1825 3856 consideratur
1834 3833 1863 3853 ut
1872 3835 1914 3853 res
1925 3828 2000 3853 cuius
2011 3828 2124 3861 cognitio
2136 3828 2153 3861 †
2163 3827 2276 3854 natura!
2284 3828 2302 3861 †
2320 3826 2447 3859 habetur;

309 3946 344 3972 49
363 3938 397 3964 Ut
416 3939 491 3971 igitur
510 3938 568 3972 etc.]
590 3939 784 3973 Respondendo
803 3943 834 3966 ad
853 3943 966 3968 rationes
985 3945 1088 3978 capituli
1108 3953 1132 3971 ιι
1151 3952 1177 3971 et
1196 3954 1240 3977 ιιι,
1252 3953 1305 3974 tres
1319 3948 1481 3973 reductiones
1500 3946 1559 3972 fecit
1572 3954 1594 3974 a.
1607 3945 1725 3971 Thomas
1740 3945 1821 3970 nostri
1835 3945 1938 3978 capituli
1955 3952 2008 3971 Llll.
2029 3945 2152 3975 Primam,
2176 3944 2211 3970 Ue
2229 3943 2388 3978 igitur—ast
2403 3950 2418 3968 a
2430 3942 2444 3968 3

237 3986 328 4012 exera,
349 3991 395 4016 per
412 3991 505 4009 vocem
525 3988 603 4010 vacat
623 3985 731 4014 delevit;
759 3991 782 4010 et
807 3986 893 4011 statim
919 3989 1060 4014 secundam
1082 3990 1193 4023 scripsit,
1220 3991 1268 4016 αι·
1284 3999 1299 4016 a
1315 3991 1328 4017 5
1350 3992 1391 4017 Ne
1409 3990 1545 4017 autem-5¹
1573 3989 1750 4016 ostendimus.
1775 3989 1875 4014 Deinde
1900 3990 2011 4022 perrexit
2035 3989 2067 4014 ad
2086 3994 2207 4015 nostrum
2227 3987 2373 4022 capitulum
2392 3994 2446 4014 uv.

238 4026 370 4060 Tempore
389 4028 525 4054 revisionis
545 4029 686 4055 secundam
708 4029 882 4055 redactionem
896 4031 962 4056 linea
976 4032 1051 4057 ducta
1070 4033 1223 4066 obliteravit,
1243 4040 1267 4060 et
1288 4034 1446 4061 definitivam
1465 4034 1490 4060 in
1510 4034 1627 4067 margine
1645 4032 1758 4059 inferiori
1778 4033 1891 4066 scripsit.
1911 4033 1950 4058 cf.
1970 4041 2050 4067 supra
2069 4033 2102 4066 4‘
2125 4033 2298 4066 Conspectus.

2547 2015 2563 2039 ί
2582 1988 2591 1999 .
