2768 4134
73 698 158 720 *Num
169 704 191 718 v.

311 311 389 358 456
714 306 903 344 SUMMA
932 305 1155 342 CONTRA
1183 301 1460 348 GENTILES,
1487 302 1583 338 LIB.
1604 302 1646 347 ΙΙ,
1677 301 1788 338 CAP.
1809 301 1945 347 LXXI,
1964 301 2116 338 LXXII.

369 388 398 417 3.
417 386 504 417 Cum
519 386 674 426 probatur
691 393 760 415 esse
777 383 1079 418 contradictionem,
1098 382 1185 433 quia,
1202 381 1230 412 si
1249 380 1387 422 disposi-

311 432 417 461 tiones
439 431 491 460 via
513 429 734 480 generationis
745 427 945 468 praecedunt
960 426 1099 457 formam
1122 426 1157 457 in
1177 426 1322 462 materia,
1338 434 1388 456 se-

311 475 420 515 quitur
430 473 521 514 quod
536 474 599 504 sint
614 474 703 514 prius
725 473 760 503 in
775 472 919 508 materia,
936 477 968 502 et
991 472 1047 508 sic,
1069 470 1161 512 quod
1176 471 1240 501 sint
1262 470 1387 511 priores

309 520 343 549 in
366 517 519 549 essendo:
537 534 560 541 -
573 517 800 558 respondetur,
824 526 863 547 ex
878 516 917 547 iis
933 525 1018 556 quae
1040 516 1104 546 iam
1121 515 1272 552 diximus,
1297 514 1388 555 quod

310 564 384 593 istas
399 562 628 603 dispositiones
645 561 816 602 dupliciter
830 570 1007 602 possumus
1024 569 1213 601 comparare
1229 559 1292 590 ad'
1283 569 1386 600 ipsam

311 607 459 638 sormam.
484 606 560 637 Uno
584 606 698 643 modo,
722 611 861 647 utraque
877 606 1026 637 absolute
1049 604 1253 646 accipiendo.
1277 604 1320 635 Et
1342 604 1388 634 sic

310 657 384 682 sunt
407 651 603 691 posteriores
625 652 660 682 in
684 650 836 682 essendo:
863 651 950 691 quia,
980 656 1017 681 ut
1043 650 1168 680 dictum
1199 655 1247 680 est
1276 650 1311 679 in
1338 657 1388 679 re-

310 696 486 736 sponsione
509 695 549 726 ad
572 696 716 736 primum
740 694 877 726 dubium
889 696 916 732 ἢ
940 695 1030 726 nulla
1053 694 1159 725 forma
1182 693 1388 725 accidentalis

310 740 440 770 advenit
461 741 615 771 materiae
638 741 701 771 nisi
725 740 874 771 existenti
896 741 931 770 in
960 745 1035 770 actu
1058 748 1117 779 per
1147 748 1217 769 esse
1240 738 1388 769 substan-

309 784 399 821 tiale;
425 790 457 815 et
479 785 525 815 sic
553 790 684 825 oportet
707 784 846 816 formam
875 784 1129 820 substantialem,
1161 783 1309 814 absolute
1339 783 1389 813 lo-

310 828 454 869 quendo,
474 829 564 870 prius
579 839 649 861 esse
671 830 706 860 in
721 830 856 860 materia
871 837 971 869 quam
987 828 1127 859 formam
1143 827 1388 858 accidentalem.

309 873 350 904 Et
373 873 438 904 hoc
460 873 563 905 modo
586 874 726 905 intendit
748 875 800 905 hic
825 874 962 905 Sanctus
985 873 1132 903 Thomas
1158 872 1389 913 dispositiones

310 927 379 948 esse
393 919 590 958 posteriores
606 918 710 950 forma
725 918 925 950 substantiali
939 918 974 948 in
991 916 1139 948 essendo.
1155 935 1178 939 -
1193 917 1269 948 Alio
1285 916 1388 948 modo

308 972 485 1003 possumus
508 973 697 1004 comparare
721 963 950 1004 dispositiones
981 961 1021 992 ad
1053 962 1158 1002 ipsam
1189 960 1328 992 formam
1353 968 1389 992 ut

310 1007 363 1038 dat
386 1007 574 1039 ulteriorem
598 1013 630 1038 et
652 1007 882 1048 perfectiorem
905 1006 1051 1047 gradum,
1082 1006 1123 1037 ad
1154 1015 1255 1047 quem
1278 1006 1389 1047 dispo—

309 1061 386 1082 nere
409 1052 642 1093 intelliguntur.
668 1052 709 1082 Et
732 1053 777 1083 sic
802 1058 878 1082 sunt
900 1052 1024 1092 priores
1047 1051 1117 1091 ipsa
1147 1050 1253 1082 forma
1280 1051 1315 1081 in
1340 1061 1389 1082 es-

310 1096 429 1127 sendo:
454 1097 543 1137 prius
566 1097 654 1127 enim
677 1097 889 1137 intelligimus
911 1097 1079 1127 materiam
1109 1096 1228 1126 habere
1251 1095 1389 1136 disposi-

310 1142 414 1171 tiones
438 1140 478 1171 ad
502 1140 651 1178 formam,
669 1150 767 1181 quam
792 1141 933 1172 formam
949 1140 1024 1172 dare
1041 1150 1110 1171 esse
1130 1140 1212 1171 illud
1234 1141 1389 1172 materiae

309 1185 349 1215 ad
373 1185 464 1225 quod
486 1195 545 1226 per
567 1186 646 1216 tales
669 1185 899 1227 dispositiones
913 1187 1048 1217 materia
1063 1186 1343 1226 proportionatur.

364 1229 459 1260 Ratio
483 1230 581 1261 huius
604 1229 795 1262 diversitatis
819 1237 866 1262 est
890 1231 977 1271 quia,
1001 1230 1224 1271 comparando
1252 1230 1313 1261 ista
1336 1240 1388 1262 ac-

309 1274 448 1305 cidentia
471 1274 512 1305 ad
542 1274 682 1306 formam
710 1276 869 1313 absolute,
897 1281 1131 1316 comparantur
1154 1274 1194 1306 ad
1224 1275 1329 1315 ipsam
1352 1281 1389 1306 ut

309 1317 442 1350 effectus
472 1319 512 1350 ad
540 1326 685 1351 causam:
717 1326 793 1351 sunt
816 1321 904 1351 enim
932 1321 967 1351 in
993 1321 1126 1351 veritate
1155 1321 1224 1351 eius
1255 1319 1389 1351 effectus

308 1364 497 1395 resultantes
521 1373 559 1395 ex
582 1365 706 1395 unione
729 1365 853 1396 formae
883 1365 924 1396 ad
951 1366 1129 1396 materiam.
1155 1364 1388 1406 Comparando

310 1414 418 1439 autem
441 1409 510 1449 ipsa
534 1409 574 1440 ad
597 1409 737 1440 formam
761 1415 797 1440 ut
821 1409 875 1441 dat
904 1410 1093 1441 ulteriorem
1122 1409 1260 1450 gradum
1283 1409 1389 1451 perfe-

309 1454 436 1490 ctionis,
461 1454 706 1486 considerantur
728 1465 797 1486 non
820 1460 857 1485 ut
881 1454 1014 1486 effectus
1046 1455 1181 1492 formae,
1212 1465 1289 1486 cum
1319 1464 1388 1486 non

308 1505 551 1538 consequantur
574 1499 614 1530 ad
637 1498 777 1530 formam
801 1506 837 1530 ut
865 1499 919 1530 dat
946 1500 1040 1531 illum
1070 1500 1260 1531 ulteriorem
1282 1499 1389 1541 perfe-

309 1543 426 1573 ctionis
448 1543 594 1583 gradum,
619 1543 676 1575 sed
700 1550 737 1575 ut
763 1544 968 1576 introductae
995 1546 1029 1576 in
1052 1545 1186 1576 materia
1210 1545 1249 1575 ab
1273 1550 1389 1586 agente

309 1587 398 1627 prius
413 1597 471 1628 per
486 1589 567 1620 haec
583 1588 762 1620 accidentia
785 1590 954 1620 materiam
977 1589 1172 1631 disponente
1199 1599 1299 1630 quam
1323 1589 1389 1621 for-

309 1642 397 1662 mam
421 1633 602 1664 secundum
625 1634 719 1665 illum
742 1634 931 1665 ulteriorem
953 1634 1090 1675 gradum
1113 1634 1307 1666 introducat.
1332 1634 1390 1665 Di·

310 1683 400 1708 ctum
427 1683 475 1708 est
503 1679 592 1709 enim
621 1678 722 1719 quod,
750 1679 802 1710 via
829 1680 1057 1720 generationis,
1089 1679 1314 1721 imperfectum
1343 1684 1390 1710 est

305 1722 403 1762 prius
424 1723 576 1765 perfecto
608 1729 639 1754 et
661 1723 812 1764 potentia
845 1729 892 1755 est
909 1724 1009 1765 prior
1032 1729 1129 1755 actu:
1153 1729 1185 1755 et
1215 1724 1261 1755 sic
1291 1733 1390 1764 agens

311 1766 454 1798 educens
477 1767 600 1808 aliquid
623 1767 664 1798 de
688 1769 834 1808 potentia
861 1769 895 1799 in
923 1775 1044 1806 actum,
1073 1769 1162 1810 prius
1191 1769 1225 1800 in
1256 1769 1390 1800 materia

310 1811 488 1843 introducit
511 1812 651 1844 formam
674 1812 897 1854 imperfectam
914 1823 1014 1854 quam
1037 1813 1177 1844 formam
1200 1812 1389 1854 perfectam.

312 1856 407 1888 Unde
430 1858 537 1897 inquit
560 1857 697 1889 Sanctus
721 1858 867 1889 Thomas
890 1859 924 1889 in
949 1858 1014 1897 Qu.
1044 1858 1084 1890 de
1113 1858 1244 1894 Anima,
1275 1864 1332 1889 art.
1357 1869 1388 1898 9,

311 1901 402 1942 quod
426 1902 507 1933 istae
529 1902 758 1943 dispositiones
775 1903 1096 1945 praeintelliguntur
1108 1903 1250 1944 formae
1273 1908 1309 1933 ue
1340 1903 1390 1933 in·

310 1946 428 1976 ductae
450 1947 490 1977 ab
513 1952 633 1989 agente
657 1948 689 1978 in
721 1947 903 1978 materiam.
933 1947 1016 1979 Sunt
1043 1957 1121 1988 ergo
1149 1947 1223 1978 illae
1251 1946 1389 1987 disposi-

309 1991 415 2021 tiones
437 1992 634 2031 posteriores
661 1992 696 2022 in
724 1991 872 2029 essendo,
901 1992 1091 2032 simpliciter
1120 1991 1307 2031 loquendo:
1332 1991 1389 2022 sed

309 2040 384 2066 sunt
407 2036 530 2075 priores
554 2037 588 2067 in
612 2035 749 2067 essendo
772 2037 825 2067 via
847 2037 1075 2076 generationis,
1100 2035 1323 2067 consideratae
1353 2042 1390 2067 ut

310 2079 539 2120 dispositiones
563 2080 604 2112 ad
626 2081 815 2112 ulteriorem
838 2080 986 2121 gradum.

365 2124 434 2155 V11.
465 2124 529 2156 Sed
559 2126 644 2156 circa
672 2126 756 2157 hanc
785 2127 1035 2166 responsionem
1066 2126 1204 2157 dubium
1237 2126 1388 2157 occurrit.

309 2169 406 2207 Quia,
439 2176 474 2201 ut
506 2171 603 2201 habet
631 2170 769 2203 Sanctus
797 2170 943 2202 Thomas
966 2171 1025 2202 VII
1053 2171 1209 2211 Metaph„
1234 2170 1309 2201 lect.
1338 2171 1388 2208 13,

310 2223 404 2245 omne
427 2215 515 2255 quod
541 2220 589 2246 est
605 2216 703 2256 prius
729 2215 958 2257 generatione,
990 2221 1038 2247 est
1058 2216 1156 2256 prius
1179 2221 1334 2256 tempore,
1359 2221 1391 2247 et

310 2268 375 2289 non
400 2264 447 2290 est
470 2270 488 2291 e
511 2269 681 2292 converso.
706 2260 771 2292 Sed
795 2260 887 2301 quod
911 2267 959 2292 est
988 2261 1078 2302 prius
1102 2266 1252 2301 tempore
1276 2260 1389 2298 altero,

310 2310 357 2334 est
380 2304 470 2344 prius
492 2305 549 2336 illo
569 2306 604 2336 in
627 2305 766 2337 essendo
783 2305 983 2346 simpliciter.
1001 2306 1099 2345 Ergo,
1116 2306 1142 2336 si
1159 2305 1390 2346 dispositiones

310 2347 350 2378 ad
374 2347 513 2380 formam
537 2350 588 2381 via
611 2351 830 2390 generationis
862 2350 1062 2391 praecedunt
1091 2349 1232 2381 formam
1255 2350 1290 2380 in
1319 2359 1388 2381 ma-

310 2393 399 2430 teria,
416 2395 563 2434 sequitur
579 2395 671 2435 quod
686 2396 750 2426 sint
764 2396 890 2436 priores
906 2396 1096 2436 simpliciter
1111 2396 1145 2426 in
1165 2394 1303 2426 essendo
1320 2396 1390 2436 ipsa

311 2436 426 2469 forma.
450 2438 492 2469 Et
515 2439 561 2470 sic
584 2440 755 2480 responsio
778 2440 868 2471 nulla
892 2446 949 2471 est.

369 2492 398 2513 2.
415 2483 468 2514 Ad
484 2484 581 2515 huius
597 2484 688 2515 dubii
704 2484 954 2516 dissolutionem
970 2484 1097 2516 duabus
1109 2494 1194 2525 opus
1211 2489 1259 2516 est
1278 2483 1390 2515 distin·-

312 2527 485 2559 ctionibus.
510 2529 582 2560 Una
606 2535 654 2560 est
677 2529 779 2570 quod,
796 2539 873 2560 cum
897 2530 1017 2571 duplex
1040 2530 1080 2560 sit
1103 2536 1244 2570 tempus,
1268 2529 1390 2560 scilicet

310 2571 396 2602 reale
420 2578 451 2603 et
473 2574 712 2614 imaginarium,
729 2573 902 2614 dupliciter
925 2580 1034 2615 potest
1057 2574 1180 2615 aliquid
1203 2573 1268 2605 dici
1287 2574 1389 2605 altero

310 2617 400 2656 prius
423 2622 586 2658 tempore:
612 2624 668 2650 aut
691 2618 843 2650 videlicet
866 2620 944 2660 quia
975 2625 1022 2650 est
1049 2619 1083 2650 in
1113 2620 1215 2660 priori
1239 2625 1389 2660 tempore

310 2661 401 2698 reali;
425 2668 481 2693 aut
504 2664 580 2703 quia
603 2663 792 2704 intelligitur
816 2673 885 2695 esse
912 2664 946 2694 in
977 2665 1079 2705 priori
1102 2669 1252 2705 tempore
1274 2664 1389 2704 imagi-

311 2706 412 2737 nario.
432 2723 455 2728 —
479 2706 629 2738 Secunda
653 2714 711 2745 est,
736 2708 827 2749 quod
851 2708 1023 2749 dupliciter
1046 2708 1170 2749 aliquid
1193 2714 1303 2750 potest
1325 2708 1390 2739 dici

310 2750 399 2790 prius
422 2751 523 2783 altero
547 2753 767 2793 generatione.
792 2753 869 2785 Uno
885 2753 999 2790 modo,
1021 2754 1098 2794 quia
1122 2753 1163 2785 ad
1186 2753 1317 2784 alterius
1332 2763 1388 2794 ge-

1439 380 1644 411 nerationem
1667 379 1844 416 ordinatur,
1868 385 1901 410 et
1923 388 1982 410 sua
2007 380 2173 420 generatio
2200 380 2362 412 antecedit
2387 381 2518 412 alterius

1439 425 1701 465 generationem:
1730 424 1814 455 sicut
1836 424 1871 455 in
1903 424 2114 464 generatione
2143 424 2285 456 hominis
2307 426 2397 465 prius
2419 435 2518 467 gene·

1439 475 1527 500 ratur
1551 469 1662 500 vivens
1686 478 1786 510 quam
1809 468 1945 505 animal,
1969 474 2002 499 et
2030 468 2150 499 animal
2177 478 2278 510 quam
2300 470 2416 507 homo,·
2441 470 2517 502 ideo

1440 514 1558 545 dicitur
1580 514 1615 544 in
1637 514 1695 544 illo
1723 513 1837 544 ordine
1867 513 1958 554 quod
1984 513 2096 544 vivens
2124 519 2172 544 est
2198 514 2287 554 prius
2310 515 2519 554 generatione

1440 568 1541 600 quam
1564 559 1694 595 animal,
1719 563 1751 589 et
1774 558 1894 589 animal
1909 567 2010 599 quam
2033 558 2148 589 homo.
2167 558 2244 589 Alio
2262 558 2376 595 modo,
2396 568 2435 590 ex
2453 559 2519 591 hoc

1440 604 1550 635 solum
1567 604 1644 644 quia
1659 602 1827 634 ordinatur
1838 602 1880 634 ad
1892 603 2022 634 alterius
2037 604 2297 643 generationem:
2315 604 2399 634 sicut
2413 609 2520 644 partes

1440 659 1479 680 ex
1502 649 1567 679 hoc
1591 648 1664 678 solo
1681 647 1834 678 dicuntur
1848 648 1973 688 priores
1995 653 2068 679 toto
2091 649 2312 689 generatione,
2332 649 2410 689 quia
2433 648 2520 679 ordi—

1439 699 1558 724 nantur
1581 692 1622 723 ad
1645 693 1891 733 generationem
1911 693 2024 724 totius.

1496 738 1624 768 Dicitur
1640 747 1718 778 ergo
1735 736 1827 777 quod
1843 746 1944 768 omne
1959 737 2049 778 prius
2061 738 2271 777 generatione
2286 738 2394 778 primo
2404 737 2519 775 modo,

1441 788 1489 813 est
1512 783 1610 813 etiam
1633 783 1724 823 prius
1745 787 1896 822 tempore
1919 783 2028 822 primo
2050 782 2164 813 modo.
2180 782 2272 814 Prius
2288 788 2398 813 autem
2421 792 2520 823 gene-

1440 828 1566 858 ratione
1581 826 1728 858 secundo
1744 826 1858 864 mod0,
1875 826 1993 858 sufficit
2011 827 2103 868 quod
2126 827 2166 858 sit
2188 828 2278 868 prius
2300 833 2451 869 tempore
2469 837 2521 858 se-

1441 871 1552 903 cundo
1575 871 1693 903 modo:
1717 872 1925 913 inquantum,
1941 872 1970 902 si
1990 872 2175 903 intellectus
2197 872 2382 904 consideret
2403 873 2458 904 illa
2473 873 2521 903 sic

1441 917 1589 948 ordinata
1612 927 1630 948 a
1653 922 1768 948 natura
1790 917 1972 948 successive
1995 916 2145 957 produci,
2166 916 2349 948 considerat
2370 917 2404 948 id
2428 917 2520 958 quod

1441 961 1610 993 ordinatur
1633 961 1673 992 ad
1697 962 1827 993 alterius
1850 961 2095 1003 generationem
2118 962 2152 992 in
2175 962 2277 1002 priori
2291 967 2442 1003 tempore
2464 972 2521 1003 ge-

1440 1007 1545 1038 nerari
1569 1012 1601 1038 et
1624 1007 1774 1048 produci.
1797 1007 1840 1038 Et
1862 1006 1906 1037 ita
1929 1011 2014 1038 esset
2035 1007 2070 1037 in
2088 1007 2223 1038 veritate
2239 1006 2340 1048 quod,
2364 1007 2391 1037 si
2405 1012 2521 1038 natura

1439 1052 1495 1083 illa
1517 1061 1665 1083 seorsum
1683 1051 1889 1093 produceret,
1904 1051 1987 1082 illud
2002 1052 2092 1092 prius
2107 1050 2304 1091 produceret
2325 1060 2424 1092 quam
2438 1051 2521 1083 illud

1441 1096 1482 1127 ad
1506 1097 1599 1127 cuius
1622 1097 1867 1137 generationem
1891 1096 2069 1127 ordinatur.
2096 1095 2186 1127 Dum
2210 1106 2287 1137 ergo
2310 1096 2419 1137 inquit
2441 1096 2521 1128 San—

1441 1147 1513 1172 ctus
1536 1141 1693 1178 Thomas,
1717 1142 1752 1172 in
1779 1142 1862 1172 locis
1885 1141 2040 1182 allegatis,
2070 1150 2171 1172 omne
2193 1142 2284 1182 prius
2310 1142 2522 1181 generatione

1441 1195 1511 1217 esse
1527 1187 1625 1217 etiam
1639 1187 1730 1227 prius
1745 1192 1906 1227 tempore,
1918 1186 2038 1227 accipit
2043 1186 2143 1227 prius
2152 1186 2370 1228 generatione
2382 1191 2414 1217 et
2422 1186 2522 1228 prius

1441 1236 1586 1271 tempore
1608 1231 1832 1262 universaliter
1850 1236 1883 1262 et
1905 1231 2101 1268 indistincte,
2130 1231 2207 1272 quia
2230 1240 2330 1262 omne
2353 1231 2443 1271 prius
2465 1240 2521 1272 ge—

1440 1276 1609 1307 neratione
1633 1276 1735 1308 altero
1750 1275 1884 1307 illorum
1898 1276 2088 1313 modorum,
2104 1282 2153 1307 est
2168 1276 2269 1307 altero
2293 1276 2426 1308 illorum
2448 1285 2523 1308 mo·

1441 1320 1560 1351 dorum
1583 1322 1674 1362 prius
1696 1326 1864 1362 tempore:
1891 1330 1962 1352 non
1984 1326 2095 1352 autem
2122 1321 2241 1362 accipit
2258 1321 2355 1362 prius
2377 1326 2523 1362 tempore

1440 1371 1568 1397 tantum
1590 1366 1699 1407 primo
1721 1365 1836 1397 modo.
1853 1365 1955 1405 Quod
1976 1371 2066 1406 patet
2088 1367 2166 1406 quia
2193 1365 2247 1396 dat
2269 1366 2459 1407 exemplum
2481 1365 2523 1398 de

1441 1411 1586 1451 partibus
1609 1421 1648 1442 ex
1671 1411 1791 1452 quibus
1807 1410 1931 1452 aliquid
1949 1411 2158 1442 constituitur
2172 1416 2323 1452 respectu
2345 1411 2457 1448 totius,
2472 1411 2523 1442 in—

1441 1456 1559 1497 quiens
1581 1456 1652 1487 illas
1675 1466 1745 1487 esse
1768 1456 1895 1497 priores
1917 1461 2064 1496 tempore
2086 1461 2118 1487 et
2138 1456 2373 1498 generatione:
2396 1461 2524 1487 constat

1441 1506 1551 1532 autem
1575 1500 1666 1542 quod
1687 1502 1759 1542 ipsa
1773 1500 1880 1532 forma
1894 1509 1963 1531 non
1978 1500 2172 1541 producitur
2185 1501 2220 1532 in
2244 1510 2314 1532 esse
2338 1506 2413 1532 ante
2431 1509 2524 1532 com-

1441 1546 1597 1587 positum,
1622 1556 1699 1577 cum
1721 1555 1791 1577 non
1814 1546 1876 1577 nisi
1898 1546 1934 1576 in
1960 1546 2148 1586 composito
2174 1544 2242 1583 fiat,
2266 1551 2303 1576 ut
2331 1546 2436 1586 possit
2457 1545 2524 1577 dici

1441 1601 1512 1622 esse
1537 1592 1573 1622 in
1603 1591 1704 1632 priori
1727 1596 1878 1632 tempore
1899 1590 1993 1628 reali;
2023 1590 2081 1621 sed
2111 1590 2229 1622 dicitur
2260 1591 2351 1631 prior
2373 1595 2524 1632 tempore

1441 1636 1528 1677 quia,
1553 1636 1579 1667 si
1595 1636 1812 1677 imaginemur
1833 1645 1982 1667 seorsum
1997 1635 2138 1676 produci
2156 1634 2297 1666 formam
2321 1641 2354 1666 et
2375 1643 2523 1667 seorsum

1442 1681 1676 1721 compositum,
1699 1681 1950 1721 imaginabirnur
1976 1681 2067 1720 prius
2095 1680 2236 1720 produci
2258 1679 2399 1711 formam
2421 1689 2523 1721 quam

1443 1726 1677 1766 compositum,
1708 1725 1785 1766 quia
1823 1725 2046 1766 compositum
2077 1725 2314 1766 praesupponit
2344 1730 2451 1766 partes
2482 1733 2523 1756 ex

1442 1771 1562 1811 quibus
1591 1771 1859 1811 componiturff-
1882 1770 2122 1810 Dispositiones
2148 1778 2227 1810 ergo
2260 1769 2302 1800 de
2331 1770 2451 1810 quibus
2472 1769 2523 1801 lo-

1442 1816 1585 1856 quimur,
1609 1824 1695 1855 quae
1717 1814 1858 1846 formam
1881 1815 2004 1846 scilicet
2035 1815 2299 1846 concomitantur
2320 1814 2355 1846 in
2377 1815 2522 1867 materia,

1441 1869 1510 1891 non
1540 1859 1618 1890 sun‘t
1649 1859 1775 1891 realiter
1806 1860 1932 1900 priores
1963 1864 2124 1900 tmpore,
2157 1859 2214 1890 sed
2248 1864 2377 1891 tantum
2408 1859 2524 1901 imagi·

1442 1905 1541 1935 narie.

1497 1947 1743 1979 Advertendum
1767 1953 1878 1978 autem
1902 1947 2004 1988 quod,
2027 1947 2104 1978 licet
2119 1947 2310 1988 simpliciter
2332 1947 2523 1980 foi-manen

1440 1991 1613 2034 praecedat
1636 1991 1868 2033 dispositiones
1889 1991 1960 2023 illas
1979 1998 2139 2033 tempore,
2162 2001 2240 2023 cum
2267 1992 2302 2023 in
2330 1991 2450 2024 eodm
2471 1992 2523 2024 'n-

1440 2037 1537 2068 stanti
1558 2038 1593 2068 in
1616 2037 1751 2068 materia
1772 2036 2033 2074 introducantur,
2050 2036 2168 2068 dicitur
2189 2042 2301 2068 tamen
2323 2036 2431 2069 forma
2452 2046 2525 2069 esse

1442 2083 1531 2123 prior
1553 2082 1587 2113 in
1611 2081 1749 2113 essendo
1776 2082 1854 2123 ipsis
1883 2081 2164 2123 dispositionibus,
2187 2082 2216 2113 si
2242 2081 2392 2114 absolute
2414 2082 2525 2114 eonsi-

1442 2126 1596 2158 derentur
1611 2127 1734 2163 omnia,
1750 2136 1819 2158 non
1835 2132 1947 2158 autem
1963 2136 1982 2158 e
2000 2127 2181 2158 contrario:
2199 2127 2277 2168 quia
2297 2136 2367 2158 non
2383 2126 2523 2159 dicimus

1442 2172 1495 2203 hic
1518 2181 1623 2203 unum
1647 2181 1718 2203 esse
1733 2172 1823 2212 prius
1846 2171 1948 2203 altero
1970 2172 2004 2203 in
2029 2171 2168 2203 essendo
2190 2172 2286 2212 quasi
2305 2181 2411 2204 unum
2433 2171 2526 2213 prius

1443 2213 1615 2248 duratione
1637 2217 1755 2247 habeat
1770 2226 1840 2248 esse
1856 2226 1956 2257 quam
1980 2216 2084 2254 aliud3
2108 2216 2166 2248 sed
2189 2217 2268 2257 quia
2289 2226 2396 2248 unum
2418 2217 2460 2248 ab
2474 2216 2522 2248 al-

1441 2266 1512 2292 tero
1536 2261 1664 2292 realiter
1679 2260 1863 2293 secundum
1878 2271 1976 2293 suum
1992 2271 2063 2293 esse
2078 2260 2253 2302 dependet,
2269 2267 2303 2292 et
2320 2262 2460 2294 alterum
2475 2266 2526 2293 est

1442 2306 1489 2337 illi
1512 2306 1639 2337 realiter
1662 2315 1760 2338 causa
1783 2306 1921 2338 essendi.
1952 2305 2068 2343 Modo,
2097 2305 2204 2338 forma
2228 2306 2349 2338 talibus
2371 2305 2523 2338 acciden-

1440 2351 1527 2382 tibus
1543 2357 1591 2382 est
1614 2351 1743 2382 realiter
1758 2361 1856 2382 causa
1871 2351 2015 2383 essendi:
2033 2350 2214 2383 accidentia
2228 2357 2339 2383 autem
2361 2361 2432 2383 non
2446 2355 2524 2383 nint

1442 2396 1569 2427 realiter
1592 2406 1689 2427 causa
1705 2396 1833 2428 essendi
1847 2397 1912 2438 ipsi
1926 2395 2063 2433 formae,
2079 2405 2157 2428 cum
2171 2402 2351 2438 sequantur
2369 2405 2440 2428 esse
2455 2394 2523 2428 for·

1442 2450 1516 2471 mae
1539 2441 1574 2471 in
1597 2442 1732 2472 materia
1754 2441 1915 2479 absolute,
1938 2441 1996 2473 sed
2010 2446 2140 2473 tantum
2166 2441 2350 2473 secundum
2371 2446 2523 2473 nostrum

1442 2485 1581 2516 modurn
1593 2485 1831 2523 considerandi,
1843 2487 2042 2527 inquantum
2053 2485 2194 2518 diversas
2208 2485 2426 2527 perfectiones
2441 2494 2524 2527 quat

1443 2530 1551 2561 anima
1574 2529 1629 2561 dat
1651 2531 1815 2567 materiae,
1840 2540 1925 2571 quae
1947 2537 2024 2562 sunt
2050 2531 2178 2563 realiter
2199 2540 2316 2568 unum,
2339 2529 2523 2563 secundum

1442 2580 1588 2606 nostram
1616 2575 1914 2607 considerationem
1943 2575 2130 2613 dividimus,
2153 2581 2187 2607 et
2212 2577 2297 2608 inter
2325 2577 2463 2618 primam
2489 2580 2525 2607 et

1443 2619 1622 2651 secundam
1652 2619 1890 2660 perfectionem
1920 2621 2132 2661 intelligimus
2159 2620 2340 2652 accidentia
2368 2619 2522 2652 mediare.

1442 2663 1538 2696 Unde
1561 2664 1688 2696 realiter
1710 2665 1787 2696 talia
1810 2665 1989 2696 accidentia
2012 2671 2088 2696 sunt
2111 2666 2293 2706 posteriora
2322 2666 2394 2707 ipsa
2415 2664 2523 2697 foma

1441 2709 1475 2740 in
1500 2709 1653 2740 essendo:
1678 2709 1878 2750 praecedunt
1893 2716 2004 2741 autem
2019 2710 2109 2741 illam
2125 2711 2161 2741 in
2177 2709 2316 2742 essendo
2339 2709 2524 2742 secundum

1443 2753 1587 2794 aliquem
1610 2753 1750 2786 modum
1772 2760 1903 2786 nostrae
1925 2754 2205 2786 considerationis.

1146 2831 1686 2875 Μιμ-

550 2990 1037 3048 CAPITULUM
1075 2991 1796 3048 SEPTUAGESIMUM
1833 2990 2284 3048 SECUNDUM

396 3119 571 3172 QUOD
607 3119 806 3160 ANIMA
842 3119 936 3161 slr
970 3119 1141 3160 TOTA
1175 3121 1235 3160 IN
1271 3120 1440 3162 TOTo
1476 3120 1556 3161 ET
1589 3120 1760 3161 TOTA
1794 3119 1856 3160 IN
1891 3118 2205 3172 QUALIBET
2238 3118 2444 3160 PARTE

464 3265 468 3268 -
524 3256 570 3282 aa
590 3244 729 3281 eadem
749 3252 881 3281 autern
896 3243 1048 3281 ostendi
1067 3251 1194 3293 potest
1212 3243 1386 3282 animam

536 3305 658 3335 totam
687 3297 727 3334 in
755 3305 836 3335 toto
873 3309 1037 3348 corpore
1071 3309 1165 3343 esse,
1200 3305 1237 3334 et
1263 3305 1386 3335 totam

538 3351 577 3389 in
607 3350 766 3400 singulis
794 3350 979 3401 partibus.

593 3404 758 3454 Oportet
795 3404 902 3442 enim
934 3403 1141 3454 proprium
1178 3412 1309 3442 actum
1347 3403 1387 3441 in

1441 3253 1538 3290 tum,
1559 3244 1779 3282 secundum
1795 3256 1909 3282 suam
1929 3243 2148 3290 essentiam,
2165 3242 2383 3281 secundum
2398 3253 2521 3292 quam

1442 3306 1498 3335 est
1526 3298 1652 3336 forma
1680 3297 1866 3358 corporis.

1497 3351 1561 3390 Sic
1580 3359 1712 3389 autem
1727 3351 1859 3389 anima
1873 3358 1929 3388 est
1948 3350 2075 3388 forma
2088 3348 2205 3388 totius
2220 3347 2395 3398 corporis
2410 3347 2520 3398 quod

1443 3404 1559 3443 etiam
1588 3413 1644 3442 est
1680 3404 1806 3442 forma
1834 3403 2088 3463 singularium
2119 3400 2302 3453 partium.
2338 3401 2380 3440 Si
2413 3401 2520 3440 enim

314 3438 472 3519 proprio
501 3458 724 3507 perfectibili
752 3470 848 3496 esse.
873 3457 1017 3496 Anima
1036 3465 1168 3495 autem
1197 3466 1252 3495 est
1280 3465 1387 3495 actus
1411 3474 1419 3494 ς
1443 3466 1541 3496 esset
1559 3458 1686 3496 forma
1700 3457 1817 3496 totius
1832 3465 1870 3496 et
1887 3469 1969 3495 non
1982 3455 2164 3517 partium,
2180 3467 2261 3493 non
2277 3463 2375 3493 esset
2393 3455 2520 3493 forma

76 3518 121 3539 ·n
145 3518 174 3539 de
194 3518 285 3543 Anima
315 3513 482 3559 corporis
502 3514 678 3562 organici
690 3511 720 3558 ²¹⁸,
741 3524 822 3549 non
842 3511 958 3549 unius
978 3510 1111 3560 organi
1131 3519 1293 3548 tantum.
1320 3512 1388 3548 Est
1443 3511 1702 3549 substantialis
1737 3511 1821 3549 talis
1855 3509 2046 3560 corporis:
2084 3508 2181 3546 sicut
2209 3508 2334 3546 forma
2362 3509 2520 3554 domus,

76 3551 144 3599 {uss'ra
148 3545 234 3599 ”ces-'sis
220 3577 249 3592 u
235 3545 286 3592 xis
316 3561 427 3610 igitur
455 3563 492 3600 in
522 3573 603 3602 toto
633 3577 808 3615 corpore,
829 3573 865 3602 et
893 3577 974 3602 non
1003 3564 1042 3602 in
1070 3576 1151 3602 una
1169 3572 1277 3614 parte
1306 3572 1387 3602 tan·
1443 3577 1544 3615 quae
1561 3572 1617 3603 est
1630 3565 1756 3602 forma
1770 3563 1887 3602 totius
1906 3571 1942 3601 et
1957 3574 2038 3600 non
2062 3562 2316 3611 singularium
2336 3561 2517 3613 partium,

371 3687 385 3710 b
405 3694 422 3717 4
442 3687 619 3721 singularium]
640 3688 802 3721 singularum
821 3688 939 3718 DEde;
959 3689 1021 3714 item
1042 3697 1057 3721 7
1078 3687 1165 3714 DEPd
1184 3690 1210 3713 et
1227 3688 1279 3721 457
1291 3696 1305 3713 a
1317 3696 1331 3721 7
1353 3688 1425 3715 Epa.
