2742 4152
41 3414 49 3422 '
66 3412 123 3439 Cap.
135 3418 186 3434 xm.

278 276 331 312 44
822 257 1012 295 SUMMA
1041 256 1265 293 CONTRA
1293 254 1573 302 GENTILES,
1602 255 1714 293 CAP.
1736 256 1819 304 XV,
1840 256 1939 293 XVI.

277 341 492 373 necessarium
513 349 570 380 per
592 348 626 369 se
649 343 704 369 aut
728 338 804 378 quia
827 347 846 367 a
868 335 957 367 nulla
981 335 1157 366 extrinseca
1177 343 1273 365 causa
1291 343 1348 364 ne-

278 387 456 418 cessitatem
480 385 591 419 habet余
615 388 671 413 aut
693 382 770 423 quia
793 391 832 412 ex
855 380 985 421 propria
1008 379 1123 415 forma,
1145 384 1177 409 et
1199 388 1268 409 non
1291 388 1349 419 per

277 431 372 461 aliam
395 428 534 459 formam
557 432 604 458 est
626 426 853 458 necessarium.

332 473 431 512 Quod
443 482 519 513 ergo
535 472 588 502 hic
601 471 726 508 dicitur,
739 469 984 510 intelligendum
997 473 1044 498 est
1060 467 1100 498 de
1115 477 1173 508 per
1188 477 1222 498 se
1238 476 1349 498 neces-

276 519 358 549 sario
374 518 479 558 primo
492 516 604 553 modo,
617 522 654 547 ut
670 526 709 547 ex
723 515 855 546 rationis
871 523 1025 554 processu
1039 517 1141 553 patet:
1155 521 1224 542 non
1240 516 1349 543 autem

275 561 419 594 secundo
442 560 554 593 modo.
579 560 662 592 Illud
686 561 773 591 enim
792 569 850 601 per
872 568 906 589 se
924 557 1142 588 necessarium
1161 565 1230 587 non
1253 556 1350 587 habet

275 616 406 638 causam
420 607 470 637 sui
486 615 569 637 esse:
594 606 681 646 quia,
698 614 774 636 cuin
796 603 968 643 necessitas
991 601 1118 632 essendi
1140 601 1181 632 sit
1204 600 1349 632 conditio

274 652 498 683 concomitans
522 660 601 687 esse,
625 651 652 681 si
673 650 805 680 haberet
828 657 897 679 esse
920 647 959 677 ab
983 646 1058 683 alio,
1075 651 1107 676 et
1125 646 1350 676 necessitatem

275 705 410 737 quoque
433 696 564 726 haberet
587 695 626 726 ab
650 695 728 731 alio余
753 699 785 724 et
807 694 852 723 sic
875 701 944 723 non
960 696 1043 722 esset
1064 700 1122 731 per
1145 699 1179 721 se
1203 699 1349 721 necessa-

273 742 369 778 rium,
386 746 422 771 ut
437 749 526 771 nunc
542 739 582 770 de
597 749 655 780 per
670 748 704 769 se
720 737 900 770 necessario
916 736 1093 776 loquimur.
1116 734 1224 766 Omne
1240 740 1350 766 autem

273 785 366 826 quod
381 795 449 816 non
465 785 561 816 habet
577 793 707 815 causam
722 783 772 814 sui
788 792 867 818 esse,
885 787 933 812 est
947 781 1055 821 ipsum
1071 789 1141 810 esse
1157 780 1348 810 subsistens:

273 831 361 871 quia,
386 830 412 861 si
435 839 504 860 esse
528 829 567 860 ab
591 830 660 860 eius
691 828 827 858 essentia
854 826 1112 866 distingueretur,
1137 834 1205 855 non
1230 834 1350 855 conve-

273 875 357 906 niret
372 874 418 905 illi
438 884 476 905 ex
491 884 536 910 se,
553 883 629 904 cum
652 873 740 903 nulla
764 881 813 903 res
837 872 876 901 sit
900 879 995 901 causa
1019 869 1069 900 sui
1093 878 1162 900 esse
1186 868 1348 905 effective余

273 925 307 950 et
329 920 375 950 sic
398 923 562 960 oporteret
583 923 620 949 ut
643 918 682 948 ab
706 917 770 947 alio
795 925 863 947 esse
886 915 1055 955 acciperet.
1080 913 1128 944 Ex
1150 914 1216 944 hoc
1239 919 1349 944 autern

274 965 420 1005 sequitur
435 962 526 1004 quod
541 963 580 993 sit
595 968 777 993 aeternum:
799 970 839 991 eo
857 959 947 1001 quod
962 960 1071 999 ipsum
1088 967 1157 989 esse
1173 958 1349 989 subsistens

272 1018 408 1039 omnem
425 1007 550 1039 essendi
565 1006 799 1047 perfectionem
812 1004 939 1036 claudat
955 1009 987 1035 et
998 1002 1136 1034 deficere
1152 1012 1220 1034 non
1236 1003 1348 1044 possit.

331 1053 360 1084 3.
386 1053 525 1084 Ulterius
549 1057 596 1082 est
619 1050 787 1082 sciendum
810 1059 870 1090 pro
899 1049 953 1079 illa
979 1048 1216 1089 propositione,
1241 1048 1349 1079 Possi-

271 1098 336 1128 bile
351 1097 532 1138 aequaliter
548 1106 583 1127 se
597 1096 692 1127 habet
706 1095 750 1126 ad
770 1104 838 1126 esse
858 1099 889 1124 et
908 1103 974 1124 non
997 1102 1075 1129 esse,
1092 1091 1184 1133 quod
1193 1092 1350 1133 possibile

272 1143 326 1173 hic
349 1142 504 1182 accipitur
526 1140 713 1182 simpliciter
736 1145 767 1171 et
790 1138 947 1170 absolute.
980 1137 1068 1169 Cum
1092 1137 1180 1168 enim
1212 1137 1350 1168 essentia

272 1187 319 1217 rei
341 1186 501 1227 possibilis
525 1186 564 1216 ab
588 1185 704 1216 actuali
726 1184 892 1215 existentia
910 1183 1037 1214 realiter
1052 1181 1281 1223 distinguatur余
1307 1187 1348 1218 et,

273 1231 412 1262 solitarie
436 1230 645 1267 considerata,
670 1239 708 1260 ex
732 1239 766 1260 se
790 1238 859 1260 esse
882 1237 952 1259 non
974 1227 1104 1258 habeat:
1129 1227 1277 1258 absolute
1300 1226 1349 1257 lo-

273 1275 416 1316 quendo,
440 1285 508 1306 non
533 1275 634 1315 magis
657 1274 829 1305 inclinatur
853 1272 893 1304 ad
917 1282 986 1304 esse
1007 1281 1107 1313 quam
1127 1271 1168 1303 ad
1183 1281 1252 1303 non
1269 1281 1348 1308 esse,

272 1321 355 1351 sicut
377 1330 445 1351 non
468 1320 569 1361 magis
591 1319 764 1350 inclinatur
787 1317 827 1349 ad
850 1318 915 1349 hoc
939 1317 1030 1358 quod
1053 1326 1151 1358 agens
1174 1316 1255 1347 illud
1273 1325 1350 1357 pro-

270 1365 369 1396 ducat
392 1374 491 1406 quam
514 1363 606 1406 quod
627 1374 697 1395 non
719 1362 889 1405 producat,
913 1361 970 1393 sed
992 1362 1057 1393 hoc
1081 1371 1119 1393 ex
1142 1361 1266 1402 agentis
1286 1360 1349 1392 dis-

272 1410 435 1450 positione
458 1410 638 1450 proveniat.
654 1427 678 1431 -
697 1407 799 1447 Quod
814 1409 841 1439 si
856 1407 896 1439 de
912 1407 1058 1448 possibili
1082 1407 1291 1447 loqueremur
1314 1411 1351 1437 ut

271 1455 337 1485 iam
359 1455 492 1485 materia
512 1453 667 1495 disposita
683 1459 730 1484 est
745 1463 803 1494 per
818 1462 916 1494 agens
932 1451 973 1483 ad
988 1451 1113 1482 formae
1135 1450 1350 1482 introductio-

271 1508 358 1535 nem,
371 1504 451 1530 tunc
462 1508 531 1530 non
543 1498 719 1539 aequaliter
730 1507 765 1528 se
780 1498 912 1529 haberet
926 1496 1080 1538 possibile
1096 1495 1138 1527 ad
1153 1505 1223 1527 esse
1238 1501 1270 1527 et
1281 1505 1351 1527 non

271 1553 352 1580 esse,
369 1543 425 1575 sed
440 1544 542 1584 magis
558 1542 598 1574 ad
614 1552 683 1574 esse
698 1542 906 1573 inclinaretur
923 1550 1022 1582 quam
1038 1540 1079 1571 ad
1094 1550 1163 1572 non
1180 1549 1259 1571 esse.

329 1587 393 1619 Sed
412 1588 552 1619 occurrit
571 1587 718 1619 dubium.
742 1587 827 1618 Nam
846 1585 1028 1618 secundum
1043 1584 1225 1616 doctrinam
1242 1585 1351 1616 Sancti

273 1632 434 1669 Thomae,
457 1638 572 1664 natura
594 1633 640 1663 rei
663 1632 825 1673 possibilis
841 1641 880 1663 ex
897 1640 931 1662 se
947 1631 1045 1661 habet
1059 1639 1129 1661 non
1154 1639 1238 1660 esse:
1263 1630 1350 1670 quia,

273 1678 300 1707 si
323 1678 383 1708 sibi
406 1676 616 1718 relinquatur,
641 1682 688 1708 est
710 1686 780 1708 non
799 1685 867 1712 ens,
892 1685 962 1707 esse
984 1684 1062 1706 vero
1093 1674 1190 1705 habet
1213 1674 1252 1705 ab
1276 1674 1351 1704 alio.

274 1722 360 1762 Ergo
384 1731 453 1753 non
477 1722 652 1763 aequaliter
681 1731 715 1752 se
745 1721 843 1752 habet
872 1720 1026 1761 possibile
1055 1718 1095 1750 ad
1127 1728 1196 1750 esse
1224 1724 1256 1750 et
1283 1728 1351 1749 non

274 1776 357 1797 esse:
375 1767 477 1807 magis
493 1767 582 1798 enim
597 1765 770 1797 inclinatur
785 1764 1050 1806 unumquodque
1065 1763 1106 1795 ad
1121 1763 1154 1795 id
1166 1763 1258 1804 quod
1274 1773 1354 1794 con-

273 1812 362 1842 venit
384 1812 443 1842 sibi
467 1821 505 1842 ex
530 1821 574 1848 se,
598 1820 698 1851 quam
720 1810 761 1841 ad
783 1809 816 1841 id
840 1809 931 1851 quod
955 1809 1108 1840 convenit
1131 1808 1191 1839 sibi
1214 1818 1253 1839 ex
1276 1807 1351 1839 alio.

329 1855 556 1897 Respondetur
579 1855 671 1896 quod
694 1860 848 1886 naturam
872 1855 921 1886 rei
938 1853 1105 1895 possibilis
1121 1863 1163 1884 ex
1181 1862 1216 1883 se
1235 1853 1354 1884 habere

273 1910 341 1931 non
362 1910 430 1932 esse
450 1900 621 1942 dupliciter
635 1905 743 1941 potest
758 1899 902 1940 intelligi.
928 1899 1004 1930 Uno
1020 1897 1132 1934 modo,
1149 1897 1351 1928 affirmative:

273 1945 366 1982 idest,
391 1946 467 1986 quia
490 1946 550 1976 sibi
575 1954 613 1976 ex
636 1949 749 1975 natura
772 1954 830 1975 sua
853 1943 1046 1975 determinat
1068 1952 1137 1974 non
1165 1951 1245 1978 esse,
1269 1943 1353 1973 sicut

273 1991 356 2031 ignis
372 2000 411 2021 ex
426 1990 476 2021 sui
491 1995 605 2021 natura
620 1988 813 2020 determinat
835 1989 894 2019 sibi
919 1987 1123 2019 caliditatem.
1145 1986 1221 2017 Alio
1237 1985 1351 2022 modo,

272 2036 434 2076 negative:
459 2035 536 2075 quia
559 2033 708 2064 videlicet
731 2043 769 2064 ex
792 2038 906 2064 natura
922 2042 980 2063 sua
1000 2032 1061 2062 sibi
1076 2040 1145 2062 non
1161 2030 1353 2062 determinat

274 2090 359 2116 esse余
383 2080 466 2110 sicut
489 2078 626 2110 dicimus
650 2077 830 2109 universale
853 2087 922 2108 esse
945 2077 1079 2117 ubique,
1104 2076 1182 2116 quia
1203 2085 1273 2106 non
1296 2075 1352 2107 de-

273 2125 421 2156 terminat
444 2124 504 2155 sibi
528 2124 670 2164 aliquem
694 2123 815 2154 locum.
851 2122 884 2154 Si
907 2121 1084 2162 accipiatur
1106 2121 1214 2162 primo
1238 2119 1351 2157 modo,

1403 334 1450 364 sic
1472 343 1587 365 verum
1611 339 1659 364 est
1682 334 1774 375 quod
1795 333 2059 375 unumquodque
2082 334 2186 374 magis
2207 333 2379 365 inclinatur
2399 334 2432 364 in
2447 332 2481 364 id

1404 377 1496 418 quod
1519 379 1673 409 convenit
1695 379 1756 410 sibi
1778 388 1817 410 ex
1840 387 1879 410 se
1898 389 1998 420 quam
2021 380 2055 409 in
2078 377 2112 409 id
2135 377 2227 419 quod
2250 379 2404 409 convenit
2421 378 2482 408 sibi

1404 432 1443 453 ex
1466 422 1529 453 alio
1554 428 1691 454 tantum.
1715 422 1780 454 Sed
1802 428 1881 455 tunc
1904 423 2021 455 falsum
2038 428 2086 454 est
2101 422 2193 463 quod
2215 428 2329 453 natura
2343 423 2390 453 rei
2404 431 2482 463 pos-

1403 467 1502 497 sibilis
1526 476 1565 498 ex
1587 476 1622 497 se
1645 467 1761 498 habeat
1789 477 1859 499 non
1889 478 1969 505 esse,
1993 467 2175 499 secundum
2204 473 2350 498 mentem
2373 466 2482 498 Sancti

1403 511 1564 542 Thomae.
1587 529 1611 534 -
1633 511 1668 542 Si
1690 521 1768 542 vero
1791 513 1966 554 accipiatur
1988 511 2134 543 secundo
2162 511 2275 548 modo,
2299 512 2346 542 sic
2367 520 2482 542 verum

1404 561 1452 587 est
1474 562 1623 587 naturam
1645 556 1691 587 rei
1714 556 1876 597 possibilis
1899 567 1938 588 ex
1961 567 1995 588 se
2018 557 2136 588 habere
2163 566 2232 588 non
2261 565 2340 588 esse.
2372 556 2413 587 Et
2435 556 2482 587 sic

1403 600 1553 641 intelligit
1576 600 1713 631 Sanctus
1731 600 1887 632 Thomas.
1911 601 1976 633 Sed
1990 607 2069 633 tunc
2084 607 2221 643 negatur
2236 601 2480 641 consequentia.

1403 645 1446 676 Et
1468 644 1508 676 ad
1532 645 1601 676 eius
1624 645 1864 685 probationem,
1887 651 2023 687 negatur
2046 651 2259 687 assumptum.
2292 645 2380 684 Quia
2403 652 2480 686 ergo

1403 699 1454 720 res
1477 689 1648 730 possibilis,
1665 689 1861 730 inquantum
1880 690 2079 728 huiusmodi,
2096 701 2135 722 ex
2153 701 2188 722 se
2203 700 2272 722 non
2287 690 2384 721 habet
2400 699 2480 726 esse,

1403 744 1465 765 nec
1488 740 1598 765 tamen
1621 734 1682 764 sibi
1703 739 1863 775 repugnat
1884 735 2032 775 accipere
2054 745 2134 772 esse,
2157 735 2233 767 ideo
2257 735 2432 776 aequaliter
2447 744 2482 765 se

1403 779 1500 810 habet
1523 779 1564 810 ad
1587 788 1656 809 esse
1679 783 1711 809 et
1733 788 1803 810 non
1827 787 1912 810 esse:
1937 779 2030 816 idest,
2053 781 2098 811 ita
2126 785 2235 821 potest
2264 780 2382 811 habere
2412 788 2482 810 non

1405 834 1474 855 esse
1497 825 1580 855 sicut
1604 833 1683 860 esse,
1708 828 1740 854 et
1763 833 1781 854 e
1805 829 1927 854 contra.

1460 869 1555 900 Hanc
1578 869 1738 899 rationem
1761 868 1925 899 Aureolus
1948 867 2036 909 apud
2050 868 2266 910 philosophos
2281 867 2482 900 inefficacem

1403 919 1506 954 putat,
1530 913 1698 944 arbitratus
1722 922 1779 944 eos
1802 922 1870 944 non
1894 922 2108 944 concessuros
2124 923 2194 945 esse
2214 912 2348 954 aliquod
2369 922 2482 944 neces-

1403 959 1524 989 sarium
1540 957 1631 998 quod
1652 967 1783 988 causam
1798 957 1915 988 habeat
1933 957 2171 998 productivam.
2196 957 2260 988 Sed
2282 957 2322 989 de
2345 958 2409 989 hoc
2433 958 2482 988 in-

1404 1002 1502 1034 ferius
1526 1002 1673 1043 specialis
1696 1002 1864 1043 inquisitio
1889 1003 1949 1033 erit
1963 1003 1991 1033 澗.

1459 1047 1514 1078 Vl.
1534 1047 1669 1084 Quinto,
1681 1047 1807 1078 ratione
1818 1047 1999 1078 Aristotelis
2015 1047 2158 1088 arguitur
2169 1046 2242 1077 Vlll
2254 1046 2480 1087 Physicorum.

1404 1092 1552 1133 Tempus
1568 1097 1616 1123 est
1631 1097 1809 1122 aeternum.
1824 1091 1913 1132 Ergo
1929 1097 2039 1123 motus
2054 1097 2216 1123 aeternus.
2240 1090 2328 1131 Ergo
2346 1099 2483 1122 movens

1405 1143 1583 1169 aeternum.
1599 1135 1664 1168 Sed
1678 1137 1783 1177 prima
1798 1137 1975 1168 substantia
1989 1146 2126 1168 movens
2141 1141 2190 1167 est
2205 1136 2304 1167 Deus.
2321 1136 2408 1176 Ergo
2419 1141 2481 1167 etc.

1460 1181 1561 1221 Quod
1584 1181 1611 1212 si
1640 1186 1776 1222 negetur
1807 1180 2012 1218 antecedens,
2037 1182 2135 1213 etiam
2165 1190 2204 1212 ex
2231 1181 2301 1212 eius
2328 1181 2483 1221 opposito

1403 1227 1550 1268 sequitur
1572 1226 1746 1257 intentum.
1770 1225 1804 1257 Si
1826 1235 1970 1267 namque
1993 1231 2104 1257 motus
2128 1230 2160 1257 et
2181 1231 2312 1266 tempus
2327 1225 2482 1267 incoepit,

1405 1281 1482 1313 ergo
1506 1272 1546 1302 ab
1570 1271 1682 1312 aliquo
1705 1276 1859 1302 movente
1883 1271 2038 1312 incoepit.
2063 1269 2128 1302 Sed
2149 1279 2218 1302 non
2242 1275 2291 1302 est
2312 1279 2484 1311 processus

1403 1317 1438 1347 in
1453 1315 1628 1348 infinitum.
1644 1315 1732 1356 Ergo
1749 1315 1918 1347 devenitur
1933 1315 1975 1347 ad
1989 1315 2125 1357 aliquod
2137 1314 2229 1357 quod
2243 1323 2313 1346 non
2327 1315 2482 1356 incoepit.

1404 1361 1446 1392 Et
1468 1370 1526 1402 per
1549 1370 1767 1401 consequenS,
1791 1366 1969 1392 aeternum.

1461 1406 1562 1437 Favet
1584 1410 1752 1447 postremo
1780 1405 1858 1437 huic
1880 1405 2005 1436 veritati
2025 1404 2209 1446 Scripturae
2232 1403 2347 1436 Sacrae
2370 1409 2484 1436 aucto

1403 1451 1489 1482 ritas.
1514 1450 1640 1481 Dicitur
1662 1451 1752 1481 enim
1774 1450 1809 1481 in
1832 1450 1962 1482 Psalmo
1986 1460 2036 1480 cl:
2064 1450 2112 1481 7侶
2136 1454 2255 1485 autem,
2276 1449 2429 1485 Domine,
2449 1449 2483 1480 in

1404 1500 1574 1526 aeternum
1588 1504 1775 1536 permanes.
1797 1494 1892 1526 Item:
1913 1495 1962 1526 Tu
1979 1499 2087 1526 autem
2105 1494 2189 1525 idem
2205 1494 2273 1535 ipse
2295 1504 2339 1530 es,
2357 1499 2389 1526 et
2403 1494 2485 1526 anni

1406 1540 1454 1571 tui
1477 1549 1543 1570 non
1567 1539 1726 1581 deficient.

1460 1584 1530 1615 VII.
1546 1584 1600 1615 Ad
1615 1583 1810 1615 evidentiam
1830 1593 1946 1615 eorum
1970 1593 2054 1624 quae
2077 1583 2130 1615 hic
2153 1582 2316 1620 dicuntur,
2335 1581 2484 1615 conside-

1404 1629 1544 1660 randum
1560 1634 1608 1660 est
1624 1628 1726 1669 quod,
1741 1628 1817 1660 licet
1832 1628 1959 1660 duratio
1971 1627 2117 1660 videatur
2132 1627 2365 1660 distensionem
2381 1637 2484 1669 quan-

1405 1673 1491 1710 dam,
1519 1674 1771 1710 successionem,
1798 1674 1955 1714 priusque
1982 1678 2015 1704 et
2041 1673 2202 1714 posterius
2228 1673 2357 1710 habere,
2385 1677 2484 1714 atque

1406 1719 1503 1750 etiam
1527 1718 1653 1749 realiter
1674 1727 1862 1749 mensurare
1885 1727 1934 1749 res
1959 1726 2044 1758 quae
2073 1718 2135 1749 sub
2158 1717 2329 1749 duratione
2353 1717 2484 1754 cadunt,

1407 1773 1447 1795 eo
1471 1762 1563 1804 quod
1586 1763 1666 1794 haec
1689 1763 1723 1794 in
1747 1762 1918 1794 duratione
1941 1763 2044 1803 magis
2070 1768 2149 1794 nota
2175 1762 2282 1799 nobis,
2305 1762 2427 1794 scilicet
2449 1762 2484 1794 in

1406 1813 1554 1849 tempore
1570 1807 1786 1848 reperiantur余
1802 1812 1912 1838 tamen
1928 1807 2139 1838 inveniuntur
2154 1807 2280 1847 aliquae
2297 1806 2484 1839 durationes

1407 1862 1491 1893 quae
1522 1853 1745 1884 extensionem
1775 1852 2083 1892 successionemque
2109 1861 2179 1883 non
2206 1851 2336 1888 habent,
2363 1850 2422 1883 sed
2449 1851 2484 1884 in

1405 1896 1591 1928 indivisibili
1622 1897 1814 1933 consistunt,
1844 1896 1928 1928 sicut
1954 1897 2124 1927 aeternitas
2154 1901 2186 1927 et
2208 1905 2341 1933 aevum余
2369 1905 2485 1937 quem-

1406 1941 1586 1972 admodum
1611 1946 1644 1972 et
1666 1950 1704 1972 ea
1727 1950 1812 1981 quae
1835 1941 1895 1972 sub
1918 1941 1997 1981 ipsis
2020 1940 2147 1977 durant,
2170 1939 2376 1972 indivisibilia
2398 1945 2484 1972 sunt.

1406 1986 1588 2017 Aeternitas
1603 1985 1701 2016 etiam
1715 1994 1785 2016 non
1801 1985 1926 2016 realiter
1941 1984 2090 2016 divinum
2111 1994 2181 2017 esse
2200 1990 2376 2022 mensurat,
2392 1986 2486 2026 quasi

1406 2030 1555 2062 videlicet
1573 2031 1614 2061 sit
1629 2029 1753 2071 aliquid
1775 2039 1794 2061 a
1817 2030 1890 2061 Deo
1913 2030 2040 2061 realiter
2062 2029 2262 2067 distinctum,
2277 2029 2351 2071 ipso
2374 2030 2486 2062 notius

1407 2080 1439 2106 et
1457 2075 1673 2106 manifestius:
1693 2074 1751 2106 sed
1767 2080 1815 2106 est
1833 2084 1986 2106 mensura
2000 2080 2128 2106 tantum
2143 2073 2325 2106 secundum
2346 2073 2486 2107 modum

1405 2125 1555 2151 nostrum
1577 2118 1788 2160 intelligendi,
1813 2124 1850 2150 ut
1872 2119 2022 2160 superius
2037 2120 2054 2137 '
2077 2125 2126 2151 est
2147 2125 2326 2151 ostensum.

1353 2207 1433 2251 ,m

731 2331 1221 2388 CAPITULUM
1257 2331 1641 2387 DECIMUM
1679 2330 2031 2387 SEXTUM

602 2443 793 2497 QUOD
838 2443 906 2485 IN
949 2443 1088 2484 DEo
1131 2442 1273 2484 NON
1313 2442 1439 2484 EST
1483 2442 1827 2484 POTENTIA
1865 2441 2155 2484 PASSIVA

294 2581 338 2605 ,-
358 2570 480 2602 亮旅畤-旅旅
509 2565 640 2595 autem
668 2557 776 2595 Deus
804 2565 983 2594 aeternus
1012 2563 1079 2604 est,
1112 2568 1270 2594 necesse
1298 2564 1355 2594 est

280 2608 344 2664 sta
357 2595 462 2666 続325?
484 2610 615 2661 ipsum
643 2622 724 2648 non
753 2622 837 2648 esse
866 2610 905 2648 in
934 2610 1118 2660 potentia.

280 2666 397 2742 僚損

539 2665 670 2702 Omne
705 2664 811 2702 enim
847 2663 886 2701 id
921 2664 961 2702 in
996 2663 1108 2701 cuius
1143 2662 1354 2701 substantia

342 2716 391 2743 ''2
421 2716 455 2750 束畚
485 2717 720 2756 admiscetur
743 2717 926 2768 potentia,
947 2717 1166 2755 secundum
1186 2716 1224 2754 id
1244 2716 1354 2767 quod

275 2832 400 2875 potest
420 2837 514 2872 esse,
535 2833 662 2876 potest
686 2837 767 2863 non
792 2837 886 2862 esse.
917 2825 1026 2863 Deus
1054 2831 1187 2862 autem
1215 2835 1352 2861 secun-

275 2879 373 2916 dum
401 2891 441 2916 se
470 2891 551 2917 non
575 2886 701 2929 potest
728 2891 809 2917 non
833 2891 932 2917 esse:
962 2890 1056 2916 cum
1078 2877 1126 2915 sit
1153 2876 1350 2927 sempiter-

276 2945 361 2970 nus
391 2934 433 2970 In
461 2933 546 2970 Deo
575 2932 688 2981 igitur
715 2945 797 2970 non
825 2939 882 2969 est
909 2931 1082 2982 potentia
1110 2930 1160 2968 ad
1189 2943 1285 2968 esse.

330 2986 482 3024 Adhuc.
517 2986 710 3035 Quamvis
743 2986 782 3023 id
816 2985 924 3036 quod
959 2984 1200 3036 quandoque
1229 2991 1285 3021 est
1313 2983 1352 3021 in

1462 2556 1570 2594 Item.
1599 2555 1697 2593 Illud
1716 2555 1826 2605 quod
1849 2562 1906 2592 est
1932 2567 2003 2605 per
2021 2566 2062 2592 se
2082 2566 2239 2592 necesse
2261 2565 2357 2601 esse,
2377 2553 2485 2592 nullo

1409 2609 1532 2647 modo
1572 2616 1629 2646 est
1669 2608 1853 2659 possibile
1894 2620 1996 2646 esse:
2037 2607 2130 2658 quia
2168 2608 2277 2658 quod
2319 2615 2376 2646 est
2416 2619 2487 2658 per

1409 2674 1451 2700 se
1479 2674 1636 2700 necesse
1668 2674 1764 2710 esse,
1798 2673 1879 2700 non
1912 2661 2030 2699 habet
2056 2673 2236 2708 causam,
2269 2673 2390 2699 omne
2417 2672 2486 2699 au-

1408 2723 1488 2754 tem
1530 2715 1639 2766 quod
1685 2723 1742 2753 est
1786 2714 1970 2766 possibile
2011 2727 2116 2763 esse,
2155 2714 2272 2752 habet
2313 2725 2484 2762 causam,

276 2772 391 2809 habet
425 2772 472 2808 de
505 2771 676 2822 potentia
709 2779 835 2822 potest
868 2783 949 2809 non
982 2783 1083 2809 esse:
1118 2770 1212 2820 quia
1244 2770 1353 2820 quod
1409 2777 1453 2807 ut
1480 2781 1599 2820 supra
1616 2769 1638 2791 *
1666 2776 1868 2807 ostensum
1901 2776 1966 2806 est.
2003 2769 2135 2807 Deum
2168 2775 2301 2807 autem
2333 2776 2390 2806 est
2416 2780 2487 2819 per

1409 2836 1450 2861 se
1479 2835 1636 2861 necesse
1664 2834 1760 2861 esse.
1790 2823 1911 2860 Nullo
1939 2821 2053 2871 igitur
2075 2821 2198 2860 modo
2223 2830 2281 2860 est
2302 2820 2485 2872 possibile

1409 2889 1504 2915 esse.
1535 2875 1644 2914 Nihil
1673 2887 1764 2925 ergo
1793 2875 1988 2927 potentiae
2016 2875 2057 2913 in
2085 2887 2157 2914 sua
2189 2874 2402 2914 substantia
2428 2874 2485 2914 in

1408 2938 1574 2968 venitur.

1463 2985 1569 3021 Item.
1600 2982 1925 3034 Unumquodque
1953 2982 2029 3032 agit
2055 2981 2275 3020 secundum
2299 2982 2408 3032 quod
2430 2989 2487 3020 est

276 3039 447 3088 potentia
479 3040 719 3090 quandoque
753 3046 852 3086 actu,
882 3038 991 3089 prius
1025 3037 1072 3076 sit
1106 3045 1284 3087 tempore
1313 3037 1352 3074 in
1369 3056 1394 3071 旅凌
1409 3045 1508 3075 actu.
1540 3037 1661 3085 Quod
1690 3036 1804 3086 igitur
1830 3047 1912 3074 non
1941 3043 1997 3074 est
2024 3042 2127 3073 totus
2155 3043 2276 3083 actus,
2297 3047 2379 3074 non
2404 3041 2485 3074 toto

277 3092 447 3142 potentia
479 3106 600 3143 quam
628 3093 668 3131 in
697 3100 797 3140 actu,
831 3100 963 3130 tamen
991 3090 1214 3142 simpliciter
1245 3098 1354 3129 actus
1409 3102 1449 3128 se
1469 3089 1555 3140 agit,
1576 3090 1644 3128 sed
1665 3090 1796 3140 aliquo
1816 3088 1888 3127 sui.
1919 3089 2041 3137 Quod
2065 3096 2197 3127 autem
2225 3101 2308 3128 non
2335 3096 2417 3127 toto
2443 3100 2486 3127 se

278 3154 334 3183 est
358 3146 463 3196 prior
481 3146 670 3197 potentia:
700 3146 794 3197 quia
812 3145 985 3196 potentia
1003 3158 1085 3183 non
1105 3143 1234 3183 educit
1253 3157 1294 3183 se
1313 3144 1353 3182 in
1408 3143 1495 3192 agit,
1524 3156 1606 3181 non
1635 3151 1691 3181 est
1718 3142 1893 3194 primum
1920 3154 2055 3191 agens:
2085 3142 2161 3192 agit
2187 3141 2294 3180 enim
2321 3140 2486 3180 alieuius

279 3207 420 3247 actum,
445 3201 513 3238 sed
537 3207 688 3251 oportet
716 3201 825 3250 quod
850 3200 1038 3237 educatur
1066 3198 1106 3236 in
1133 3205 1265 3236 aetum
1284 3210 1355 3248 per
1408 3196 1712 3248 participatione,
1733 3209 1814 3234 non
1837 3207 1908 3246 per
1926 3194 2132 3234 essentiam
2151 3206 2277 3233 suam.
2307 3194 2486 3233 Primum

280 3252 423 3302 aliquid
451 3255 559 3304 quod
589 3255 634 3292 sit
662 3255 701 3292 in
730 3262 829 3292 actu.
861 3254 992 3292 Omne
1020 3252 1133 3302 igitur
1160 3252 1269 3302 quod
1298 3260 1354 3290 est
1410 3250 1522 3300 igitur
1544 3262 1673 3300 agenS,
1694 3250 1804 3301 quod
1822 3250 1931 3288 Deus
1954 3256 2022 3297 est,
2043 3250 2191 3288 nullam
2214 3248 2331 3286 habet
2349 3255 2486 3299 poten-

280 3305 409 3356 aliquo
429 3308 550 3345 modo
579 3307 618 3345 in
646 3307 831 3359 potentia,
854 3307 970 3345 habet
998 3305 1144 3356 aliquid
1162 3305 1271 3356 prius
1299 3318 1351 3343 se.
1369 3328 1393 3348 旅
1409 3304 1503 3342 tiam
1532 3303 1757 3351 admixtam,
1787 3302 1857 3341 sed
1884 3310 1941 3341 est
1968 3310 2076 3341 actus
2102 3314 2238 3353 purus.

281 3359 387 3396 Deus
411 3368 541 3399 autem
570 3370 626 3399 est
653 3361 828 3412 primum
847 3373 916 3398 ens
945 3368 982 3398 et
1009 3359 1136 3410 prima
1163 3371 1292 3406 causa,
1313 3366 1355 3397 ut
1463 3357 1616 3396 Adhuc.
1647 3356 1984 3408 Unumquodque,
2004 3355 2102 3394 sicut
2124 3363 2262 3394 natum
2289 3362 2345 3392 est
2373 3366 2485 3404 agere

281 3424 328 3450 ex
361 3425 477 3463 supra
494 3414 514 3436 *
542 3414 650 3453 dictis
682 3422 796 3465 patet.
827 3415 921 3452 Non
954 3413 1067 3462 igitur
1096 3413 1214 3452 habet
1246 3413 1286 3451 in
1314 3425 1355 3451 se
1410 3411 1645 3462 inquantum
1673 3418 1730 3448 est
1757 3418 1859 3457 actu,
1887 3410 1939 3448 ita
1965 3416 2103 3447 natum
2130 3416 2188 3447 est
2214 3407 2294 3459 pati
2321 3407 2485 3458 inquan-

283 3466 427 3515 aliquid
455 3469 647 3518 potentiae
676 3468 905 3507 admixtum.
1409 3473 1494 3503 tum
1524 3473 1581 3503 est
1607 3463 1797 3515 potentia:
1827 3475 1921 3502 nam
1949 3470 2081 3501 motus
2109 3470 2166 3500 est
2193 3468 2296 3501 actus
2318 3463 2486 3513 potentia

339 3586 372 3605 io
390 3585 508 3612 tempore
526 3581 551 3606 in
570 3582 691 3616 potential
712 3582 826 3615 potentia
844 3588 963 3615 tempore
983 3582 1008 3607 in
1028 3582 1143 3615 potentia
1162 3589 1188 3612 留,
1207 3581 1322 3615 potentia
1340 3586 1459 3614 tempore
1478 3580 1508 3606 F.

340 3622 350 3640 旅
374 3623 481 3641 necesse
500 3616 567 3649 esse]
588 3625 696 3643 necesse
715 3623 755 3643 est
773 3626 833 3643 ease
852 3625 878 3648 留,
897 3625 1006 3643 necesse
1025 3622 1066 3642 eat
1084 3617 1117 3643 .
1211 3616 1224 3642 5
1246 3622 1287 3642 est
1305 3623 1353 3650 per
1371 3615 1409 3649 sel
1429 3624 1476 3649 per
1495 3624 1525 3642 se
1543 3621 1585 3642 est
1599 3615 1687 3646 NZPc,
1701 3622 1761 3640 ecee
1775 3622 1823 3656 pei
1837 3622 1866 3640 se
1880 3614 1910 3645 E,
1926 3622 1974 3647 per
1992 3621 2022 3640 se
2040 3613 2073 3640 G.

2166 3613 2199 3640 18
2218 3613 2332 3648 potentia
2350 3613 2399 3640 alt.
2417 3613 2484 3648 Ioco]

285 3650 312 3676 in
331 3651 445 3683 potentin
463 3651 591 3677 GNZch.

2526 998 2724 1025 畤畤.畚稽.,凌.旅旅旅.

2533 2119 2605 2142 Nun.
2616 2124 2653 2141 m.

2537 2769 2596 2798 Gap.
2607 2775 2684 2798 praec.
