2768 4134
76 831 85 840 '¹
100 828 163 850 Lect.
174 833 194 855 7.

77 1580 85 1590 “
92 1578 127 1601 Cf.
135 1583 199 1600 num.
205 1583 290 1606 praec„

74 1605 126 1628 init.

70 3094 79 3104 ·
94 3092 164 3117 Num.
177 3100 250 3116 xxvn.

67 3489 158 3538 ἐξίησι.
169 3496 281 3520 xxv111,3,

322 303 395 349 592-

319 380 454 414 colores,
467 377 522 407 sed
538 376 687 406 videntur
699 374 824 405 viridia:
841 383 917 404 nam
933 373 1057 413 species
1078 373 1226 412 ipsorum
1242 377 1391 411 receptae

317 425 351 454 in
374 423 428 452 tali
450 421 571 456 medio,
597 429 634 450 ex
664 419 721 450 illo
746 419 856 449 colore
879 418 1070 448 inexistente
1094 416 1258 456 accipiunt
1282 415 1391 455 dispo-

317 468 467 498 sitionem
490 465 574 495 hanc
598 470 633 494 ut
657 473 714 494 sua
738 463 864 493 obiecta
888 468 1042 501 tanquam
1066 460 1178 491 viridia
1203 469 1390 500 repraesen-

317 517 394 547 tent,
417 510 492 540 licet
514 510 584 549 ipsa
607 508 707 538 alium
731 507 876 537 colorem
901 506 1149 536 determinatum
1173 505 1321 535 habeant.

372 555 481 585 Potest
493 559 601 584 tamen
613 554 709 582 etiam
718 551 869 581 Averrois
880 550 1101 590 interpretatio
1114 549 1237 585 salvari,
1250 547 1390 579 dicendo

317 599 408 640 quod
430 599 516 628 intus
539 598 677 628 existens
700 595 837 636 impedit
851 604 892 626 ne
917 594 977 624 alia
1000 594 1100 634 recipi
1123 594 1250 634 possint
1272 594 1306 623 in
1329 602 1390 633 po—

316 643 415 674 tentia
431 642 661 682 cognoscitiva‚
677 649 745 670 non
762 639 894 680 quidem
911 638 1069 674 absolute,
1085 637 1142 668 sed
1157 643 1313 678 tanquam
1332 646 1391 677 per

317 688 458 728 speciem
473 690 766 726 repraesentantem
782 683 1013 724 cognoscibilia
1033 692 1106 713 vere
1128 687 1160 713 et
1175 682 1324 713 distincte
1340 691 1389 712 se-

317 731 462 763 cundum
485 730 631 771 proprias
654 735 793 759 naturas.

372 776 467 806 Ratio
498 781 607 806 autem
636 774 727 805 istius
758 772 990 813 propositionis
1021 772 1066 802 sic
1096 771 1278 802 intellectae
1301 770 1390 801 nulla

317 821 377 851 alia
400 821 577 860 assignatur
601 828 618 848 a
642 818 727 848 Divo
744 818 773 848 T
775 818 884 853 homa,
909 816 949 847 111
973 817 1013 846 de
1027 816 1146 846 Anima
1159 816 1186 852 ὓ,
1210 815 1272 846 nisi
1290 815 1387 845 haec:

317 865 407 905 quod
430 864 513 895 illud
536 864 623 894 intus
638 871 809 904 apparens·‚
827 862 904 902 quia
921 865 1002 891 esset
1025 860 1244 891 connaturale
1264 859 1389 890 intelle-

316 910 392 946 ctui,
416 918 542 950 semper
556 913 631 939 actu
648 911 830 948 appareret,
854 912 1010 945 tanquam
1026 905 1147 935 scilicet
1168 913 1298 944 semper
1315 910 1389 935 actu

317 954 496 994 cognitum,
520 958 551 984 et
579 953 626 984 sic
657 951 869 992 impediretur
898 950 1080 981 intellectus
1102 949 1143 979 ab
1174 949 1388 990 intelligendo

316 999 394 1030 alia.
418 997 584 1029 Fundatur
607 1002 716 1027 autem
738 996 819 1026 haec
841 995 922 1025 ratio
946 1003 1044 1034 super
1067 994 1272 1034 expedenda.
1291 993 1390 1024 Vide-

316 1053 389 1075 mus
413 1043 500 1073 enim
522 1043 556 1072 in
579 1042 675 1072 rebus
698 1039 915 1071 materialibus
935 1038 1035 1079 quod,
1059 1039 1085 1069 si
1108 1038 1231 1079 aliquid
1254 1043 1329 1069 actu
1349 1039 1388 1069 ab

317 1089 426 1127 aliquo
450 1096 546 1117 sensu
569 1091 794 1126 cognoscatur,
818 1093 878 1124 pro
902 1090 981 1115 tunc
997 1092 1066 1114 non
1081 1088 1190 1124 potest
1208 1082 1297 1114 aliud
1316 1092 1388 1114 sen-

316 1132 406 1163 sibile
429 1141 446 1161 a
469 1131 524 1161 tali
547 1130 692 1171 potentia
715 1129 864 1160 distincte
887 1134 919 1159 et
942 1128 1105 1169 complete
1129 1128 1300 1168 cognosci:
1324 1128 1389 1158 hoc

316 1177 403 1207 enim
426 1181 514 1216 patet
536 1185 594 1216 per
617 1174 761 1215 singulos
784 1183 897 1204 sensus
920 1172 1141 1204 discurrendo.

371 1221 433 1251 Hic
457 1226 566 1251 autem
589 1229 702 1250 sensus
725 1224 773 1249 est
789 1218 830 1249 ad
852 1218 1058 1259 propositum
1083 1217 1183 1248 dubii.
1214 1216 1390 1255 Quaeritur

316 1265 403 1296 enim
427 1270 536 1295 utrum
559 1265 651 1300 sicut,
671 1264 697 1294 si
712 1268 822 1294 noster
837 1262 1020 1294 intellectus
1035 1262 1178 1302 aliquam
1200 1267 1388 1292 naturarum

316 1310 516 1340 sensibilium
532 1309 673 1345 haberet,
689 1307 899 1348 impediretur
910 1307 950 1338 ab
966 1307 1100 1338 aliarum
1112 1312 1300 1337 naturarum
1317 1316 1389 1346 per-

316 1354 399 1385 fecta
429 1361 461 1385 et
491 1353 639 1384 distincta
670 1353 868 1393 cognitione,
899 1352 943 1382 ita
973 1357 1005 1382 et
1034 1351 1211 1382 substantia
1233 1356 1388 1391 separata,

316 1400 437 1430 habens
460 1404 607 1429 naturam
630 1397 875 1428 determinatam
897 1397 932 1428 in
950 1405 1069 1436 genere
1092 1395 1310 1436 quidditatum
1327 1396 1388 1427 im-

316 1443 540 1479 materialium,
557 1443 596 1473 ab
613 1443 747 1473 aliarum
762 1441 1022 1473 immaterialium
1037 1446 1224 1472 naturarum
1241 1441 1391 1472 distincta

318 1487 504 1528 cognitione
527 1496 586 1527 per
607 1487 772 1527 propriam
795 1492 943 1518 naturam
967 1486 1186 1527 prohibeatur.

372 1532 486 1563 XXIX.
517 1531 687 1570 Quantum
717 1531 757 1562 ad
786 1530 968 1562 secundum
998 1530 1186 1571 principale,
1218 1529 1389 1570 quomodo

317 1576 439 1607 scilicet
453 1576 507 1607 illa
522 1576 630 1607 Sancti
642 1576 792 1607 Thomae
807 1575 977 1615 responsio
994 1575 1034 1605 sit
1049 1573 1258 1615 intelligenda
1270 1575 1297 1611 *,
1311 1584 1391 1605 con-

317 1620 523 1652 siderandum
546 1626 604 1657 est,
629 1621 705 1661 quia
720 1630 754 1651 se
778 1621 812 1651 in
834 1620 888 1651 illa
905 1620 1120 1660 responsione
1135 1619 1176 1650 ad
1198 1619 1287 1659 prius
1306 1619 1391 1650 dicta

318 1666 459 1702 remittit,
483 1665 574 1706 quod
597 1666 666 1705 ipse
690 1666 723 1695 in
747 1674 778 1705 q.
796 1675 814 1695 1.
830 1665 957 1695 Primae
980 1664 1090 1701 Partis,
1115 1673 1143 1694 a.
1159 1673 1191 1702 4,
1216 1663 1257 1694 ad
1284 1671 1311 1700 i,
1336 1663 1391 1694 de-

318 1711 468 1741 terminat
494 1719 563 1740 non
593 1710 639 1740 sic
670 1709 824 1749 distingui
852 1709 985 1749 angelos
1015 1707 1168 1749 specifice
1191 1709 1283 1748 quasi
1305 1717 1391 1739 unus

318 1755 435 1785 habeat
456 1754 599 1794 aliquam
614 1753 851 1794 perfectionem
874 1753 1116 1784 substantialem
1135 1752 1328 1793 perfectioni
1347 1753 1392 1784 al·

318 1799 416 1830 terius
439 1799 545 1839 angeli
567 1798 821 1838 superadditam:
846 1797 903 1829 sed
926 1799 1012 1838 quia,
1033 1807 1108 1829 cum
1133 1807 1248 1828 omnes
1271 1807 1391 1828 conve-

317 1844 407 1874 niant
429 1844 464 1874 in
487 1842 686 1883 perfectione
710 1852 794 1883 quae
818 1848 865 1873 est
892 1842 1092 1873 nobilissima
1121 1843 1155 1872 in
1187 1843 1242 1878 eis,
1270 1842 1392 1873 scilicet

317 1888 350 1918 in
373 1887 656 1923 intellectualitate,
676 1887 709 1917 in
725 1887 778 1918 illa
794 1886 994 1927 perfectione
1018 1886 1260 1926 distinguuntur
1275 1895 1391 1917 secun-

317 1931 396 1962 dum
419 1931 562 1962 diversos
584 1931 712 1971 gradus,
743 1931 800 1971 qui
831 1930 906 1962 ideo
936 1931 1176 1962 distinctionem
1205 1930 1390 1970 specificam

317 1975 448 2013 faciunt,
465 1976 542 2016 quia
556 1985 574 2006 a
590 1975 702 2006 formis
718 1975 919 2006 diversorum
934 1975 1094 2016 graduum
1109 1980 1294 2006 sumuntur.
1311 1975 1391 2006 Vult

317 2030 393 2061 ergo
412 2020 548 2052 Sanctus
564 2020 709 2050 Thomas
725 2020 758 2050 in
774 2019 828 2050 illa
846 2020 1061 2060 responsione
1077 2019 1118 2050 de
1134 2029 1199 2060 qua
1216 2019 1390 2056 dubitatur,

316 2064 416 2106 quod,
433 2065 510 2105 quia
526 2064 632 2104 angeli
647 2063 848 2102 suntaffines
865 2070 896 2095 et
912 2064 1090 2105 propinqui
1106 2065 1189 2094 inter
1212 2073 1256 2100 se,
1273 2069 1389 2104 utpote

315 2110 348 2140 in
370 2109 654 2146 intellectualitate,
679 2118 764 2149 quae
787 2114 835 2139 est
858 2109 970 2140 ultima
994 2115 1026 2139 et
1053 2108 1254 2139 nobilissima
1278 2118 1390 2140 earum

314 2153 481 2195 perfectio,
495 2153 636 2184 distincti
652 2159 778 2184 tantum
790 2153 904 2184 ordine
920 2153 1064 2194 quodam
1078 2153 1259 2184 secundum
1271 2153 1390 2194 gradus

315 2199 426 2239 ipsius,
453 2204 566 2229 natura
590 2198 687 2229 unius
711 2198 815 2238 angeli
842 2199 952 2238 ipsum
974 2199 1014 2229 ab
1038 2198 1173 2229 aliarum
1197 2198 1390 2230 substantia·

312 2253 386 2274 rum
401 2249 618 2284 separatarum
639 2243 828 2283 cognitione
839 2252 908 2274 non
920 2242 1066 2284 impedit,
1083 2248 1388 2284 quantumcumque

314 2297 440 2328 semper
468 2288 632 2329 propriam
655 2293 803 2318 naturam
831 2293 904 2318 actu
928 2287 1094 2328 intelligat.
1123 2286 1198 2318 Hoc
1222 2293 1331 2319 autem
1354 2289 1388 2319 in

313 2333 409 2363 rebus
430 2332 647 2363 materialibus
670 2341 738 2362 non
761 2333 936 2363 invenitur:
961 2341 1037 2363 cum
1060 2342 1129 2363 non
1152 2332 1389 2373 distinguantur

313 2383 439 2408 tantum
462 2386 519 2417 per
541 2375 658 2417 gradus
681 2375 826 2407 eiusdem
849 2376 1074 2417 perfectionis;
1098 2376 1155 2408 sed
1182 2382 1238 2408 aut
1260 2386 1318 2418 per
1341 2377 1388 2408 di-

314 2431 419 2452 versas
442 2420 658 2461 perfectiones
677 2430 814 2461 quarum
838 2431 904 2452 una
927 2427 974 2452 est
997 2421 1095 2452 altera
1111 2420 1238 2462 dignior
1261 2428 1293 2453 et
1316 2431 1388 2463 per·

314 2465 438 2502 fecti0r‚
466 2466 549 2496 sicut
573 2466 710 2496 animata
726 2466 765 2496 ab
788 2466 972 2497 inanimatis
987 2466 1246 2506 distinguuntur;
1271 2472 1336 2503 aut,
1361 2467 1387 2498 si

314 2510 553 2550 distinguuntur
570 2509 745 2540 formaliter
767 2510 948 2541 secundum
963 2510 1081 2550 gradus
1095 2516 1222 2541 tantum
1241 2511 1387 2543 eiusdem

313 2554 531 2595 perfectionis,
555 2555 638 2585 sicut
661 2554 744 2585 forte
767 2560 815 2585 est
839 2554 878 2586 de
902 2554 1014 2586 formis
1039 2555 1286 2593 elementorum,
1303 2556 1386 2587 ultra

312 2600 406 2630 istam
418 2599 658 2630 distinctionem
670 2599 789 2630 habent
805 2599 902 2630 etiam
918 2599 1159 2631 distinctionem
1175 2601 1385 2639 materialem,

312 2653 395 2685 quae
413 2653 565 2684 magnam
588 2642 800 2674 differentiam
824 2643 948 2675 inducit
972 2645 1054 2676 inter
1078 2645 1156 2685 ipsa.
1179 2644 1257 2676 Ideo
1281 2655 1386 2690 unum

311 2689 457 2729 ipsorum
487 2689 660 2719 inexistens
687 2688 873 2720 naturaliter
898 2689 1008 2720 virtuti
1039 2690 1221 2729 cognitivae
1248 2690 1386 2731 impedit

311 2733 444 2764 aliarum
468 2738 654 2764 naturarum
677 2733 910 2773 cognitionem.

366 2778 443 2808 Vult
462 2787 539 2818 ergo
555 2776 691 2808 Sanctus
706 2777 852 2809 Thomas
866 2787 984 2818 negare
999 2778 1087 2809 illam
1104 2779 1383 2820 consequentiam,

311 2823 387 2862 quia
410 2831 477 2853 non
494 2827 541 2853 est
557 2821 670 2852 eadem
693 2823 775 2853 ratio
792 2822 832 2854 de
855 2823 976 2854 naturis
999 2822 1204 2854 sensibilibus
1220 2828 1251 2854 et
1271 2823 1311 2855 de
1326 2834 1383 2855 na-

310 2867 388 2897 turis
405 2866 633 2907 spiritualibus.
655 2866 690 2897 In
713 2867 834 2898 naturis
855 2867 943 2898 enim
967 2866 1131 2898 dumtaxat
1155 2869 1383 2906 materialibus,

310 2917 441 2952 propter
454 2920 564 2942 earum
580 2911 835 2942 materialitatem
852 2917 883 2942 et
899 2911 1092 2948 distantiam,
1105 2912 1201 2943 habet
1217 2914 1381 2945 veritatem

310 2955 400 2996 quod
422 2956 509 2986 intus
531 2965 690 2996 apparens
713 2956 864 2997 prohibet
887 2957 1028 2987 extranei
1053 2957 1288 2996 cognitionem:
1314 2968 1382 2989 non

310 3006 417 3031 autem
441 3001 475 3031 in
497 3000 620 3031 naturis
643 3000 871 3042 spiritualibus,
895 3001 929 3040 in
953 3001 1072 3041 quibus
1088 3007 1135 3032 est
1150 3001 1313 3034 distinctio
1329 3013 1382 3034 so-

309 3045 378 3075 lum
401 3044 582 3076 seeundum
605 3044 750 3076 eiusdem
775 3044 984 3086 perfectionis
1006 3045 1133 3085 gradus.

364 3089 463 3120 XXX.
487 3088 540 3120 Ad
563 3089 706 3130 primum
722 3099 799 3130 ergo
815 3090 849 3121 in
874 3090 1066 3131 oppositum
1079 3091 1105 3127 ⁹,
1123 3090 1239 3121 dicitur
1262 3091 1380 3132 primo,

309 3133 399 3174 quod
421 3143 490 3165 non
513 3139 561 3164 est
575 3143 668 3165 mens
685 3133 960 3166 Commentatoris
976 3133 1068 3175 quod
1083 3135 1242 3175 recipiens
1266 3135 1382 3167 debeat

309 3187 378 3209 esse
401 3177 601 3210 denudatum
625 3188 642 3208 a
665 3188 784 3219 genere
807 3179 958 3220 proximo
982 3179 1114 3220 recepti,
1138 3179 1195 3210 sed
1225 3190 1243 3210 a
1266 3187 1380 3212 natura

309 3231 407 3264 quam
430 3223 537 3263 primo
560 3223 729 3264 recipiens,
746 3224 940 3264 inquantum
956 3224 1125 3264 recipiens,
1142 3225 1288 3265 respicit;
1312 3226 1379 3257 sive

308 3268 347 3298 sit
370 3273 482 3298 natura
504 3267 652 3308 generica
675 3268 742 3298 sive
765 3267 916 3309 specifica
939 3267 1121 3299 secundum
1144 3277 1188 3299 se.

364 3311 488 3343 Dicitur
503 3311 659 3349 secundo,
676 3311 767 3353 quod
789 3313 887 3344 habet
910 3313 1076 3344 veritatem
1099 3313 1133 3343 in
1150 3314 1379 3353 cognoscitivis

309 3365 391 3395 quae
415 3362 489 3387 sunt
511 3357 545 3387 in
568 3357 715 3397 potentia
738 3356 778 3388 ad
801 3367 859 3388 sua
883 3357 1028 3388 obiecta:
1057 3366 1126 3388 non
1151 3363 1260 3389 autem
1283 3359 1317 3389 in
1341 3359 1379 3390 iis

308 3409 391 3440 quae
414 3406 488 3432 sunt
511 3401 544 3432 in
568 3407 653 3438 actu,
677 3401 781 3442 qualis
797 3408 844 3433 est
866 3402 1050 3433 intellectus
1068 3401 1263 3434 substantiae
1286 3412 1378 3444 sepa—

307 3450 402 3475 ratae.
426 3445 504 3477 ldeo
527 3445 581 3476 illa
604 3446 785 3486 propositio
801 3456 870 3478 non
890 3452 937 3477 est
960 3446 1000 3477 ad
1024 3446 1242 3487 propositum,
1266 3452 1302 3478 ut
1324 3457 1378 3478 su-

308 3489 441 3528 perius*
465 3495 511 3520 est
534 3495 711 3522 ostensum.

364 3542 393 3563 2.
417 3533 469 3564 Ad
485 3533 665 3565 secundum
681 3534 798 3566 dicitur
821 3534 912 3575 quod
930 3544 998 3566 non
1023 3541 1071 3566 est
1094 3534 1208 3566 eadem
1231 3536 1312 3566 ratio
1337 3535 1377 3567 de

308 3577 428 3608 naturis
450 3579 678 3615 materialibus,
694 3585 726 3610 et
742 3578 782 3610 de
805 3580 927 3610 naturis
947 3579 1175 3620 spiritualibus.
1195 3579 1282 3618 Quia
1304 3579 1376 3612 illae

308 3629 375 3651 non
399 3622 467 3652 sola
490 3621 695 3654 distinctione
722 3622 849 3654 formali
882 3623 1063 3655 secundum
1090 3623 1234 3655 diversos
1260 3624 1376 3664 gradus

309 3664 452 3696 eiusdem
482 3666 688 3706 perfectionis
719 3667 974 3708 distinguuntur,
1005 3669 1089 3700 sicut
1119 3674 1253 3700 naturae
1283 3669 1375 3710 spiri-

786 296 975 333 SUMMA
1004 293 1227 331 CONTRA
1255 292 1531 337 GENTILES,
1560 292 1655 329 LlB.
1677 293 1718 337 ΙΙ,
1749 291 1861 329 CAP.
1887 291 2053 329 XCVIII.

1444 371 1562 401 tuales:
1587 370 1644 401 sed
1667 371 1793 407 maiori,
1818 371 1886 401 sive
1915 370 2141 411 multipliciori
2171 371 2390 410 distinctione,
2415 379 2451 404 ut
2474 373 2523 404 di-

1445 421 1535 445 ctum
1559 420 1607 445 est
1618 416 1645 445 *ἦ

1502 459 1531 489 3.
1548 459 1601 490 Ad
1623 460 1756 490 tertium
1772 459 1890 490 dicitur
1905 458 1996 500 quod
2018 459 2073 490 illa
2087 468 2158 489 non
2173 465 2222 490 est
2237 469 2334 491 causa
2351 461 2438 492 illius
2460 462 2521 493 im-

1443 503 1632 543 pedimenti,
1657 503 1714 534 sed
1738 513 1775 534 ea
1799 512 1899 543 quam
1922 503 2157 543 assignavimus
2173 504 2200 540 *,
2224 504 2348 535 scilicet
2364 511 2523 546 perpetua

1444 548 1602 587 apparitio
1620 553 1652 578 et
1667 548 1813 588 cognitio
1829 548 1963 578 actualis
1985 548 2072 579 illius
2086 548 2221 579 interius
2236 549 2411 580 existentis.
2427 549 2522 588 Quae

1445 591 1579 632 quidem
1609 602 1716 629 causa,
1746 598 1783 623 ut
1811 592 1935 623 dictum
1965 598 2022 630 est,
2050 592 2126 624 facit
2161 593 2435 634 impedimentum
2465 604 2522 626 co·

1443 637 1598 676 gnitionis
1621 637 1655 668 in
1678 637 1776 668 rebus
1798 637 2030 674 materialibus,
2053 647 2123 668 non
2146 643 2257 669 autem
2279 638 2312 669 in
2336 639 2434 670 rebus
2457 640 2522 680 spi-

1442 681 1621 712 ritualibus.

1498 725 1613 756 XXXI.
1638 725 1703 757 Sed
1725 726 1860 756 ulterius
1883 726 1968 756 circa
1991 725 2148 766 quasdam
2171 727 2248 758 alias
2271 728 2522 768 praemissarum

1445 770 1698 801 conclusionum
1714 770 1879 811 dubitatur
1890 771 1917 800 *.
1935 769 2059 801 Contra
2073 771 2257 811 primam**
2273 773 2361 803 enim
2377 772 2522 813 arguitur

1444 824 1483 845 ex
1507 814 1675 852 Durando,
1699 814 1787 855 apud
1803 814 2014 855 Capreolum,
2039 815 2067 845 11
2083 815 2183 852 Sent„
2203 815 2234 847 d.
2250 826 2295 854 m,
2312 826 2344 857 q.
2360 827 2384 848 11
2395 818 2422 848 “.
2442 817 2521 858 Spe-

1444 860 1509 890 cies
1533 864 1782 900 repraesentans
1805 869 1873 890 rem
1897 859 2052 900 aliquam,
2084 865 2115 890 et
2131 870 2184 891 res
2206 861 2300 892 cuius
2318 867 2366 893 est
2387 862 2520 903 species,

1444 909 1521 935 sunt
1542 904 1685 935 eiusdem
1709 904 1851 935 rationis
1871 905 2051 946 specificae,
2076 905 2153 936 licet
2180 905 2339 946 differant
2361 906 2394 937 in
2422 907 2520 938 modo

1444 949 1580 980 essendi.
1597 949 1662 980 Sed
1685 949 1779 980 nulla
1795 949 1918 990 species
1933 949 2075 980 existens
2091 949 2124 980 in
2141 949 2306 981 intellectu
2320 950 2522 982 substantiae

1442 999 1615 1034 separatae
1631 998 1742 1034 potest
1757 1003 1825 1025 esse
1839 993 1983 1025 eiusdem
1999 994 2139 1025 rationis
2160 995 2330 1036 specificae
2351 1005 2425 1026 cum
2446 996 2521 1027 sub—

1442 1038 1572 1069 stantiis
1588 1048 1699 1069 rerum
1714 1047 1797 1079 quas
1811 1039 1992 1070 substantia
2007 1043 2162 1079 separata
2181 1039 2354 1081 intelligit:
2372 1049 2445 1071 cum
2462 1040 2521 1071 illa

1443 1083 1487 1114 sit
1501 1083 1661 1114 accidens.
1678 1083 1766 1124 Ergo
1781 1083 1974 1115 substantias
1989 1093 2058 1114 non
2074 1083 2224 1124 intelligit
2238 1093 2298 1125 per
2309 1084 2433 1125 aliquas
2447 1094 2522 1126 spe-

1444 1127 1509 1158 cies
1532 1127 1764 1168 superadditas.

1500 1182 1531 1203 2.
1556 1172 1681 1204 Contra
1703 1173 1860 1204 tertiam*
1878 1173 2028 1213 arguitur
2051 1182 2069 1203 a
2092 1172 2205 1210 Scoto,
2232 1178 2265 1204 et
2297 1173 2337 1204 ab
2359 1173 2520 1206 Aureolo.

1442 1217 1559 1258 Arguit
1574 1218 1663 1248 enim
1679 1217 1808 1255 Scotus‚
1824 1217 1989 1254 Secundo,
2009 1217 2040 1248 d.
2057 1227 2102 1254 111,
2119 1227 2179 1258 q.x
2191 1218 2219 1254 ·,
2235 1217 2327 1258 quod
2342 1218 2522 1250 substantia

1442 1267 1588 1302 separata
1602 1271 1661 1303 per
1684 1271 1784 1293 unam
1800 1262 1944 1303 speciem
1959 1271 2028 1293 non
2047 1268 2225 1302 cognoscat
2239 1261 2389 1294 distincte
2411 1263 2522 1304 plures

1443 1306 1647 1346 quidditates.
1660 1306 1781 1344 Primo,
1797 1307 1876 1348 quia
1891 1317 1958 1338 una
1975 1306 2062 1338 ratio
2075 1307 2296 1349 cognoscendi
2309 1307 2406 1338 habet
2419 1317 2522 1339 unum

1443 1351 1600 1382 obiectum
1624 1351 1854 1393 adaequatum,
1878 1352 1912 1382 in
1928 1361 1993 1393 quo
2015 1351 2231 1383 includuntur
2245 1351 2394 1394 perfecte
2409 1353 2521 1384 omnia

1444 1396 1681 1437 cognoscibilia
1700 1406 1763 1437 per
1778 1396 1870 1428 illam
1886 1397 2070 1428 rationem:
2093 1401 2130 1427 ut
2145 1401 2240 1438 patet
2253 1396 2295 1428 de
2317 1397 2458 1428 essentia
2471 1397 2522 1428 di·

1444 1441 1531 1477 vina,
1556 1442 1610 1472 cui
1632 1442 1739 1482 primo
1762 1441 1938 1482 respondet
1960 1441 2098 1482 ipsamet
2127 1441 2266 1472 essentia
2295 1450 2354 1482 per
2381 1441 2522 1474 modum

1445 1486 1575 1516 obiecti.
1599 1486 1708 1518 Huius
1733 1491 1844 1517 autem
1867 1487 1949 1517 ratio
1973 1491 2032 1523 est,
2056 1491 2088 1517 et
2111 1486 2189 1526 quia
2211 1486 2293 1517 ratio
2316 1485 2520 1527 intelligendi

1445 1536 1650 1561 mensuratur
1674 1540 1713 1561 ex
1736 1531 1879 1562 obiecto.
1902 1547 1926 1554 -
1948 1531 1991 1562 Et
2013 1531 2091 1571 quia
2113 1540 2183 1562 non
2205 1535 2315 1571 potest
2343 1540 2413 1562 esse
2438 1531 2521 1563 ratio

1445 1575 1668 1615 cognoscendi
1683 1575 1776 1616 plura
1791 1576 1836 1606 ita
1851 1574 1943 1616 quod
1962 1575 2003 1606 sit
2025 1575 2158 1616 propria
2173 1575 2256 1606 ratio
2270 1574 2420 1607 illorum:
2444 1575 2521 1607 ideo

1446 1625 1576 1660 oportet
1598 1625 1636 1651 ut
1659 1620 1824 1651 contineat
1847 1620 2025 1651 virtualiter
2047 1620 2189 1651 rationes
2204 1619 2427 1660 cognoscendi
2448 1619 2523 1662 plu-

1446 1664 1549 1695 rium.·
1565 1664 1630 1695 Sed
1652 1673 1721 1695 non
1745 1670 1854 1705 potest
1876 1664 1944 1696 dari
1972 1664 2036 1695 tale
2067 1664 2235 1696 obiectum
2264 1665 2437 1696 continens
2459 1665 2522 1696 vir*-

1444 1709 1573 1740 tualiter
1595 1709 1706 1750 plures
1730 1708 1935 1749 quidditates.
1959 1709 2047 1749 Ergo
2071 1714 2132 1740 etc.
2182 1712 2184 1715 '

1500 1752 1664 1784 Secundo.
1685 1753 1750 1785 Uni
1769 1754 1891 1794 speciei
1913 1759 1945 1784 et
1966 1754 2085 1785 rationi
2104 1753 2305 1794 intelligendi
2328 1762 2521 1795 correspon-

1445 1797 1499 1828 det
1522 1807 1608 1828 unus
1631 1803 1722 1828 actus
1746 1798 1967 1839 cognoscendi
1990 1798 2036 1829 illi
2060 1797 2270 1839 adaequatus.
2297 1797 2361 1829 Sed
2389 1803 2437 1829 est
2458 1798 2522 1830 im-

1445 1842 1598 1883 possibile
1622 1843 1722 1873 unico
1738 1848 1812 1874 actu
1836 1843 1992 1883 cognosci
2015 1842 2124 1883 plures
2147 1841 2343 1883 quidditates
2361 1841 2521 1880 distincte,

1444 1886 1532 1926 apud
1548 1886 1704 1918 Sanctum
1716 1886 1893 1924 Thomam,
1904 1892 2070 1918 tenentem
2081 1886 2285 1918 intellectum
2296 1891 2442 1919 creatum
2451 1896 2522 1920 non

1444 1940 1540 1971 posse
1563 1931 1661 1962 simul
1684 1931 1778 1971 plura
1801 1931 1952 1962 distincte
1974 1940 2184 1972 cognoscere.
2208 1931 2296 1972 Ergo
2319 1935 2382 1962 etc.

1501 1974 1531 2005 3.
1543 1975 1709 2006 Aureolus
1721 1976 1738 1992 ³
1754 1984 1890 2016 quoque
1906 1976 2008 2016 tangit
2019 1980 2210 2016 argumenta
2222 1974 2323 2007 Scoti.
2336 1974 2400 2007 Sed
2416 1984 2522 2008 unum

1444 2018 1541 2056 addit,
1565 2019 1606 2050 ad
1628 2019 1836 2060 probandum
1859 2019 1977 2051 falsum
2001 2029 2072 2051 esse
2093 2020 2307 2052 substantiam
2329 2026 2520 2061 separatam,

1444 2070 1567 2104 quanto
1591 2064 1740 2104 superior
1764 2070 1822 2101 est,
1838 2069 1930 2096 tanto
1953 2074 2012 2105 per
2027 2065 2199 2105 pauciores
2218 2070 2250 2096 et
2273 2064 2521 2098 universaliores

1443 2109 1568 2149 species
1591 2108 1780 2149 intelligere.
1811 2109 1928 2150 Arguit
1950 2115 2060 2140 autem
2090 2109 2148 2140 sic.
2171 2109 2318 2140 Ponatur
2342 2109 2520 2143 substantia

1442 2158 1587 2194 separata
1611 2162 1696 2194 quae
1729 2154 1841 2185 omnia
1870 2163 1929 2195 per
1951 2153 2067 2185 decem
2096 2154 2222 2195 species
2245 2153 2413 2195 intelligat.
2436 2153 2521 2187 Sub-

1443 2198 1559 2229 stantia
1581 2199 1731 2239 superior
1753 2198 1902 2239 intelligit
1925 2207 1984 2240 per
2006 2207 2139 2235 novem,
2163 2203 2195 2230 et
2217 2198 2272 2230 illa
2299 2198 2448 2239 superior
2469 2199 2521 2231 in-

1442 2243 1556 2284 telligit
1579 2252 1638 2283 per
1661 2248 1749 2280 octo,
1773 2249 1805 2274 et
1828 2243 1874 2275 sic
1897 2243 2090 2275 successive.
2106 2243 2194 2284 Ergo
2217 2243 2338 2285 poterit
2360 2253 2426 2275 una
2448 2242 2520 2277 tali·

1443 2288 1620 2319 substantia
1643 2288 1743 2319 creari
1774 2297 1859 2328 quae
1886 2288 1997 2320 omnia
2024 2297 2082 2329 per
2107 2297 2209 2319 unam
2235 2288 2379 2328 speciem
2401 2287 2520 2321 intelli-

1441 2338 1504 2373 get.
1522 2332 1621 2372 Ergo,
1639 2333 1666 2364 si
1682 2338 1808 2364 creetur
1827 2332 1888 2364 alia
1906 2333 2056 2374 superior
2070 2332 2135 2370 illa,
2151 2341 2210 2374 per
2225 2341 2318 2364 suam
2333 2332 2518 2371 essentiam,

1441 2387 1509 2408 non
1526 2383 1636 2408 autem
1660 2386 1718 2418 per
1741 2378 1886 2418 speciem
1901 2377 2059 2418 intelliget
2073 2377 2195 2409 omnia.
2219 2377 2294 2408 Hoc
2318 2382 2366 2408 est
2389 2376 2517 2410 falsum.

1442 2422 1528 2462 Ergo
1552 2427 1613 2453 etc.

1496 2466 1625 2498 XXXII.
1642 2466 1706 2498 Pro
1724 2466 1939 2507 responsione
1955 2466 1996 2498 ad
2011 2466 2235 2498 obiectionem
2250 2471 2365 2498 contra
2377 2466 2518 2508 primm

1441 2511 1701 2548 conclusionem,
1717 2510 1785 2542 duo
1809 2516 1885 2542 sunt
1903 2510 2057 2542 notanda.
2074 2511 2221 2542 Primum
2236 2516 2285 2542 est
2308 2509 2411 2552 quod,
2434 2510 2518 2544 sinit

1440 2556 1549 2596 imago
1566 2556 1702 2587 alicuius
1718 2556 1765 2587 rei
1780 2555 1953 2596 dupliciter
1968 2555 2165 2587 considerari
2176 2561 2296 2597 potest,
2311 2555 2434 2587 scilicet
2448 2565 2518 2589 ma·

1439 2600 1602 2638 terialiter,
1625 2601 1822 2642 inquantum
1845 2606 1893 2631 est
1915 2600 1986 2631 talis
2009 2609 2071 2637 res,
2094 2606 2174 2641 puta
2196 2600 2323 2641 lignum
2346 2605 2403 2632 aut
2424 2600 2516 2642 lapis,

1440 2650 1472 2676 et
1494 2644 1683 2683 formaliter,
1707 2645 1904 2686 inquantum
1927 2650 1975 2676 est
1998 2645 2096 2676 huius
2117 2645 2245 2685 ima303
2269 2645 2313 2676 ita
2335 2644 2517 2678 similitudo

1439 2689 1649 2731 intelligibilis
1672 2699 1758 2731 quae
1788 2695 1837 2722 est
1865 2690 1899 2720 in
1929 2689 2108 2727 intellectu,
2132 2694 2242 2730 potest
2264 2688 2461 2722 considerari
2484 2694 2517 2721 et

1438 2734 1654 2772 materialiter,
1678 2735 1875 2776 inquantum
1898 2739 1947 2765 est
1971 2734 2042 2766 talis
2070 2734 2196 2772 entitas,
2227 2742 2313 2775 quae
2339 2739 2388 2766 est
2410 2732 2517 2767 forma

1438 2778 1636 2816 intellectus;
1661 2785 1693 2810 et
1717 2779 1905 2816 formaliter,
1929 2779 2125 2820 inquantum
2149 2783 2196 2810 est
2219 2777 2398 2810 similitudo
2421 2778 2516 2811 intel-

1437 2823 1566 2864 ligibilis
1599 2824 1696 2855 huius
1725 2824 1782 2855 rei.
1811 2823 1845 2856 Si
1875 2822 2100 2855 consideretur
2129 2823 2346 2861 materialiter,
2376 2823 2422 2855 sic
2444 2832 2515 2856 uon

1437 2874 1568 2909 oportet
1583 2868 1829 2900 similitudinem
1844 2867 2092 2909 intelligibilem,
2111 2873 2144 2900 et
2165 2867 2199 2899 id
2222 2867 2314 2908 quod
2336 2877 2396 2909 per
2409 2868 2515 2909 ipsam

1436 2919 1704 2954 repraesentatur,
1728 2923 1799 2944 esse
1823 2912 1970 2944 eiusdem
1992 2913 2142 2944 rationis:
2167 2921 2244 2944 cum
2267 2913 2338 2954 ipsa
2366 2912 2408 2944 sit
2429 2912 2514 2945 acci·

1436 2957 1517 2989 dens
1540 2958 1734 2995 intellectus,
1758 2963 1791 2989 et
1814 2966 1866 2989 res
1888 2962 2127 2998 repraesentata
2149 2956 2351 2998 quandoque
2374 2957 2416 2989 sit
2436 2957 2513 2990 sub·

1436 3003 1561 3034 stantia.
1578 3002 1620 3034 Et
1642 3002 1683 3034 ad
1698 3003 1787 3034 hunc
1803 3011 1936 3034 sensum
1951 3001 2181 3043 intelligendus
2197 3007 2246 3033 est
2268 3000 2406 3034 Sanctus
2421 3000 2514 3034 Tho-

1435 3056 1504 3078 mas
1533 3047 1641 3083 Verit„
1666 3056 1698 3088 q.
1714 3056 1780 3084 vm,
1805 3057 1833 3078 a.
1858 3054 1909 3084 ιι,
1932 3046 1974 3078 ad
1998 3046 2029 3083 3,
2053 3055 2130 3078 cum
2153 3046 2260 3087 inquit
2286 3044 2379 3087 quod
2390 3045 2512 3088 sonna

1435 3091 1554 3132 lapidis
1577 3092 1611 3123 in
1635 3091 1748 3123 anima
1771 3096 1820 3123 est
1842 3091 1943 3133 longe
1957 3091 2095 3122 alterius
2115 3096 2257 3123 naturae
2277 3099 2377 3132 quam
2388 3090 2512 3133 soma

1435 3135 1553 3177 lapidis
1577 3136 1610 3167 in
1628 3136 1778 3168 materia.
1793 3154 1817 3159 -
1828 3135 1862 3167 Si
1885 3140 1996 3167 autem
2012 3134 2190 3167 formaliter
2206 3134 2438 3173 consideretur,
2452 3135 2511 3173 sie.

1433 3181 1521 3212 iuxta
1544 3181 1835 3222 praedeterminata
1850 3181 1878 3217 ·,
1906 3179 2083 3212 dicendum
2106 3185 2155 3212 est
2178 3179 2270 3221 quod
2292 3185 2341 3211 est
2364 3178 2511 3213 eiu-den

1433 3226 1567 3257 rationis
1590 3235 1667 3257 cum
1690 3235 1725 3257 re
1748 3230 1995 3266 repraesentata.
2018 3225 2062 3256 Et
2083 3225 2131 3256 sic
2148 3224 2338 3265 intelligitur
2355 3222 2448 3264 quod
2461 3222 2510 3256 di-

1433 3271 1516 3301 citur
1531 3269 1574 3301 1v
1590 3270 1690 3307 Sent„
1714 3270 1791 3302 loco
1807 3270 1957 3311 superius
1979 3269 2117 3310 allegato
2129 3270 2164 3307 ’ς
2189 3274 2222 3301 et
2243 3268 2284 3300 de
2306 3267 2413 3304 Veris..
2429 3276 2462 3308 q.
2478 3277 2510 3306 x,

1433 3320 1490 3346 art.
1506 3323 1539 3354 4,
1555 3314 1597 3346 ad
1611 3324 1643 3354 4.

1489 3358 1678 3391 Secundum
1702 3364 1760 3396 est,
1784 3357 1876 3400 quod
1898 3357 2019 3399 speciei
2040 3355 2233 3398 intelligibili
2255 3360 2364 3396 potest
2387 3356 2511 3398 aliquid

1433 3413 1471 3434 ex
1487 3409 1578 3445 parte
1592 3404 1639 3435 rei
1654 3403 1762 3444 primo
1783 3409 1814 3434 et
1829 3402 2009 3443 adaequate
2031 3399 2239 3442 respondere,
2263 3405 2295 3431 et
2318 3400 2442 3442 aliquid
2459 3409 2510 3434 se-

1432 3447 1588 3480 cundario
1605 3454 1637 3480 et
1652 3447 1853 3480 deficienter:
1877 3447 1962 3478 sicut
1983 3445 2104 3487 speciei
2126 3444 2273 3476 animalis
2297 3454 2382 3486 quae
2405 3451 2453 3478 est
2474 3446 2509 3479 in

1431 3498 1541 3524 mente
1567 3493 1763 3524 substantiae
1790 3496 1964 3533 separatae,
1987 3491 2095 3531 primo
2126 3494 2158 3520 et
2187 3488 2365 3530 adaequate
2395 3495 2510 3523 natura

1431 3537 1578 3568 animalis
1600 3536 1790 3578 responden
1813 3534 2027 3576 inadaequate
2053 3539 2163 3565 autem
2187 3539 2219 3565 et
2242 3533 2430 3567 deficienter
2451 3544 2509 3567 na-

1431 3587 1502 3612 tura
1524 3582 1667 3613 hominis
1690 3587 1747 3612 aut
1768 3586 1882 3612 natura
1905 3579 1992 3620 equi,
2016 3578 2093 3619 quia
2115 3587 2183 3610 non
2211 3584 2337 3610 tantum
2360 3584 2508 3612 naturam

1430 3626 1572 3658 hominis
1595 3630 1822 3667 repraesentat,
1845 3622 1902 3656 sed
1925 3623 2022 3655 etiam
2045 3628 2193 3654 naturam
2220 3622 2359 3655 aliorum
2386 3623 2509 3656 anima-

1430 3670 1522 3702 lium.
1547 3670 1634 3702 Cum
1665 3679 1743 3711 ergo
1770 3668 1896 3705 dicimr,
1920 3666 1962 3699 de
1984 3673 2094 3699 mente
2117 3666 2226 3699 Sancti
2250 3667 2411 3706 Thomae,
2434 3677 2508 3710 spe-

2549 428 2558 438 ·
2573 427 2644 450 Num.
2659 434 2735 456 praee.

2547 517 2557 526 ·
2572 516 2632 539 lbid.

2546 781 2609 830 {agn
2624 787 2689 804 num.
2698 787 2764 812 xxvi,

2547 835 2567 845 ⁶·
2582 834 2653 858 Num.
2663 841 2687 857 x.

2546 863 2556 872 ·
2571 861 2625 890 Peg.
2634 861 2686 884 266.

2547 1178 2556 1187 ·
2570 1176 2642 1200 Num.
2652 1183 2700 1200 xm.

2546 1223 2557 1233 ·
2570 1221 2623 1245 For.
2632 1227 2692 1252 κν.
2701 1233 2714 1240 ·
2724 1221 2763 1247 Cf.

2546 1254 2612 1272 nnn.
2625 1254 2711 1272 xum.

2761 1927 2768 1948 i

2546 1973 2768 2031 ὶὲῖῗιῖἓΐῖθὰῒ

2546 2033 2614 2051 m-
2627 2033 2707 2051 ΙΙΙΙῚ.
2764 2034 2768 2042 ”

2537 3190 2546 3200 ·
2560 3188 2633 3212 Num.
2644 3195 2683 3218 xv,
2697 3195 2713 3214 x
2744 3180 2747 3182 .

2537 3274 2547 3284 ·
2561 3272 2600 3296 Cf.
2614 3278 2681 3297 nan.
2690 3278 2730 3298 xv·
