2768 4134
26 915 35 924 ‘
55 913 90 935 Cf.
106 919 157 940 cap.
172 919 194 934 v.

26 1188 35 1196 '
50 1186 107 1214 Cap.
122 1192 176 1207 xxx.

25 2303 35 2312 '
51 2302 107 2329 Cap.
123 2308 170 2323 xvi.

271 306 346 343 358

754 302 940 339 SUMMA
962 301 1184 337 CONTRA
1204 299 1479 344 GENTILES,
1499 299 1593 335 LIB.
1615 299 1656 343 Π,
1679 298 1790 335 CAP.
1812 299 1985 336 XXXIX.

683 455 1173 513 CAPITULUM
1211 417 1736 510 TRIGESIMUM
1771 453 2058 509 NoNtm

1252 556 1281 585 A
1302 555 1370 585 38r
1408 556 1490 585 a25.

569 639 758 692 QUOD
809 637 1197 679 DISTINCTIO
1248 635 1484 677 RERUM
1533 636 1671 676 NON

296 786 314 803 ¹.
348 788 412 803 ,,
456 784 460 789 ,
482 765 640 790 XPEDITIS
669 760 801 790 autem
827 751 885 788 his
910 763 1010 800 quae
1030 750 1078 787 ad
1099 761 1230 795 rerum
1249 761 1338 809 pro-

302 821 305 824 ’
341 791 464 853 <9³23
494 806 718 844 ductionem
738 804 938 855 pertinent,
956 811 1068 841 restat
1086 802 1271 852 prosequi
1292 814 1337 839 ea

347 860 457 905 ,51⁴2
495 872 595 910 quae
625 868 714 896 sunt
742 857 1022 896 consideranda
1050 855 1088 892 in
1118 868 1250 893 rerum
1283 855 1339 893 di-

394 905 409 923 2
451 905 461 941 j
495 912 694 950 stinctione
714 912 744 949 ²¹⁶.
782 913 823 948 In
853 910 995 960 quibus
1030 909 1158 959 primo
1187 917 1339 959 oportet

268 969 471 1005 ostendere
500 967 607 1016 quod
637 978 767 1003 rerum
796 963 986 1001 distinctio
1016 975 1096 1000 non
1116 971 1172 1000 est
1191 975 1214 1000 a
1233 975 1337 1000 casu.

323 1022 445 1058 Casus
474 1020 578 1057 enim
607 1031 684 1056 non
716 1018 899 1066 contingit
922 1016 994 1053 nisi
1024 1016 1063 1053 in
1091 1015 1339 1066 possibilibus

268 1074 373 1111 aliter
401 1087 440 1111 se
470 1073 629 1110 habere:
660 1084 760 1121 quae
789 1071 893 1108 enim
923 1078 1012 1107 sunt
1041 1082 1087 1107 ex
1115 1069 1339 1107 necessitate

267 1136 304 1164 et
332 1139 495 1176 semper,
525 1138 605 1162 non
634 1125 799 1162 dicimus
828 1137 910 1162 esse
939 1136 962 1161 a
990 1136 1095 1161 casu.
1126 1123 1338 1161 Ostensum

267 1189 322 1217 est
349 1188 480 1217 autem
508 1191 625 1228 supra
643 1178 664 1200 ²³⁶
692 1179 882 1227 quasdam
918 1189 978 1214 res
1014 1185 1159 1214 creatas
1188 1189 1271 1214 esse
1299 1176 1339 1213 in

267 1245 434 1293 quarum
465 1241 600 1269 natura
629 1244 710 1269 non
734 1240 790 1268 est
818 1231 1048 1282 possibilitas
1067 1231 1115 1268 ad
1137 1243 1216 1268 non
1238 1242 1336 1267 esse:

266 1286 362 1323 sicut
401 1294 488 1323 sunt
525 1285 758 1322 substantiae
794 1284 1082 1331 immateriales,
1119 1292 1155 1321 et
1191 1283 1339 1333 absque

266 1339 541 1377 contrarietate.
573 1338 813 1376 Substantias
841 1338 954 1387 igitur
987 1351 1125 1376 eorum
1161 1337 1338 1387 impossi-

266 1393 339 1430 bile
369 1402 423 1430 est
452 1405 534 1430 esse
554 1405 576 1429 a
596 1405 699 1429 casu.
731 1393 830 1430 Sunt
858 1400 990 1429 autem
1018 1404 1088 1441 per
1116 1403 1228 1429 suam
1249 1391 1338 1428 sub-

266 1446 443 1484 stantiam
471 1447 520 1483 ab
549 1445 717 1483 invicem
746 1445 956 1483 distinctae.
984 1446 1132 1483 Earum
1152 1444 1265 1493 igitur
1283 1444 1338 1482 di-

267 1500 415 1537 stinctio
445 1512 525 1537 non
555 1507 610 1536 est
638 1512 660 1536 a
689 1510 793 1536 casu.

319 1553 509 1603 Amplius.
532 1553 635 1590 Cum
655 1565 766 1590 casus
790 1552 836 1589 sit
855 1560 1006 1590 tantum
1027 1552 1066 1588 in
1091 1551 1339 1601 possibilibus

266 1607 372 1643 aliter
400 1619 439 1644 se
469 1606 630 1652 habere3
661 1605 896 1657 principium
924 1613 1056 1643 autem
1080 1605 1197 1642 huius
1216 1604 1338 1654 possi-

266 1659 418 1697 bilitatis
437 1668 493 1696 est
511 1659 682 1705 materia,
698 1671 780 1696 non
799 1666 930 1697 autem
946 1659 1080 1705 forma,
1096 1671 1197 1708 quae
1217 1657 1339 1707 magis

267 1713 494 1750 determinat
522 1712 813 1763 possibilitatem
841 1712 1024 1750 materiae
1047 1712 1096 1749 ad
1116 1723 1263 1757 unum;
1293 1723 1339 1748 ea

1722 635 1847 677 EST
1898 638 1940 677 A
1990 637 2165 679 CASU

1395 761 1512 786 causa
1540 761 1610 798 per
1639 761 1679 786 se
1708 758 1745 786 et
1772 749 2044 787 determinata:
2074 762 2156 788 non
2184 763 2207 788 a
2235 763 2339 798 casu,
2369 764 2470 802 quae

1395 810 1451 839 est
1479 815 1597 840 causa
1624 814 1695 852 per
1723 803 1902 840 accidens
1930 803 2236 842 indeterminata.

1449 856 1640 905 Amplius.
1673 856 1887 894 Cuiuslibet
1915 855 1969 894 rei
1997 857 2242 906 procedentis
2263 859 2313 896 ab
2334 867 2469 907 agente

1395 922 1466 969 per
1479 909 1715 947 intellectum
1737 918 1773 947 et
1787 912 2040 956 voluntatem,
2056 910 2181 948 forma
2195 919 2251 948 est
2265 912 2315 949 ab
2334 921 2469 961 agente

1362 981 1370 1001 ς
1396 963 1550 1001 intenta.
1567 964 1653 1013 Ipsa
1668 972 1800 1000 autem
1815 963 2044 1001 universitas
2059 972 2323 1002 creaturarum
2339 966 2470 1003 Deum

1395 1017 1513 1054 habet
1541 1025 1752 1063 auctorem,
1773 1017 1840 1067 qui
1861 1025 1917 1054 est
1935 1029 2053 1066 agens
2077 1030 2149 1067 per
2167 1019 2408 1056 voluntatem
2434 1027 2471 1056 et

1396 1069 1643 1116 intellectum,
1664 1079 1706 1108 ut
1725 1083 1771 1108 ex
1799 1070 2021 1122 praemissis
2039 1071 2060 1093 '¹‘
2087 1079 2202 1121 patet.
2232 1072 2318 1110 Nec
2337 1072 2376 1110 in
2395 1072 2470 1110 vir-

1395 1131 1475 1161 tute
1504 1136 1574 1162 sua
1602 1124 1773 1162 defectus
1801 1124 1940 1174 aliquis
1968 1137 2051 1162 esse
2079 1133 2215 1174 potest,
2236 1133 2279 1162 ut
2301 1125 2356 1163 sic
2374 1125 2470 1164 defi-

1396 1177 1468 1214 ciat
1487 1190 1510 1214 a
1529 1190 1599 1215 sua
1618 1177 1848 1215 intentione:
1880 1190 1973 1216 cum
1997 1191 2068 1216 sua
2087 1178 2208 1216 virtus
2237 1179 2283 1216 sit
2308 1178 2469 1226 infinita,

1355 1251 1381 1267 ιο
1395 1238 1438 1267 ut
1473 1243 1590 1280 supra
1615 1231 1635 1253 ³²
1664 1239 1865 1269 ostensum
1903 1240 1969 1269 est.
2009 1232 2175 1282 Oportet
2212 1232 2325 1281 igitur
2361 1234 2470 1282 quod

1394 1284 1520 1322 forma
1539 1284 1710 1322 universi
1739 1284 1785 1322 sit
1813 1298 1835 1332 a
1863 1285 1949 1322 Deo
1979 1285 2123 1323 intenta
2152 1294 2189 1324 et
2216 1286 2345 1324 volita.
2376 1287 2470 1324 Non

1396 1345 1451 1375 est
1479 1337 1592 1385 igitur
1619 1350 1642 1375 a
1670 1350 1781 1376 casu:
1812 1351 1904 1377 casu
1933 1339 2038 1376 enim
2067 1351 2150 1377 esse
2179 1339 2344 1378 dicimus
2369 1353 2470 1390 quae

1394 1399 1546 1441 praeter
1574 1391 1830 1430 intentionem
1858 1392 2004 1441 agentis
2037 1401 2137 1430 sunt.
2168 1393 2314 1431 Forma
2338 1402 2470 1432 autem

1395 1444 1566 1482 universi
1581 1445 1753 1482 consistit
1771 1446 1811 1483 in
1831 1445 2075 1483 distinctione
2093 1455 2131 1484 et
2145 1446 2282 1485 ordine
2300 1447 2471 1496 partium

1355 1517 1378 1538 ¹5
1395 1498 1489 1535 eius.
1519 1499 1613 1535 Non
1642 1507 1698 1535 est
1725 1498 1838 1547 igitur
1865 1499 2057 1537 distinctio
2086 1512 2218 1537 rerum
2246 1512 2270 1538 a
2297 1512 2401 1538 casu.

1449 1552 1600 1589 Adhuc.
1631 1553 1672 1589 Id
1701 1553 1809 1602 quod
1847 1560 1903 1590 est
1940 1553 2093 1591 bonum
2130 1561 2167 1590 et
2199 1554 2395 1603 optimum
2429 1553 2470 1593 in

1395 1605 1547 1650 effectu,
1568 1613 1624 1642 est
1645 1605 1734 1643 finis
1761 1606 2029 1656 productionis
2057 1607 2190 1657 ipsius.
2221 1607 2299 1645 Sed
2318 1607 2471 1647 bonum

1395 1666 1431 1695 et
1459 1658 1654 1708 optimum
1683 1659 1855 1701 universi
1883 1659 2054 1697 consistit
2077 1660 2118 1698 in
2137 1660 2273 1698 ordine
2300 1660 2471 1711 partium

1395 1711 1478 1748 eius
1506 1712 1555 1749 ad
1584 1712 1764 1759 invicem,
1794 1713 1862 1762 qui
1891 1713 1974 1750 sine
2002 1713 2246 1752 distinctione
2275 1726 2359 1751 esse
2388 1726 2470 1753 non

268 1779 439 1815 quorum
464 1766 654 1803 distinctio
675 1774 730 1803 est
749 1778 771 1803 a
789 1766 926 1812 forma,
946 1777 1027 1803 non
1050 1765 1339 1814 distinguuntur
1354 1783 1380 1798 ιο
1394 1773 1536 1814 potest:
1557 1777 1628 1815 per
1647 1766 1753 1803 hunc
1772 1766 1878 1803 enim
1893 1766 2072 1804 ordinem
2093 1767 2323 1804 universum
2342 1767 2383 1804 in
2397 1779 2470 1806 sua

267 1832 377 1857 casu:
409 1820 475 1856 sed
504 1820 599 1857 forte
628 1832 673 1856 ea
702 1831 873 1869 quorum
903 1818 1093 1856 distinctio
1122 1827 1178 1855 est
1205 1831 1228 1855 a
1256 1831 1338 1856 ma-

267 1872 371 1910 teria.
403 1872 630 1922 Specierum
664 1880 795 1910 autem
828 1872 1018 1909 distinctio
1053 1879 1108 1908 est
1143 1884 1174 1909 a.
1193 1872 1335 1909 forma:

268 1925 519 1973 singularium
554 1934 685 1963 autem
720 1925 894 1963 eiusdem
930 1924 1071 1975 speciei
1107 1937 1130 1962 a
1164 1924 1335 1962 materia.

267 1978 467 2016 Distinctio
496 1978 609 2027 igitur
637 1991 767 2015 rerum
797 1979 1015 2016 secundum
1051 1977 1221 2026 speciem
1255 1990 1337 2014 non

265 2040 391 2081 potest
419 2044 501 2069 esse
530 2044 552 2069 a
580 2044 691 2069 casu:
723 2032 789 2068 sed
818 2032 913 2069 forte
942 2031 1164 2080 aliquorum
1200 2030 1335 2068 indivi-
1352 2049 1363 2063 ι

265 2085 436 2122 duorum
465 2097 576 2122 casus
604 2093 729 2135 potest
757 2097 840 2122 esse
869 2083 1118 2121 distinctivus.

319 2138 469 2175 Adhuc.
502 2138 604 2175 Cum
633 2138 792 2176 materia
821 2138 866 2174 sit
894 2137 1129 2188 principium
1159 2145 1195 2174 et
1220 2149 1336 2174 causa

266 2204 396 2228 rerum
424 2191 650 2238 casualium,
679 2200 721 2228 ut
749 2199 949 2229 ostensum
970 2199 1036 2237 est,
1057 2190 1096 2228 in
1116 2203 1256 2228 eorum
1284 2190 1336 2228 fa-

265 2245 390 2282 ctione
418 2253 542 2294 potest
571 2257 654 2282 esse
682 2257 794 2283 casus
822 2257 923 2295 quae
953 2257 998 2282 ex
1028 2244 1188 2282 materia
1221 2256 1336 2292 gene-

266 2307 408 2335 rantur.
440 2299 651 2336 Ostensum
671 2307 726 2335 est
746 2307 877 2336 autem
897 2310 1016 2347 supra
1033 2297 1054 2320 '⁸‘
1082 2298 1190 2348 quod
1210 2298 1336 2347 prima

265 2364 396 2389 rerum
425 2352 628 2401 productio
658 2351 696 2389 in
726 2365 808 2390 esse
837 2365 917 2390 non
946 2360 1002 2388 est
1026 2364 1072 2388 ex
1093 2351 1263 2389 materia.
1294 2353 1335 2389 In

265 2417 310 2442 ea
329 2404 441 2454 igitur
460 2418 571 2443 casus
590 2407 721 2443 locum
750 2405 893 2443 habere
913 2417 994 2443 non
1014 2413 1150 2455 potest.
1173 2405 1337 2455 Oportet

264 2467 395 2496 autem
415 2459 522 2508 quod
550 2459 676 2509 prima
705 2471 836 2497 rerum
864 2458 1069 2509 productio
1093 2471 1186 2496 cum
1206 2458 1336 2496 distin-

264 2511 389 2549 etione
417 2512 545 2550 fuerit:
583 2525 674 2550 cum
710 2514 831 2551 multa
867 2512 1114 2550 inveniantur
1147 2512 1187 2549 in
1220 2512 1336 2550 rebus

264 2565 398 2603 creatis
417 2579 518 2615 quae
538 2578 666 2616 neque
686 2578 730 2603 ex
752 2566 921 2604 invicem
943 2574 1187 2616 generantur,
1207 2578 1335 2616 neque

264 2631 310 2656 ex
339 2619 469 2668 aliquo
499 2631 579 2657 uno
608 2620 823 2666 communi,
853 2620 945 2670 quia
981 2632 1062 2657 non
1098 2619 1336 2657 conveniunt

264 2672 302 2708 in
331 2672 501 2710 materia.
532 2674 625 2710 Non
654 2681 710 2710 est
738 2673 851 2722 igitur
873 2673 1055 2724 possibile
1075 2673 1183 2723 quod
1204 2685 1335 2710 rerum

263 2725 452 2764 distinctio
482 2726 527 2763 sit
555 2739 578 2764 a
606 2738 709 2764 casu.

317 2780 423 2817 Item.
455 2780 583 2818 Causa
611 2792 682 2829 per
709 2792 749 2816 se
777 2780 885 2830 prior
912 2788 968 2818 est
996 2792 1042 2817 ea
1070 2791 1172 2829 quae
1191 2787 1246 2817 est
1265 2792 1336 2830 per

263 2832 451 2870 accidens.
484 2833 525 2871 Si
552 2833 665 2882 igitur
692 2832 905 2883 posteriora
935 2833 1008 2870 sint
1027 2846 1050 2870 a
1069 2845 1186 2871 causa
1205 2845 1275 2883 per
1293 2845 1334 2870 se
1363 2855 1376 2869 ο

262 2886 526 2932 determinata,
555 2886 834 2924 inconveniens
863 2894 919 2923 est
946 2886 1073 2924 dicere
1101 2886 1231 2937 priora
1251 2899 1334 2924 esse

263 2951 284 2975 a
319 2951 435 2977 causa
469 2952 540 2989 per
573 2939 751 2977 accidens
787 2939 1092 2977 indeterminata.
1133 2939 1333 2978 Distinctio

263 3001 392 3030 autem
413 3005 543 3030 rerum
563 2993 757 3043 praecedit
784 2993 1003 3031 naturaliter
1022 3001 1152 3031 motus
1178 3001 1214 3031 et
1241 3006 1333 3043 ope—

263 3046 428 3083 rationes
457 3059 605 3084 rerum:
637 3047 877 3084 determinati
906 3046 1011 3084 enim
1035 3055 1166 3085 motus
1185 3055 1221 3084 et
1241 3059 1333 3097 ope·

263 3099 428 3136 rationes
456 3108 545 3137 sunt
574 3102 703 3137 rerum
724 3100 1066 3138 determinatarum
1086 3108 1123 3137 et
1142 3100 1332 3138 distincta-

263 3164 362 3189 rum.
392 3154 525 3191 Motus
554 3162 685 3191 autem
715 3162 750 3190 et
779 3154 1023 3203 operationes
1051 3166 1182 3191 rerum
1202 3162 1291 3191 sunt
1310 3167 1333 3192 a

262 3205 386 3242 causis
414 3219 482 3256 per
511 3219 551 3244 se
580 3215 616 3244 et
645 3207 924 3244 determinatis:
960 3219 1052 3245 cum
1087 3207 1333 3245 inveniantur

263 3267 327 3295 aut
346 3272 500 3310 semper
525 3268 591 3298 aut
619 3260 657 3297 in
686 3260 862 3310 pluribus
882 3273 927 3298 ex
947 3260 1026 3298 suis
1046 3260 1170 3298 causis
1190 3261 1331 3299 eodem

263 3313 382 3349 modo
411 3314 633 3362 procedere.
665 3315 766 3362 Ergo
796 3323 832 3352 et
861 3313 1050 3352 distinctio
1080 3326 1210 3351 rerum
1235 3322 1290 3351 est
1309 3327 1332 3352 a

320 3421 350 3444 14
369 3414 399 3438 ab
420 3414 529 3439 invicem
549 3415 582 3444 Z;
601 3415 633 3439 ad
653 3415 762 3440 invicem
783 3415 877 3440 EGNY
896 3418 923 3440 et
938 3418 1002 3447 post
1021 3415 1155 3440 distinctae
1173 3416 1264 3442 ceteri.

263 3456 275 3471 a
296 3456 366 3474 casu.
456 3458 470 3474 a
489 3450 604 3484 materia]
624 3451 731 3476 materia
750 3451 806 3476 DX.
898 3450 929 3477 25
950 3451 1016 3476 sorte
1035 3457 1078 3475 om
1099 3451 1175 3477 NYZ.

264 3483 364 3508 stinctio
384 3485 428 3510 sN.

318 3525 328 3543 1
351 3519 412 3553 non]
433 3528 484 3544 non
497 3526 583 3546 autern
597 3521 627 3552 C.
647 3528 672 3546 et
689 3529 741 3547 non
756 3522 805 3547 ΡΑ.
886 3529 954 3555 quae
967 3521 1012 3555 (cs.
1028 3521 1079 3554 364
1097 3529 1111 3546 a
1122 3520 1164 3555 6)]
1184 3522 1228 3555 qui
1243 3522 1323 3548 WPc.

264 3562 330 3585 quae
344 3560 383 3579 est
397 3563 411 3579 a
424 3563 484 3580 casu
497 3563 581 3588 supra
596 3557 661 3590 ras.)
681 3557 859 3582 determinata.

264 3594 303 3612 est
316 3589 367 3619 NZ,
380 3596 439 3615 sunt
454 3592 551 3622 agentis
564 3593 654 3618 ceteri.

265 3624 358 3657 strinxit]
373 3625 463 3650 Divisit
476 3626 568 3652 GNPc.
652 3628 683 3652 30
698 3628 860 3662 ostendatur]
874 3629 992 3654 videatur
1006 3629 1038 3653 D.

264 3658 359 3684 habere
374 3660 403 3684 D.
482 3661 514 3685 38
527 3662 669 3696 ordinante}
685 3665 801 3688 ordinate
816 3664 846 3695 E,
861 3665 977 3689 ordinata
991 3664 1020 3694 Z,
1033 3664 1177 3689 ordinantis
1189 3663 1284 3689 YsNP.

264 3699 290 3719 et
309 3695 435 3727 positione
447 3697 469 3720 Α
482 3697 568 3728 εοΙιιε;
587 3699 714 3730 positione
728 3705 751 3724 et
765 3700 865 3724 ordine.

1344 3423 1376 3450 ¹9
1395 3416 1435 3448 ea]
1456 3423 1487 3441 ea
1506 3421 1594 3441 autem
1613 3416 1721 3442 eNZPc.

1275 3450 1307 3476 26
1327 3451 1423 3486 potest]
1443 3459 1495 3477 non
1514 3457 1601 3485 potest
1620 3459 1646 3478 α.

518 3485 552 3517 43
572 3491 659 3511 motus
679 3492 704 3511 et
722 3487 887 3518 operationes
906 3487 1019 3520 (motum
1039 3491 1064 3511 et
1082 3486 1262 3519 operationem
1282 3486 1335 3520 pA)
1354 3488 1377 3512 Α
1395 3487 1480 3518 solus;
1499 3492 1599 3512 motum
1619 3492 1645 3512 et
1663 3487 1827 3520 operationes
1845 3486 1935 3512 ceteri.

948 3564 979 3584 12
999 3565 1060 3582 esse
1078 3557 1121 3583 hic
1133 3558 1155 3582 Α
1169 3558 1335 3590 ³01u33post
1354 3558 1474 3585 dicimus.

742 3593 772 3618 15
794 3601 882 3618 rerum
898 3593 946 3623 Pc;
965 3601 1056 3618 earum
1071 3593 1104 3624 Y,
1119 3593 1174 3618 eiua
1189 3593 1220 3624 D,
1236 3601 1327 3618 eorum
1340 3594 1430 3619 ceteri.

1122 3628 1155 3660 34
1170 3629 1256 3653 solum
1271 3628 1305 3663 et]
1320 3629 1405 3654 solum
1422 3629 1453 3660 D,
1466 3630 1551 3654 solam
1564 3635 1590 3655 et
1603 3629 1646 3655 Pe.

947 3699 979 3731 45
1000 3699 1139 3733 ponebant]
1160 3700 1272 3733 ponebat
1286 3701 1309 3725 Α
1323 3707 1395 3726 casu.

1394 1818 1575 1856 totalitate
1604 1819 1863 1866 constituitur,
1892 1832 1994 1869 quae
2027 1828 2083 1858 est
2111 1820 2305 1871 optimum
2335 1821 2468 1871 ipsius.

1394 1873 1478 1921 Ipse
1513 1871 1627 1920 igitur
1664 1873 1761 1911 ordo
1796 1872 1966 1922 partium
2001 1873 2172 1912 universi
2207 1882 2244 1911 et
2279 1873 2470 1913 distinctio

1394 1936 1530 1962 earum
1565 1933 1622 1962 est
1649 1925 1738 1962 finis
1766 1925 2034 1975 productionis
2067 1926 2250 1965 universi.
2285 1927 2380 1968 Non
2414 1935 2470 1966 est

1394 1977 1507 2025 igitur
1534 1977 1724 2015 distinctio
1755 1990 1887 2016 rerum
1915 1991 1939 2016 a
1966 1991 2071 2017 casu.

1448 2031 1560 2068 Hanc
1588 2039 1718 2069 autem
1747 2032 1949 2070 veritatem
1979 2033 2096 2070 Sacra
2125 2033 2322 2083 Scriptura
2349 2033 2470 2083 profi-

1393 2091 1510 2121 tetur:
1539 2092 1582 2121 ut
1601 2092 1704 2134 patet
1727 2086 1820 2122 Gen.
1842 2098 1863 2132 1,
1883 2085 1963 2132 ubi,
1983 2098 2076 2123 cum
2094 2086 2224 2135 primo
2243 2086 2402 2134 dicatur,
2422 2089 2469 2125 In

1388 2137 1579 2188 principio
1599 2140 1738 2176 creavit
1752 2140 1855 2176 Deus
1873 2140 2019 2177 caelum
2039 2145 2073 2176 et
2091 2145 2245 2188 terram,
2261 2139 2469 2190 subiungit,

1394 2191 1570 2229 Distinxit
1597 2192 1697 2229 Deus
1724 2193 1845 2230 lucem
1865 2205 1889 2230 a
1907 2194 2077 2239 tenebris,
2099 2201 2135 2230 et
2154 2192 2207 2231 sic
2226 2193 2276 2233 de
2294 2193 2394 2231 aliis:
2430 2202 2471 2232 ut

1393 2256 1474 2282 non
1494 2246 1623 2282 solum
1643 2257 1775 2283 rerum
1794 2245 1947 2292 creatio,
1963 2246 2032 2284 sed
2051 2245 2167 2284 etiam
2186 2258 2319 2284 rerum
2338 2246 2470 2286 distin-

1353 2316 1378 2335 ιο
1393 2297 1468 2335 ctio
1487 2310 1510 2335 a
1535 2298 1621 2335 Deo
1642 2311 1725 2336 esse
1745 2299 1980 2345 ostendatur,
2000 2311 2081 2337 non
2100 2312 2123 2337 a
2141 2312 2246 2346 casu,
2267 2301 2334 2338 sed
2358 2300 2470 2351 quasi

1393 2351 1545 2388 bonum
1565 2360 1602 2389 et
1616 2352 1810 2402 optimum
1826 2352 2007 2390 universi.
2027 2353 2138 2391 Unde
2153 2353 2349 2391 subditur:
2375 2355 2470 2392 Vidit

1392 2405 1494 2442 Deus
1513 2411 1647 2443 cuncta
1667 2418 1763 2456 quae
1778 2407 1941 2455 fecerat,
1962 2412 1995 2444 et
2014 2412 2122 2444 erant
2140 2407 2248 2445 valde
2265 2409 2376 2445 bona.

1447 2459 1520 2496 Per
1549 2460 1646 2496 haec
1674 2467 1805 2497 autem
1830 2460 2045 2498 excluditur
2063 2459 2197 2510 opinio
2217 2460 2469 2511 antiquorum

1392 2512 1638 2550 Naturalium
1654 2512 1886 2563 ponentium
1901 2526 2061 2552 causam
2080 2513 2320 2552 materialem
2339 2515 2467 2552 solum

1353 2584 1375 2605 ις
1393 2574 1429 2603 et
1457 2578 1591 2612 unam,
1611 2578 1657 2604 ex
1678 2579 1756 2616 qua
1785 2567 1919 2604 omnia
1938 2566 2083 2604 fiebant
2103 2567 2253 2605 raritate
2282 2576 2319 2605 et
2342 2567 2468 2606 densi-

1392 2627 1467 2657 tate
1477 2619 1512 2671 ξ’.
1543 2620 1627 2656 Hos
1655 2620 1761 2657 enim
1786 2632 1942 2657 necesse
1961 2628 2017 2658 est
2036 2620 2163 2658 dicere
2181 2621 2468 2659 distinctionem

1392 2685 1523 2710 rerum
1561 2685 1658 2723 quas
1694 2673 1733 2710 in
1768 2673 1953 2711 universo
1987 2673 2188 2721 videmus,
2218 2686 2297 2712 non
2326 2687 2373 2712 ex
2401 2673 2467 2713 ali-

1392 2725 1503 2764 cuius
1522 2726 1724 2764 ordinante
1743 2725 1956 2765 intentione
1975 2727 2216 2778 provenisse,
2231 2728 2299 2766 sed
2319 2740 2366 2766 ex
2385 2740 2467 2766 ma-

1391 2779 1507 2817 teriae
1536 2779 1692 2817 fortuito
1721 2785 1845 2818 motu‘.

1445 2833 1628 2871 Similiter
1656 2833 1772 2871 etiam
1801 2834 2017 2872 excluditur
2045 2833 2179 2884 opinio
2199 2834 2412 2872 Democriti
2430 2842 2467 2872 et

1390 2886 1614 2937 Leucippi*
1627 2887 1859 2936 ponentium
1879 2886 2028 2925 infinita
2042 2887 2230 2938 principia
2245 2887 2475 2935 materialia,

1391 2939 1530 2977 scilicet
1549 2939 1793 2978 indivisibilia
1812 2952 1978 2991 corpora
2004 2940 2180 2979 eiusdem
2209 2948 2368 2979 naturae
2397 2941 2466 2979 sed

1390 2993 1605 3031 differentia
1624 2993 1768 3042 figuris,
1788 2994 1924 3032 ordine
1944 3002 1981 3032 et
1999 2993 2203 3044 positione,
2223 3006 2270 3032 ex
2292 3006 2465 3045 quorum

1390 3059 1583 3085 concursu
1603 3069 1627 3074 -—
1648 3060 1769 3097 quem
1797 3047 2000 3097 oportebat
2028 3060 2111 3085 esse
2138 3047 2351 3094 fortuitum,
2372 3059 2465 3086 cum

1348 3122 1372 3142 ⁴5
1389 3113 1549 3138 causam
1568 3109 1745 3149 agentem
1765 3109 1949 3149 negarent
1967 3123 1992 3128 —
2012 3101 2211 3151 ponebant
2230 3113 2313 3138 esse
2338 3101 2464 3139 diver—

1389 3154 1539 3191 sitatem
1567 3154 1607 3191 in
1636 3154 1762 3200 rebuS,
1782 3162 1942 3204 propter
1969 3163 2043 3192 tres
2072 3154 2286 3204 praedictas
2313 3162 2463 3192 atomo-

1389 3220 1477 3245 rum
1507 3207 1751 3254 differentias,
1777 3207 1916 3245 scilicet
1943 3207 2102 3256 figurae,
2123 3206 2268 3245 ordinis
2296 3214 2333 3244 et
2359 3205 2462 3256 posi-

2498 1075 2507 1084 ·
2514 1073 2714 1102 Cap.xxui,xx=v.

2498 1235 2507 1243 ·
2515 1233 2565 1257 Lib.
2571 1234 2592 1262 1,
2597 1239 2714 1261 capsi-m.

2496 2626 2504 2637 ¹
2521 2625 2559 2649 ef.
2575 2626 2712 2656 luetapn„

2497 2658 2550 2681 cap.
2560 2658 2597 2681 m,
2607 2659 2638 2676 iv.

2494 2893 2503 2903 ⁸
2518 2891 2554 2915 cf.
2570 2892 2628 2915 ibid.

1388 3260 1522 3306 tionis;
1546 3261 1651 3298 unde
1672 3261 1906 3311 sequebatur
1925 3260 2208 3299 distinctionem
2227 3271 2359 3297 rerum
2378 3271 2462 3297 esse
2493 3311 2495 3313 q

1388 3313 1595 3352 fortuitam.
1622 3314 1742 3361 Quod
1771 3327 1818 3352 ex
1846 3314 2066 3364 praemissis
2084 3321 2187 3364 patet
2205 3324 2289 3350 esse
2307 3312 2458 3350 falsum.

1814 3423 1847 3441 20
1866 3424 1880 3442 a
1898 3416 1983 3441 forma
2000 3415 2087 3446 Zch5
2105 3414 2198 3440 forma.
2291 3422 2318 3440 21
2341 3422 2404 3441 casu
2423 3415 2460 3448 D;

1746 3450 1915 3485 distinctivus]
1935 3450 2072 3477 distinctus
2091 3449 2188 3482 ENZP,
2207 3450 2352 3476 distinctius
2370 3451 2404 3483 G,
2423 3452 2461 3478 di-

1406 3530 1419 3547 2
1440 3522 1645 3557 indeterminata]
1665 3528 1691 3548 et
1709 3522 1908 3548 indeterminata
1925 3521 1997 3552 DW;
2011 3521 2034 3546 N
2049 3521 2142 3546 habet:
2160 3529 2212 3546 non
2230 3520 2328 3555 (autem
2349 3529 2363 3548 a
2381 3529 2460 3548 eausa

1561 3559 1592 3584 13
1612 3558 1712 3591 agentis
1731 3563 1793 3584 sunt
1811 3557 1920 3587 13va3
1940 3557 2022 3590 (quod
2039 3562 2143 3590 praeter
2161 3557 2342 3592 intentionem)
2359 3558 2460 3592 agentia

1517 3601 1550 3628 19
1570 3594 1626 3619 eius
1646 3594 1682 3626 ὓς
1701 3594 1791 3627 ipsius.
1882 3592 1915 3619 23
1934 3591 2034 3626 earum]
2054 3600 2145 3618 eorum
2159 3593 2278 3620 aNXYZ.
2362 3593 2395 3618 28
2415 3593 2459 3618 Di-

1730 3628 1762 3654 36
1776 3629 1832 3653 Hos
1845 3628 1972 3659 GaEch3
1987 3628 2044 3653 Hoc
2057 3628 2106 3661 pN,
2118 3629 2172 3654 Has
2190 3629 2281 3654 ceteri.
2363 3628 2459 3662 dicere]

1361 3672 1391 3696 4¹
1410 3664 1543 3698 Leucippi]
1559 3665 1684 3698 Leusippi
1699 3664 1730 3696 D,
1745 3663 1837 3696 eulipsi
1852 3664 1880 3695 B,
1895 3662 2001 3696 Leucipi
2015 3663 2046 3695 N,
2060 3664 2198 3698 Leulinppi
2210 3664 2249 3689 X.·
2318 3663 2352 3696 43
2367 3664 2458 3690 ordine

1477 3700 1512 3732 46
1531 3705 1584 3725 tres
1597 3707 1639 3726 om
1655 3699 1739 3731 aDW,
1754 3702 1819 3732 post
1830 3699 1973 3731 praedictas
1989 3699 2031 3725 Pe.
2114 3705 2261 3730 atomorum
2274 3706 2317 3725 om
2333 3699 2457 3725 EGNYZ.
