2664 4120
255 252 276 276 L

666 315 772 356 Capp.
796 325 836 351 ιι,
862 325 913 345 ιιι.

252 382 323 413 Init.
347 390 417 421 cap.
442 390 481 410 ιν
504 396 524 402 -
549 388 620 419 cap.
647 379 689 417 54
711 377 801 409 APS.

250 426 348 458 Num.
373 435 407 455 111
430 423 485 455 fin.
514 424 595 454 Utro
621 423 717 454 modo
742 440 762 446 -
788 423 1016 463 Utrocumque
1040 421 1142 453 modo
1167 421 1202 454 P.

701 494 783 535 Cap.
808 504 872 524 Lm.

248 559 347 590 Num.
372 568 382 588 ι
406 563 480 588 ante
496 556 582 589 med.
615 557 752 598 aliquod
783 556 968 587 absolutum
993 574 1014 577 —
1041 555 1165 596 aliquid
1197 554 1327 585 absolu-

519 607 590 632 tum
614 602 649 634 P.

296 661 309 674 »
375 662 388 673 »
415 647 436 677 l.
467 647 502 678 15
521 657 539 677 a
555 646 610 677 fin.
629 646 692 677 col.
709 646 878 686 conceptio
896 646 958 676 ista
971 663 993 667 --
1005 645 1180 684 conceptio
1198 644 1267 684 ipsa
1291 643 1326 674 P.

294 706 308 718 »
373 706 386 719 »
413 697 488 733 post
511 701 533 731 4
557 692 613 723 lin.
637 691 758 732 species
790 690 1006 732 intelligibilis
1036 707 1057 712 -
1082 689 1144 719 Pro
1170 689 1327 730 intelligi-

515 736 599 771 bilis,
624 736 648 766 P
665 735 905 767 intellectualis.
931 735 976 765 lta
1000 734 1147 774 saepius:
1172 743 1233 765 nec
1258 743 1327 764 am-

517 781 603 822 plius
634 786 798 811 notamus.

295 839 309 852 »
370 836 404 856 ιιι
427 825 514 857 med.
539 835 639 856 causa
663 826 707 856 sit
729 843 751 847 —
773 826 816 855 sit
839 834 906 856 om.
930 824 992 854 AS.

296 883 308 896 1·
370 880 402 901 Π
425 876 500 912 post
524 869 610 902 med.
635 869 849 911 apprehendit
873 886 897 893 -·
924 867 1178 909 apprehenditur
1209 868 1276 898 AP.
1303 885 1327 889 -

515 915 592 946 Post
615 924 719 955 pauca
744 924 803 955 pro
828 918 903 944 actu
928 923 1006 948 esse,
1033 918 1142 943 actum
1167 922 1237 943 esse
1260 912 1324 945 AS.

294 973 307 985 »
367 969 388 989 v
410 960 480 992 init.
503 959 549 990 Et
566 970 630 1000 per
652 969 852 1000 consequens
876 958 959 989 nihil
982 963 1029 988 est
1052 975 1074 979 —
1097 957 1142 988 Et
1164 963 1262 998 atque
1279 962 1327 988 est

516 1014 582 1035 om.
612 1004 646 1035 P.

294 1061 307 1074 ¹·
372 1062 386 1075 »
414 1058 445 1089 p.
475 1049 546 1086 153,
572 1049 593 1080 1.
621 1050 636 1079 5
663 1058 747 1090 quae
762 1053 810 1079 est
831 1047 953 1089 species
970 1046 1327 1088 intelligibilis-quae

514 1099 562 1124 est
576 1094 697 1134 species
720 1094 903 1124 intellectus
926 1093 962 1125 P.

371 1150 384 1164 »
412 1147 493 1168 vers.
518 1138 573 1169 fin.
592 1139 702 1169 omnia
719 1139 787 1169 alia
806 1137 915 1169 videat
930 1156 951 1160 -
968 1137 1079 1168 omnia
1101 1136 1162 1168 alia
1178 1136 1266 1168 videt
1289 1136 1324 1169 P.

292 1195 305 1208 »
362 1192 418 1213 vm
434 1183 502 1215 init.
516 1183 681 1224 quandam
696 1183 908 1214 intentionem
923 1182 1119 1214 intellectam
1130 1181 1326 1223 —quandam

512 1227 768 1259 intellectionem
779 1227 977 1259 intellectam
990 1227 1056 1260 AP.
1069 1244 1088 1250 -
1099 1226 1136 1258 S:
1149 1227 1326 1269 quamdam

512 1272 763 1304 intellectionem
781 1272 1026 1314 (intentionem)
1045 1272 1243 1304 intellectam
1261 1271 1327 1313 (rei

510 1317 720 1359 intellectae).
745 1337 767 1341 -
792 1317 844 1351 Cf.
870 1324 959 1355 text„
984 1323 1016 1349 et
1040 1327 1137 1358 supra
1159 1327 1193 1348 n.
1215 1328 1226 1348 1
1249 1323 1326 1358 post

512 1363 612 1400 med„
636 1373 671 1394 ιιι
687 1362 755 1400 fin„
779 1373 801 1395 v
816 1362 885 1400 fin„
910 1363 1047 1394 intentio
1073 1362 1248 1395 intellecta.

694 1433 775 1475 Cap.
801 1443 862 1466 mv.

239 1497 338 1529 Num.
363 1508 387 1528 n
410 1502 486 1538 post
508 1496 594 1529 med.
619 1497 803 1537 accipiatur
825 1496 897 1527 sine
919 1496 988 1527 alio
1012 1514 1035 1518 -
1059 1497 1236 1537 accipiatur
1254 1497 1324 1527 sine

512 1542 613 1573 altero
637 1541 696 1572 PS.

290 1601 302 1614 »
363 1597 384 1618 v
407 1586 464 1618 fin.
491 1592 527 1618 ut
548 1586 647 1618 sibi-
667 1596 726 1627 pro
749 1586 821 1622 sibi,
846 1586 897 1617 illi
921 1585 978 1618 PS.
1003 1586 1081 1617 Non
1106 1585 1247 1627 amplius
1262 1595 1323 1617 no·

512 1637 630 1664 tamus.
643 1650 665 1654 -
675 1631 753 1662 Post
768 1641 874 1673 pauca
890 1641 951 1672 pro
967 1631 1084 1672 seipsa,
1098 1632 1239 1673 seipsam
1255 1631 1322 1662 AP.

290 1691 303 1704 »
363 1687 396 1708 vx
419 1676 476 1709 fin.
503 1676 618 1718 [quod]
644 1686 712 1707 om.
736 1676 826 1709 APS.

289 1736 303 1749 »
365 1731 419 1752 vn.
448 1721 510 1759 Qu.
535 1732 607 1753 xnvr
631 1740 654 1744 -
677 1722 707 1752 A
731 1731 786 1762 qu.
812 1722 850 1758 63
876 1721 901 1752 P
926 1731 981 1762 qu.
1007 1721 1060 1762 96.

697 1792 779 1833 Cap.
804 1802 854 1825 nv.

240 1856 312 1888 lnit.
336 1864 407 1896 cap.
432 1863 641 1887 1.vr1...1.v111
666 1871 689 1876 -
713 1863 783 1895 cap.
812 1854 852 1885 56
929 1855 969 1894 57
994 1854 1061 1886 ΑΡ.

239 1900 339 1933 Num.
364 1909 375 1930 1
398 1905 473 1940 post
496 1898 582 1931 med.
608 1898 755 1929 Notatur
777 1916 799 1922 -
822 1899 1014 1930 Notandum
1038 1898 1095 1931 PS.

287 1959 300 1972 »
360 1954 382 1975 v
404 1950 479 1975 ante
502 1943 589 1976 med.
615 1953 679 1974 non
699 1953 799 1984 posse
822 1962 844 1966 —
868 1953 937 1975 non
965 1950 1076 1984 posset
1099 1944 1139 1975 A.

287 2003 300 2016 ›
361 1998 415 2026 xn,
445 1997 471 2020 1.
497 1988 634 2020 intuitus
658 1989 728 2019 eius
751 2007 774 2011 -
797 1988 982 2019 intellectus
1006 1989 1076 2020 eius
1100 1988 1135 2020 P.

285 2047 300 2062 ι
367 2048 380 2060 »
437 2033 467 2066 3.
490 2033 580 2075 quod
597 2033 700 2074 plura
718 2033 851 2074 possint
865 2051 886 2056 -
904 2032 996 2075 quod
1011 2033 1105 2075 plura
1121 2038 1261 2074 possunt
1283 2032 1320 2064 P.

286 2094 299 2106 2-
360 2089 416 2109 xm
440 2077 496 2109 fin.
533 2079 631 2110 etiam
655 2079 854 2110 auctoritate
889 2096 910 2102 -
934 2078 996 2109 Pro
1033 2079 1143 2114 etiam,
1179 2083 1211 2109 et
1244 2076 1319 2115 AS;

509 2133 576 2156 om.
600 2123 635 2156 P.

694 2176 742 2208 Ca
769 2202 776 2209 .
801 2187 862 2209 ινι.

362 2249 385 2269 ιι
408 2245 482 2280 post
510 2238 596 2271 med.
615 2247 680 2280 per
708 2186 790 2280 opis
819 2238 1002 2270 intellectus
1026 2238 1195 2279 possibilis
1218 2255 1238 2261 -
1262 2247 1320 2278 per

510 2293 594 2324 opus
618 2283 803 2315 intellectus
826 2283 1014 2324 potentialis
1036 2283 1072 2316 P.

287 2342 300 2356 »
362 2338 397 2359 111
421 2328 477 2361 fin.
502 2328 604 2361 Eccli.
629 2338 705 2359 xxm
729 2347 750 2352 -
775 2329 876 2360 Eccli.
903 2327 942 2359 33
962 2329 1004 2364 P;
1029 2328 1130 2360 Eccli.
1154 2337 1210 2359 xm
1233 2328 1266 2360 S.

237 2239 338 2272 Num.

687 2399 770 2441 Cap.
795 2410 869 2433 nvn.

238 2464 337 2496 Num.
361 2474 372 2494 1
396 2462 480 2494 med.
487 2463 599 2504 primo
612 2462 804 2495 ...secundo
821 2481 843 2485 —
856 2463 999 2504 primum
1061 2463 1244 2495 secundum
1260 2463 1319 2498 PS.

681 2533 763 2575 Cap.
788 2544 874 2567 Lvm.

361 2607 383 2628 ιι
406 2596 492 2629 med.
517 2606 631 2628 sensus
649 2597 867 2638 propriorum
890 2597 1091 2629 sensibilium
1111 2615 1134 2622 -
1157 2607 1271 2630 sensus
1286 2599 1320 2630 in

507 2642 645 2683 propriis
669 2642 874 2673 sensibilibus
897 2642 955 2675 PS.
980 2642 1053 2675 Vid.
1078 2648 1154 2676 text.

236 2597 335 2630 Num.

689 2712 771 2754 Cap.
797 2724 859 2746 ux.

360 2786 371 2806 1
395 2780 468 2806 ante
493 2774 579 2806 med.
604 2775 661 2806 sed
678 2775 762 2806 illud
784 2776 873 2817 quod
887 2793 908 2800 -
925 2776 981 2807 sed
999 2776 1039 2808 ad
1055 2777 1136 2808 illud
1153 2777 1245 2819 quod
1261 2778 1320 2812 PS.

507 2820 581 2852 Vid.
605 2825 683 2852 text.

286 2880 298 2892 »
358 2875 402 2902 ιιι,
424 2873 435 2895 ι
464 2864 521 2897 fin.
547 2864 620 2896 idea
645 2865 796 2896 nominat
818 2883 842 2888 —
865 2865 972 2897 ideam
997 2868 1146 2898 nominat
1170 2867 1204 2899 P.

285 2924 298 2937 ›
362 2920 394 2941 ιν
419 2909 505 2940 med.
530 2909 588 2940 secl
618 2910 698 2941 bene
721 2911 926 2951 complexum
950 2928 973 2935 -
995 2911 1051 2943 sed
1076 2912 1159 2943 bene
1190 2913 1317 2944 incom-

508 2954 640 2995 plexum
665 2955 700 2985 P.

363 3011 378 3026 »
428 2998 485 3030 fin.
511 3009 577 3030 uno
651 3000 757 3030 altero
782 3018 803 3021 —
829 3001 1065 3033 una...altera
1089 3001 1147 3035 PS.

284 3058 297 3070 »
358 3053 400 3076 vi.
425 3053 527 3085 supra
551 3049 660 3075 actum
683 3062 707 3067 -
729 3053 828 3084 super
851 3051 959 3076 actum
984 3046 1019 3078 P.

284 3102 296 3114 ι
357 3098 399 3126 ix,
418 3097 444 3126 1,
461 3089 482 3122 1,
501 3088 550 3122 13.
562 3089 693 3130 primae
705 3090 892 3130 operationi
907 3092 1057 3132 —primae
1069 3092 1270 3133 operationis
1282 3091 1317 3124 P.

419 3148 430 3159 »
470 3139 545 3174 post
568 3134 654 3165 med.
683 3132 728 3175 (p.
750 3134 825 3176 ¹7¹)
852 3135 1048 3178 quandoque
1079 3142 1158 3168 nota
1173 3156 1194 3161 -
1213 3147 1317 3179 quan-

507 3178 618 3220 doque
642 3185 709 3210 tota
734 3179 792 3212 PS.

419 3237 431 3249 »
467 3229 541 3264 post
554 3233 668 3265 pauca.
677 3224 841 3266 contingit
857 3234 973 3256 errare
985 3244 1005 3248 -
1016 3227 1152 3267 contigit
1165 3236 1269 3258 errare
1281 3226 1316 3258 P.

286 3281 298 3292 »
360 3277 389 3300 x.
414 3277 456 3298 ex
479 3278 544 3309 quo
569 3285 590 3292 —
615 3278 653 3299 ex
679 3278 744 3309 qua
768 3269 827 3300 PS.

286 3325 298 3336 »
360 3321 390 3341 xi
414 3312 469 3345 fin.
490 3323 554 3354 per
575 3323 610 3344 se
641 3314 767 3344 claudit
796 3331 817 3337 -
849 3323 907 3354 per
934 3325 967 3346 se
995 3315 1157 3347 clauditur
1180 3316 1270 3349 APS.
1294 3334 1317 3339 -

507 3357 620 3388 Statim
655 3367 716 3398 pro
755 3359 843 3399 quod
879 3360 921 3390 sit
957 3361 1115 3401 aequalis,
1154 3370 1239 3402 quae
1278 3362 1318 3392 sit

507 3403 650 3443 aequalis
674 3402 707 3435 S.

288 3458 300 3469 ι
360 3454 413 3481 xn,
435 3453 445 3475 ι
468 3445 523 3477 fin.
549 3447 768 3478 enunciabilia
793 3465 813 3471 —
839 3450 1053 3480 enuntiabilis
1077 3449 1136 3482 PS.

366 3504 378 3515 ›
431 3500 453 3530 4
477 3497 551 3531 post
574 3492 660 3524 med.
687 3493 834 3523 rationes
865 3493 1150 3535 incomplexorum
1174 3512 1195 3518 -
1219 3496 1317 3526 ratio-

505 3545 581 3567 nem
606 3537 892 3577 incomplexorum
919 3539 952 3569 P.

287 3590 299 3602 »
361 3587 424 3614 xm,
448 3586 455 3608 ι
479 3579 563 3610 med.
589 3581 692 3621 ipsum
717 3582 853 3622 [autem]
871 3601 893 3606 -
917 3589 1025 3614 autem
1043 3594 1110 3615 om.
1135 3584 1224 3615 APS.
1243 3584 1317 3618 vid.

508 3624 606 3664 paulo
631 3625 686 3657 inf.
713 3626 816 3667 ipsum
842 3633 960 3658 autem.

236 2776 336 2809 Num.

1384 312 1484 345 Num.
1509 322 1575 350 xm,
1601 323 1620 344 2
1644 319 1719 344 ante
1742 314 1829 346 med.
1853 319 1918 346 art.
1942 324 1961 346 2
1983 333 2007 338 -
2029 320 2088 346 art.
2116 323 2129 346 1
2156 316 2247 349 APS.

1434 371 1447 383 »
1508 367 1562 388 x1v
1584 363 1660 389 ante
1682 358 1770 390 med.
1787 369 1889 400 usque
1899 359 1945 391 ad
1960 359 2229 401 compositionem
2245 379 2268 385 -
2282 361 2327 393 ad
2342 372 2410 394 om.
2426 364 2465 395 A.

1656 402 1730 434 Vid.
1755 409 1850 440 text.;
1875 409 1907 435 et
1930 403 2014 435 infra
2036 404 2102 441 hoc
2125 414 2234 447 parag.
2258 415 2341 438 vers.
2364 406 2421 439 fin.

1434 459 1447 472 ⁷>
1509 456 1551 477 xv
1573 447 1643 478 init.
1668 457 1740 488 cap.
1764 458 1797 480 ιι.
1821 447 1845 471 -’
1867 448 1951 490 Cap.
1976 459 2011 479 111
2033 449 2124 481 APS.

1836 519 1919 562 Cap.
1944 530 2006 552 Lxx.

1385 581 1458 613 Init.
1483 583 1627 614 ostendit
1651 582 1685 625 (Ι.
1713 582 1743 625 ι)
1772 603 1792 607 -
1815 583 2042 618 determinavit
2064 585 2100 617 P.

1384 626 1456 658 Fin.
1483 628 1642 669 [Primae]
1667 628 1764 662 Ioan.
1788 648 1810 652 —
1829 630 1963 662 Primae
1985 641 2054 663 om.
2077 630 2145 662 ΑΡ.

1835 707 1919 749 Cap.
1942 718 2016 740 un.

1384 768 1485 800 Num.
1510 779 1530 799 1.
1555 778 1614 800 ens
1636 774 1669 800 et
1692 779 1806 801 verum
1821 787 1844 794 -
1860 779 1918 802 ens
1941 776 1974 802 et
1996 780 2102 802 unum
2126 771 2217 803 APS.
2241 771 2316 803 vid.
2341 777 2418 805 text.

1433 827 1446 841 ι
1512 828 1526 840 >
1556 813 1989 848 fin.ad5-ad15PS.

1831 891 1914 933 Cap.
1939 901 2025 925 um.

1383 953 1463 985 Post
1479 953 1567 985 med.
1589 953 1719 991 Quarto
1791 954 1856 986 nisi
1878 964 1900 986 a
1923 955 2053 986 volente
2073 972 2099 978 —
2171 956 2235 987 nisi
2258 965 2277 987 a
2299 956 2469 988 voluntate

1654 998 1745 1075 ῃΑΡΞἑ
1767 998 1844 1076 grid.
1861 1004 1956 1036 text.;
1974 1005 2007 1031 et
2018 999 2112 1038 infra,
2130 999 2264 1034 Comm.
2276 1009 2349 1043 cap.
2360 1011 2468 1038 txvm,

1836 1121 1920 1163 Cap.
1944 1133 2016 1156 ιη.

1382 1183 1483 1216 Num.
1508 1195 1530 1217 1.
1553 1184 1618 1216 Pro
1637 1184 1779 1236 primus,
1802 1184 1829 1215 P
1851 1185 1978 1226 primus
2002 1190 2070 1223 εσυ
2101 1194 2163 1227 pro
2191 1186 2261 1217 alio
2284 1186 2395 1224 modo,
2418 1186 2468 1219 PS

1431 1288 1444 1301 »
1505 1284 1537 1307 v.
1565 1228 1748 1312 Quinagps:
1771 1274 1898 1313 Quarto
1922 1274 1986 1306 AS.

1509 1334 1522 1346 »
1565 1329 1583 1350 2
1608 1324 1683 1351 ante
1706 1318 1794 1352 med.
1829 1319 1981 1351 diversae
2014 1319 2153 1352 virtutes
2185 1338 2208 1344 -
2235 1320 2380 1353 diversae
2402 1321 2466 1352 vir—

1429 1422 1443 1436 »
1509 1423 1522 1436 »
1565 1423 1579 1436 »
1606 1364 1793 1451 poppa&-
1816 1420 1846 1452 ς.
1870 1419 1986 1442 mxxxvi
2007 1428 2030 1433 —
2049 1419 2082 1452 q.
2107 1409 2127 1442 8
2150 1409 2216 1442 AS.

1512 1467 1525 1480 »
1568 1468 1581 1481 ›
1608 1453 1666 1487 fin.
1691 1454 1797 1497 ipsum
1819 1455 1995 1497 singulare
2008 1455 2156 1496 —ipsam
2179 1455 2383 1496 singulariter
2404 1454 2464 1488 PS.

1428 1511 1442 1526 ›
1504 1509 1559 1536 m,
1574 1509 1604 1536 2,
1620 1499 1642 1532 l.
1664 1507 1713 1540 14.
1738 1505 1915 1542 conceptus
1930 1499 2068 1532 Sortis-
2080 1505 2263 1542 conceptus
2278 1499 2390 1533 Sortes
2403 1499 2464 1534 PS.

1429 1558 1442 1570 ›
1504 1553 1571 1580 xm,
1596 1554 1614 1574 2
1639 1544 1728 1576 med.
1753 1555 1771 1577 e
1793 1554 1954 1577 converso
1969 1561 1992 1569 -
2008 1554 2027 1577 e
2050 1545 2214 1577 contrario
2237 1544 2297 1577 PS.

1825 1621 1908 1663 Cap.
1932 1631 2016 1653 Lm.

1504 1694 1560 1715 vm
1583 1689 1658 1715 ante
1682 1683 1770 1717 med.
1794 1684 1936 1716 Moveor
1958 1689 2068 1716 autem
2091 1702 2115 1708 -
2138 1683 2215 1716 inde
2237 1683 2311 1717 add.
2334 1684 2371 1718 P.

1590 1728 1684 1760 infra.
1712 1728 1812 1767 Quod
1826 1729 1958 1761 deberet
1967 1729 2116 1772 probare
2130 1747 2154 1753 —
2168 1738 2230 1771 pro
2246 1729 2387 1766 deberet,
2402 1729 2463 1760 lia·

1650 1774 1740 1805 beret
1762 1775 1792 1806 A
1818 1773 1922 1817 (casu)
1948 1774 2008 1808 PS.

1428 1833 1441 1845 »
1503 1829 1545 1856 ix,
1575 1827 1602 1850 1.
1626 1818 1658 1852 d.
1683 1829 1720 1862 19
1746 1837 1770 1843 -
1791 1817 1824 1852 d.
1851 1829 1894 1851 20
1918 1819 1958 1851 A.

1426 1878 1440 1890 2·
1501 1874 1532 1895 x.
1556 1864 1605 1906 fit
1627 1863 1747 1895 relatio
1771 1882 1791 1887 —
1814 1864 1856 1895 sit
1878 1864 1992 1896 relatio
2015 1863 2075 1896 PS.

1427 1923 1440 1935 ι
1501 1919 1544 1940 11.
1568 1908 1600 1942 d.
1624 1919 1719 1940 xxxix
1741 1927 1763 1932 -
1788 1907 1820 1940 d.
1846 1918 1888 1950 29
1912 1909 1953 1940 A.
2436 1941 2438 1943 ,

1426 1967 1439 1980 »
1500 1963 1555 1990 xn,
1570 1963 1600 1986 2.
1624 1953 1727 1985 sessio
1752 1963 1824 1985 mea
1851 1950 2004 1996 [futura]
2028 1971 2052 1977 -
2065 1953 2194 1996 jutura
2217 1961 2285 1986 om.
2308 1951 2399 1985 APS.

1505 2013 1518 2025 ›
1571 1998 1601 2032 3.
1624 1998 1670 2029 Et
1691 1998 1740 2030 sic
1754 2015 1777 2020 —
1792 1998 1834 2029 Et
1857 1999 1942 2030 sicut
1964 1998 2000 2031 P.
2019 2015 2038 2022 -
2055 1998 2171 2030 Statim
2185 2007 2247 2040 pro
2263 1997 2459 2040 referretur,

1647 2042 1806 2075 referetur
1827 2042 1895 2075 AP.

1424 2102 1438 2115 »
1500 2097 1551 2121 xv.
1580 2096 1607 2119 ι.
1634 2088 1708 2129 [est]
1733 2097 1864 2130 quoque
1885 2087 2068 2120 similitudo
2092 2106 2115 2112 -
2137 2092 2188 2120 est
2209 2097 2278 2121 om.
2301 2088 2350 2126 A;
2373 2096 2460 2132 quae

1648 2138 1696 2164 est
1719 2132 1899 2165 similitudo
1926 2132 1986 2167 PS.
2408 2139 2410 2144 '
2433 2134 2442 2142 '⁴

1813 2211 1896 2254 Cap.
1919 2221 2015 2245 van.

1500 2284 1522 2307 ι.
1545 2274 1658 2305 Primo
1682 2291 1704 2296 -
1727 2273 1874 2306 Primum
1897 2274 1932 2308 P.
1955 2291 1979 2299 -
2001 2274 2080 2306 Post
2106 2274 2127 2306 6
2150 2274 2207 2307 lin.
2231 2283 2293 2316 pro
2316 2284 2360 2307 ex
2381 2284 2459 2317 qua,

1646 2328 1685 2350 ex
1701 2328 1770 2360 quo
1795 2318 1859 2352 AS.
1871 2337 1894 2343 -
1908 2318 2036 2351 Deinde
2059 2319 2202 2352 Sanctus
2221 2319 2363 2352 nomas
2382 2329 2460 2352 catu

1424 2422 1437 2434 »
1500 2418 1555 2439 xm
1578 2364 1800 2442 ‘'enough-Ain
1825 2408 1910 2440 libro
1942 2408 2004 2440 ΙΙΙ
2030 2426 2052 2433 -
2082 2408 2112 2441 A
2136 2418 2197 2451 pro
2225 2409 2311 2441 libro
2341 2409 2462 2451 sigium

1646 2454 1879 2505 aequivocum.
1905 2453 1941 2485 In
1957 2453 2022 2485 hoc
2038 2454 2135 2486 tertio
2158 2453 2252 2492 9351:
2275 2454 2342 2486 hoc
2364 2453 2461 2486 tertio

1423 2556 1437 2569 »
1499 2553 1562 2580 xiv,
1584 2552 1615 2576 2.
1637 2497 1942 2584 dietr313roductus
1958 2561 1980 2567 -
1997 2543 2095 2575 simul
2118 2542 2321 2585 productum
2343 2543 2412 2577 ΑΡ.

1425 2601 1438 2614 »
1499 2598 1550 2619 xv.
1575 2588 1736 2629 quaslibet
1756 2605 1780 2611 -
1803 2587 1980 2629 quamlibet
2001 2588 2032 2619 A
2055 2597 2144 2620 casu.

1423 2646 1437 2659 »
1498 2642 1561 2665 xxi.
1586 2633 1647 2669 vel,
1673 2638 1710 2664 ut
1731 2642 1752 2664 a
1776 2632 1969 2674 quibusdam
1993 2632 2154 2665 dicitur-
2169 2633 2260 2665 velut
2283 2643 2303 2665 a
2325 2633 2461 2676 quibun-

1646 2677 1722 2710 dam
1746 2677 1864 2710 dicitur
1886 2677 1977 2711 APS.
2000 2677 2075 2710 Vid.
2098 2682 2176 2711 text.

1809 2755 1890 2798 Cap.
1917 2765 2024 2790 vam-

1498 2828 1544 2852 ιιι.
1568 2823 1617 2850 est
1633 2818 1780 2860 primum
1803 2836 1826 2842 -
1850 2823 1899 2850 est
1921 2818 2122 2860 principium
2144 2817 2204 2852 PS.
2227 2817 2302 2852 vid.
2326 2823 2403 2852 text.

1422 2921 1436 2934 ι·
1498 2877 1540 2939 iv.
1566 2862 1823 2940 {Idice‘i-'teffinli'
1824 2862 1924 2950 quodi
1927 2862 2021 2939 ⁶051?st
2027 2862 2161 2950 {kenez
2176 2925 2201 2933 -
2211 2907 2458 2941 advertendum

1646 2958 1695 2984 est
1718 2952 1811 2995 quod
1833 2954 1867 2984 in
1891 2953 1983 2984 omni
2007 2953 2116 2994 agenti
2138 2952 2175 2986 P.

1381 1685 1481 1717 Num.

1376 2273 1475 2305 Num.

1375 2817 1475 2851 Num.

1822 3029 1904 3071 Cap.
1930 3039 2012 3063 Lxrx.

1497 3102 1552 3125 vn.
1576 3092 1685 3135 magis
1708 3092 1803 3124 unita
1818 3109 1840 3116 -
1855 3093 1886 3124 A
1901 3101 1989 3132 casu,
2010 3091 2092 3124 falso
2117 3092 2328 3134 compendio,
2348 3093 2457 3136 magis

1645 3137 1679 3169 in
1706 3137 1786 3170 nita.

1421 3196 1435 3210 »
1495 3192 1561 3213 vm.
1585 3137 1837 3223 essetsplurium
1861 3181 2108 3224 cognoscimus
2129 3199 2153 3206 -
2173 3191 2244 3214 non
2275 3188 2359 3214 esset
2381 3182 2456 3224 plu-

1643 3228 1730 3259 rium
1753 3227 1999 3268 cognoscitivus
2022 3226 2058 3260 P.
2081 3243 2103 3251 -
2127 3225 2220 3264 Item,
2240 3232 2316 3269 post
2338 3236 2454 3269 pauca,

1644 3281 1705 3313 pro
1725 3277 1844 3313 potest,
1869 3281 1938 3303 non
1961 3276 2081 3313 potest.

1587 3316 1644 3350 fin.
1669 3316 1842 3348 reducibili
1865 3316 1898 3348 in
1923 3321 2033 3348 actum
2055 3332 2080 3340 -
2102 3315 2257 3348 educibili
2283 3317 2319 3348 in
2345 3322 2456 3349 actum

1643 3362 1733 3394 APS.
1758 3361 1833 3393 vid.
1857 3361 1915 3394 lin.
1939 3360 2089 3402 praeced.

1422 3420 1435 3432 »
1496 3416 1526 3444 x,
1554 3416 1583 3439 2.
1609 3406 1746 3449 infinitis
1781 3416 1848 3437 non
1883 3410 2048 3447 repugnet
2079 3423 2104 3429 —-
2138 3404 2268 3437 infinito
2303 3415 2373 3439 non
2406 3415 2456 3438 re·

1645 3456 1770 3492 pugnet
1792 3451 1832 3487 P:
1856 3449 2004 3482 infinitus
2027 3459 2097 3481 non
2121 3456 2283 3492 repugnet
2305 3450 2338 3484 S.

1500 3510 1514 3523 »
1542 3501 1616 3527 ante
1638 3495 1727 3528 med.
1751 3495 1840 3527 ratio
1871 3495 2115 3537 repugnantiae
2135 3512 2159 3518 —
2182 3494 2207 3526 P
2229 3495 2454 3537 repugnantia.

1421 3553 1434 3567 ²
1500 3555 1513 3568 ›
1541 3546 1617 3581 post
1640 3540 1726 3572 med.
1752 3540 1878 3571 nullam
1893 3540 2009 3582 saciat
2022 3557 2046 3564 -
2061 3539 2186 3572 nullam
2208 3539 2327 3572 faciant
2349 3539 2416 3573 AP.
2431 3558 2454 3564 -

1644 3585 1759 3617 Statim
1782 3595 1825 3616 ex
1843 3590 1960 3626 parte:
1983 3585 2012 3616 A
2036 3594 2104 3618 om.
2128 3594 2181 3618 ex.

1421 3643 1434 3657 ²
1496 3640 1560 3667 xm,
1587 3640 1616 3661 2.
1641 3640 1671 3672 q.
1695 3639 1758 3666 xiv,
1782 3639 1814 3662 a.
1844 3638 1880 3660 12
1906 3647 1930 3653 -
1952 3630 1982 3660 A
2006 3639 2038 3671 q.
2063 3639 2125 3670 xxv,
2149 3639 2178 3662 a.
2207 3637 2257 3668 ¹4.

1373 3093 1473 3125 Num.
