2768 4134
33 380 42 388 ·
59 377 116 405 Cap.
131 383 208 405 praec.

278 298 353 334 360

277 374 487 410 Ostensum
508 378 562 407 est
577 370 596 391 '³‘
621 377 751 406 autem
772 368 879 417 quod
900 378 1031 403 rerum
1051 366 1241 403 distinctio
1265 378 1345 402 non

275 433 330 461 est
358 437 379 461 a
405 436 507 460 casu.
539 421 783 471 Relinquitur
811 420 924 469 igitur
943 420 1049 469 quod
1077 431 1158 456 non
1185 418 1232 455 sit
1256 430 1345 467 pro—

274 486 357 526 pter
384 476 565 514 materiae
594 474 854 512 diversitatem
877 473 972 510 sicut
990 480 1149 522 propter
1176 471 1343 523 primam

273 542 443 567 causam.

325 583 477 619 Adhuc.
508 582 565 618 Ea
601 593 701 630 quae
737 588 825 617 sunt
858 591 904 616 ex
941 578 1151 615 intentione
1187 577 1342 626 agentis,

272 648 351 672 non
371 644 460 672 sunt
479 642 637 684 propter
656 634 857 671 materiam
877 632 973 669 sicut
991 639 1149 681 propter
1174 631 1342 680 primam

271 701 440 726 causam.
473 689 600 725 Causa
627 687 731 724 enim
750 698 866 735 agens
886 686 992 734 prior
1011 693 1066 721 est
1084 684 1122 720 in
1144 685 1341 721 causando

271 754 391 801 quam
421 741 600 778 materia:
631 740 722 790 quia
751 739 909 776 materia
938 751 1018 775 non
1046 738 1090 774 fit
1118 745 1205 774 actu
1225 749 1342 774 causa

271 794 343 832 nisi
373 795 590 832 secundum
619 794 726 843 quod
755 801 811 830 est
839 800 945 829 mota
969 791 1018 828 ab
1037 799 1184 840 agente.
1216 791 1340 838 Unde,

271 848 301 885 si
322 848 458 898 aliquis
479 848 637 885 effectus
666 846 917 895 consequitur
944 844 1239 894 dispositionem
1259 857 1364 882 ma-1

269 901 386 939 teriae
416 909 452 939 et
479 901 734 938 intentionem
762 898 917 947 agentis,
938 910 1019 934 non
1038 906 1094 935 est
1114 910 1160 935 ex
1180 898 1340 936 materia

270 955 367 992 sicut
395 967 440 992 ex
470 967 586 992 causa
620 953 756 1003 prima.
788 953 836 989 Et
869 959 1028 1011 propter
1055 952 1131 988 hoc
1159 951 1341 989 videmus

270 1009 376 1058 quod
406 1020 451 1045 ea
480 1020 580 1067 quae
609 1007 847 1043 reducuntur
875 1005 914 1041 in
943 1004 1146 1042 materiam
1175 1005 1273 1042 sicut
1300 1004 1339 1042 in

269 1074 427 1098 causam
442 1061 622 1111 primam,
639 1067 727 1096 sunt
741 1067 892 1108 praeter
906 1057 1160 1095 intentionem
1175 1057 1337 1107 agentis:

269 1114 365 1152 sicut
393 1122 566 1151 monstra
585 1121 621 1150 et
639 1112 713 1150 alia
730 1120 887 1162 peccata
906 1120 1077 1149 naturae.
1109 1112 1253 1149 Forma
1272 1124 1339 1149 au-

268 1176 346 1204 tem
366 1175 421 1205 est
440 1179 486 1204 ex
507 1166 717 1204 intentione
737 1165 892 1214 agentis.
917 1165 1037 1212 Quod
1057 1177 1104 1202 ex
1123 1166 1200 1202 hoc
1218 1173 1337 1214 patet:

268 1233 383 1268 agens
412 1219 516 1257 enim
546 1219 620 1268 agit
648 1219 718 1256 sibi
748 1219 871 1256 simile
900 1219 1118 1256 secundum
1150 1218 1338 1264 formam;

268 1282 303 1310 et
323 1273 353 1310 si
373 1273 582 1323 aliquando
611 1274 688 1310 hoc
715 1272 879 1318 deficiat,
900 1273 975 1309 hoc
1004 1280 1060 1309 est
1088 1284 1111 1309 a
1138 1284 1231 1309 casu
1249 1284 1338 1322 pro-

267 1335 351 1376 pter
378 1326 591 1364 materiam.
622 1327 790 1363 Formae
811 1325 923 1374 igitur
944 1337 1025 1363 non
1045 1333 1339 1375 consequuntur

267 1380 560 1430 dispositionem
597 1379 780 1417 materiae
818 1379 914 1417 sicut
951 1379 1121 1429 primam
1157 1391 1336 1416 causam:

267 1435 334 1471 sed
363 1433 484 1482 magis
513 1446 534 1470 e
562 1445 752 1471 converso
782 1432 964 1471 materiae
997 1432 1051 1470 sic
1079 1432 1340 1482 disponuntur

266 1496 308 1524 ut
337 1487 410 1524 sint
437 1488 530 1524 tales
558 1487 717 1524 formae.
747 1486 949 1524 Distinctio
978 1494 1109 1524 autem
1129 1498 1261 1524 rerum
1281 1498 1338 1523 se—

266 1541 442 1578 cundum
471 1540 639 1590 speciem
661 1548 716 1578 est
735 1553 805 1590 per
823 1541 978 1578 formas.
1005 1539 1206 1578 Distinctio
1226 1540 1340 1589 igitur

267 1606 398 1632 rerum
414 1607 494 1631 non
514 1602 570 1631 est
588 1602 747 1644 propter
765 1594 947 1631 materiae
963 1593 1222 1631 diversitatem
1242 1593 1339 1631 sicut

267 1656 425 1698 propter
453 1647 621 1697 primam
649 1660 820 1685 causam.

321 1701 510 1750 Amplius.
539 1701 741 1738 Distinctio
770 1713 899 1738 rerum
930 1713 1010 1738 non
1039 1708 1164 1750 potest
1199 1713 1338 1750 prove-

267 1754 350 1791 nire
370 1767 415 1791 ex
435 1754 595 1792 materia
613 1754 686 1791 nisi
714 1754 754 1791 in
774 1754 843 1792 illis
862 1766 964 1804 quae
983 1767 1029 1792 ex
1050 1753 1210 1791 materia
1228 1766 1338 1803 prae-

267 1807 450 1845 existente
486 1808 596 1845 fiunt.
633 1809 756 1845 Multa
791 1815 921 1845 autem
956 1816 1046 1844 sunt
1083 1808 1132 1844 ab
1170 1807 1338 1845 invicem

266 1860 441 1898 distincta
468 1860 508 1898 in
537 1861 653 1898 rebus
681 1873 782 1910 quae
810 1873 890 1898 non
918 1868 1082 1910 possunt
1101 1873 1147 1897 ex
1166 1860 1338 1910 praeexi-

784 291 974 328 SUMMA
1003 290 1225 327 CONTRA
1254 289 1530 334 GENTILES,
1559 289 1654 325 LIB.
1675 289 1718 333 ΙΙ,
1747 288 1859 325 CAP.
1880 290 1961 326 XL.

1455 367 1561 402 Item.
1593 366 1879 414 Quaecumque
1909 366 2090 403 habentia
2119 367 2177 404 sui
2206 380 2289 406 esse
2315 381 2474 407 causam

1395 418 1698 466 distinguuntur,
1721 418 1865 455 habent
1893 430 2052 455 causam
2081 431 2174 457 suae
2203 420 2471 460 distinctionis:

1400 471 1717 520 unumquodque
1746 471 1851 508 enim
1889 472 2108 509 secundum
2144 473 2220 510 hoc
2248 473 2292 510 fit
2319 487 2388 512 ens
2416 488 2473 513 se-

1399 525 1576 562 cundum
1605 524 1713 573 quod
1741 524 1785 561 fit
1813 537 1940 567 unum
1976 525 2016 562 in
2050 537 2091 562 se
2120 525 2332 564 indivisum
2360 536 2397 565 et
2423 529 2473 566 ab

1367 593 1375 612 ς
1399 578 1480 615 aliis
1509 577 1743 615 distinctum.
1775 578 1852 615 Sed
1872 578 1903 615 si
1923 578 2082 616 materia
2102 579 2162 616 sui
2182 579 2398 618 diversitate
2418 589 2474 619 est

1398 643 1516 668 causa
1544 630 1796 668 distinctionis
1825 644 1967 677 rerum,
1998 640 2150 681 oportet
2177 645 2325 682 ponere
2353 642 2474 671 mate-

1398 685 1472 721 rias
1491 685 1529 721 in
1551 696 1590 720 se
1611 696 1693 720 esse
1714 683 1919 722 distinctas.
1942 685 2102 723 Constat
2116 694 2248 724 autem
2263 687 2372 736 quod
2391 699 2473 724 ma-

1397 737 1490 775 teria
1518 737 1712 787 quaelibet
1741 737 1857 775 habet
1885 750 1969 775 esse
1995 739 2044 776 ab
2072 739 2158 786 alio,
2179 751 2249 789 per
2268 741 2344 777 hoc
2364 741 2472 790 quod

1397 803 1514 840 supra
1528 790 1549 813 '¹‘
1567 799 1769 828 ostensum
1789 799 1845 828 est
1865 803 1984 829 omne
2004 793 2111 842 quod
2137 793 2472 844 qualitercumque

1357 860 1382 875 ο
1397 853 1463 904 est,
1484 857 1506 882 a
1526 844 1611 881 Deo
1632 857 1727 881 esse.
1758 845 1861 893 Ergo
1882 844 1987 882 aliud
2006 853 2062 882 est
2081 857 2198 884 causa
2217 846 2470 885 distinctionis

1397 898 1435 934 in
1465 897 1644 935 materiis.
1675 898 1768 935 Non
1798 897 1911 946 igitur
1928 897 2055 948 prima
2074 911 2192 937 causa
2219 899 2472 939 distinctionis

1397 964 1528 989 rerum
1556 959 1683 1000 potest
1711 964 1794 989 esse
1823 951 2023 989 diversitas
2051 952 2246 990 materiae.

1449 1005 1602 1042 Adhuc.
1635 1005 1738 1042 Cum
1775 1005 1904 1042 omnis
1942 1005 2155 1043 intellectus
2191 1014 2278 1054 agat
2313 1015 2472 1057 propter

1395 1058 1558 1104 bonum,
1579 1070 1659 1095 non
1679 1058 1754 1107 agit
1774 1057 1913 1096 melius
1932 1067 2092 1108 propter
2109 1059 2235 1106 vilius,
2250 1059 2319 1097 sed
2339 1072 2360 1097 e
2379 1073 2471 1098 con-

1356 1124 1526 1149 ¹sverso:
1557 1119 1594 1148 et
1623 1111 1795 1149 similiter
1822 1120 1877 1149 est
1905 1112 1954 1149 de
1982 1119 2131 1150 natura.
2163 1113 2314 1150 Omnes
2339 1121 2472 1152 autem

1395 1177 1455 1202 res
1483 1165 1700 1214 procedunt
1728 1177 1751 1202 a
1779 1166 1865 1203 Deo
1893 1177 1964 1215 per
1991 1165 2227 1204 intellectum
2256 1175 2404 1215 agente,
2429 1175 2472 1205 ut

1394 1231 1441 1255 ex
1461 1231 1579 1268 supra
1597 1217 1617 1240 '¹‘
1645 1218 1755 1255 dictis
1782 1226 1897 1268 patet.
1927 1219 2027 1257 Sunt
2055 1219 2168 1268 igitur
2186 1232 2209 1257 a
2229 1220 2316 1257 Deo
2334 1220 2472 1258 viliora

1394 1280 1552 1322 propter
1580 1271 1752 1318 meliora,
1779 1280 1816 1308 et
1844 1284 1925 1309 non
1954 1285 1975 1310 e
2003 1285 2206 1310 converso.
2237 1274 2384 1311 Forma
2402 1286 2470 1312 au-

1393 1334 1473 1362 tem
1501 1325 1669 1363 nobilior
1703 1333 1759 1362 est
1794 1325 1973 1363 materia:
2004 1338 2096 1363 cum
2135 1326 2181 1364 sit
2214 1326 2397 1376 perfectio
2434 1335 2471 1365 et

1354 1393 1380 1408 20
1393 1386 1502 1416 actus
1530 1378 1624 1416 eius.
1656 1379 1759 1428 Ergo
1787 1391 1870 1416 non
1897 1379 2078 1429 producit
2109 1381 2202 1417 tales
2235 1380 2380 1418 formas
2412 1394 2470 1419 re-

1394 1444 1483 1469 rum
1511 1440 1670 1482 propter
1697 1433 1789 1470 tales
1818 1432 2008 1478 materias,
2029 1432 2097 1470 sed
2117 1433 2239 1482 magis
2267 1434 2360 1471 tales
2388 1446 2470 1472 ma·

1393 1485 1506 1523 terias
1534 1485 1717 1536 produxit
1745 1494 1787 1523 ut
1815 1486 1890 1524 sint
1917 1488 2010 1524 tales
2037 1487 2197 1524 formae.
2232 1488 2325 1525 Non
2358 1487 2472 1536 igitur

1394 1539 1585 1577 distinctio
1605 1539 1823 1590 specierum
1842 1539 1883 1577 in
1907 1540 2034 1586 rebus,
2055 1552 2156 1590 quae
2176 1549 2233 1578 est
2251 1542 2471 1579 seeundum

1393 1593 1573 1638 formam,
1593 1601 1650 1631 est
1667 1602 1827 1643 propter
1851 1593 2071 1632 materiam:
2102 1594 2170 1631 sed
2199 1594 2321 1643 magis
2349 1601 2470 1632 mate-

1354 1662 1377 1683 ες
1394 1645 1471 1684 riae
1501 1654 1589 1684 sunt
1617 1654 1766 1684 creatae
1788 1646 1963 1685 diversae
1983 1655 2026 1685 ut
2043 1646 2206 1685 diversis
2223 1647 2359 1686 formis
2377 1660 2470 1686 con-

1393 1708 1562 1738 veniant.

1447 1754 1522 1790 Per
1550 1754 1626 1791 hoc
1653 1761 1785 1791 autem
1814 1753 2030 1791 excluditur
2057 1753 2192 1804 opinio
2215 1756 2468 1804 Anaxagorae

1393 1807 1574 1856 ponentis
1602 1806 1751 1845 infinita
1779 1806 1966 1857 principia
1994 1807 2215 1854 materialia,
2234 1820 2258 1846 a
2276 1807 2468 1858 principio

1393 1860 1554 1910 quidem
1583 1860 1794 1897 commixta
1816 1860 1856 1898 in
1876 1872 1958 1898 uno
1977 1861 2153 1907 confuso,
2173 1873 2274 1911 quae
2293 1869 2468 1912 postmo-

2500 804 2510 813 ·
2525 802 2582 831 Cap.
2598 810 2636 826 xv.

2498 1229 2507 1238 '
2523 1227 2580 1257 Cap.
2590 1236 2656 1254 xxiv.

266 1922 387 1951 stente
420 1914 579 1951 materia
615 1914 714 1951 fieri:
754 1914 851 1951 sicut
887 1922 990 1963 patet
1026 1914 1075 1951 de
1108 1913 1379 1963 corporibusw
1366 1913 1490 1950 ndum
1525 1912 1737 1950 intellectus
1775 1913 1991 1963 separando
2021 1925 2153 1951 rerum
2181 1913 2468 1955 distinctionem

265 1967 502 2013 caelestibus,
523 1979 624 2016 quae
652 1979 733 2004 non
761 1967 906 2004 habent
930 1966 1181 2011 contrarium,
1206 1974 1248 2004 ut
1271 1978 1336 2003 eo-
1392 1965 1639 2003 constituit*:
1676 1974 1713 2003 et
1728 1978 2091 2026 quorumcumque
2123 1966 2292 2005 aliorum
2319 1979 2469 2017 ponen-

266 2032 353 2057 rum
373 2028 504 2057 motus
523 2020 699 2057 ostendit.
720 2021 814 2057 Non
833 2020 946 2068 igitur
963 2027 1089 2070 potest
1108 2031 1190 2056 esse
1202 2019 1336 2079 'prima
1391 2018 1489 2056 tium
1509 2018 1661 2056 diversa
1679 2018 1868 2069 principia
1888 2019 2098 2057 materialia
2117 2020 2166 2058 ad
2182 2020 2469 2082 distinctionem

2495 1972 2558 1996 ·Ct.
2573 1972 2583 1995 1
2594 1972 2713 2001 Metaph„

2497 2005 2548 2028 cap.
2563 2005 2597 2022 m.

21 2483 30 2491 “
47 2480 83 2503 Cf.
101 2480 234 2512 eomm'enr.

22 2514 73 2535 cap.
85 2513 169 2534 praec„
184 2508 235 2530 mit.

264 2085 379 2110 CGUSfl
409 2072 660 2110 distlnctlonis
689 2085 819 2110 serum
848 2072 1048 2110 leCI‘SltaS
1077 2072 1270 2110 materiae.

318 2203 351 2229 18
369 2203 419 2228 hoc
435 2211 480 2235 pr.
498 2204 556 2228 Ioco
575 2205 598 2228 Α
616 2203 702 2233 solun
721 2210 775 2228 om.

317 2248 333 2273 9
351 2238 440 2272 omne]
461 2239 559 2264 scilicet
576 2239 655 2263 addit
672 2239 711 2268 Y;
730 2239 764 2272 cs.
783 2246 843 2264 var.
861 2246 915 2272 seq.

266 2275 295 2300 15
317 2280 341 2300 et
360 2274 478 2299 similiter
497 2275 537 2300 vel
556 2280 581 2299 et
600 2274 685 2299 simile
703 2276 739 2307 Α;
759 2280 784 2299 et
803 2274 921 2300 similiter
939 2274 1057 2306 EGNZb,
1077 2274 1196 2299 similiter
1213 2275 1303 2300 ceteri.

868 2209 900 2236 ¹9
920 2202 1128 2237 consequuntur]
1149 2208 1296 2236 sequuntur
1316 2203 1437 2235 aDWPc,
1456 2203 1577 2237 sequitur
1595 2204 1628 2229 X.

1008 2246 1041 2264 ιο
1061 2247 1075 2264 a
1094 2239 1150 2264 Deo
1169 2246 1230 2264 esse
1248 2246 1292 2264 om
1312 2239 1343 2271 D,
1363 2247 1377 2264 a
1397 2239 1453 2265 Deo
1472 2245 1512 2265 est
1531 2239 1616 2265 awv.

1390 2084 1522 2110 rerum
1551 2072 1827 2110 causandam.

1721 2202 1754 2228 26
1774 2203 1919 2238 Distinctio]
1938 2203 2060 2230 Definitio
2078 2212 2104 2231 α.

1711 2247 1738 2265 ιι
1762 2239 1787 2265 in
1807 2239 1922 2265 materiis
1941 2239 2002 2271 NY;
2021 2240 2162 2266 materialis
2180 2241 2237 2273 EG.
2249 2242 2363 2268 materiis
2377 2242 2470 2270 ceteri.

1397 2273 1430 2300 16
1449 2280 1542 2308 agente
1561 2275 1598 2307 Xg
1617 2280 1746 2308 agentem.
1840 2274 1872 2300 30
1891 2282 1981 2301 rerum
2000 2275 2193 2302 distinctionem
2213 2278 2234 2302 Α
2253 2278 2338 2309 solun
2357 2285 2410 2304 om.

1025 2371 1361 2405 Commentariis
1393 2372 1704 2406 Ferrariensis

305 2480 428 2502 scuan
452 2470 620 2501 conclusio
645 2475 691 2500 est
707 2471 738 2500 *z
763 2469 939 2500 Dis-tinctio
964 2479 1074 2500 rerum
1100 2479 1165 2500 non
1190 2475 1238 2500 est
1253 2479 1335 2510 pro-

264 2481 324 2556 Sp
326 2521 375 2546 ter
398 2515 554 2546 materiae
584 2514 802 2545 diversitatem
825 2514 910 2545 sicut
926 2519 1066 2554 propter
1091 2515 1235 2554 primam
1258 2524 1336 2545 cau-

262 2569 342 2591 sam.
370 2560 431 2591 Ubi
455 2559 686 2590 advertendum
704 2559 795 2600 quod
818 2559 898 2590 haec
922 2559 1092 2590 conclusio
1112 2559 1245 2599 ponitur
1268 2569 1336 2590 non

262 2611 386 2635 tantum
417 2610 529 2635 contra
562 2610 722 2645 ponentes
753 2604 855 2634 solam
887 2613 1017 2634 causam
1047 2604 1256 2640 materialem,
1281 2603 1337 2635 scd

263 2650 358 2679 etiam
384 2655 495 2679 contra
518 2654 679 2689 ponentes
703 2658 779 2679 cum
810 2648 942 2678 materia
971 2657 1101 2678 causam
1130 2648 1335 2685 efficientem,

262 2694 406 2724 volentes
438 2700 546 2724 tamen
577 2693 667 2734 quod
691 2693 890 2724 distinctioni
916 2702 1025 2723 rerum
1055 2699 1336 2734 praesupponatur

261 2739 403 2775 materia,
428 2748 465 2769 ex
489 2747 554 2779 qua
577 2739 684 2778 primo
708 2738 742 2768 in
765 2738 861 2768 rebus
885 2743 1034 2768 causetur
1057 2737 1230 2769 distinctio.

318 2783 339 2813 1.
366 2783 530 2824 Arguitur
552 2787 660 2813 autem
679 2783 790 2823 primo
815 2786 932 2813 contra
961 2782 1046 2812 hanc
1069 2783 1254 2822 opinionem
1277 2783 1334 2814 sic.

262 2827 308 2857 Ex
333 2828 465 2858 materia
488 2827 568 2858 nihil
591 2833 699 2868 potest
722 2827 895 2868 provenire
918 2827 979 2856 nisi
999 2827 1176 2857 casualiter.
1201 2827 1265 2859 Sed
1288 2827 1335 2858 di-

262 2872 391 2902 stinctio
407 2881 515 2902 rerum
534 2881 603 2902 non
619 2878 667 2902 est
682 2881 700 2902 a
716 2881 803 2902 casu.
824 2871 911 2911 Ergo
929 2877 990 2902 etc.
1005 2888 1027 2895 -
1043 2871 1200 2902 Probatur
1219 2872 1335 2903 maior.

262 2915 358 2953 Quia,
379 2925 454 2947 cum
478 2917 610 2946 materia
634 2916 675 2947 ad
697 2916 799 2947 multa
822 2915 985 2956 possibilis
1001 2916 1050 2952 sit,
1068 2916 1159 2956 quod
1175 2916 1215 2947 ad
1231 2926 1335 2948 unum

262 2960 502 2997 determinetur,
527 2961 590 2991 hoc
618 2966 654 2991 ut
683 2961 717 2991 in
748 2961 956 3002 paucioribus
986 2959 1111 2991 accidit.
1136 2961 1335 2992 Huiusmodi
1361 2983 1362 2987 ,

262 3011 369 3035 autem
395 3010 441 3036 est
465 3004 556 3046 quod
579 3005 746 3036 casualiter
773 3004 905 3035 accidit:
938 3005 1111 3045 praecipue
1140 3006 1263 3036 sublata
1286 3006 1335 3036 in-

262 3051 406 3080 tentione
430 3051 563 3090 agentis.

317 3094 559 3125 Advertendum
583 3103 643 3134 pro
667 3095 726 3125 hac
751 3094 886 3130 ratione,
903 3103 978 3124 cum
1003 3093 1118 3124 dicitur
1143 3103 1180 3124 ex
1204 3095 1335 3125 materia

263 3139 340 3168 nihil
366 3148 460 3178 posse
484 3139 655 3179 provenire
678 3139 737 3169 nisi
759 3139 936 3174 casualiter,
954 3138 1044 3178 quod
1068 3139 1132 3169 hoc
1155 3139 1335 3179 intelligen-

263 3182 341 3213 dum
366 3190 412 3213 est
436 3183 475 3214 de
501 3193 540 3214 eo
565 3183 655 3223 quod
685 3193 703 3213 a
733 3183 865 3214 materia
893 3188 1047 3223 tanquam
1072 3193 1089 3213 a
1113 3183 1215 3223 prima
1240 3194 1335 3214 causa

263 3228 427 3266 provenit:
453 3238 520 3258 non
546 3234 654 3259 autem
679 3227 719 3258 de
744 3237 784 3258 eo
805 3227 895 3268 quod
918 3227 1068 3267 provenit
1085 3237 1122 3258 ex
1139 3229 1270 3259 materia
1287 3238 1335 3259 se—

264 3271 407 3302 cundum
438 3273 560 3311 agentis
591 3273 847 3313 dispositionem.
881 3271 913 3303 Si
945 3272 1031 3302 enim
1063 3278 1203 3312 ponatur
1233 3274 1335 3313 prima
1361 3269 1363 3274 ’

264 3325 358 3346 causa
382 3317 450 3356 ipsa
473 3317 615 3353 materia,
640 3318 708 3357 ipsa
741 3317 800 3347 erit
830 3326 926 3347 causa
956 3322 1081 3346 semota
1112 3317 1207 3347 etiam
1232 3318 1335 3348 inten-
1361 3317 1363 3337 ²

264 3360 350 3390 tione
368 3361 499 3400 agentis,
517 3361 629 3391 saltem
654 3361 834 3392 secundum
860 3360 995 3392 modum
1020 3361 1230 3401 intelligendi.
1249 3362 1336 3398 Ideo,

265 3413 339 3434 cum
356 3405 423 3444 ipsa
439 3406 478 3435 sit
494 3405 533 3436 ad
550 3406 651 3436 multa
667 3405 851 3436 indifferens
867 3405 1047 3436 secundum
1065 3415 1108 3442 se,
1126 3406 1215 3446 quod
1233 3416 1335 3437 unum
1362 3423 1363 3426 =

266 3447 511 3480 determinatum
533 3459 570 3480 ex
586 3451 655 3490 ipsa
672 3451 849 3491 proveniat,
866 3459 934 3480 non
952 3451 1010 3480 erit
1026 3451 1085 3480 nisi
1103 3455 1138 3480 ut
1153 3451 1186 3480 in
1203 3451 1336 3490 paucio·
1362 3476 1363 3491 ἶ

265 3492 351 3523 ribus
368 3499 399 3523 et
415 3504 432 3524 a
449 3504 539 3525 casu:
567 3495 643 3534 quia
668 3504 705 3528 ex
729 3495 818 3525 nulla
842 3495 964 3535 agentis
980 3495 1159 3525 intentione
1176 3495 1335 3535 provenit.

323 3536 358 3566 11.
376 3537 533 3568 Secundo.
551 3539 688 3570 Formae
711 3549 778 3570 non
803 3545 984 3579 sequuntur
1004 3538 1249 3580 dispositionem
1270 3549 1337 3570 ma-

266 3581 362 3611 teriae
393 3582 473 3612 sicut
504 3583 639 3623 primam
664 3593 804 3620 causam,
836 3583 892 3614 sed
920 3583 1021 3624 magis
1046 3594 1063 3615 e
1088 3593 1245 3614 converso
1269 3593 1336 3614 ma-

267 3625 363 3654 teriae
387 3626 431 3655 sic
456 3626 671 3666 disponuntur
694 3634 729 3658 ut
754 3629 815 3658 sint
838 3628 916 3658 tales
940 3627 1074 3659 formae.
1099 3628 1186 3668 Ergo
1209 3637 1270 3658 nec
1290 3628 1336 3659 di—

267 3669 395 3699 stinctio
419 3671 608 3709 specierum.
634 3690 654 3694 —
678 3672 767 3702 Patet
791 3673 1034 3713 consequentia.
1062 3672 1148 3711 Quia
1163 3672 1335 3703 ,distinctio
1363 3701 1365 3707 ,

1363 2499 1365 2506 .
1390 2479 1498 2501 rerum
1521 2470 1703 2502 secundum
1727 2472 1870 2512 speciem
1894 2476 1942 2502 est
1964 2480 2022 2512 per
2046 2470 2175 2504 formas.
2191 2489 2215 2495 —
2230 2471 2387 2504 Probatur
2409 2482 2467 2504 an-

1389 2515 1551 2546 tecedens.
1576 2515 1662 2554 Quia
1678 2515 1783 2546 forma
1799 2521 1847 2546 est
1871 2526 1910 2547 ex
1932 2516 2114 2548 intentione
2133 2517 2266 2557 agentis.
2291 2517 2339 2549 Ea
2357 2523 2468 2550 autem

1389 2569 1474 2600 quae
1504 2565 1579 2590 sunt
1609 2570 1647 2590 ex
1678 2560 1860 2592 intentione
1891 2561 2029 2601 agentis,
2060 2570 2129 2592 non
2159 2567 2235 2593 sunt
2266 2571 2304 2593 ex
2333 2563 2467 2595 materia

1389 2610 1545 2644 tanquam
1569 2614 1607 2635 ex
1631 2605 1734 2645 prima
1758 2615 1863 2636 causa.
1888 2605 1976 2637 Tum
1993 2606 2070 2646 quia
2090 2615 2186 2637 causa
2201 2615 2300 2647 agens
2316 2613 2363 2638 est
2378 2607 2467 2648 prior

1361 2648 1363 2653 '
1389 2649 1422 2679 in
1446 2649 1611 2680 causando
1635 2659 1733 2689 quam
1765 2650 1907 2680 materia.
1933 2649 2022 2681 Tum
2045 2651 2121 2690 quia
2149 2650 2297 2682 videmus
2320 2661 2358 2683 ea
2381 2661 2467 2694 quae

1362 2691 1363 2702 ¹
1388 2693 1423 2724 in
1438 2694 1606 2724 materiam
1623 2700 1658 2725 ut
1674 2694 1707 2724 in
1724 2694 1863 2734 primam
1879 2704 2010 2725 causam
2030 2694 2243 2733 reducuntur,
2260 2702 2295 2727 ut
2310 2702 2466 2734 monstra,

1361 2757 1363 2764 ·
1389 2747 1458 2768 esse
1482 2743 1606 2778 praeter
1629 2739 1845 2770 intentionem
1869 2739 2002 2779 agentis.

1445 2782 1597 2819 Adverte,
1622 2792 1660 2814 ex
1677 2783 1720 2814 1v
1736 2783 1835 2819 Sene„
1853 2783 1884 2814 d.
1900 2794 2005 2821 xxxvi,
2022 2793 2054 2825 q.
2070 2794 2092 2821 1,
2115 2792 2141 2821 1,
2157 2784 2198 2816 ad
2215 2794 2246 2822 2,
2263 2784 2354 2826 quod
2369 2794 2465 2819 mon-

1389 2832 1461 2864 stra,
1478 2827 1553 2858 licet
1569 2829 1632 2858 sint
1647 2834 1773 2868 praeter
1797 2829 1935 2869 primam
1951 2830 2167 2860 intentionem
2183 2835 2316 2861 naturae
2331 2830 2465 2871 agentis,

1389 2881 1455 2902 non
1481 2877 1588 2903 tamen
1613 2878 1690 2903 sunt
1719 2878 1836 2903 contra
1864 2873 2040 2905 secundam
2065 2873 2287 2905 intentionem.
2322 2874 2464 2911 Quando

1389 2917 1474 2947 enim
1506 2926 1572 2947 non
1599 2922 1707 2957 potest
1737 2922 1857 2948 natura
1887 2917 1932 2949 ad
1954 2918 2112 2950 maiorem
2130 2918 2368 2961 perfectionem
2386 2929 2464 2961 per-

1389 2961 1516 2996 ducere,
1535 2962 1690 3002 perducit
1712 2962 1756 2993 ad
1778 2963 1948 2999 minorem,
1967 2969 2000 2994 et
2019 2962 2059 2994 ad
2083 2972 2154 2994 eam
2177 2972 2277 3004 quam
2300 2969 2419 3004 potest.

1446 3015 1475 3036 2.
1501 3005 1564 3037 Sed
1581 3007 1722 3037 occurrit
1738 3006 1873 3038 dubium
1891 3008 1975 3038 circa
1991 3007 2055 3038 hoc
2072 3007 2162 3048 quod
2179 3008 2311 3039 dicitur:
2327 3008 2465 3050 sor-mas

1389 3059 1455 3080 non
1479 3051 1570 3091 sequi
1593 3050 1820 3091 dispositiones
1848 3052 2015 3087 materiae,
2039 3052 2096 3083 sed
2123 3053 2231 3094 magis
2253 3062 2272 3084 e
2294 3061 2462 3084 converso.

1389 3094 1473 3125 Nam
1501 3095 1681 3126 secundum
1713 3095 1892 3127 doctrinam
1920 3097 2029 3128 Sancti
2051 3097 2199 3128 Thomae
2216 3098 2243 3134 ⁴,
2268 3097 2400 3129 materia
2421 3097 2463 3128 si·

1361 3166 1362 3179 2
1388 3145 1484 3179 gnata
1508 3146 1555 3170 est
1577 3140 1775 3180 principium
1794 3140 2058 3173 individuationis
2074 3142 2107 3172 in
2123 3142 2220 3172 rebus
2235 3141 2462 3174 materialibus.

1389 3183 1475 3224 Ergo
1506 3183 1629 3215 formae
1659 3184 1902 3225 distinguuntur
1931 3186 2007 3226 quia
2037 3187 2238 3227 recipiuntur
2267 3187 2301 3216 in
2331 3185 2463 3216 diversis

1388 3229 1539 3259 materiis.
1568 3229 1655 3269 Ergo
1685 3229 1808 3260 formae
1839 3236 2020 3270 sequuntur
2050 3230 2277 3271 dispositiones
2300 3229 2461 3260 materiae.

1445 3273 1646 3314 Responderi
1675 3280 1782 3314 potest
1811 3275 1929 3315 primo,
1953 3274 2043 3316 quod
2071 3274 2208 3306 Sanctus
2230 3273 2375 3304 Thomas
2397 3274 2462 3304 hoc

1389 3317 1464 3348 loco
1497 3318 1643 3358 loquitur
1673 3318 1713 3349 de
1744 3318 1951 3350 distinctione
1981 3318 2109 3350 formali
2141 3324 2173 3350 et
2201 3317 2362 3358 specifica,
2394 3327 2462 3358 quo

1389 3362 1490 3392 modo
1506 3362 1747 3403 distinguuntur
1763 3370 1868 3403 partes
1884 3363 2067 3394 essentiales
2090 3362 2244 3394 universi:
2269 3372 2337 3393 non
2353 3369 2462 3393 autem

1390 3406 1429 3437 de
1453 3406 1660 3438 distinctione
1685 3408 1849 3438 materiali.

1445 3450 1598 3482 Secundo
1629 3452 1818 3493 responderi
1848 3457 1956 3492 potest
1983 3449 2073 3491 quod
2097 3449 2220 3481 formae
2252 3451 2386 3491 quidem
2410 3460 2462 3483 ac-

1391 3495 1515 3535 cipiunt
1539 3495 1839 3533 individuationem,
1855 3496 1922 3526 sive
1945 3495 2042 3526 etism
2062 3494 2314 3532 distinctionem,
2331 3505 2370 3527 ex
2393 3505 2462 3528 ma-

1390 3540 1468 3570 teria
1484 3540 1621 3580 signata:
1639 3547 1671 3571 et
1687 3540 1762 3572 ideo
1778 3540 1909 3580 exigunt
1925 3544 1961 3570 ut
1975 3539 2114 3570 habeant
2130 3540 2277 3571 materias
2293 3539 2463 3582 dispositas

1391 3590 1423 3614 et
1438 3586 1708 3625 proportionatas.
1729 3584 1804 3615 Non
1821 3589 1929 3614 autem
1945 3582 2066 3614 idcirco
2084 3584 2220 3624 exigitur
2235 3590 2271 3615 ut
2287 3590 2463 3626 sequantur

1391 3628 1619 3669 dispositiones
1635 3629 1785 3660 materiae
1801 3634 1956 3668 tanquam
1971 3628 2091 3668 primas
2110 3637 2221 3659 causas
2237 3628 2462 3666 distinctionis,

1392 3679 1423 3703 et
1446 3680 1482 3704 ut
1512 3673 1696 3704 ordinatum
1727 3672 1767 3703 ad
1796 3671 1895 3703 finem
1927 3672 2071 3712 sequitur
2101 3671 2173 3703 finis
2203 3672 2461 3713 dispositionem.

2490 3097 2707 3125 'cf.1}²..=.x=vn,

2490 3124 2607 3173 {tif'd
2569 3125 2635 3151 ‚eto
2653 3131 2706 3169 unc:

2489 3178 2553 3206 cipio
2567 3151 2668 3202 indivia.
