2768 4134
47 2728 59 2738 ·'
74 2725 112 2749 Cf.
129 2725 265 2756 Comment-

49 2758 102 2781 up.
112 2758 198 2781 praec.¹
213 2755 264 2774 mn.

751 283 938 320 SUMMA
969 284 1190 322 CONTRA
1219 285 1493 331 GENTILES,
1523 287 1617 323 LIB.
1638 287 1679 332 II,
1710 287 1821 324 CAP.
1841 289 1918 334 LII,
1938 289 2029 326 LIII.

285 360 471 392 formaliter.
496 360 605 390 Primo
629 360 741 397 modo,
766 371 832 392 non
859 363 1011 393 convenit
1034 364 1093 394 sibi
1117 373 1174 404 per
1198 373 1241 400 se,
1267 365 1359 404 quasi

284 405 435 436 videlicet
451 414 519 435 esse
536 406 576 435 sit
592 406 729 436 essentia
753 406 892 437 formae:
910 407 966 438 sed
985 409 1067 439 bene
1084 408 1228 439 secundo
1245 408 1357 445 modo,

285 451 371 491 quia,
395 451 541 490 inquam,
564 459 633 480 non
658 451 810 481 convenit
832 452 893 482 sibi
915 462 973 492 per
996 452 1083 483 aliud
1107 453 1300 489 formaliter;
1324 454 1357 484 in

285 504 353 535 quo
378 505 396 525 a
419 495 605 535 composito
630 494 743 531 differt,
773 497 826 526 cui
850 506 917 527 non
942 498 1094 527 convenit
1125 507 1193 528 esse
1217 498 1276 528 nisi
1301 507 1359 537 per

285 539 435 570 formam.
459 539 534 569 Non
559 546 741 580 repugnant
757 550 832 581 ergo
857 541 941 571 dicta
965 542 1072 572 Sancti
1096 542 1262 573 Thomae:
1281 543 1358 582 quia

284 584 338 614 hic
361 583 549 624 intelligitur
576 594 644 615 esse
669 594 736 615 non
767 587 940 616 convenire
972 587 1067 617 alicui
1097 596 1154 627 per
1187 587 1357 617 essentiam

284 633 440 669 tanquam
464 629 503 659 sit
519 630 588 659 eius
613 630 763 666 essentia;
781 631 814 660 in
838 630 943 660 Prima
959 640 1035 661 vero
1055 631 1147 661 Parte
1171 631 1358 671 intelligitur

2406 291 2476 339 391

1414 365 1504 406 quod
1528 366 1680 396 convenit
1707 365 1830 397 formae
1856 377 1914 407 per
1943 377 1976 398 se
2008 367 2192 405 formaliter,
2224 368 2305 400 idest
2334 379 2402 400 non
2426 380 2484 410 per

1412 409 1546 450 aliquod
1570 409 1657 440 aliud
1679 411 1876 451 principium
1900 411 2045 443 formale.

1469 453 1701 485 Coummwn
1733 455 1901 486 conclusio
1932 466 1971 487 ex
2001 458 2190 488 auctoritate
2216 458 2324 488 Exod.
2348 469 2392 495 111,
2426 458 2482 489 ubi

1412 499 1581 539 proprium
1604 507 1726 529 nomen
1750 499 1811 529 Dei
1834 501 1967 540 ponitur
1991 511 2045 531 om
2069 511 2132 532 nsr.

1468 542 1539 572 Alia
1555 551 1638 582 quae
1655 543 1738 573 circa
1753 543 1836 574 hanc
1853 545 2097 576 conclusionem
2114 545 2333 577 difficultatem
2349 546 2481 583 faciunt,

1410 586 1494 637 vide·
1507 587 1541 616 in
1566 586 1739 627 Capreolo,
1755 598 1810 617 vm
1834 588 2038 620 distinctione
2055 590 2066 619 I
2084 590 2186 626 Sent.;
2204 596 2235 621 et
2257 592 2290 621 in
2307 591 2375 621 aliis
2391 591 2483 621 Tho-

1410 636 1521 661 mistis.

1342 733 1346 758 ÷
1360 724 1430 768 sis-2

442 860 984 931 CAPITULUM
1027 874 1866 952 QUINQUAGESIMUM
1911 875 2334 933 TERTIUM

1275 996 1304 1026 A
1337 1004 1413 1035 42v
1448 1006 1506 1036 a7.

559 1097 733 1149 QUOD
768 1097 829 1137 IN
863 1095 1263 1138 SUBSTANTIIS
1296 1096 1909 1139 INTELLECTUALIBUS
1944 1098 2204 1140 CREATIS

984 1158 1099 1199 EST
1133 1158 1337 1200 ACTUS
1372 1159 1451 1199 ET
1485 1159 1794 1200 POTENTIA

367 1314 431 1335 zv·
475 1293 524 1318 x
553 1281 629 1318 hoc
661 1288 790 1318 autem
828 1280 1028 1317 evidenter
1061 1288 1220 1329 apparet
1253 1280 1362 1329 quod

361 1325 424 1379 ‘j
434 1318 483 1383 2}
514 1333 553 1372 in
572 1333 793 1371 substantiis
811 1333 1129 1371 intellectualibus
1152 1333 1287 1370 creatis
1307 1341 1363 1370 est

314 1398 332 1433 ἓ,
362 1383 481 1439 ῥεὶἥῖΐξῐ,
514 1387 746 1437 compositio
776 1394 883 1424 actus
911 1394 948 1423 et
975 1386 1181 1436 potentiae.

324 1443 329 1452 ⁴
373 1440 382 1449 ⁵
394 1433 483 1466 Ψ
567 1442 610 1478 In
626 1452 880 1490 quocumque
901 1439 1007 1477 enim
1026 1439 1278 1477 inveniuntur
1295 1438 1360 1476 ali-

1417 1279 1491 1317 alio
1521 1280 1676 1317 habent.
1706 1282 1839 1330 Ipsum
1873 1280 1986 1328 igitur
2017 1293 2099 1318 esse
2134 1281 2231 1318 inest
2264 1283 2482 1321 substantiis

1417 1333 1580 1370 causatis
1599 1342 1642 1370 ut
1661 1334 1823 1383 quidam
1851 1341 1957 1371 actus
1986 1334 2170 1383 ipsarum.
2200 1335 2240 1372 Id
2269 1343 2400 1373 autern
2420 1338 2482 1374 cui

1416 1394 1523 1423 actus
1551 1386 1659 1433 inest,
1688 1386 1859 1437 potentia
1887 1395 1959 1424 est:
1990 1399 2083 1424 nam
2111 1395 2229 1434 actus,
2250 1388 2483 1438 inquantum

1416 1439 1659 1486 huiusmodi,
1694 1441 1743 1477 ad
1780 1440 1992 1489 potentiam
2028 1441 2197 1478 refertur.
2234 1443 2277 1479 In
2313 1443 2483 1492 qualibet

285 1507 366 1545 qua
393 1494 474 1532 duo
503 1506 677 1543 quorum
705 1506 833 1530 unum
861 1500 917 1530 est
945 1495 1281 1542 complementum
1309 1493 1360 1529 al-
1385 1511 1393 1531 s
1416 1492 1530 1541 igitur
1557 1493 1769 1530 substantia
1797 1501 1922 1530 creata
1951 1501 2006 1530 est
2033 1494 2204 1542 potentia
2232 1503 2268 1531 et
2295 1504 2414 1533 actuS.

285 1548 423 1594 terius,
451 1547 653 1596 proportio
689 1546 807 1583 unius
842 1558 982 1583 eorum
1018 1546 1068 1582 ad
1103 1548 1267 1583 alterurn
1305 1554 1362 1582 est

285 1602 384 1639 sicut
410 1600 612 1650 proportio
640 1599 834 1648 potentiae
864 1599 914 1636 ad
942 1606 1091 1636 actum:
1126 1598 1221 1635 nihil
1255 1598 1361 1635 enirn

276 1655 506 1704 completur
519 1653 592 1690 nisi
611 1664 682 1702 per
699 1652 905 1702 proprium
925 1659 1067 1689 actum.
1088 1653 1131 1688 In
1150 1651 1362 1688 substantia

286 1716 418 1747 autem
447 1705 691 1744 intellectuali
718 1713 845 1743 creata
879 1704 1133 1742 inveniuntur
1163 1705 1261 1741 duo:
1291 1704 1361 1741 sci-

1470 1547 1576 1582 Item.
1599 1547 1729 1584 Omne
1748 1546 1980 1595 participans
1999 1547 2143 1596 aliquid
2169 1557 2416 1598 comparatur
2434 1550 2484 1586 ad

1416 1598 1547 1647 ipsum
1575 1599 1683 1648 quod
1712 1599 1960 1648 participatur
1987 1607 2029 1636 ut
2057 1600 2228 1649 potentia
2255 1602 2303 1638 ad
2333 1610 2481 1639 actum:

1415 1663 1486 1700 per
1504 1651 1543 1688 id
1564 1652 1669 1689 enim
1691 1653 1798 1701 quod
1818 1651 2066 1701 participatur
2083 1653 2127 1689 fit
2145 1654 2377 1703 participans
2397 1663 2484 1692 actu

1416 1705 1501 1741 tale.
1519 1705 1732 1742 Ostensum
1747 1712 1878 1742 autem
1898 1713 1953 1742 est
1973 1705 2120 1754 supra*
2134 1707 2241 1755 quod
2257 1709 2362 1744 solus
2377 1708 2484 1745 Deus
2512 1724 2521 1732 ·
2536 1722 2593 1750 ρῳ.
2605 1729 2642 1745 xv.

285 1761 373 1800 licet
401 1759 614 1798 substantia
641 1759 743 1809 ipsa;
764 1767 800 1796 et
828 1771 911 1796 esse
941 1758 1039 1804 eius,
1060 1758 1168 1807 quod
1197 1770 1278 1795 non
1306 1766 1363 1794 est
1378 1775 1403 1790 ιο
1417 1765 1473 1794 est
1492 1757 1738 1795 essentialiter
1757 1771 1836 1804 ens,
1864 1758 1997 1795 omnia
2016 1766 2148 1796 autem
2167 1759 2240 1797 alia
2258 1760 2486 1810 participant

286 1815 372 1866 ipsa
399 1813 623 1859 substantia,
643 1821 686 1850 ut
705 1820 906 1850 ostensum
935 1820 991 1849 est
1009 1811 1040 1849 ²⁸.
1070 1813 1204 1860 Ipsum
1230 1819 1362 1848 autem

279 1881 371 1907 ‘esse
408 1875 466 1905 est
502 1868 838 1916 complementum
875 1864 1111 1903 substantiae
1149 1864 1359 1902 existentis:

285 1921 605 1971 unumquodque
634 1920 740 1957 enim
768 1926 856 1956 actu
885 1927 941 1956 est
964 1931 1035 1968 per
1053 1919 1130 1955 hoc
1149 1918 1258 1967 quod
1277 1930 1360 1955 esse

287 1976 416 2014 habet.
446 1973 694 2024 Relinquitur
716 1972 830 2022 igitur
857 1972 966 2021 quod
994 1972 1035 2009 in
1063 1971 1234 2021 qualibet
1251 1983 1360 2020 prae-

1415 1811 1547 1860 ipsum
1575 1823 1669 1848 esse.
1701 1811 1961 1861 Comparatur
1988 1811 2102 1860 igitur
2128 1813 2339 1851 substantia
2358 1814 2485 1851 omnis

1416 1872 1543 1902 creata
1570 1865 1620 1902 ad
1648 1877 1767 1902 suum
1794 1877 1877 1902 esse
1906 1865 2003 1902 sicut
2029 1866 2201 1914 potentia
2220 1867 2269 1903 ad
2288 1874 2429 1904 actum.

1469 1919 1682 1955 Praeterea.
1699 1918 1932 1955 Assimilatio
1947 1918 2110 1955 alicuius
2129 1919 2178 1956 ad
2198 1931 2356 1957 causam
2371 1932 2484 1968 agen-

1416 1978 1494 2008 tem
1523 1970 1566 2007 fit
1593 1983 1664 2020 per
1691 1979 1839 2008 actum:
1870 1983 1986 2020 agens
2014 1971 2119 2008 enim
2154 1972 2229 2020 agit
2262 1972 2334 2009 sibi
2362 1972 2484 2009 simile

286 2029 479 2067 dictarum
511 2026 814 2065 substantiarum
850 2026 895 2062 sit
930 2024 1162 2075 compositio
1190 2031 1297 2062 actus
1326 2032 1362 2061 et
1377 2046 1400 2066 ις
1416 2023 1649 2073 inquantum
1669 2032 1725 2061 est
1743 2032 1842 2061 actu.
1867 2024 2101 2062 Assimilatio
2125 2033 2255 2062 autem
2283 2025 2485 2063 cuiuslibet

315 2082 495 2120 otentiae.

286 2094 314 2133 p
342 2135 534 2185 Amplius.
565 2133 687 2181 Quod
716 2133 814 2170 inest
841 2132 955 2170 alicui
974 2132 1023 2169 ab
1043 2139 1189 2180 agente,
1210 2139 1363 2181 oportet

287 2201 372 2228 esse
400 2196 549 2226 actum:
579 2186 724 2236 agentis
744 2186 850 2223 enirn
869 2194 926 2223 est
943 2186 1067 2223 facere
1096 2185 1242 2235 aliquid
1261 2193 1360 2222 actu.

289 2243 503 2282 Ostensum
532 2249 588 2278 est
615 2248 748 2278 autem
777 2251 894 2289 supra
913 2239 933 2261 ²¹²
961 2238 1071 2288 quod
1099 2250 1238 2276 omnes
1266 2238 1362 2275 aliae

289 2295 524 2334 substantiae
553 2294 698 2332 habent
725 2306 808 2330 esse
837 2305 860 2330 a
888 2291 1016 2342 primo
1045 2299 1200 2341 agente:
1230 2299 1267 2328 et
1295 2304 1365 2341 per
1378 2313 1405 2327 ,ο

289 2351 367 2388 hoc
385 2349 492 2399 ipsae
511 2347 746 2386 substantiae
774 2354 952 2384 causatae
974 2353 1063 2383 sunt
1082 2346 1190 2395 quod
1210 2357 1294 2382 esse
1314 2345 1363 2382 ab

342 2464 360 2489 6
377 2471 471 2489 eorum
490 2462 598 2491 GNYZ;
612 2465 676 2494 post
693 2461 726 2485 ad
745 2462 855 2486 alterum
874 2461 905 2490 E,
924 2468 967 2486 om
987 2461 1079 2486 ceteri.

345 2507 358 2524 2
378 2500 496 2532 ipsarum
515 2499 538 2522 Α
550 2498 636 2526 solus:
657 2504 756 2522 earum.
847 2496 863 2521 8
883 2502 941 2521 actu
954 2496 1014 2530 tale]
1034 2496 1135 2521 actuale
1148 2497 1191 2521 Pc.

1416 2077 1650 2115 substantiae
1670 2085 1818 2115 creatae
1846 2078 1896 2115 ad
1924 2079 2055 2115 Deum
2074 2086 2130 2115 est
2148 2090 2218 2127 per
2240 2078 2370 2128 ipsum
2389 2091 2482 2125 esse,

1416 2138 1459 2168 ut
1487 2143 1604 2181 supra
1623 2131 1643 2152 ’¹‘
1672 2138 1872 2168 ostensum
1898 2139 1965 2168 est.
1994 2133 2127 2181 Ipsum
2146 2131 2259 2180 igitur
2277 2144 2359 2169 esse
2378 2144 2484 2169 corn-
2515 2141 2594 2169 ·Cap·
2610 2147 2640 2163 vx-

1416 2192 1575 2233 paratur
1593 2184 1642 2221 ad
1662 2196 1800 2221 omnes
1827 2184 2057 2222 substantias
2085 2192 2229 2222 creatas
2258 2185 2354 2222 sicut
2379 2193 2485 2222 actus

1418 2250 1566 2274 earum.
1615 2238 1673 2274 Ex
1711 2250 1791 2287 quo
1830 2238 2058 2287 relinquitur
2094 2238 2202 2287 quod
2240 2238 2280 2274 in
2317 2238 2486 2287 qualibet

1419 2290 1631 2351 substantia
1672 2298 1797 2328 creata
1838 2291 1884 2328 sit
1925 2291 2155 2340 compositio
2197 2299 2303 2328 actus
2346 2299 2382 2328 et
2418 2303 2487 2340 po-

1419 2352 1571 2381 tentiae.

1173 2459 1206 2485 18
1225 2466 1312 2485 actum
1331 2460 1368 2490 ῦς
1388 2465 1475 2485 actum
1494 2460 1560 2485 eius.

1282 2504 1298 2529 9
1318 2501 1405 2521 autem
1417 2495 1461 2521 hic
1473 2496 1495 2520 Α
1507 2496 1592 2525 solus;
1607 2498 1671 2526 post
1685 2499 1734 2520 est.

1827 2500 1859 2519 ιο
1874 2494 1962 2518 omnia
1980 2499 2066 2518 autem
2086 2493 2143 2526 alia]
2160 2493 2209 2518 alia
2226 2498 2313 2518 autem
2332 2493 2420 2518 omnia
2434 2493 2489 2520 BH.

1052 2584 1390 2618 Commentaria
1420 2584 1732 2616 Fen-ariensis

343 2686 363 2707 x
385 2675 561 2716 praemissa
591 2674 805 2705 conclusione
834 2672 971 2704 infertur
997 2673 1167 2704 corollarie
1197 2672 1259 2702 alia
1289 2681 1369 2702 con-

296 2688 450 2752 Eclusio
460 2721 487 2756 ἥ,
505 2719 644 2750 scilicet:
670 2718 710 2748 In
727 2717 915 2749 substantiis
932 2717 1204 2748 intellectualibus
1219 2721 1267 2746 est
1282 2725 1369 2746 com-

288 2765 411 2808 positio
435 2769 528 2795 actus
552 2768 584 2794 et
600 2763 781 2803 potentiae.

349 2809 515 2840 Probatur
531 2807 654 2848 primo.
675 2807 712 2837 In
727 2806 904 2836 substantia
927 2805 1136 2836 intellectuali
1160 2811 1266 2835 creata
1281 2805 1371 2834 inve-

294 2855 382 2886 nitur
405 2853 542 2884 essentia
566 2857 598 2882 et
621 2861 701 2887 esse,
726 2850 817 2891 quod
841 2855 888 2880 est
912 2850 1068 2880 essentiae
1093 2850 1256 2879 existentis
1280 2858 1370 2879 com-

294 2899 509 2940 plementum.
522 2897 609 2937 Ergo
622 2897 656 2926 in
668 2897 738 2936 ipsa
750 2900 798 2925 est
809 2895 1007 2935 compositio
1019 2894 1185 2934 potentiae
1195 2899 1227 2924 et
1239 2898 1339 2924 actus.
1347 2910 1370 2915 -

295 2944 455 2975 Probatur
478 2941 725 2981 consequentia.
753 2939 840 2977 Quia
862 2939 896 2969 in
925 2947 1138 2979 quocumque
1162 2939 1373 2968 inveniuntur

297 2988 364 3020 duo
388 2996 532 3028 quorum
547 2995 652 3016 unum
668 2991 717 3015 est
736 2983 1016 3023 complementum
1039 2982 1180 3019 alterius,
1200 2983 1371 3023 proportio

297 3034 395 3064 unius
419 3031 460 3063 ad
483 3031 620 3062 alterum
641 3035 688 3060 est
711 3029 794 3059 sicut
809 3028 979 3068 proportio
1003 3028 1169 3067 potentiae
1188 3026 1229 3057 ad
1252 3032 1371 3057 actum.

353 3076 515 3108 Secundo.
532 3075 611 3106 Esse
630 3075 714 3105 inest
729 3073 916 3103 substantiis
932 3072 1045 3103 creatis
1061 3072 1144 3102 sicut
1167 3076 1267 3102 actus.
1284 3071 1371 3111 Ergo

298 3123 369 3163 ipsa
383 3121 560 3152 substantia
576 3124 624 3150 est
639 3119 786 3159 potentia
806 3122 956 3157 respectu
977 3126 1058 3147 esse.
1075 3116 1162 3156 Ergo
1179 3121 1240 3146 etc.
1256 3133 1280 3137 -
1294 3115 1374 3146 Pro-

299 3167 393 3198 batur
416 3164 621 3196 antecedens.
637 3163 724 3201 Quia
748 3171 863 3192 omnes
887 3161 1083 3191 substantiae
1107 3165 1231 3190 creatae
1254 3160 1374 3191 habent

300 3221 370 3242 esse
394 3221 412 3241 a
435 3211 542 3251 primo
567 3213 692 3249 agente.
710 3206 812 3244 Quod
831 3211 940 3236 autem
963 3206 1047 3236 inest
1065 3205 1162 3235 alicui
1185 3205 1224 3235 ab
1248 3210 1373 3244 agente,

301 3260 432 3296 oportet
455 3264 524 3285 esse
548 3259 658 3284 actum
681 3253 766 3282 eius:
796 3260 872 3281 cum
900 3251 1022 3290 agentis
1046 3250 1086 3279 sit
1115 3249 1220 3279 facere
1251 3248 1374 3289 aliquid

301 3305 386 3331 actu.
404 3318 429 3322 —
442 3300 549 3330 Prima
573 3307 707 3339 quoque
724 3295 960 3336 consequentia
982 3294 1146 3334 probatur.
1168 3293 1255 3332 Quia
1270 3293 1303 3323 id
1321 3294 1374 3324 cui

302 3349 392 3375 actus
415 3345 509 3380 inest,
533 3343 680 3384 potentia
703 3346 760 3371 est.
1003 3340 1005 3342 '

359 3388 455 3420 Circa
478 3392 681 3428 assumptum
705 3385 746 3416 ad
772 3385 1001 3425 probationem
1028 3381 1375 3418 antecedentis‚,dubi-

302 3439 398 3464 tatur.
422 3433 509 3471 Quia
532 3432 718 3472 composito
743 3440 782 3461 ex
806 3429 938 3460 materia
962 3434 993 3458 et
1009 3426 1114 3458 forma
1136 3428 1220 3457 inest
1242 3426 1376 3456 materia

302 3479 408 3520 prima
431 3488 450 3508 a
473 3478 556 3508 Deo.
574 3477 615 3507 Et
630 3483 740 3507 tamen
758 3474 891 3505 materia
914 3483 982 3503 non
1006 3478 1053 3502 est
1076 3477 1165 3502 actus
1189 3471 1374 3511 compositi.

303 3523 391 3564 Ergo
415 3522 533 3553 falsum
549 3527 596 3552 est
612 3520 703 3561 quod
722 3521 805 3551 inest
820 3518 916 3549 alicui
931 3518 970 3548 ab
995 3522 1118 3557 agente,
1135 3521 1286 3556 oportere
1307 3524 1376 3545 esse

303 3573 414 3599 actum
438 3568 518 3598 eius.

1478 2670 1707 2711 Respondetur
1730 2668 1821 2710 quod
1844 2679 1912 2700 non
1935 2670 2042 2710 inquit
2065 2669 2199 2700 Sanctus
2224 2669 2368 2699 Thomas
2392 2678 2490 2699 omne

1424 2715 1514 2755 quod
1538 2720 1585 2745 est
1607 2715 1641 2745 in
1665 2715 1776 2754 aliquo
1801 2714 1839 2744 ab
1864 2719 1988 2754 agente,
2013 2719 2164 2754 oportere
2188 2722 2256 2743 esse
2280 2719 2387 2744 actum
2411 2714 2489 2749 eius,

1423 2759 1480 2790 sed
1503 2768 1602 2789 omne
1626 2758 1717 2799 quod
1747 2759 1838 2789 inest.
1867 2758 1973 2789 Inesse
2002 2764 2111 2789 autem
2138 2763 2185 2788 est
2214 2758 2373 2797 posterius
2396 2757 2491 2788 adve-

1422 2804 1551 2840 nientis,
1567 2809 1624 2834 aut
1645 2802 1827 2834 secundum
1851 2802 2055 2833 durationem
2075 2808 2130 2833 aut
2148 2801 2328 2832 secundum
2345 2801 2491 2832 ordinem

1423 2848 1656 2889 generationis:
1674 2857 1742 2877 non
1754 2853 1863 2878 autem
1874 2846 2094 2888 praecedentis
2107 2853 2138 2877 et
2153 2846 2400 2887 praesuppositi.
2414 2845 2490 2876 Ideo

1423 2902 1536 2923 sensus
1560 2892 1796 2933 propositionis
1820 2898 1881 2922 est:
1907 2891 2014 2922 Omne
2038 2891 2129 2932 quod
2157 2891 2310 2921 convenit
2333 2891 2429 2920 alicui
2452 2891 2490 2920 ab

1424 2943 1539 2977 agente
1557 2947 1620 2977 per
1642 2937 1774 2967 modum
1797 2937 1858 2967 sibi
1881 2936 2091 2971 advenientis,
2117 2941 2268 2975 oportere
2292 2944 2359 2965 esse
2383 2940 2492 2965 aetum

1426 2983 1505 3012 eius.
1531 2982 1664 3012 Materia
1688 2987 1798 3011 autem
1828 2991 1896 3011 non
1927 2980 2055 3011 advenit
2089 2980 2291 3020 composito:
2320 2980 2422 3009 immo
2445 2979 2492 3009 illi

1425 3026 1708 3067 praesupponitur.
1726 3026 1899 3066 Propterea
1914 3035 1983 3056 non
2000 3031 2047 3055 est
2063 3025 2203 3055 obiectio
2223 3029 2335 3054 contra
2350 3028 2493 3054 mentem

1426 3071 1560 3101 litterae.

1485 3115 1606 3146 Tertio.
1632 3114 1752 3145 Omnia
1767 3119 1872 3145 creata
1895 3114 2087 3154 participant
2103 3122 2185 3143 esse:
2204 3121 2278 3143 cum
2302 3111 2389 3142 solus
2405 3112 2493 3142 Deus

1426 3160 1466 3190 sit
1489 3159 1700 3190 essentialiter
1723 3168 1790 3189 ens.
1822 3159 1909 3198 Ergo
1934 3164 1995 3188 etc.
2018 3176 2042 3180 -
2062 3158 2220 3188 Probatur
2250 3157 2492 3196 consequentia.

1427 3204 1514 3242 Quia
1536 3204 1763 3244 participatum
1780 3208 1985 3243 comparatur
2008 3201 2047 3232 ad
2070 3202 2262 3242 participans
2283 3206 2320 3230 ut
2342 3205 2431 3230 actus
2455 3199 2495 3230 ad

1427 3249 1623 3289 potentiam:
1649 3257 1725 3278 cum
1747 3257 1805 3288 per
1828 3248 1935 3287 ipsum
1959 3247 2152 3287 participans
2176 3246 2215 3276 sit
2236 3250 2310 3275 actu
2333 3245 2417 3289 tale.-

1483 3292 1738 3328 Advertendum‚
1758 3301 1834 3322 cum
1850 3291 1966 3322 dicitur
1988 3290 2079 3331 quod
2100 3290 2188 3320 solus
2211 3290 2300 3320 Deus
2319 3294 2366 3319 est
2389 3298 2495 3319 essen-

1427 3337 1542 3367 tialiter
1565 3346 1632 3373 ens,
1650 3336 1742 3377 quod
1765 3336 1920 3376 accipitur
1940 3345 1996 3365 ens
2017 3334 2264 3375 participialiter,
2282 3338 2317 3364 ut
2339 3331 2497 3373 significat

1429 3391 1515 3412 esse:
1540 3391 1608 3411 non
1632 3386 1741 3411 autem
1763 3380 1980 3416 nominaliter,
2003 3384 2039 3409 ut
2061 3379 2231 3409 essentiam
2255 3376 2412 3418 significat
2423 3378 2451 3407 *.
2524 3379 2736 3427 ·Cf.supra‚‹l:ib.1,

1487 3425 1625 3462 Quarto.
1651 3425 1766 3456 Omnis
1782 3425 1956 3455 substantia
1973 3429 2077 3454 creata
2092 3422 2282 3453 assimilatur
2298 3422 2369 3452 Deo
2382 3430 2497 3452 secun·
2525 3411 2736 3456 ffigfitfffs’vnfm'

1429 3469 1509 3501 dum
1533 3480 1612 3506 esse,
1637 3476 1673 3500 ut
1697 3470 1842 3509 superius
1867 3474 1913 3499 est
1929 3474 2106 3498 ostensum.
2123 3467 2209 3507 Ergo
2227 3471 2287 3497 etc.
2304 3483 2326 3488 —
2341 3466 2498 3496 Probatur

1430 3515 1672 3554 consequentia.
1697 3514 1783 3551 Quia
1799 3513 1982 3543 assimilatio
1998 3512 2132 3542 alicuius
2149 3510 2189 3541 ad
2205 3520 2334 3541 causam
2349 3515 2498 3550 agentem

1429 3558 1466 3589 fit
1489 3568 1546 3599 per
1569 3564 1692 3589 actum:
1718 3567 1793 3588 cum
1809 3563 1880 3597 agat
1896 3557 1956 3587 sibi
1971 3556 2074 3586 simile
2091 3557 2285 3595 inquantum
2301 3560 2349 3585 est
2364 3555 2398 3585 in
2413 3560 2497 3585 actu.

1138 3655 1672 3696 &lm——
