2768 4134
0 3930 7 4134 avunwmw-v—-x-
0 3899 6 3913 -‹.
0 3882 2 3887 -
0 3848 3 3850 .
0 3790 2 3814 γ..

62 520 74 530 ‘
88 519 145 547 Cap.
156 525 208 542 xm.

57 1244 69 1256 ⁶
83 1242 124 1268 α,
136 1243 272 1268 commsm.

57 1276 114 1300 etp.
125 1275 166 1299 aa.
179 1269 232 1293 init.

893 274 1082 312 SUMMA
1112 276 1334 316 CONTRA
1362 278 1637 327 GENTILES,
1669 280 1780 318 CAP.
1802 282 1916 319 XXII.

307 351 642 402 participationem
666 353 838 400 alicuius,
860 365 942 391 non
961 362 1086 403 potest
1105 368 1187 394 esse
1207 357 1380 406 primum

307 417 392 442 ens:
423 405 514 456 quia
538 406 576 443 id
596 407 705 456 quod
724 406 870 456 aliquid
889 407 1089 458 participat
1108 410 1156 446 ad
1177 411 1252 447 hoc
1271 411 1380 460 quod

307 457 363 505 sit,
385 466 442 496 est
459 471 507 497 eo
526 459 646 509 prius.
666 460 774 497 Deus
793 467 925 497 autem
941 469 996 498 est
1010 462 1183 511 primum
1203 475 1281 511 ens,
1298 476 1378 513 quo

306 511 403 550 nihil
416 520 473 550 est
490 512 599 563 prius
609 513 640 550 *.
661 512 734 550 Dei
757 512 871 562 igitur
889 515 1052 552 essentia
1071 524 1126 553 est
1145 529 1263 554 suum
1283 529 1377 555 esse.

360 566 473 603 Hanc
491 573 623 603 autem
642 565 851 603 sublimem
867 567 1066 605 veritatem
1080 570 1239 620 Moyses
1257 582 1280 607 a
1300 571 1378 608 Do·
1401 582 1411 602 ⁵

305 618 415 656 mino
435 626 492 656 est
510 619 686 656 edoctus:
717 618 785 668 qui
809 631 901 657 cum
925 630 1127 670 quaereret
1150 635 1173 660 a
1192 623 1376 667 Domino,

303 671 428 709 Exod.
445 683 478 709 111
489 675 522 698 '³‘
532 676 570 718 ¹⁴,
593 671 740 710 dicens:
763 674 805 710 Si
821 674 984 712 dixerint
1003 676 1054 712 ad
1071 688 1132 713 me
1147 677 1229 724 filii
1244 677 1376 723 Israel,

309 725 422 767 Quod
438 737 575 762 nomen
596 726 702 763 eius?
730 727 819 776 quid
841 728 962 765 dicam
992 728 1070 766 eis?
1097 729 1292 767 Dominus
1320 742 1377 767 re-

303 777 474 828 spondit:
503 779 591 829 Ego
618 791 701 816 sum
723 781 786 829 qui
802 792 896 818 sum.
927 783 989 819 Sic
1016 783 1114 819 dices
1125 782 1222 831 filiis
1239 783 1379 820 Israel:

2455 285 2504 332 69

1434 371 1582 396 nomen
1601 372 1684 397 esse
1705 361 1779 407 Qui
1798 373 1875 398 EST.
1901 361 2113 409 Quodlibet
2132 370 2264 400 autem
2282 375 2430 400 nomen
2448 371 2505 401 est

1433 411 1649 449 institutum
1678 414 1727 450 ad
1756 413 2053 462 significandum
2080 423 2260 453 naturam
2286 429 2356 454 seu
2375 428 2503 454 essen-

1433 465 1524 502 tiam
1555 465 1716 502 alicuius
1745 466 1810 503 rei.
1841 467 1953 504 Unde
1981 467 2209 518 relinquitur
2236 470 2343 519 quod
2373 469 2502 520 ipsum

1433 517 1613 555 divinum
1641 531 1724 556 esse
1753 526 1809 556 est
1837 532 1907 557 sua
1934 520 2098 558 essentia
2125 523 2187 559 vel
2214 530 2361 561 natura.

1488 571 1600 608 Hanc
1628 571 1744 609 etiam
1772 572 1972 610 veritatem
2001 573 2188 612 Catholici
2216 575 2392 613 doctores
2411 589 2501 626 pro-

1432 623 1520 660 fessi
1539 631 1640 661 sunt.
1661 624 1724 661 Ait
1737 636 1908 674 namque
1924 625 2104 674 Hilarius,
2121 627 2160 664 in
2175 627 2271 665 libro
2287 630 2332 666 de
2349 631 2385 667 T
2382 630 2498 667 rin.*:

1432 678 1524 714 Esse
1551 689 1626 714 non
1656 683 1708 715 est
1735 679 1906 715 accidens
1929 680 2022 725 Deo,
2042 681 2108 716 sed
2132 682 2326 718 subsistens
2353 685 2498 729 veritas,

1433 736 1467 767 et
1494 742 1652 767 manens
1680 741 1806 778 causa,
1836 738 1870 768 et
1898 733 2079 770 naturalis
2104 735 2254 783 generis
2275 737 2498 784 proprietas.

1433 783 1591 820 Boetius
1620 783 1736 822 etiam
1764 783 1864 831 dicit,
1894 784 1933 822 in
1961 785 2059 823 libro
2083 787 2128 822 de
2151 788 2186 823 T
2184 789 2254 823 rin.
2270 787 2300 832 *‚
2321 789 2428 837 quod
2448 790 2500 826 di-

309 831 385 874 Qui
401 837 453 869 est
470 833 568 869 misit
582 844 643 869 me
657 834 708 870 ad
719 846 796 879 vos,
813 835 1021 872 ostendens
1040 847 1158 872 suum
1172 835 1377 885 proprium
1393 852 1419 867 10
1433 838 1522 873 vina
1539 839 1742 875 substantia
1761 844 1813 875 est
1831 841 1951 888 ipsum
1971 851 2059 885 esse,
2080 845 2113 876 et
2132 841 2179 877 ab
2198 852 2244 877 ea
2263 846 2314 877 est
2332 853 2419 878 esse.

357 952 371 970 π
391 946 463 979 quod
477 954 523 979 pr.
542 946 610 981 loeo]
631 955 686 981 quo
704 947 757 974 ZP.

866 947 883 973 8
902 947 988 982 Quod]
1010 949 1079 979 Quid
1098 949 1175 981 BFH,
1195 950 1274 980 Quod
1292 955 1335 975 est
1351 950 1459 976 xszc.

1064 1046 1399 1080 commentaria
1428 1047 1737 1082 Fen-ariensis

352 1163 471 1183 xcrusa
493 1163 512 1183 a
535 1153 607 1184 Deo
629 1153 868 1193 compositione
891 1155 1051 1194 suppositi
1075 1160 1106 1185 et
1129 1162 1271 1192 naturae,
1298 1166 1377 1187 con-

305 1164 526 1237 Esequenter
548 1197 690 1228 excludit
712 1197 752 1228 ab
776 1197 894 1228 eodem
915 1198 1050 1229 Sanctus
1073 1199 1218 1231 Thomas
1241 1210 1378 1241 compo-

301 1241 453 1273 sitionem
483 1250 522 1271 ex
551 1251 620 1272 esse
651 1247 684 1273 et
715 1242 852 1273 essentia
867 1243 894 1279 *ζ
919 1243 1126 1284 ostenditque
1150 1245 1183 1275 in
1206 1245 1278 1275 Deo
1310 1255 1378 1276 esse

301 1285 442 1319 actualis
465 1285 658 1323 existentiae
680 1291 712 1316 et
734 1287 905 1318 essentiam
930 1287 1013 1318 idem
1037 1297 1115 1318 esse.

250 1366 258 1368 ‚
299 1330 433 1364 ..mpro‘
444 1330 538 1363 cuius
559 1330 780 1362 conclusionis
794 1331 1020 1368 declaratione,
1038 1332 1206 1363 sciendum
1224 1339 1270 1364 est
1286 1333 1377 1374 quod

56 1508 274 1533 ‘adea-un

63 3297 74 3307 ·
87 3296 126 3318 Αι.
142 3295 211 3324 Quot.
225 3296 278 3323 vn,

63 3329 86 3346 1.
101 3329 138 3346 ¹0.

300 1383 371 1406 esse
395 1379 428 1405 et
450 1374 615 1411 actualitas
639 1375 795 1406 existendi
811 1376 891 1406 nihil
907 1376 996 1408 aliud
1011 1383 1058 1407 est
1075 1386 1174 1417 quam
1190 1377 1270 1408 illud
1286 1378 1377 1418 quod

300 1427 360 1460 per
381 1419 446 1453 hoc
468 1418 605 1450 verbum
633 1424 682 1450 est
710 1419 907 1460 significatur
940 1430 1016 1452 cum
1047 1421 1195 1457 dicimus,
1219 1421 1297 1453 Hoc
1319 1428 1375 1453 est.

300 1463 343 1496 Et
365 1464 400 1495 in
423 1461 576 1495 creaturis
599 1463 743 1504 quidem,
767 1465 950 1496 secundum
966 1465 1075 1496 Sancti
1091 1465 1239 1496 Thomae
1259 1466 1377 1498 doctri-

300 1517 379 1541 nam
389 1509 418 1546 “,
441 1518 461 1539 a
483 1506 662 1549 quidditate
681 1509 806 1540 realiter
822 1509 1042 1550 distinguitur:
1067 1515 1201 1551 propter
1224 1510 1315 1550 quod
1337 1510 1377 1542 de

300 1552 408 1587 Adam
429 1562 544 1584 verum
567 1558 622 1588 est.
638 1552 746 1585 dicere
762 1553 853 1595 quod
868 1558 916 1585 est
930 1554 1038 1589 homo,
1055 1564 1123 1585 non
1140 1559 1249 1585 autem
1264 1565 1378 1586 verum

301 1603 350 1629 est
363 1596 471 1629 dicere
487 1596 578 1642 quod
593 1597 645 1628 sit.
671 1597 707 1629 ln
731 1598 803 1629 Deo
827 1603 937 1629 autem
960 1598 1047 1630 idem
1064 1603 1111 1630 est
1127 1599 1292 1630 actualitas
1313 1600 1378 1630 exi-

299 1641 405 1675 utendi
429 1647 461 1673 et
483 1641 598 1679 deitas3
623 1648 655 1673 et
677 1641 766 1674 idem
788 1642 969 1674 secundum
993 1653 1062 1674 rem
1085 1642 1282 1683 significatur
1302 1653 1379 1675 cum

300 1686 428 1723 dicitur,
451 1686 542 1718 Deus
565 1691 614 1718 est
634 1687 736 1723 Deus,
761 1693 794 1718 et
817 1697 894 1719 curn
917 1687 1044 1724 dicitur,
1069 1687 1159 1718 Deus
1181 1693 1238 1719 est.

300 1758 304 1761 ,
357 1731 380 1762 1.
404 1730 507 1769 Quod
529 1737 640 1763 autem
654 1732 699 1763 ita
713 1732 764 1768 sit,
779 1732 891 1763 multis
913 1732 1092 1764 rationibus
1112 1733 1228 1772 probat
1243 1732 1379 1764 Sanctus

300 1776 456 1808 Thomas.
481 1775 523 1807 Et
539 1776 664 1817 primo,
688 1777 885 1818 supponitur
908 1776 999 1818 quod
1022 1777 1112 1808 Deus
1135 1777 1174 1807 sit
1197 1786 1255 1817 per
1274 1787 1308 1808 se
1322 1787 1379 1809 ne-

301 1829 390 1853 cesse
406 1830 485 1852 esse.
511 1820 608 1852 Tunc
623 1821 679 1852 sic.
704 1821 783 1852 Esse
799 1820 891 1862 quod
907 1827 955 1852 est
969 1831 1112 1858 necesse,
1129 1821 1155 1852 si
1170 1822 1380 1862 coniungitur

301 1864 471 1907 quidditati
488 1875 572 1906 quae
588 1866 627 1896 ab
643 1866 716 1906 ipso
733 1866 772 1896 sit
787 1865 946 1903 distincta,
963 1871 1019 1897 aut
1034 1866 1080 1896 illi
1096 1865 1267 1906 quidditati
1282 1876 1379 1907 repu-

300 1915 387 1951 gnat,
410 1911 495 1942 sicut
516 1919 575 1950 per
597 1919 631 1941 se
656 1911 790 1941 existere
813 1916 971 1951 repugnat
994 1910 1148 1941 albedini:
1172 1916 1228 1941 aut
1251 1911 1281 1941 ei
1299 1920 1379 1942 con-

300 1963 421 1986 sonum
437 1960 485 1986 est
500 1960 533 1986 et
547 1953 653 1991 affine,
670 1955 754 1986 sicut
769 1955 909 1986 albedini
924 1956 959 1986 in
974 1955 1120 1986 subiecto
1137 1964 1215 1985 esse.
1233 1955 1378 1986 Primum

301 1998 369 2030 dari
391 2008 461 2030 non
483 2004 605 2039 potest:
630 1999 707 2040 quia
736 1999 783 2030 illi
813 1998 983 2040 quidditati
1012 2009 1082 2030 non
1109 2000 1272 2035 convenit,
1296 2000 1379 2031 sicut

301 2052 411 2084 neque
433 2043 575 2075 albedini
596 2053 655 2084 per
677 2053 712 2075 se
736 2044 879 2075 existere.
895 2062 919 2067 —
934 2044 968 2075 Si
991 2043 1172 2076 secundum
1196 2043 1298 2079 detur.
1323 2050 1378 2075 aut

301 2087 465 2129 dependet
480 2088 519 2118 ab
536 2089 673 2119 essentia
696 2098 780 2125 esse;
804 2094 860 2119 aut
883 2094 1059 2129 utrumque
1075 2089 1114 2119 ab
1131 2087 1246 2119 eadem
1267 2098 1377 2126 causa;

302 2138 358 2165 aut
377 2133 514 2164 essentia
529 2133 569 2163 ab
585 2142 664 2164 esse.
689 2133 767 2164 Non
790 2133 894 2174 prima
917 2132 999 2164 duo:
1024 2134 1101 2174 quia
1124 2138 1172 2164 est
1195 2138 1307 2164 contra
1330 2143 1378 2164 ra-

301 2177 428 2208 tionem
451 2186 580 2209 necesse
603 2187 672 2209 esse
695 2176 786 2219 quod
809 2178 848 2208 ab
873 2177 936 2208 alio
960 2177 1150 2218 dependeat.
1182 2177 1258 2208 Non
1282 2178 1378 2208 etiam

301 2222 447 2253 tertium:
473 2222 550 2262 quia
571 2227 651 2253 tunc
674 2221 835 2262 quidditas
857 2222 911 2253 illa
934 2221 1171 2253 accidentaliter
1193 2223 1239 2253 rei
1259 2231 1379 2253 conve-

301 2266 395 2303 niret,
419 2266 497 2307 quia
519 2266 611 2307 quod
639 2267 785 2307 sequitur
808 2276 877 2298 esse
900 2267 957 2303 rei,
974 2272 1022 2298 est
1043 2267 1089 2297 illi
1113 2266 1323 2304 accidentale;
1348 2274 1380 2298 et

301 2311 349 2342 sic
371 2320 440 2343 non
463 2316 548 2342 esset
574 2321 633 2342 sua
661 2311 831 2352 quidditas.
864 2311 950 2352 Ergo
979 2312 1012 2342 in
1044 2311 1116 2342 Deo
1147 2311 1308 2352 quidditas
1332 2317 1380 2342 est

302 2364 401 2387 suum
423 2365 503 2387 esse.

307 2422 310 2424 >
359 2400 394 2432 Si
416 2400 541 2432 dicatur
563 2400 654 2441 quod
677 2401 820 2442 primum
844 2406 892 2431 est
914 2400 1025 2441 aliquo
1049 2400 1151 2431 modo
1171 2410 1295 2437 verum,
1318 2410 1380 2432 nec

302 2450 462 2486 repugnat
477 2446 508 2476 ei
523 2444 614 2486 quod
631 2450 679 2476 est
693 2455 826 2476 necesse
841 2455 925 2476 esse:
947 2446 1023 2486 quia
1039 2454 1108 2476 esse
1124 2445 1204 2476 illud
1219 2445 1382 2486 dependet

303 2490 344 2521 ab
368 2490 505 2521 essentia
527 2499 596 2521 non
617 2490 775 2526 absolute,
792 2496 828 2521 ut
844 2490 981 2521 omnino
998 2499 1067 2520 non
1083 2490 1122 2520 sit
1137 2491 1198 2520 nisi
1213 2490 1266 2521 illa
1287 2496 1379 2527 esset,

303 2534 360 2566 sed
383 2540 543 2575 quantum
566 2534 606 2566 ad
630 2535 786 2575 coniungi
809 2535 853 2571 εἰς
877 2536 985 2576 ipsum
1009 2535 1097 2565 enim
1118 2544 1186 2565 esse
1202 2544 1259 2575 per
1274 2544 1308 2565 se
1324 2544 1381 2565 ne—

304 2589 393 2610 cesse
417 2585 475 2615 est,
499 2579 555 2610 sed
578 2580 687 2620 ipsum
718 2580 874 2620 coniungi
902 2579 1071 2620 quidditati
1100 2589 1168 2610 non
1197 2585 1244 2610 est
1266 2589 1324 2620 per
1347 2589 1381 2610 se

303 2633 446 2660 necesse,
467 2641 489 2646 —
509 2629 636 2654 contra:
661 2624 728 2655 Aut
751 2623 832 2655 illud
855 2633 924 2655 esse
947 2630 1055 2664 potest
1078 2624 1213 2664 intelligi
1236 2625 1304 2655 sine
1328 2624 1381 2655 illa

305 2667 493 2709 quidditate,
510 2674 566 2699 aut
580 2678 659 2699 non.
681 2668 716 2699 Si
731 2669 885 2709 primum,
902 2678 979 2709 ergo
995 2669 1048 2699 illa
1065 2669 1202 2699 essentia
1218 2668 1258 2699 ad
1274 2670 1381 2709 ipsum

305 2722 374 2744 esse
394 2712 631 2744 accidentaliter
653 2722 687 2744 se
710 2713 816 2744 habet.
841 2713 905 2744 Sed
926 2713 960 2744 id
985 2713 1075 2754 quod
1091 2719 1138 2744 est
1153 2723 1284 2744 necesse
1301 2723 1380 2749 esse,

305 2763 353 2788 est
374 2757 457 2789 illud
481 2767 560 2788 esse.
584 2757 672 2798 Ergo
688 2758 835 2798 sequitur
850 2757 942 2798 quod
956 2758 1010 2789 illa
1025 2759 1164 2789 essentia
1179 2759 1275 2789 etiam
1298 2759 1381 2788 acci-

305 2801 475 2833 dentaliter
497 2811 531 2832 se
554 2802 651 2832 habet
667 2801 707 2832 ad
722 2801 756 2833 id
771 2802 863 2842 quod
886 2807 934 2833 est
956 2812 1087 2834 necesse
1105 2812 1183 2833 esse.
1209 2802 1295 2843 Ergo
1309 2812 1379 2833 non

305 2847 365 2878 erit
388 2847 457 2877 eius
481 2846 652 2887 quidditas,
677 2845 734 2877 sed
756 2847 864 2887 aliqua
886 2847 959 2888 ipso
979 2849 1150 2888 posterior.
1166 2865 1190 2870 —
1211 2847 1244 2878 Si
1266 2856 1382 2877 secun-

305 2891 395 2928 dum,
411 2890 492 2922 illud
515 2900 584 2922 esse
608 2891 756 2922 absolute
779 2890 941 2932 dependet
963 2893 1002 2923 ab
1027 2901 1068 2923 eo
1091 2902 1108 2923 a
1129 2901 1196 2932 quo
1221 2891 1383 2932 dependet

305 2936 496 2966 coniunctio
519 2945 578 2966 sua
601 2935 641 2966 ad
664 2936 845 2966 essentiam.
870 2935 912 2966 Et
934 2937 980 2967 sic
1002 2935 1090 2967 idem
1114 2936 1205 2977 quod
1228 2937 1326 2977 prius.

362 2989 392 3010 2.
417 2979 558 3010 Adverte
582 2980 666 3011 circa
688 2979 776 3010 illam
799 2981 1069 3021 propositionem,
1090 2981 1273 3017 Quidditati
1295 2981 1381 3011 albe-

305 3024 392 3055 dinis
415 3029 580 3068 repugnat
595 3034 660 3065 per
681 3034 716 3055 se
738 3024 889 3062 existere,
907 3025 998 3066 quod
1013 3025 1068 3056 illa
1086 3027 1299 3067 repugnantia
1313 3035 1382 3056 non

305 3075 353 3100 est
368 3069 484 3109 logica,
501 3069 623 3100 scilicet
638 3079 676 3100 ex
692 3068 768 3109 ipsis
784 3070 927 3100 terminis
943 3070 1113 3101 resultans:
1139 3070 1195 3101 sed
1219 3076 1266 3101 est
1286 3079 1382 3111 repu-

305 3114 436 3154 gnantia
451 3114 484 3144 in
502 3113 616 3144 ordine
632 3113 673 3144 ad
688 3123 786 3154 agens
808 3114 963 3145 naturale.
987 3115 1160 3156 Repugnat
1180 3115 1267 3146 enim
1288 3114 1381 3156 quid—

305 3157 396 3189 ditati
419 3156 575 3189 albedinis
599 3157 690 3199 quod
713 3158 752 3188 ab
777 3163 891 3198 agente
915 3164 1023 3190 creato
1046 3169 1105 3200 per
1127 3168 1160 3190 se
1177 3160 1310 3190 existere
1326 3160 1382 3190 ha—

305 3203 389 3240 beat,
414 3208 446 3234 et
469 3203 514 3233 sic
538 3203 724 3234 naturaliter
747 3203 906 3233 subsistat.
931 3203 1008 3234 Non
1023 3209 1183 3244 repugnat
1197 3209 1307 3235 autem
1323 3204 1382 3234 sibi

306 3247 398 3288 quod
413 3258 432 3278 a
446 3247 519 3278 Deo
536 3253 662 3278 creetur
676 3257 735 3288 per
750 3256 784 3278 se
805 3248 959 3278 existens:
984 3253 1021 3279 ut
1035 3253 1124 3279 tenet
1139 3248 1275 3280 Sanctus
1291 3248 1382 3279 Tho-

305 3301 375 3322 mas
397 3292 432 3323 in
455 3292 565 3323 multis
588 3292 680 3329 locis,
703 3292 878 3333 praecipue
905 3291 1033 3328 Quolib.
1050 3292 1119 3329 vn,
1137 3302 1169 3333 q.
1186 3303 1228 3329 tv,
1245 3302 1273 3323 a.
1287 3293 1304 3323 3
1320 3294 1346 3323 ἕ.

364 3336 394 3367 3.
408 3336 503 3368 Circa
514 3336 602 3367 illam
615 3336 850 3372 disiuncfivam,
863 3338 929 3367 Aut
941 3336 1024 3367 illud
1038 3346 1107 3367 esse
1115 3342 1226 3377 potest
1241 3337 1383 3379 intelligi

305 3381 376 3412 sine
398 3381 457 3412 illa
480 3381 630 3418 essentia,
655 3386 715 3412 aut
737 3391 803 3411 non
818 3385 928 3422 potest
942 3381 1084 3423 intelligi
1098 3382 1168 3412 sine
1184 3381 1254 3417 illa,
1271 3381 1382 3412 adver-

306 3425 443 3456 tendum
459 3425 550 3466 quod
565 3436 634 3457 non
651 3426 806 3466 accipitur
825 3426 870 3456 ibi
893 3435 961 3456 esse
983 3425 1127 3467 intelligi
1149 3426 1220 3456 sine
1243 3427 1381 3457 essentia

307 3475 467 3510 quantum
483 3470 524 3501 ad
539 3471 678 3511 primam
694 3471 919 3511 operationem
941 3470 1132 3506 intellectus,
1150 3470 1206 3500 sed
1222 3476 1381 3510 quantum

307 3514 348 3545 ad
370 3514 557 3546 secundam.
582 3515 624 3546 Et
647 3520 695 3546 est
718 3525 847 3546 sensus:
872 3515 940 3546 Aut
959 3520 1067 3555 potest
1089 3515 1223 3555 intelligi
1247 3515 1382 3554 (scilicet

306 3559 395 3599 vere)
413 3559 503 3599 quod
525 3569 595 3590 non
618 3560 658 3590 sit
680 3559 727 3590 illi
751 3560 906 3591 essentiae
922 3560 984 3590 tale
1001 3569 1069 3590 esse
1086 3560 1309 3596 coniunctum,
1327 3565 1382 3590 aut

306 3613 376 3634 non
391 3609 499 3644 potest
514 3604 649 3644 intelligi
663 3613 732 3634 non
748 3614 817 3635 esse
833 3605 878 3635 illi
894 3605 1117 3635 coniunctum.
1134 3604 1263 3634 Horum
1276 3603 1382 3644 quod-

307 3652 450 3688 cumque
473 3648 575 3684 detur,
599 3658 668 3679 non
691 3649 814 3680 tollitur
836 3650 883 3679 vis
906 3649 1048 3685 rationis,
1065 3654 1101 3679 ut
1122 3654 1170 3679 est
1193 3647 1379 3679 deductum.

1488 1156 1583 1188 Circa
1609 1158 1692 1188 hanc
1720 1163 1829 1189 autem
1852 1159 2132 1199 impugnationem
2156 1159 2331 1190 dubitatur:
2357 1161 2432 1199 quia
2455 1161 2502 1190 vi-

1431 1200 1524 1232 detur
1548 1203 1667 1233 assumi
1690 1202 1780 1243 quod
1803 1202 1898 1233 debet
1925 1203 2065 1244 probari.
2088 1204 2272 1235 Assumitur
2296 1204 2383 1234 enim
2411 1204 2502 1245 quod

1431 1245 1466 1276 id
1487 1246 1575 1286 quod
1598 1251 1645 1277 est
1673 1256 1800 1278 necesse
1827 1257 1895 1278 esse
1917 1253 1965 1278 est
1993 1247 2076 1278 illud
2102 1257 2180 1279 esse.
2211 1248 2286 1278 Hoc
2313 1253 2422 1279 autem
2444 1250 2500 1288 qui

1431 1289 1507 1320 dicit
1531 1291 1700 1321 essentiam
1724 1291 1795 1328 Dei,
1820 1297 1875 1322 aut
1898 1292 1998 1332 ipsius
2020 1301 2151 1322 necesse
2175 1302 2254 1329 esse,
2279 1292 2318 1322 ab
2342 1302 2411 1323 esse
2432 1294 2500 1324 eius

1431 1333 1592 1375 distingui,
1624 1335 1711 1365 illam
1739 1336 1999 1376 propositionem
2029 1342 2168 1376 negaret,
2199 1338 2282 1367 sicut
2311 1342 2407 1377 negat
2439 1337 2500 1368 Dei

1431 1380 1602 1410 essentiam
1625 1389 1694 1410 esse
1717 1379 1826 1420 ipsum
1849 1390 1927 1411 esse.

1486 1423 1712 1464 Respondetur
1735 1424 1836 1464 quod,
1860 1425 1887 1454 si
1909 1430 2049 1464 ponatur
2072 1424 2194 1464 aliquid
2217 1425 2307 1465 quod
2330 1426 2370 1456 sit
2392 1434 2450 1465 per
2465 1435 2499 1456 se

1430 1476 1562 1499 necesse
1586 1477 1664 1504 esse,
1690 1474 1820 1508 oportet
1843 1469 1934 1509 quod
1949 1468 2029 1500 illud
2043 1469 2083 1499 sit
2098 1478 2193 1500 suum
2210 1479 2288 1506 esse,
2305 1479 2343 1500 ex
2358 1470 2499 1500 nominis

1431 1513 1565 1543 ratione.
1590 1512 1647 1543 Est
1670 1513 1757 1543 enim
1781 1522 1838 1552 per
1860 1523 1894 1544 se
1922 1522 2052 1544 necesse
2084 1522 2152 1544 esse
2175 1513 2266 1554 quod
2289 1523 2308 1543 a
2329 1515 2435 1554 seipso
2460 1514 2499 1544 de

1431 1557 1618 1587 necessitate
1650 1562 1698 1587 est
1727 1562 1759 1587 et
1789 1567 1806 1587 a
1837 1557 1928 1588 nullo
1960 1557 2034 1588 alio.
2061 1557 2096 1588 Si
2119 1563 2227 1588 autem
2250 1567 2317 1588 esse
2341 1567 2438 1589 suum
2460 1559 2499 1588 ab

1431 1601 1503 1640 ipso
1528 1600 1784 1641 distingueretur,
1810 1607 1974 1641 oporteret
1988 1607 2024 1632 ut
2039 1600 2119 1632 illud
2135 1602 2174 1632 ab
2190 1602 2253 1632 alio
2269 1602 2409 1638 haberet,
2425 1603 2501 1643 quia

1432 1644 1512 1675 nihil
1535 1645 1595 1675 sibi
1618 1646 1679 1685 ipsi
1703 1651 1750 1676 est
1773 1655 1868 1676 causa
1892 1645 2032 1676 essendi:
2059 1651 2090 1677 et
2112 1647 2157 1676 sic
2180 1655 2247 1676 non
2279 1652 2360 1677 esset
2387 1655 2444 1686 per
2467 1656 2500 1677 se

1433 1698 1563 1720 necesse
1587 1699 1666 1720 esse.
1691 1689 1797 1726 Unde,
1821 1695 2122 1731 quantumcumque
2146 1690 2260 1730 aliquis
2276 1690 2360 1721 dicat
2375 1690 2501 1731 quiddi-

1432 1739 1532 1764 tatem
1555 1734 1617 1765 Dei
1640 1735 1679 1765 ab
1703 1735 1775 1775 ipso
1799 1744 1867 1765 esse
1891 1734 2054 1775 distingui,
2071 1735 2098 1765 si
2112 1734 2250 1766 admittit
2273 1735 2380 1766 Deum
2395 1744 2452 1775 per
2468 1745 2501 1766 se

1432 1787 1564 1809 necesse
1588 1788 1667 1816 esse,
1691 1779 1752 1810 nisi
1779 1780 1994 1810 terminorum
2022 1779 2180 1810 rationem
2209 1780 2344 1819 ignoret,
2374 1785 2502 1819 oportet

1432 1828 1469 1854 ut
1492 1822 1651 1854 concedat
1673 1824 1781 1864 ipsum
1802 1833 1870 1854 esse
1887 1833 1983 1855 suum
2000 1833 2077 1855 esse.
2102 1824 2143 1854 Et
2158 1823 2232 1854 ideo
2249 1833 2317 1854 non
2332 1825 2503 1854 assumitur

1432 1867 1524 1908 quod
1540 1867 1635 1899 debet
1650 1868 1788 1909 probari,
1805 1867 1862 1900 sed
1877 1878 1915 1899 ex
1930 1869 1999 1909 ipsa
2014 1869 2156 1899 nominis
2179 1869 2301 1899 ratione
2325 1867 2503 1899 ostenditur

1433 1921 1502 1943 esse
1525 1922 1648 1943 verum.

1488 1956 1525 1986 11.
1550 1956 1710 1988 Secundo.
1739 1957 1828 1988 Deus
1858 1963 1905 1988 est
1934 1967 1992 1997 per
2018 1966 2052 1988 se
2080 1967 2211 1988 necesse
2235 1966 2312 1988 esse.
2345 1957 2430 1997 Ergo
2455 1963 2501 1988 est

1431 2010 1529 2031 suum
1549 2010 1628 2032 esse.
1653 2001 1742 2032 Patet
1766 2002 2012 2042 consequentia:
2037 2002 2114 2042 quia
2137 2001 2226 2042 quod
2248 2011 2317 2032 non
2340 2007 2387 2032 est
2404 2011 2500 2032 suum

1432 2054 1511 2082 esse,
1528 2055 1597 2076 non
1614 2052 1661 2077 est
1683 2055 1741 2086 per
1763 2055 1796 2076 se
1819 2055 1951 2077 necesse
1974 2055 2057 2082 esse;
2083 2055 2159 2077 cum
2182 2045 2443 2086 unumquodque
2462 2046 2501 2076 sit

1431 2099 1490 2130 per
1512 2099 1610 2121 suum
1634 2099 1711 2121 esse.
1739 2090 1772 2121 Si
1795 2091 1884 2121 Deus
1908 2096 1954 2121 est
1977 2099 2074 2122 suum
2098 2100 2176 2127 esse,
2194 2100 2270 2131 ergo
2288 2095 2319 2121 et
2334 2100 2391 2121 sua
2407 2090 2500 2131 quid-

1433 2133 1512 2165 ditas
1536 2140 1583 2165 est
1606 2135 1714 2175 ipsum
1730 2144 1814 2165 esse:
1834 2136 1919 2176 quia,
1936 2140 1972 2166 ut
1988 2140 2155 2166 ostensum
2171 2140 2218 2166 est
2229 2136 2256 2172 ἢ
2274 2135 2361 2166 Deus
2382 2140 2429 2165 est
2443 2145 2501 2165 sua

1433 2178 1603 2219 quidditas.
1629 2179 1716 2219 Ergo
1741 2185 1801 2210 etc.

1488 2223 1732 2255 Advertendum
1756 2223 1846 2264 quod
1870 2229 1901 2254 et
1923 2233 1981 2264 per
2003 2233 2100 2254 suum
2123 2233 2191 2254 esse
2215 2222 2330 2254 dicitur
2352 2233 2402 2254 res
2422 2233 2500 2261 esse,

1433 2274 1465 2298 et
1487 2277 1545 2308 per
1574 2277 1667 2299 suam
1697 2267 1846 2305 formam,
1870 2267 1926 2299 sed
1949 2267 2140 2299 differenter.
2170 2268 2254 2298 Nam
2284 2277 2342 2309 per
2364 2267 2502 2299 formam

1433 2312 1550 2343 dicitur
1571 2322 1622 2343 res
1645 2322 1713 2343 esse
1736 2318 1891 2353 tanquam
1914 2322 1972 2353 per
1995 2313 2191 2353 principium
2221 2318 2252 2343 et
2282 2322 2411 2343 causam
2437 2312 2503 2343 for-

1433 2357 1552 2388 malem
1567 2357 1668 2397 ipsius
1691 2357 1879 2388 actualitatis
1896 2357 2031 2394 essendi,
2048 2357 2104 2388 ubi
2120 2366 2188 2388 esse
2205 2367 2223 2387 a
2238 2366 2272 2388 re
2288 2356 2501 2397 distinguitur.

1433 2401 1494 2432 Per
1515 2402 1624 2442 ipsum
1647 2407 1756 2432 autem
1780 2411 1849 2432 esse
1872 2400 1989 2432 dicitur
2012 2411 2079 2432 esse
2102 2407 2257 2442 tanquam
2279 2411 2337 2442 per
2357 2402 2503 2432 ultimam

1434 2446 1650 2477 actualitatem
1673 2445 1809 2483 essendi,
1833 2456 1917 2487 quae
1940 2446 2067 2477 nullum
2090 2446 2190 2477 alium
2213 2451 2359 2487 expectat
2384 2452 2502 2477 actum.

1434 2490 1476 2522 Et
1491 2491 1536 2521 sic
1552 2491 1739 2531 intelligitur
1754 2491 1935 2531 propositio
1952 2490 2060 2522 Sancti
2073 2491 2231 2527 Thomae,
2248 2491 2504 2532 Unumquodque

1434 2541 1482 2566 est
1502 2545 1562 2576 per
1584 2545 1678 2566 suum
1702 2545 1779 2566 esse.

1492 2580 1542 2610 111.
1571 2581 1691 2610 Tertio.
1721 2580 1932 2620 Supponitur,
1957 2581 1983 2610 si
2013 2589 2081 2610 esse
2110 2590 2128 2610 a
2159 2579 2334 2620 quidditate
2367 2581 2400 2610 in
2431 2580 2502 2610 Deo

1435 2623 1649 2665 distinguitur,
1674 2624 1765 2664 quod
1789 2625 1857 2655 eius
1887 2634 1960 2665 pars
1990 2634 2057 2655 esse
2087 2634 2154 2655 non
2181 2625 2291 2664 possit,
2316 2633 2391 2654 cum
2415 2624 2502 2654 Deus

1434 2670 1474 2699 sit
1497 2669 1641 2709 simplex.
1667 2669 1762 2699 Tunc
1787 2669 1938 2709 arguitur.
1963 2668 2051 2699 Deus
2076 2674 2123 2699 est
2146 2669 2248 2709 prima
2272 2678 2367 2699 causa
2380 2668 2502 2699 nullam

1434 2714 1555 2744 habens
1579 2723 1717 2744 causam.
1743 2713 1829 2754 Ergo
1852 2714 1886 2744 in
1909 2714 1981 2753 ipso
1998 2713 2132 2743 essentia
2149 2718 2180 2743 et
2196 2722 2263 2743 esse
2280 2718 2354 2743 sunt
2368 2711 2464 2743 idem.
2480 2731 2503 2735 -

1434 2758 1591 2789 Probatur
1607 2758 1849 2798 consequentia.
1866 2758 1952 2796 Quia
1964 2767 2062 2788 omne
2075 2757 2165 2798 quod
2177 2767 2245 2787 non
2257 2763 2304 2788 est
2315 2756 2354 2787 de
2367 2758 2502 2787 essentia

1434 2803 1490 2838 rei,
1507 2803 1660 2833 convenit
1675 2803 1734 2832 sibi
1750 2812 1808 2843 per
1824 2802 1964 2842 aliquam
1989 2811 2128 2833 causam.
2153 2802 2249 2842 Ergo,
2266 2802 2291 2831 si
2308 2811 2375 2831 esse
2393 2800 2502 2831 distin-

1434 2853 1585 2887 gueretur
1608 2847 1647 2877 ab
1673 2848 1818 2883 essentia,
1843 2847 2030 2877 conveniret
2044 2846 2103 2876 sibi
2118 2855 2175 2887 per
2199 2846 2338 2886 aliquam
2362 2855 2500 2876 causam.

1434 2892 1511 2922 Non
1535 2897 1644 2922 autem
1666 2901 1725 2932 per
1747 2892 1850 2932 ipsam
1874 2892 2054 2927 essentiam,
2072 2896 2126 2921 aut
2141 2900 2199 2931 per
2215 2889 2335 2930 aliquid
2359 2889 2447 2930 quod
2463 2890 2503 2919 sit

1435 2936 1475 2967 de
1499 2937 1648 2967 essentia:
1674 2936 1759 2976 quia,
1785 2945 1861 2967 cum
1885 2936 2020 2966 essentia
2043 2936 2082 2965 sit
2105 2944 2162 2975 per
2185 2934 2264 2965 illud
2288 2944 2366 2970 esse,
2383 2933 2502 2974 aliquid

1434 2981 1495 3011 sibi
1509 2981 1571 3021 ipsi
1587 2990 1683 3012 causa
1694 2980 1821 3011 essendi
1836 2986 1934 3016 esset;
1952 2979 2042 3020 quod
2054 2985 2100 3010 est
2112 2979 2308 3020 impossibile
2324 2978 2502 3009 secundum

1435 3035 1504 3056 esse
1520 3025 1736 3061 substantiale,
1754 3026 1829 3065 quia
1844 3026 1932 3065 prius
1948 3023 2128 3055 seeundum
2147 3023 2345 3054 intellectum
2362 3028 2408 3053 est
2428 3032 2502 3053 cau-

1435 3079 1503 3101 sam
1519 3079 1588 3101 esse
1605 3079 1703 3110 quam
1719 3068 1880 3100 effectum.
1905 3069 1992 3109 Ergo
2009 3069 2195 3099 conveniret
2211 3068 2270 3098 sibi
2285 3077 2343 3107 per
2362 3067 2502 3107 aliquam

1435 3115 1530 3145 aliam
1553 3123 1693 3145 causam.
1722 3114 1808 3154 Ergo
1838 3114 1927 3144 Deus
1957 3113 2015 3143 erit
2042 3118 2197 3143 causatus.
2222 3112 2263 3142 Et
2286 3112 2331 3142 sic
2353 3121 2420 3142 non
2445 3111 2503 3141 erit

1435 3160 1539 3200 prima
1563 3168 1668 3189 causa.

1492 3203 1586 3234 Circa
1608 3203 1696 3233 illam
1719 3203 1986 3243 propositionem,
2011 3202 2107 3231 Prius
2136 3205 2183 3230 est
2211 3199 2384 3230 secundum
2409 3199 2501 3229 intel-

1435 3249 1552 3279 lectum
1580 3257 1712 3278 causam
1746 3257 1814 3278 esse
1843 3256 1940 3287 quam
1968 3246 2126 3287 effectum,
2151 3243 2381 3275 advertendum
2411 3243 2501 3284 quod

1435 3302 1531 3323 causa
1554 3302 1622 3323 non
1645 3301 1772 3332 semper
1796 3290 1964 3322 duratione
1979 3299 2074 3320 suurn
2091 3288 2242 3320 effectum
2257 3287 2428 3328 praecedit,
2446 3287 2502 3318 sed

1434 3338 1517 3368 bene
1541 3336 1653 3367 ordine
1677 3341 1818 3367 naturae.
1844 3335 1953 3366 Potest
1976 3335 2063 3365 enim
2087 3343 2181 3364 causa
2206 3338 2237 3362 et
2260 3332 2392 3363 effectus
2408 3332 2501 3363 dura-

1434 3382 1523 3412 tione
1547 3381 1643 3412 simul
1666 3390 1744 3416 esse,
1769 3381 1795 3410 si
1819 3379 1950 3410 effectus
1973 3389 2041 3409 non
2064 3377 2260 3418 producatur
2282 3386 2339 3417 per
2362 3382 2500 3412 motum,

1435 3432 1471 3457 ut
1494 3425 1626 3456 inferius
1642 3426 1659 3442 ⁴*
1683 3424 1883 3455 ostendetur:
1908 3423 1963 3454 sed
1979 3429 2086 3453 tamen
2103 3421 2234 3452 effectus
2250 3420 2430 3451 secundum
2445 3431 2501 3451 na-

1434 3477 1539 3501 turam
1554 3471 1658 3510 ipsam
1675 3479 1804 3500 causam
1820 3478 1888 3499 esse
1903 3467 2144 3508 praesupponit,
2161 3465 2329 3506 loquendo
2346 3464 2386 3496 de
2407 3475 2502 3495 causa

1435 3514 1589 3546 effectiva.
1607 3514 1648 3544 Et
1660 3523 1698 3544 ex
1711 3513 1932 3553 consequenti,
1946 3512 1971 3541 si
1987 3511 2152 3541 intellectu
2164 3510 2365 3550 concipiatur
2380 3509 2502 3550 aliquid

1435 3560 1473 3590 ab
1498 3559 1597 3589 altero
1622 3568 1700 3594 esse,
1718 3558 1805 3598 prius
1828 3557 2008 3596 concipitur
2031 3556 2133 3595 ipsam
2157 3563 2286 3584 causam
2310 3563 2378 3584 esse
2403 3563 2502 3594 quarn

1435 3603 1596 3639 effectum,
1614 3608 1768 3642 tanquam
1785 3611 1852 3631 esse
1869 3600 1999 3630 effectus
2020 3604 2261 3639 praesupponat
2284 3608 2352 3629 esse
2377 3608 2500 3629 causae.

1435 3647 1522 3678 Cum
1554 3656 1629 3686 ergo
1660 3647 1711 3676 hic
1740 3645 1868 3681 dicitur,
1899 3644 1994 3674 Prius
2024 3648 2072 3674 est
2102 3642 2277 3674 secundum
2307 3643 2501 3674 intellectum

2528 628 2538 638 ·
2554 627 2605 649 Lis.
2616 627 2666 656 vn,
2683 634 2715 651 u.

2527 786 2536 795 ·
2552 785 2610 812 Cap.
2620 791 2646 807 ιι.

2528 2136 2536 2145 ·
2552 2135 2609 2163 Cap.
2625 2141 2698 2163 praec.

2529 3419 2538 3428 ·
2546 3418 2742 3445 Lib.11‚c.xxxvni.
