2664 4120
175 340 268 368 curat
292 334 434 376 legendo
457 335 515 376 qui
532 333 752 376 praedicatur
774 334 878 365 eidem
901 337 1166 373 convertibiliter,
1191 337 1258 375 sed3

177 386 215 412 ut
236 379 388 417 diximus,
404 379 466 411 alia
489 388 595 420 eaque
610 378 708 410 obvia
731 388 829 410 causa
844 388 977 411 sensum
993 380 1131 421 fugavit:
1152 383 1186 418 in
1203 392 1260 413 au-

176 425 337 466 tographo
357 423 558 465 desideratur
573 423 692 455 ductus
715 423 833 454 calami
848 423 985 455 delentis
1009 426 1180 466 reliquium
1203 436 1262 457 an-

177 471 305 503 terioris
327 469 536 501 reductionis.
1096 485 1099 487 -

218 515 272 546 -L.
296 514 351 555 111,
374 523 447 555 cap.
469 523 514 554 47
543 511 672 544 medio:
699 525 714 539 ‹
734 512 812 543 Non
843 517 892 543 est
919 519 1030 544 autem
1061 515 1261 546 credendum

179 559 272 601 quod
293 559 508 601 Augustinus.
521 558 575 588 hic
597 557 632 588 in
660 557 767 588 verbis
796 558 980 598 praemissis
1009 561 1144 590 senserit
1171 560 1263 600 quod

178 603 213 636 iu
236 605 298 637 hac
324 605 390 635 vita
419 603 530 634 Deum
557 611 617 643 per
644 602 819 633 essentiam
846 602 1028 643 intelligere
1051 605 1218 643 possimus
1234 617 1262 641 ›,

179 647 295 690 Margo
317 648 423 680 addit:
456 661 471 676 ι
490 655 568 679 011111
599 646 686 678 dicat
710 647 746 678 in
775 646 860 678 libro
885 646 926 678 de
949 647 1102 678 Videndo
1126 649 1199 680 Deo
1223 648 1265 679 ad

179 693 351 726 Paulinam
369 705 398 731 υ,
422 698 456 724 01
476 697 584 723 textus
607 692 724 723 citatus
741 691 773 723 S.
789 692 974 732 ,Augustini
997 693 1144 733 sequitur
1167 702 1266 734 super

180 746 276 772 verso
299 737 380 770 folii.
405 738 454 769 lbi
475 742 587 768 tamen
610 737 651 768 ab
681 738 828 768 Auctore
855 736 992 768 deletur.
1016 736 1164 768 Delenda
1188 747 1266 779 ergo

181 783 295 816 finioeet
305 783 417 825 citatio
433 792 508 815 cum
518 781 610 813 dicae
623 787 698 820 etc„
713 781 772 814 sed
786 791 876 813 mera
891 782 1061 813 oblivione
1076 791 1146 813 non
1162 781 1267 814 deleta

182 834 241 861 est.
258 828 427 870 -lnterpres
449 837 520 859 rem
547 836 619 858 non
647 827 818 865 intellexit,
840 827 918 859 ideo
948 827 1060 858 scribit
1086 836 1161 858 cum
1189 837 1268 858 con-

183 869 327 907 tran-tum
348 873 440 905 dicat
462 878 525 904 etc.
939 883 942 885 ·

237 916 339 951 Hisce
361 923 395 950 et
417 918 488 949 aliis
510 917 710 949 lectionibus
732 922 842 949 textus
869 926 893 948 α
921 917 1127 958 autographo
1154 923 1268 948 nostro

181 962 377 996 vinculatur.
401 963 479 995 Non
502 961 618 995 fuisset
639 962 674 994 id
697 961 790 1003 quod
813 967 872 1002 est,
895 962 924 993 si
946 971 987 993 ex
1017 962 1083 993 alio
1112 961 1269 994 Summae

182 1009 388 1050 autographo
411 1013 636 1048 transumptus
659 1012 753 1039 esset.

261 1093 355 1147 5'111.
372 1104 418 1130 —·'
441 1106 501 1138 DE
523 1105 773 1183 ΕΚΒΟξῗξὲδ
794 1105 916 1137 PRlMl
939 1103 1196 1137 APOGRAPHI

771 1159 805 1182 α.
983 1163 985 1165 ·

240 1230 273 1262 8.
287 1247 312 1253 -
326 1229 362 1262 Si
376 1225 629 1272 quamcumque
639 1227 857 1260 differentiam
879 1228 964 1260 inter
980 1237 1004 1258 οι
1019 1232 1054 1259 et
1068 1228 1099 1259 A
1114 1227 1202 1258 illius
1225 1236 1275 1258 er-

183 1283 294 1307 rorem
316 1282 486 1311 vocamus,

185 1317 312 1354 lumine
334 1316 464 1362 excedit
476 1319 555 1351 -duo
585 1318 700 1356 millia,
722 1324 766 1356 et,
789 1319 818 1350 si
839 1318 915 1350 loca
937 1319 996 1349 ubi
1015 1318 1047 1349 Α
1073 1318 1184 1349 hiante
1207 1323 1276 1349 tex-

163 1364 527 1402 -nmrnrutavimus,
546 1365 593 1398 eis
608 1369 854 1405 computamus,
870 1363 911 1395 ad
927 1364 987 1395 tria
1001 1362 1105 1394 millia
1119 1363 1276 1394 ascendit.

185 1410 336 1450 Ati-atio
359 1415 392 1442 et
414 1415 539 1442 nomen
562 1410 680 1441 erroris
701 1409 814 1441 multis
836 1409 890 1440 vix
912 1408 1083 1440 convenit:
1108 1407 1277 1439 dimidiam

186 1460 314 1498 partem
335 1456 371 1487 in
393 1454 707 1498 imponderabilibus
722 1455 900 1487 consistere
922 1463 992 1486 non
1016 1452 1171 1485 auderem
1194 1452 1278 1484 affir-

186 1509 288 1538 mre,
320 1500 380 1532 sed
406 1499 586 1533 certissime
615 1499 796 1532 differentia
821 1499 917 1531 valde
942 1508 1120 1531 numerosa
1151 1499 1279 1530 obtinet

188 1546 316 1582 minuta
327 1551 360 1578 et
370 1545 495 1578 nullius
505 1546 679 1583 momenti,
695 1551 733 1577 ut
746 1545 897 1587 sequitur
917 1549 1074 1586 sequetur
1087 1549 1281 1586 sequeretur

188 1596 465 1634 consequentum·
487 1591 609 1623 dictum
627 1590 856 1632 supradictum
868 1590 1091 1632 praedictum,
1113 1595 1278 1621 ostensum

183 1637 387 1679 mutum,-
413 1636 500 1668 sicut
521 1637 609 1668 sicut
629 1641 663 1668 et
687 1636 775 1668 sicut
801 1635 920 1673 etiam;
951 1636 1028 1667 item
1058 1635 1166 1673 unde‚·
1194 1644 1278 1677 ergo

190 1681 319 1725 icium
340 1690 421 1713 vero
445 1686 575 1719 autem‚·
601 1686 679 1713 actu
708 1681 859 1723 potentia
883 1681 918 1712 in
941 1686 1019 1712 actu
1050 1681 1085 1712 in
1104 1681 1280 1722 potentia:

189 1727 311 1761 aorem
333 1735 451 1759 eorum
458 1734 472 1765 ,·
492 1727 523 1759 si
551 1732 631 1758 sunt
659 1726 690 1758 ai
711 1726 780 1758 sint
785 1733 800 1765 ‚²
822 1726 1038 1768 providentia
1061 1726 1278 1768 providentia

189 1771 324 1810 divium
347 1772 458 1814 possit
481 1777 597 1814 posset
602 1778 616 1810 ‚⁶
645 1771 830 1804 intellectus
861 1771 1072 1815 intelligens;
1101 1771 1279 1812 transposi-

189 1817 298 1854 tiones
311 1818 490 1849 verborum
505 1817 683 1849 maximam
698 1822 825 1858 partem
840 1817 1024 1854 innocuae3
1040 1817 1153 1854 verbo,
1169 1822 1279 1848 totum

191 1861 296 1899 fertile
318 1872 424 1904 genus
447 1861 650 1894 differentiae
672 1867 710 1894 ut
731 1862 776 1894 iu
799 1862 908 1894 dicam
932 1861 1158 1900 indifferentis,
1181 1870 1278 1903 quae,

191 1906 255 1942 ubi
272 1908 305 1941 A
327 1908 445 1945 existit,
468 1907 664 1939 variantium
687 1912 884 1949 apparatum
907 1906 1063 1939 dilatavit.

193 1988 198 1992 ,
247 1952 423 1986 Erroribus
437 1953 506 1984 veri
520 1953 677 1992 nominis,
692 1953 762 1984 sive
777 1953 836 1994 qui
851 1961 986 1990 sensum
1001 1952 1159 1984 orationis
1175 1951 1279 1983 offen-

193 1997 292 2043 dunt,
310 1999 340 2030 si
361 1997 464 2031 ullam
490 1997 668 2029 admittunt
694 1998 952 2035 excusationem,
975 2002 1164 2039 promptam
1191 1996 1280 2039 apud

193 2043 319 2086 peritos
340 2043 531 2078 conciliabit
545 2043 636 2075 bona
657 2043 842 2084 interpretis
856 2040 949 2074 fides.
973 2042 1192 2075 Honestatem
1208 2042 1281 2074 eius

193 2087 333 2121 libenter
355 2085 593 2130 praedicamus.
617 2087 724 2119 Malae
746 2087 825 2120 fidei
847 2087 1022 2129 vestigium
1044 2097 1115 2119 non
1142 2086 1280 2126 adverti-

193 2142 279 2166 mus.
302 2133 335 2165 A
356 2133 524 2174 scriptoris
547 2133 748 2165 conscientia
762 2142 856 2165 mens
875 2133 1043 2164 doctrinae
1064 2133 1220 2165 Auctoris
1235 2132 1281 2164 al-

193 2177 347 2211 terendae
369 2187 476 2220 aeque
498 2178 598 2219 longe
613 2177 751 2210 distabat
772 2187 811 2210 ac
825 2178 989 2216 voluntas,
1011 2187 1113 2220 quam
1129 2177 1280 2219 profecto

193 2232 263 2256 non
278 2223 430 2261 babebat,
441 2223 528 2255 male
542 2222 686 2264 legendi.
698 2223 809 2255 Alicui
824 2222 961 2255 fortasse
972 2222 1157 2255 secundum
1172 2232 1282 2255 mores

193 2269 341 2310 rigentes
363 2268 636 2310 interpolationes
651 2267 864 2309 excipiendae
879 2267 1042 2306 videntur,
1066 2268 1124 2300 sed
1146 2269 1174 2300 si
1189 2277 1282 2310 prae-

193 2319 325 2356 postere
358 2313 421 2346 sibi
452 2314 504 2345 ius
538 2313 783 2355 interloquendi
813 2314 1000 2356 assumpsit,
1032 2314 1141 2345 amico
1170 2319 1282 2345 tamen

193 2359 306 2393 animo
321 2358 510 2401 postillavit,
525 2364 563 2390 ut
577 2368 640 2390 suo
656 2358 733 2390 loco
748 2359 883 2400 patebit.
898 2377 923 2382 —
937 2358 1107 2390 Praeterea
1121 2358 1193 2390 fieri
1211 2368 1282 2390 non

194 2405 304 2446 potuit
327 2404 409 2445 quin
433 2404 613 2436 continuus
628 2404 881 2445 obtutussuper
898 2405 1058 2445 scriptura
1073 2410 1141 2435 tam
1164 2413 1282 2446 pamm

194 2450 304 2492 typica
326 2449 447 2480 mentis
470 2449 698 2490 praesentiam·
713 2454 744 2480 et
775 2449 957 2481 memoriae
984 2449 1283 2490 promptitudinem

194 2493 281 2527 male
302 2493 510 2527 affectaverit.
539 2511 565 2516 -
594 2493 760 2531 Tandem,
786 2493 950 2535 quaedam
979 2503 1128 2526 errorum
1155 2495 1282 2536 species

195 2538 366 2582 quoddam
387 2539 509 2571 habent
524 2539 618 2580 quasi
633 2537 748 2576 fatum,
763 2539 853 2571 unde
868 2539 999 2571 veniam
1021 2545 1189 2571 merentur
1211 2546 1282 2571 tan-

195 2593 298 2627 quam
319 2584 532 2624 inevitabiles,
555 2584 606 2616 sin
629 2584 741 2616 minus
763 2584 798 2615 in
820 2593 951 2625 genere,
974 2585 1010 2616 in
1033 2584 1229 2626 particulari.

251 2629 416 2661 Notamus
430 2628 524 2670 quod
546 2629 582 2661 in
603 2629 666 2661 hac
688 2630 892 2670 paragrapho
915 2629 988 2661 loca
1010 2636 1098 2661 extra
1121 2630 1282 2662 ambitum

197 2674 458 2716 fragmentorum
471 2674 504 2705 A
516 2674 612 2706 citata
634 2673 877 2715 distinguentur
899 2684 959 2716 per
981 2675 1172 2706 asteriscum
1186 2676 1205 2693 ⁴
1221 2684 1283 2716 po-

196 2720 297 2751 situm
319 2718 361 2750 ad
384 2724 500 2750 notam
520 2719 659 2760 paginae
681 2725 813 2750 nostrae
837 2719 1001 2752 editionis.
1025 2719 1202 2751 Distinctio
1224 2729 1282 2751 ne-

196 2764 335 2797 cessaria
357 2770 417 2801 est,
441 2773 486 2796 ne
506 2763 609 2802 forte,
633 2769 763 2805 praeter
785 2774 910 2796 errores
941 2775 1000 2806 per
1022 2765 1054 2796 A
1077 2764 1283 2802 certificatos,

197 2810 365 2851 interpreti
376 2809 429 2840 vel
441 2809 540 2841 etiarn
556 2808 590 2840 S.
603 2809 756 2840 Thomae
771 2809 986 2842 obtrudamus
998 2809 1146 2841 defectus
1162 2810 1283 2841 criseos

197 2860 339 2892 nostrae,
354 2863 456 2896 quam
472 2854 526 2887 hic
541 2854 644 2886 semel
667 2863 729 2895 pro
753 2863 885 2896 semper
899 2855 992 2886 omni
1008 2854 1138 2886 meliori
1159 2855 1284 2887 iudicio

197 2901 315 2933 sinceri
337 2899 570 2932 submittimus.
841 2913 843 2915 ·

254 2954 286 2986 9.
299 2961 322 2968 -·
333 2945 420 2976 Inter
434 2953 560 2976 errores
569 2943 772 2976 inevitabiles
784 2945 929 2986 primum
941 2955 960 2975 a
976 2944 1159 2985 frequentia
1170 2944 1284 2976 locum

198 2994 289 3021 tenet
302 2989 480 3020 verborum
495 2988 682 3020 collocatio.
700 2989 814 3030 Usque
837 2988 879 3020 ad
895 2989 1077 3030 capitulum
1093 2989 1148 3030 67.
1165 2989 1255 3021 Libri
1270 2990 1284 3021 1

198 3034 508 3075 transpositionibus
524 3034 731 3074 septuaginta
743 3039 887 3074 quatuor
901 3039 1070 3066 attestatur
1083 3034 1154 3075 ipse
1170 3035 1216 3071 A;
1231 3036 1285 3066 vix

199 3079 315 3110 decem
339 3078 478 3110 alicuius
500 3079 662 3109 momenti
686 3085 779 3110 sunt:
805 3079 848 3119 87
861 3089 880 3110 a
893 3079 948 3116 23,
965 3080 1027 3110 118
1040 3079 1062 3110 b
1078 3079 1129 3116 18,
1146 3079 1240 3111 13611
1253 3091 1284 3122 9,

204 3131 298 3164 1443
313 3123 346 3161 6,
366 3124 429 3155 150
445 3124 466 3154 b
487 3123 537 3160 13,
559 3123 615 3154 161
633 3123 654 3153 b
674 3131 702 3161 1,
720 3124 781 3155 162
799 3134 818 3154 a
832 3133 866 3163 4.
889 3124 1014 3155 Verum
1037 3123 1196 3156 damnum
1211 3134 1285 3156 mu-

199 3169 280 3200 tatio
295 3168 407 3200 intulit
421 3178 493 3209 cap.
512 3168 565 3205 56,
583 3168 644 3198 162
658 3176 717 3205 31,
737 3182 752 3195 α
764 3168 899 3200 Habens
908 3169 1059 3201 habitum
1072 3174 1104 3200 et
1119 3179 1188 3201 11011
1205 3179 1286 3201 con-

199 3213 344 3245 siderans
366 3219 415 3244 est
438 3212 688 3254 quodammodo
712 3213 746 3244 in
770 3214 929 3254 potentia,
945 3214 1038 3245 aliter
1058 3220 1168 3245 tamen
1185 3224 1286 3255 quam

201 3258 389 3301 intelligere
403 3263 481 3289 ante
496 3271 510 3285 ›
528 3267 570 3294 αις
587 3258 714 3289 Auctor
729 3258 826 3289 tacite
841 3258 969 3290 inducit
983 3259 1082 3290 verba
1092 3259 1286 3297 Aristotelis,

202 3303 245 3334 m
268 3303 310 3334 de
331 3303 454 3334 Anima
475 3300 599 3344 429²’8
625 3300 664 3334 οὗ
688 3301 756 3345 μὴν
782 3303 904 3344 ὁμοίως
929 3304 988 3334 καὶ
1014 3304 1089 3346 πρὶν
1111 3302 1243 3344 μαῗὶεῖν.
1262 3321 1287 3330 ι-

204 3349 279 3388 540
294 3348 351 3387 45,
375 3349 409 3379 in
433 3357 501 3379 non
526 3353 673 3389 tempore
695 3357 756 3389 pro
781 3357 849 3379 non
877 3348 911 3379 in
935 3352 1092 3388 tempore,
1114 3358 1142 3380 e.
1160 3355 1285 3386 contra,

204 3393 270 3432 314
281 3393 303 3423 b
317 3393 334 3424 5
360 3403 404 3424 ex
426 3402 494 3424 non
517 3397 592 3424 ente
614 3402 675 3434 pro
691 3403 758 3424 non
775 3403 818 3424 ex
833 3398 917 3425 ente.
932 3411 956 3415 —
967 3393 1068 3425 Libro
1084 3393 1123 3430 ll,
1139 3403 1212 3434 cap.
1230 3394 1285 3431 23,

204 3437 268 3469 325
279 3447 300 3468 a
313 3447 366 3474 22,
382 3447 452 3469 non
471 3438 619 3478 permisit
637 3443 721 3469 stare
732 3439 895 3469 insuetam
914 3438 1196 3470 constructionem
1215 3439 1286 3470 Au-

203 3483 302 3514 ctoris
321 3495 336 3510 ε
351 3482 429 3514 Νο11
446 3488 495 3514 est
509 3488 620 3514 autem
636 3483 754 3524 aliquis
768 3483 822 3514 sui
837 3483 991 3514 dominus
1006 3488 1106 3514 actus>
1119 3481 1287 3524 (dominus

202 3527 256 3559 sui
278 3532 373 3559 actus
397 3526 435 3562 οι)
458 3528 521 3558 nisi
545 3537 604 3568 per
625 3527 831 3559 voluntatem
850 3541 865 3556 ι
894 3527 926 3564 (e
949 3533 1063 3558 contra
1086 3537 1156 3559 non
1179 3529 1286 3569 tetigit

202 3573 287 3603 hanc
310 3572 349 3603 L.
374 3571 413 3609 11,
429 3582 500 3614 cap.
519 3573 573 3609 25,
591 3572 657 3613 329
669 3582 688 3603 a
704 3573 755 3610 18,
782 3586 797 3600 ε
816 3573 926 3604 Huius
948 3573 1116 3612 potentiae
1138 3574 1286 3613 passivae

203 3622 311 3648 motus
333 3622 428 3648 actus
457 3622 508 3648 est
524 3627 558 3654 »ς
594 3617 739 3658 intellige
765 3622 876 3649 motus
905 3617 1154 3658 praedicatum).
1181 3631 1206 3640 -’
1231 3617 1284 3649 cf.

204 3661 289 3693 ’300
302 3671 320 3692 3
333 3661 387 3699 35,
402 3670 464 3701 4ος
483 3661 580 3701 3643
594 3662 647 3699 25,
660 3662 681 3692 b
695 3671 754 3699 223
768 3662 831 3694 365
846 3673 865 3693 3
878 3662 914 3699 6;
930 3662 992 3702 367
1004 3672 1023 3694 a
1036 3672 1096 3703 29:
1114 3662 1213 3702 3840
1227 3672 1285 3699 20;

590 1273 640 1306 dis
657 1283 776 1306 eorum
792 1279 1032 1313 estnumerus.
1058 1272 1094 1304 ln
1117 1273 1183 1303 hoc
1207 1272 1275 1304 Vo-
1293 1297 1299 1302 .

2337 283 2394 308 XlX

1316 336 1379 398 393
1398 346 1416 367 3
1433 336 1490 372 23;
1525 337 1608 377 *459
1627 347 1643 367 a
1662 347 1717 377 27;
1754 340 1836 380 ᾗ’469
1854 350 1872 371 3
1893 350 1934 371 20
1966 350 2043 373 cum
2073 349 2161 376 textu
2193 353 2224 377 et
2254 350 2394 381 variante

1334 389 1400 420 470
1413 390 1432 411 3
1448 389 1501 420 29.
1668 407 1672 409 .
1778 407 1781 410 .
2300 414 2302 416 .
2321 413 2324 417 .

1372 424 1510 455 Crebras
1532 424 1717 456 invenimus
1740 431 1995 466 permutationes
2018 423 2290 470 coniunctionum
2310 439 2395 470 enim

1317 468 1415 499 etiam
1430 474 1540 499 autem
1556 475 1587 499 et
1603 470 1767 501 similium.
1793 471 1941 504 Orationi
1961 485 2079 508 nocere
2095 486 2233 519 possunt
2256 487 2289 513 et
2303 488 2396 525 argu.

1316 514 1554 543 mentationem
1570 515 1709 550 turbare,
1726 515 1782 545 sed
1798 525 1866 556 quo
1882 527 1959 548 usus
1976 529 2090 552 eorum
2114 522 2314 565 frequentior
2338 534 2393 559 est·

1317 563 1432 597 estque
1456 556 1545 597 apud
1560 558 1740 588 Auctorem
1763 559 2052 601 frequentissimus,
2077 572 2166 598 tanto
2183 570 2217 600 in
2233 553 2397 613 scriptori}

1319 602 1478 632 memoria
1501 601 1628 632 facilius
1651 608 1684 632 et
1706 604 1834 643 saepius
1857 607 2044 639 miscentur.
2382 636 2385 638 .

1381 654 1429 676 10.
1454 662 1476 667 -
1501 645 1588 676 Uber
1611 647 1709 677 etiam
1727 647 1801 678 fons
1825 651 1939 681 erroris
1965 658 2012 682 est
2035 654 2327 692 abbreviaturarum
2350 663 2398 693 in-

1321 690 1485 731 completa
1510 691 1561 721 vel
1584 692 1753 722 abundans
1778 695 1934 734 scriptura
1957 706 1975 726 a
1998 704 2086 736 parte
2104 701 2294 742 interpretis.
2318 707 2355 737 L.
2375 707 2387 737 1

1321 743 1392 775 cap.
1410 735 1464 774 67,
1486 743 1542 775 191
1558 745 1576 765 3
1594 735 1611 766 3
1624 737 1796 776 posterior
1810 747 1870 778 pro
1880 743 2116 781 posteriorum,
2133 745 2303 780 deficiente
2319 732 2398 782 line:

1322 779 1376 810 ola
1399 788 1465 820 qua
1482 789 1501 809 r
1515 779 1551 810 fit
1569 790 1659 818 rum3
1681 782 1721 812 25
1740 784 1871 822 quaerit
1893 793 1953 824 pro
1970 789 2143 826 quaeritur
2158 792 2281 823 omisso
2305 796 2398 835 signo

1322 825 1441 864 passivi
1465 824 1573 861 modi;
1594 825 1635 856 26
1652 826 1818 857 diceretur
1833 837 1893 868 pro
1911 829 2038 861 dicetur
2053 832 2162 864 addito
2179 836 2272 875 signo
2288 848 2348 879 pro
2365 850 2402 871 er

1323 869 1374 899 vel
1391 878 1437 899 re.
1454 885 1477 890 -
1493 869 1621 900 Eodem
1637 871 1782 911 capitulo
1800 873 1982 905 obveniunt
1996 877 2155 908 variantes
2176 887 2231 920 191
2254 891 2271 911 3
2293 891 2325 913 11
2347 884 2401 915 de-

1323 914 1465 954 cipimur
1487 924 1548 954 pro
1564 915 1775 956 decipiemur,
1792 917 1812 946 b
1831 926 1848 947 2
1867 918 2023 950 dicuntur
2038 930 2098 961 pro
2115 923 2261 962 dicimus,
2278 936 2299 966 4
2315 929 2403 969 quod

1323 967 1385 999 pro
1409 968 1503 1000 quae,
1529 959 1548 989 8
1572 961 1658 990 sicut
1679 970 1740 1001 pro
1758 962 1820 998 sic,
1842 962 1881 992 16
1897 972 1970 994 cum
1995 974 2055 1004 pro
2080 972 2125 1003 ut,
2148 976 2184 1008 17
2207 970 2402 1005 intellectiva

1325 1012 1386 1044 pro
1411 1004 1617 1041 intellectam,
1645 1014 1685 1035 22
1694 1006 1857 1048 fallimur
1871 1017 1932 1047 pro
1939 1009 2123 1050 falluntur,
2142 1014 2277 1045 totidem
2302 1023 2403 1049 atten-

1325 1049 1425 1079 tionis
1440 1050 1618 1080 oberrantis
1633 1050 1762 1087 indicia,
1787 1061 1871 1092 quae
1894 1059 2003 1084 tamen
2027 1064 2094 1086 non
2119 1058 2181 1088 nisi
2203 1059 2240 1089 L.
2266 1060 2292 1090 11
2317 1064 2403 1103 capi-

1327 1093 1398 1124 tulo
1428 1103 1483 1133 42.
1514 1094 1627 1125 eadem
1658 1094 1840 1136 frequentia
1871 1105 2081 1130 concurrunt.
2108 1119 2131 1123 —
2159 1102 2286 1135 Eodem
2317 1109 2403 1148 capi-

1327 1138 1398 1169 tulo
1423 1138 1478 1179 67.
1500 1139 1628 1190 obtinet
1650 1141 1775 1171 varians
1796 1149 1858 1181 190
1874 1142 1894 1172 b
1908 1142 1949 1173 38
1973 1145 2199 1186 contingenter
2221 1153 2403 1190 convenire,

1327 1192 1389 1224 pro
1421 1190 1646 1224 contingenter
1673 1186 1812 1222 evenire,
1843 1196 1902 1227 per
1931 1187 2092 1220 influxum
2123 1193 2195 1222 soni
2223 1201 2403 1228 contextus.

1330 1227 1406 1258 l-luc
1436 1228 1571 1259 fortasse
1603 1236 1726 1270 spectat
1754 1231 1830 1261 ibid.
1863 1231 1882 1262 8
1911 1244 1926 1259 ι
1947 1233 2108 1265 Effectum
2138 1238 2292 1270 excedere
2327 1251 2404 1273 suae

1330 1282 1446 1303 causae
1470 1283 1536 1304 non
1555 1275 1720 1316 pertingit
1739 1288 1752 1301 ι
1783 1285 1844 1316 pro
1861 1278 2100 1319 perfectionem
2132 1291 2198 1312 non
2226 1285 2405 1328 contingit;

1330 1324 1419 1348 tanta
1441 1318 1637 1359 negligentia
1659 1326 1770 1350 noster
1796 1322 1955 1353 rarissime
1981 1331 2104 1364 peccat.
2131 1326 2230 1358 Error
2253 1330 2406 1372 echogra-

1331 1363 1428 1403 phiae
1455 1363 1590 1395 ulterius
1613 1365 1739 1395 obtinet
1768 1365 1818 1395 his
1846 1366 1945 1397 locis:
1973 1367 2011 1399 L.
2040 1369 2062 1406 l,
2087 1380 2157 1411 cap.
2190 1373 2240 1410 13,
2270 1374 2309 1405 32
2327 1386 2346 1406 3
2363 1376 2404 1416 37

1336 1420 1351 1434 ι
1370 1407 1411 1438 de
1431 1407 1560 1439 duobus
1577 1418 1720 1450 quorum
1740 1419 1826 1441 unus
1849 1411 1888 1441 ab
1915 1411 1968 1453 (de
1986 1414 2021 1454 σι)
2047 1414 2111 1445 alio
2135 1425 2202 1446 non
2227 1418 2405 1459 dependet;

1332 1452 1371 1484 L.
1396 1452 1436 1489 11,
1459 1462 1531 1494 cap.
1558 1454 1610 1490 56,
1627 1454 1692 1493 403
1707 1455 1727 1484 b
1745 1456 1804 1485 1-5
1835 1468 1849 1482 ‹
1868 1458 2032 1497 tangentia
2046 1481 2052 1488 .
2068 1482 2094 1489 ..
2111 1465 2195 1491 tacta
2210 1485 2215 1492 .
2229 1485 2236 1494 .
2249 1485 2256 1493 .
2270 1460 2406 1505 tangun-

1332 1503 1386 1528 tur
1397 1521 1405 1528 .
1418 1521 1425 1528 .
1438 1521 1446 1529 .
1460 1500 1588 1538 agentia
1600 1500 1778 1541 (tangentia
1791 1499 1844 1542 a);
1858 1510 1929 1542 cap.
1944 1501 1997 1542 82,
2009 1503 2095 1542 *514
2107 1514 2125 1534 3
2142 1505 2161 1535 6
2182 1519 2196 1532 ‹
2212 1506 2297 1538 Tota
2313 1510 2409 1550 igitur

1332 1544 1482 1584 operatio
1507 1553 1623 1574 eorum
1647 1550 1866 1575 conservatur
1887 1545 1928 1576 ad
1944 1550 2226 1581 conservationem
2246 1561 2314 1583 esse
2338 1564 2409 1585 cor-

1332 1589 1427 1629 porei
1450 1589 1535 1619 sicut
1565 1589 1600 1619 in
1630 1588 1729 1620 finem
1752 1600 1781 1626 »ς
1805 1590 1982 1631 legendum
2013 1594 2191 1625 ordinatur
2218 1605 2293 1627 cum
2323 1598 2407 1630 DZb.

1333 1633 1503 1674 Praeterea
1518 1635 1575 1664 *21
1591 1643 1608 1665 a
1625 1643 1656 1674 9,
1677 1642 1734 1664 111
1753 1635 1773 1665 b
1790 1635 1840 1672 13,
1859 1636 1922 1675 243
1937 1646 1955 1666 a
1971 1646 2002 1677 9,
2024 1638 2104 1677 ‘461
2122 1639 2142 1669 b
2158 1640 2212 1679 48,
2229 1642 2312 1683 *469
2325 1653 2343 1673 a
2360 1651 2409 1681 iz,

1333 1679 1418 1710 *522
1436 1688 1455 1709 a
1473 1679 1526 1709 52.

1394 1732 1405 1755 1
1417 1732 1427 1755 1
1437 1747 1443 1755 .
1453 1741 1476 1746 -
1485 1723 1674 1755 Omissione
1686 1724 1890 1765 singulorum
1902 1726 2077 1758 verborum
2089 1729 2230 1760 multum
2240 1738 2409 1772 peccatum

1333 1774 1392 1800 est.
1417 1769 1444 1800 E
1468 1770 1576 1810 primo
1601 1768 1784 1810 fragmento
1800 1771 1840 1806 A,
1857 1770 1894 1800 L.
1912 1770 1935 1807 1,
1952 1781 2022 1812 cap.
2045 1773 2094 1810 13,
2114 1773 2153 1804 32
2168 1784 2186 1804 3
2204 1776 2307 1808 12-33
2322 1787 2340 1807 3
2355 1787 2410 1819 47,

1333 1823 1389 1846 sex
1416 1815 1514 1845 verba
1544 1814 1666 1845 omissa
1700 1820 1789 1846 sunt:
1824 1816 1863 1845 32
1884 1825 1902 1845 a
1920 1825 1963 1855 24
1986 1817 2026 1848 ab
2053 1819 2132 1855 alio,
2167 1820 2209 1850 30
2237 1821 2410 1859 invenitur,

1334 1860 1376 1899 45
1401 1859 1500 1901 quod,
1527 1860 1547 1890 b
1569 1859 1605 1890 13
1631 1860 1708 1890 licet
1731 1859 1837 1901 (quod
1869 1861 1899 1890 ei
1926 1869 2126 1902 expunctum
2155 1864 2254 1896 videri
2281 1868 2412 1907 potuit),

1335 1905 1376 1936 25
1402 1907 1485 1946 ipso,
1511 1904 1551 1936 33
1565 1915 1618 1945 a9
1642 1910 1699 1936 est.
1725 1905 1802 1936 Sola
1825 1905 1940 1936 ultima
1963 1908 2098 1939 omissio
2122 1912 2351 1951 perceptibilis·
2366 1919 2414 1944 est

1334 1951 1464 1982 criterio
1487 1950 1635 1981 interno:
1656 1950 1734 1981 Non
1752 1951 1830 1991 (est)
1847 1955 1966 1982 autem.
1991 1953 2043 1983 An
2066 1953 2125 1984 ista
2143 1957 2312 1995 proportio
2332 1957 2414 1988 inter

1333 1996 1531 2027 omissiones
1553 1995 1722 2026 sensibiles
1737 2001 1769 2026 et
1784 1995 1920 2026 latentes
1935 2004 2087 2029 constans
2107 1999 2156 2036 sit,
2173 2009 2241 2031 non
2262 2008 2413 2042 expresse

1334 2041 1529 2082 inquisitum
1557 2046 1616 2072 est.
1641 2040 1718 2072 Sine
1746 2040 1847 2071 dubio
1878 2042 1981 2082 stylus
2012 2043 2044 2074 S.
2076 2043 2236 2082 Thomae,
2268 2056 2332 2087 qua
2366 2053 2414 2078 est

1334 2087 1544 2128 proprietate,
1561 2085 1680 2117 multas
1704 2086 1898 2116 omissiones
1921 2086 1990 2118 non
2014 2089 2134 2129 patitur
2157 2090 2279 2131 absque
2302 2092 2414 2133 aliquo

1334 2131 1469 2169 dmm,-
1492 2131 1551 2162 sed
1574 2130 1732 2162 damnum
1756 2132 1922 2163 incursum
1948 2142 2017 2163 esse
2040 2135 2226 2174 saepissime
2242 2133 2309 2167 11011
2326 2143 2414 2177 patet

1335 2178 1397 2208 nisi
1413 2186 1453 2208 ex
1469 2176 1612 2208 lectione
1627 2177 1821 2217 autographi
1847 2177 1993 2208 meliore.
2018 2178 2093 2209 Hoc
2108 2180 2222 2220 utique
2237 2190 2350 2212 verum
2366 2188 2414 2213 est

1335 2221 1556 2254 de'omnibus
1579 2220 1767 2253 differentiis
1795 2231 1828 2258 α,
1852 2223 2047 2263 inquantum
2075 2230 2199 2255 textum
2227 2235 2296 2256 non
2318 2227 2414 2257 nimis

1335 2267 1480 2299 laedunt.
1498 2266 1596 2298 Tales
1611 2272 1723 2298 autem
1738 2272 1814 2297 sunt
1829 2268 1968 2305 multae;
1985 2269 2028 2298 ita
2044 2269 2178 2308 quidem
2194 2275 2230 2301 ut
2245 2271 2271 2301 si
2292 2280 2314 2301 οι
2332 2281 2415 2302 11011-

1335 2313 1398 2344 nisi
1413 2312 1577 2344 erroribus
1593 2311 1768 2343 latentibus
1790 2312 1943 2344 inventus
1967 2312 2078 2344 fuisset
2098 2313 2224 2346 differre
2247 2316 2287 2348 ab
2303 2316 2343 2353 A,
2367 2317 2415 2347 ni-

1335 2358 1517 2390 hilominus
1540 2357 1711 2388 existentia
1734 2357 1833 2387 unius
1860 2359 2038 2399 apographi
2068 2359 2151 2390 inter
2173 2359 2203 2390 Α
2227 2366 2258 2391 et
2283 2370 2305 2390 σι
2330 2366 2414 2392 certa

1335 2404 1463 2435 ratione
1487 2402 1602 2433 fuisset
1625 2401 1820 2433 inducenda.

1391 2448 1478 2479 Inter
1501 2447 1698 2478 omissiones
1721 2448 1926 2478 mentionem
1950 2449 2124 2488 specialem
2153 2455 2295 2480 meretur
2318 2452 2414 2491 parti-

1334 2494 1409 2525 cula
1425 2502 1505 2524 non.
1529 2492 1638 2523 Huius
1658 2492 1834 2523 occasione
1850 2493 1935 2523 circa
1951 2494 2186 2524 contrarietatis
2202 2493 2414 2526 differentiam

1334 2539 1448 2571 omnia
1471 2538 1545 2569 loca
1568 2537 1707 2568 citamus
1730 2538 1764 2568 in
1789 2537 1854 2568 hoc
1876 2537 2055 2569 Volumine
2079 2539 2295 2571 obvenientia.

1449 2592 1517 2614 non
1542 2583 1703 2613 omissum
1726 2587 1775 2613 est
1798 2592 1840 2623 97
1858 2583 1878 2612 b
1896 2592 1949 2622 20,
1978 2590 2039 2623 190
2056 2583 2076 2613 b
2097 2591 2147 2620 11,
2173 2584 2236 2615 228
2261 2584 2281 2614 0
2305 2594 2337 2625 9,
2359 2593 2414 2624 41,

1337 2629 1402 2661 332
1415 2629 1436 2659 b
1453 2627 1504 2665 16,
1530 2627 1593 2659 335
1607 2637 1626 2658 3
1643 2627 1674 2664 3,
1700 2627 1764 2668 349
1778 2637 1796 2657 a
1812 2637 1843 2667 7,
1868 2628 1958 2658 *352
1975 2637 1994 2658 a
2013 2635 2062 2664 12,
2087 2628 2226 2668 35638,
2251 2628 2309 2659 361
2328 2629 2348 2659 b
2366 2629 2414 2666 16,

1337 2674 1403 2713 364
1415 2683 1434 2704 a
1447 2673 1478 2710 8,
1496 2672 1559 2713 395
1575 2673 1595 2703 b
1608 2682 1639 2713 9,
1656 2673 1741 2712 ’447
1754 2682 1773 2703 a
1786 2671 1816 2708 8,
1833 2673 1915 2703 *505
1933 2672 1954 2702 b
1966 2672 2020 2711 48,
2037 2673 2121 2703 *506
2134 2673 2217 2710 313,
2230 2673 2312 2712 *543
2327 2683 2344 2704 3
2361 2674 2413 2710 31,

1335 2718 1524 2754 ·552b51,
1548 2716 1724 2755 *600a83
2131 2725 2135 2730 ’

1450 2772 1517 2794 non
1542 2761 1690 2794 additum
1702 2769 1751 2793 est
1778 2771 1833 2803 191
1856 2762 1939 2799 328,
1966 2762 2103 2801 26435,
2130 2762 2292 2802 278a16,
2318 2762 2413 2794 3583

1338 2807 1392 2849 26,
1416 2808 1508 2848 ’.457
1524 2808 1544 2838 b
1565 2815 1621 2848 19;
2402 2813 2405 2815 ’

1449 2862 1517 2884 non
1547 2861 1609 2893 pro
1640 2852 1726 2883 enim
1752 2852 1816 2883 206
1833 2862 1851 2882 a
1867 2852 1925 2891 46;
1950 2861 2010 2893 pro
2034 2851 2131 2882 etiam
2155 2851 2235 2891 ’295
2253 2851 2273 2881 b
2289 2862 2327 2891 43
2352 2849 2412 2892 pro

1335 2899 1418 2930 haec
1440 2897 1520 2929 ⁰351
1539 2907 1558 2928 a
1575 2905 1624 2934 11;
1649 2907 1710 2938 pro
1734 2897 1798 2928 nisi
1822 2897 1951 2936 38134
1974 2898 2043 2927 sine
2067 2906 2174 2927 errore
2197 2904 2323 2933 sensus;

1450 2952 1512 2984 pro
1535 2951 1615 2979 non,
1633 2947 1756 2973 natura
1776 2941 1835 2972 185
1850 2952 1868 2972 3
1892 2942 1950 2978 25;
1974 2942 2004 2972 si
2024 2949 2078 2982 191
2100 2951 2118 2971 3
2143 2940 2197 2977 23;
2224 2945 2260 2971 ut
2275 2950 2338 2981 207
2352 2941 2411 2981 b9,

1336 2988 1455 3020 ’2283
1476 2996 1530 3027 14;
1563 2987 1628 3018 nisi
1654 2987 1773 3028 '295b
1791 2987 1832 3027 39
1864 2986 1966 3028 (apud
1996 2995 2058 3016 nos
2085 2986 2156 3025 lege
2189 2985 2284 3028 non);
2315 2986 2413 3016 huius

1340 3033 1492 3074 31404;
1515 3033 1550 3063 in
1573 3040 1750 3072 4743111

1452 3078 1517 3108 nisi
1533 3077 1693 3108 omittitur
1704 3078 1789 3117 ’299
1802 3086 1820 3106 a
1837 3085 1886 3112 12,
1903 3076 1984 3107 *513
2000 3076 2019 3104 b
2038 3084 2092 3114 17;
2110 3074 2236 3105 additur
2251 3083 2317 3114 404
2329 3084 2346 3104 a
2363 3082 2412 3114 19,

1337 3132 1438 3163 440a
1455 3123 1472 3154 5
1499 3123 1568 3153 sine
1593 3131 1702 3152 errore
1725 3130 1855 3158 sensus3

1453 3167 1537 3198 nihil
1560 3176 1617 3197 om
1640 3167 1703 3205 ⁵24
1719 3167 1740 3196 b
1758 3165 1814 3202 16;

1452 3221 1513 3253 pro
1538 3211 1630 3248 nihil,
1654 3211 1808 3242 similiter
1829 3209 1907 3249 *43¹
1925 3210 1945 3239 b
1962 3208 2022 3245 32;

1451 3257 1602 3293 infinitas
1622 3265 1682 3296 pro
1695 3256 1817 3297 finitas
1841 3264 1936 3285 2003
1953 3252 2011 3290 3ο;
2040 3251 2329 3282 immutabilitatem
2353 3260 2413 3292 pro

1339 3302 1588 3333 mutabilitatem
1613 3300 1677 3331 228
1690 3310 1708 3330 a
1723 3309 1782 3339 44;
1807 3300 1997 3340 infinitatem
2014 3307 2073 3337 pro
2085 3297 2252 3342 finitatem
2269 3296 2332 3326 332
2346 3305 2365 3326 3
2379 3297 2413 3333 5;

1339 3347 1619 3389 imperfectionem
1644 3355 1704 3386 pro
1722 3344 1959 3386 perfectionem
1984 3342 2046 3372 335
2065 3342 2084 3371 b
2102 3348 2151 3378 11;
2245 3383 2247 3385 ¹

1454 3391 1625 3422 visibiliter
1654 3400 1714 3430 pro
1746 3388 1951 3419 invisibiliter
1979 3388 2039 3426 *¹7
2057 3387 2076 3415 b
2095 3385 2155 3422 26;
2186 3385 2413 3415 minorabilem

1339 3446 1400 3478 pro
1425 3435 1699 3467 imminorabilem
1716 3434 1779 3474 395
1794 3434 1814 3463 b
1833 3442 1888 3472 293
1913 3437 1944 3462 et
1959 3439 2120 3471 corporea
2135 3438 2196 3470 pro
2216 3429 2413 3470 incorporea

1339 3483 1358 3500 θ
1406 3481 1425 3512 8
1438 3491 1457 3512 3
1474 3481 1534 3512 32:

1357 3491 1402 3523 49
1451 3524 1594 3561 tandem,
1625 3533 1685 3564 pro
1714 3522 1911 3562 colophone,
1938 3520 2131 3560 priusquam
2156 3528 2216 3559 pro
2238 3523 2413 3559 postquam

1342 3571 1406 3611 346
1419 3571 1439 3601 b
1457 3570 1515 3606 33;
1540 3569 1718 3600 intrinseca
1741 3576 1801 3607 pro
1826 3565 2010 3596 extrinseca
2034 3564 2117 3594 ’505
2131 3573 2149 3593 3
2167 3563 2220 3595 31.

1395 3615 1626 3656 Negativarum
1662 3611 1890 3652 particularum
1925 3609 2059 3639 omissio
2094 3613 2127 3639 et
2159 3608 2292 3638 insertio
2327 3606 2414 3647 apud

1340 3669 1456 3691 omnes
1486 3659 1659 3699 scriptores
1691 3655 1891 3696 frequentior
1914 3659 1961 3685 est
1989 3662 2090 3693 quam
2111 3653 2298 3693 inexpertus
2322 3650 2416 3682 facile
