2768 4134
69 1646 81 1659 nl
87 1654 96 1659 Δι
124 1646 154 1659 'ei'-
167 1647 170 1651 ’
199 1647 202 1657 ῐ
222 1653 224 1655 -

46 1665 167 1718 ’ἵὶςξξὴέ

679 290 867 327 SUMMA
897 290 1119 328 CONTRA
1147 291 1422 337 GENTILES,
1451 293 1545 329 LIB.
1571 293 1611 337 11,
1643 292 1753 329 CAP.
1775 293 1905 338 XXIII,
1926 294 2060 330 XXIV.

327 369 366 400 V.
383 369 535 410 Septimo.
561 369 669 400 Primo
687 371 793 410 agenti
809 370 944 402 debetur
959 371 1062 411 prima
1085 373 1186 402 actio:
1211 373 1295 402 sicut
1314 377 1346 402 et

270 414 377 454 primo
399 413 513 444 mobili
537 414 662 453 primus
685 420 804 445 motus.
830 414 894 446 Sed
916 416 1000 446 actio
1021 416 1195 447 voluntatis
1218 421 1266 447 est
1288 426 1345 447 na-

270 458 414 489 turaliter
436 458 525 498 prior
548 459 676 489 actione
699 464 841 495 naturae,
862 465 976 500 utpote
1001 460 1182 500 perfectior.
1206 461 1290 491 Nam
1314 466 1346 491 et

270 501 358 543 apud
381 512 442 533 nos
466 503 593 542 agentia
616 512 674 542 per
696 503 897 534 voluntatem
924 503 1116 544 perfectiora
1146 510 1221 535 sunt
1248 514 1345 545 agen-

269 547 355 577 tibus
378 556 437 587 per
459 547 685 577 necessitatem
708 553 850 578 naturae.
875 548 961 588 Ergo
986 554 1046 579 etc.

325 591 390 622 Sed
413 591 554 622 occurrit
576 591 640 621 hoc
663 591 739 621 loco
764 591 910 622 dubium.
936 593 1036 623 Filius
1060 593 1147 623 enim
1171 594 1204 623 in
1229 592 1344 623 divinis

269 635 417 676 procedit
439 645 497 676 per
519 635 659 666 modum
682 642 824 672 naturae,
849 636 986 676 Spiritus
1003 637 1139 668 Sanctus
1162 642 1271 668 autern
1287 646 1346 677 per

269 679 408 711 modum
430 680 614 710 voluntatis.
639 679 703 711 Sed
726 681 898 720 productio
922 681 1058 722 Spiritus
1082 681 1190 712 Sancti
1213 691 1282 712 non
1297 687 1346 712 est

269 724 411 755 nobilior
433 724 650 764 productione
674 725 756 755 Filii.
781 725 868 765 Ergo
891 735 960 755 non
983 731 1031 756 est
1054 725 1275 756 universaliter
1289 735 1344 756 ve-

268 778 342 799 rum
366 768 456 809 quod
479 770 563 799 actio
588 769 763 799 voluntatis
787 770 827 800 sit
849 769 1023 810 perfectior
1046 770 1172 800 actione
1201 775 1343 800 naturae.

324 812 553 854 Respondetur
577 813 676 853 quod,
701 814 775 844 licet
805 814 906 844 Filius
935 813 1089 854 procedat
1119 823 1177 854 per
1206 814 1344 844 modum

268 863 402 888 naturae
433 863 464 888 et
494 857 630 898 Spiritus
654 858 790 889 Sanctus
818 868 876 898 per
905 857 1043 889 modum
1066 858 1251 894 voluntatis,
1275 867 1345 888 non

268 907 378 933 tamen
401 903 466 933 hoc
497 908 545 933 est
573 902 819 943 intelligendum
846 903 939 943 quasi
969 902 1070 933 Filius
1099 902 1285 933 naturaliter
1307 911 1344 932 ac

268 948 450 978 necessario
474 946 682 987 producatur,
707 947 842 987 Spiritus
866 947 1002 978 Sanctus
1034 952 1142 977 autem
1165 947 1345 977 voluntarie

269 997 302 1022 et
324 991 435 1027 libere,
459 991 503 1022 ita
526 992 615 1022 enim
637 991 828 1032 producitur
855 991 1041 1022 naturaliter
1057 990 1194 1031 Spiritus
1211 990 1347 1021 Sanctus

269 1036 353 1066 sicut
365 1035 479 1066 Filius:
498 1035 554 1066 sed
570 1036 647 1076 quia
666 1036 766 1066 Filius
781 1035 930 1076 procedit
946 1036 1155 1076 processione
1171 1045 1239 1066 non
1255 1045 1347 1076 prae-

270 1081 417 1121 exigente
441 1081 537 1111 aliam
558 1081 813 1120 processionem,
831 1080 888 1120 qui
904 1086 952 1110 est
966 1079 1085 1110 modus
1101 1085 1250 1115 naturae;
1275 1079 1347 1120 Spi-

269 1125 348 1156 ritus
371 1125 509 1156 Sanctus
533 1130 642 1155 autem
665 1124 813 1165 procedit
835 1125 1044 1164 processione
1061 1133 1145 1164 quae
1161 1124 1255 1154 aliam
1271 1133 1347 1164 pro-

269 1170 453 1200 cessionem
476 1170 721 1209 praesupponit,
747 1169 805 1209 qui
828 1174 876 1199 est
898 1168 1016 1199 modus
1039 1168 1226 1199 voluntatis.

327 1224 357 1244 2.
377 1213 441 1245 Sed
456 1223 524 1244 non
540 1213 668 1245 videtur
690 1214 770 1244 haec
793 1214 964 1253 responsio
979 1213 1093 1244 tollere
1110 1212 1346 1244 difficultatem:

270 1259 384 1295 immo,
408 1259 510 1299 magis
533 1267 661 1298 augere.
694 1258 728 1289 Si
751 1258 839 1289 enim
862 1263 928 1288 tam
959 1258 1059 1288 Filius
1084 1267 1183 1297 quam
1210 1257 1348 1297 Spiritus

270 1303 408 1334 Sanctus
430 1302 618 1335 naturaliter
640 1301 876 1343 producuntur,
898 1308 1060 1332 creaturae
1077 1307 1186 1332 autem
1202 1302 1301 1332 libere
1317 1307 1348 1331 et

269 1356 328 1388 per
344 1347 557 1383 voluntatem,
574 1348 719 1387 sequitur
735 1346 826 1387 quod
849 1346 1023 1387 productio
1041 1351 1203 1376 creaturae
1225 1351 1272 1376 est
1287 1355 1347 1376 no-

270 1391 368 1422 bilior
387 1390 608 1432 productione
631 1391 812 1422 divinarum
836 1391 1062 1427 Personarum,
1079 1391 1105 1420 si
1126 1391 1210 1420 actio
1231 1390 1348 1420 volun-

269 1436 343 1467 tatis
366 1441 415 1468 est
437 1436 580 1467 nobilior
603 1437 732 1466 actione
755 1441 898 1466 naturae.

325 1480 556 1521 Respondetur
570 1480 721 1520 negando
738 1480 1018 1519 consequentiam.
1036 1478 1123 1510 Cum
1139 1479 1227 1509 enim
1242 1479 1350 1518 inquit

270 1525 408 1556 Sanctus
428 1524 574 1555 Thomas
603 1523 694 1564 quod
724 1525 809 1554 actio
833 1524 1018 1558 voluntatis,
1043 1523 1109 1553 sive
1139 1524 1261 1563 agentis
1291 1532 1348 1562 per
1372 1523 1375 1556 Ξ

269 1569 483 1605 voluntatem,
496 1574 544 1599 est
559 1568 702 1599 nobilior
713 1569 842 1599 actione
858 1573 1001 1603 naturae,
1015 1567 1204 1607 intelligitur
1216 1565 1348 1606 quando

269 1616 407 1655 utraque
430 1612 622 1643 terminatur
637 1611 678 1643 ad
693 1611 827 1654 aliquod
843 1612 1076 1642 extrinsecum:
1102 1617 1138 1641 ut
1153 1611 1280 1641 videtur
1296 1620 1349 1641 ex-

269 1666 394 1699 ponere
425 1657 562 1688 Sanctus
591 1656 738 1688 Thomas
761 1656 921 1691 Potentia,
946 1665 978 1696 q.
1002 1665 1045 1691 m,
1070 1665 1098 1686 a.
1127 1655 1176 1686 15.
1206 1654 1348 1693 Quando
1374 1660 1376 1667 ¹

220 1726 221 1730 ,
270 1707 380 1734 sutem
403 1702 488 1732 actio
511 1707 645 1732 naturae
659 1702 850 1732 terminatur
865 1700 905 1731 ad
920 1700 954 1731 id
970 1699 1061 1740 quod
1076 1705 1124 1730 est
1139 1700 1350 1730 intrinsecum
1375 1736 1376 1740 Ἰ

271 1747 438 1783 essentiae,
455 1746 540 1777 actio
561 1751 671 1776 autem
694 1746 870 1776 voluntatis
895 1744 934 1775 ad
957 1745 991 1775 id
1014 1744 1105 1785 quod
1127 1750 1175 1775 est
1198 1745 1351 1774 extrinse-

271 1801 358 1830 cum,
382 1796 460 1822 tunc
484 1791 569 1821 actio
593 1796 728 1821 naturae
757 1795 805 1820 est
835 1789 979 1820 nobilior
1006 1790 1135 1820 actione
1163 1788 1349 1819 voluntatis.
1375 1817 1376 1820 ,

270 1834 324 1867 Sc
339 1841 448 1866 autem
465 1840 512 1866 est
528 1836 562 1865 in
579 1835 760 1875 proposito.
782 1833 958 1864 Productio
975 1834 1062 1864 enim
1079 1833 1260 1863 divinarum
1275 1833 1350 1863 Per—

269 1889 425 1911 sonarum
448 1880 638 1910 terminatur
661 1878 701 1910 ad
723 1878 756 1909 id
780 1878 872 1919 quod
895 1884 943 1908 est
965 1879 1048 1908 intra
1072 1877 1214 1908 divinam
1243 1886 1350 1907 essen-

269 1925 366 1956 tiam:
391 1924 567 1965 productio
591 1929 701 1955 autem
721 1929 939 1954 creaturarum
955 1923 1146 1953 terminatur
1161 1921 1200 1952 ad
1217 1921 1351 1962 aliquod

270 1970 498 2000 extrinsecum.
522 1968 618 1999 Unde
642 1968 785 1999 obiectio
802 1977 870 1998 non
888 1973 935 1998 est
951 1973 1063 1997 contra
1079 1972 1223 1997 mentem
1241 1965 1351 1997 Sancti

271 2013 433 2044 Thomae.

325 2057 381 2089 VI.
402 2057 542 2089 Octavo-
554 2057 664 2087 Virtus
680 2056 788 2087 divina
812 2061 859 2087 est
882 2064 1033 2096 suprema
1049 2055 1082 2085 in
1099 2055 1251 2085 omnibus
1268 2055 1350 2084 enti-

270 2103 342 2134 bus.
367 2101 454 2143 Ergo
478 2102 544 2142 agit
565 2102 600 2132 in
624 2111 739 2132 omnes
763 2111 813 2132 res
836 2110 894 2141 per
915 2099 1127 2130 voluntatem.
1150 2117 1173 2122 -
1193 2099 1351 2129 Probatur

271 2147 517 2188 consequentia.
541 2146 628 2184 Quia
651 2145 810 2182 videmus,
835 2146 890 2175 ubi
915 2145 999 2175 actio
1022 2149 1155 2174 naturae
1179 2149 1211 2174 et
1233 2143 1351 2174 volun-

269 2193 344 2223 tatis
367 2192 622 2231 coniunguntur,
648 2190 739 2231 quod
762 2191 911 2230 superior
933 2194 981 2220 est
996 2189 1096 2219 virtus
1113 2197 1197 2228 quae
1213 2189 1278 2228 agit
1293 2197 1351 2227 per

270 2237 475 2268 voluntatem
498 2245 536 2267 ea
559 2245 644 2276 quae
668 2236 732 2275 agit
756 2244 813 2275 per
837 2240 996 2270 naturam,
1013 2239 1046 2264 et
1065 2233 1166 2263 utitur
1181 2233 1251 2272 ipsa
1267 2233 1351 2262 sicut

270 2282 498 2312 instrumento.
523 2280 608 2311 Nam
631 2281 666 2310 in
688 2279 823 2310 homine
841 2279 990 2319 superior
1014 2283 1062 2308 est
1083 2277 1276 2313 intellectus,
1294 2277 1351 2317 qui

271 2327 338 2367 agit
359 2335 419 2366 per
440 2325 654 2361 voluntatem,
680 2325 788 2354 anima
812 2323 993 2364 vegetabili,
1018 2331 1101 2363 quae
1126 2322 1190 2362 agit
1213 2331 1271 2362 per
1294 2331 1352 2351 ne-

271 2370 454 2402 cessitatem
477 2375 621 2400 naturae.

329 2424 359 2445 2.
376 2414 440 2446 Sed
468 2414 610 2445 occurrit
632 2412 780 2444 dubium.
805 2412 891 2450 Quia
907 2412 1044 2443 Sanctus
1061 2411 1216 2446 Thomas,
1233 2410 1273 2441 de
1287 2411 1351 2440 Po-

273 2460 384 2495 tentia,
401 2468 434 2499 q.
447 2469 480 2495 11,
497 2469 526 2488 a.
541 2458 570 2494 3,
588 2458 628 2489 ad
641 2458 671 2494 6,
688 2458 794 2497 inquit
811 2456 902 2497 quod
918 2457 951 2487 in
968 2456 1105 2487 diversis
1119 2455 1247 2496 quidem
1263 2455 1349 2485 actio

273 2504 452 2535 voluntatis
467 2503 628 2534 actionem
652 2507 793 2533 naturae
810 2501 998 2542 praecedit:
1011 2519 1035 2523 —
1050 2500 1203 2540 intellige,
1221 2500 1277 2530 ubi
1293 2508 1352 2539 per

272 2549 437 2580 actionem
455 2553 588 2578 naturae
604 2546 795 2588 producitur
818 2545 941 2586 aliquid
965 2544 1150 2576 ordinatum
1171 2543 1211 2574 ad
1232 2543 1349 2574 finem:

273 2592 365 2634 quod
381 2592 455 2623 dico
472 2597 606 2632 propter
620 2591 654 2622 id
670 2590 761 2632 quod
776 2591 925 2631 superius
935 2591 952 2607 ⁴*
968 2595 1016 2620 est
1032 2589 1155 2620 dictum
1172 2588 1212 2619 de
1228 2587 1350 2628 produ-

273 2638 382 2668 ctione
399 2637 472 2667 Filii
492 2637 526 2666 in
542 2636 672 2667 divinis:
691 2654 712 2658 -
726 2635 783 2666 sed
799 2636 832 2666 in
851 2644 916 2665 uno
933 2640 965 2665 et
980 2634 1091 2665 eodem
1108 2634 1194 2664 actio
1211 2637 1352 2663 naturae

267 2681 440 2723 praecedit
457 2681 618 2712 actionem
635 2680 822 2715 voluntatis,
840 2689 878 2710 eo
899 2679 987 2720 quod
1007 2683 1127 2709 natura
1145 2677 1352 2718 intelligatur

275 2732 311 2758 ut
329 2726 528 2767 principium
544 2735 608 2766 quo
626 2734 679 2755 res
699 2724 852 2759 subsistit,
871 2724 1022 2754 voluntas
1039 2732 1115 2753 vero
1137 2727 1172 2752 ut
1190 2722 1350 2756 ultimum,

274 2780 338 2812 quo
356 2770 400 2801 ad
409 2771 515 2812 finem
539 2769 724 2800 ordinatur.
746 2769 832 2809 Ergo
856 2778 925 2799 non
949 2774 997 2798 est
1014 2776 1128 2797 verum
1144 2765 1235 2806 quod
1251 2766 1350 2795 virtus

2394 294 2468 343 327

1399 381 1497 412 agens
1520 382 1578 412 per
1600 372 1802 404 intellectum
1824 374 1858 403 In
1881 373 1997 404 eodem
2021 379 2129 404 utatur
2151 384 2188 405 ea
2211 384 2295 415 quae
2318 376 2383 415 agit
2412 385 2470 415 per

1398 421 1547 447 naturam
1570 417 1653 447 sicut
1675 417 1901 454 instrumento,
1925 424 1961 448 ut
1984 418 2107 449 dictum
2123 424 2171 449 est
2185 419 2218 449 in
2234 420 2369 450 ratione.
2393 420 2470 450 Non

1400 461 1487 490 enim
1503 460 1587 490 actio
1603 461 1808 491 instrumenti
1823 461 1985 501 praecedit
1999 463 2162 493 actionem
2173 463 2358 504 principalis
2373 473 2470 504 agen-

1398 504 1452 534 tis:
1474 513 1550 534 cum
1573 513 1642 534 non
1666 510 1737 544 agat
1759 505 2010 536 instrumentum
2026 507 2087 536 nisi
2109 513 2237 537 motum
2261 517 2278 537 a
2300 505 2470 548 principali

1399 553 1527 587 agente;
1553 553 1584 577 et
1607 548 1652 577 sic
1677 554 1826 588 oporteat
1853 550 1941 588 prius
1969 550 2145 590 intelligere
2169 560 2265 591 agens
2292 552 2468 592 principale

1397 601 1530 622 movere
1553 593 1805 622 instrumentum
1824 602 1922 632 quam
1945 594 2052 633 ipsum
2075 595 2326 626 instrumentum
2341 602 2422 636 agat.

1453 635 1681 676 Respondetur
1713 636 1804 676 quod
1836 638 2018 676 propositio
2046 638 2153 669 Sancti
2176 639 2324 670 Thomae
2351 640 2468 670 intelli-

1396 679 1502 720 genda
1526 685 1574 710 est
1597 685 1756 720 quantum
1780 680 1821 711 ad
1844 690 1882 711 ea
1897 690 1981 720 quae
2005 688 2080 712 sunt
2103 688 2189 712 extra
2211 693 2290 714 rem.
2314 684 2358 714 Ut
2381 685 2468 714 enim

1397 724 1514 755 dicitur
1536 725 1695 760 Potentia,
1719 725 1776 755 ubi
1799 734 1895 765 supra
1911 726 1938 761 ἢ
1962 725 2002 755 ad
2024 735 2056 764 4,
2081 732 2201 757 natura
2231 737 2296 757 non
2327 728 2470 759 subiacet

1398 769 1560 799 voluntati
1583 769 1615 799 in
1639 769 1689 799 his
1712 779 1795 809 quae
1814 774 1890 799 sunt
1913 769 2026 800 intima
2043 770 2111 800 rei:
2134 776 2166 800 et
2187 780 2245 810 per
2267 781 2470 812 consequens

1398 819 1558 852 quantum
1574 812 1614 843 ad
1629 813 1688 843 ista
1703 823 1770 844 non
1787 819 1895 854 potest
1919 823 1987 844 esse
2010 814 2260 844 instrumentum
2276 817 2397 855 agentis
2412 825 2470 856 per

1397 857 1599 887 voluntatem
1616 857 1649 887 in
1666 857 1792 888 eodem.
1817 857 1881 888 Sed
1895 863 2051 898 quantum
2068 858 2111 889 ad
2126 867 2164 889 ea
2180 868 2263 898 quae
2277 865 2354 890 sunt
2375 865 2469 890 extra

1398 910 1477 937 rem,
1502 902 1584 932 nihil
1602 902 1754 942 prohibet
1772 907 1926 933 naturam
1945 903 2061 933 subiici
2080 903 2258 933 voluntati:
2273 908 2304 933 et
2320 913 2377 943 per
2393 913 2470 934 con-

1398 955 1538 986 sequens
1556 952 1715 987 quantum
1731 946 1771 977 ad
1787 956 1825 978 ea
1841 956 1909 977 esse
1924 947 2026 987 ipsius
2041 947 2308 983 instrumentum;
2329 953 2366 977 ut
2384 953 2472 987 patet

1398 991 1432 1020 in
1455 996 1549 1021 motu
1580 991 1735 1027 animalis,
1759 991 1816 1021 ubi
1846 997 1959 1022 natura
1982 991 2207 1022 musculorum
2238 997 2270 1022 et
2297 1001 2472 1022 nervorum

1398 1035 1543 1065 subiacet
1566 1035 1723 1075 appetitui
1747 1035 1927 1076 imperanti.
1957 1034 2056 1073 Quod
2085 1045 2161 1076 ergo
2185 1035 2302 1066 dicitur
2323 1036 2472 1066 Potentia

1400 1088 1431 1119 q.
1453 1089 1485 1115 n,
1509 1079 1756 1119 intelligendum
1780 1085 1828 1110 est
1850 1085 2010 1119 quantum
2032 1079 2073 1110 ad
2097 1089 2134 1110 ea
2154 1089 2238 1120 quae
2261 1085 2336 1110 sunt
2358 1080 2472 1110 intima

1399 1124 1454 1154 rei.
1480 1123 1580 1161 Quod
1596 1133 1672 1154 vero
1689 1124 1741 1154 hic
1761 1123 1886 1160 dicitur,
1902 1124 2090 1164 intelligitur
2109 1129 2268 1164 quantum
2291 1123 2331 1154 ad
2355 1125 2472 1155 extrin-

1398 1177 1481 1198 seca.
1506 1168 1548 1198 Et
1571 1168 1615 1198 sic
1639 1168 1728 1198 nulla
1752 1173 1800 1198 est
1823 1168 2046 1199 contradictio.

1455 1212 1523 1242 VII.
1541 1212 1650 1243 Nono.
1667 1213 1776 1252 Agens
1799 1222 1857 1252 per
1879 1213 2080 1243 voluntatem
2097 1218 2303 1252 comparatur
2318 1212 2358 1243 ad
2374 1222 2472 1252 agens

1399 1266 1456 1296 per
1479 1262 1627 1287 naturam
1651 1257 1734 1287 sicut
1756 1266 1853 1296 agens
1877 1257 2055 1287 universale
2083 1256 2123 1287 ad
2151 1266 2248 1297 agens
2269 1257 2471 1297 particulare.

1399 1300 1486 1341 Ergo
1510 1301 1653 1340 primum
1669 1310 1765 1341 agens
1782 1307 1830 1331 est
1849 1310 1946 1341 agens
1971 1311 2028 1342 per
2051 1301 2261 1331 voluntatem.
2277 1318 2301 1323 —
2315 1301 2473 1331 Probatur

1399 1344 1602 1376 antecedens.
1628 1345 1714 1382 Quia
1738 1345 1903 1376 obiectum
1927 1345 2100 1376 voluntatis
2132 1350 2179 1375 est
2208 1345 2333 1375 bonurn
2357 1354 2472 1375 secun-

1400 1389 1480 1420 dum
1503 1389 1685 1420 absolutam
1708 1390 1868 1420 rati0nem
1891 1390 1986 1420 boni:
2011 1389 2177 1420 obiectum
2205 1395 2313 1420 autem
2340 1395 2472 1420 naturae

1401 1439 1448 1464 est
1470 1434 1534 1464 hoc
1558 1434 1683 1464 bonum
1707 1433 1897 1474 particulare
1919 1433 2010 1474 quod
2025 1439 2073 1463 est
2089 1434 2157 1464 eius
2181 1433 2347 1473 perfectio.
2363 1434 2474 1474 Agens

1401 1483 1511 1508 autem
1527 1487 1626 1508 omne
1642 1478 1706 1517 agit
1725 1477 1906 1508 secundum
1930 1477 2020 1517 quod
2044 1477 2084 1508 ad
2106 1478 2232 1508 bonum
2254 1477 2372 1509 tendit:
2397 1487 2474 1508 cum

1401 1521 1473 1552 finis
1489 1528 1620 1552 moveat
1635 1528 1795 1562 agentem.
1812 1540 1835 1544 —
1851 1522 2095 1562 Consequentia
2111 1531 2187 1552 vero
2203 1523 2367 1562 probatur.
2387 1522 2474 1560 Quia

1401 1576 1498 1606 agens
1522 1566 1713 1606 particulare
1737 1572 1942 1606 comparatur
1965 1565 2005 1596 ad
2028 1575 2125 1605 agens
2148 1566 2327 1597 universale
2343 1567 2426 1596 sicut
2441 1565 2473 1597 id

1402 1610 1493 1650 quod
1515 1611 1677 1650 posterius
1701 1616 1758 1646 est,
1783 1615 1814 1640 et
1837 1611 1920 1640 sicut
1943 1610 2205 1640 instrumentum.

1458 1653 1703 1685 Advertendum
1726 1653 1818 1695 quod
1840 1654 1990 1685 voluntas
2013 1659 2044 1684 et
2066 1659 2180 1684 natura
2199 1653 2369 1694 dupliciter
2385 1663 2475 1684 com—

1402 1700 1506 1739 parari
1528 1704 1681 1739 possunt:
1706 1707 1774 1729 uno
1797 1698 1909 1734 modo,
1930 1697 2111 1729 secundum
2131 1698 2272 1728 rationes
2292 1708 2365 1728 suas
2381 1699 2475 1728 abso-

1402 1743 1502 1779 lutas;
1532 1743 1596 1773 alio
1627 1742 1740 1779 modo,
1764 1742 1945 1773 secundum
1976 1742 2180 1783 particulares
2210 1743 2349 1772 rationes
2378 1742 2475 1772 huius

1402 1788 1578 1818 voluntatis
1594 1792 1626 1818 et
1641 1788 1737 1818 huius
1753 1794 1897 1818 naturae.
1914 1787 2062 1827 Utroque
2077 1786 2179 1818 modo
2191 1796 2305 1817 verum
2322 1792 2369 1817 est
2385 1787 2474 1826 quod

1403 1833 1455 1863 hic
1479 1832 1605 1868 dicitur,
1630 1832 1752 1862 scilicet
1776 1832 1942 1862 obiectum
1966 1831 2141 1862 voluntatis
2172 1841 2241 1862 esse
2269 1831 2393 1861 bonum
2420 1832 2475 1861 ab-

1402 1877 1518 1912 solute,
1543 1881 1675 1907 naturae
1698 1885 1776 1906 vero
1800 1876 1863 1906 hoc
1887 1877 2023 1906 bonum.
2054 1875 2144 1906 SIcut
2168 1877 2255 1906 enim
2279 1881 2310 1906 et
2333 1875 2419 1905 visus
2444 1881 2475 1905 et

1402 1922 1498 1951 huius
1522 1922 1609 1951 visus
1633 1921 1799 1951 obiectum
1824 1920 1959 1950 formale
1984 1926 2031 1950 est
2055 1920 2155 1956 color,
2179 1921 2222 1950 ita
2245 1920 2419 1950 voluntatis
2443 1925 2474 1949 et

1401 1966 1498 1996 huius
1514 1965 1689 1996 voluntatis
1706 1965 1871 1995 obiectum
1888 1970 1934 1995 est
1950 1965 2074 1994 bonurn
2091 1964 2253 1994 absolute:
2279 1970 2310 1994 et
2330 1964 2474 1993 similiter

1401 2015 1533 2039 naturae
1558 2015 1589 2039 et
1612 2009 1708 2040 huius
1732 2014 1865 2039 naturae
1888 2009 2053 2039 obiectum
2084 2013 2131 2038 est
2159 2009 2284 2038 bonum
2308 2007 2398 2047 quod
2426 2013 2473 2037 est

1402 2054 1502 2094 ipsius
1526 2059 1658 2083 naturae
1683 2053 1848 2093 perfectio.

1457 2098 1539 2128 VIII.
1565 2097 1787 2128 Confirmatur
1808 2097 1977 2128 conclusio
1999 2097 2189 2127 auctoritate
2210 2096 2338 2132 Psalmi,
2354 2095 2473 2127 Omnia

1402 2152 1621 2183 quaecumque
1652 2142 1755 2172 voluit
1785 2148 1864 2177 etc.;
1897 2148 1928 2172 et
1955 2141 1998 2172 ad
2027 2142 2144 2181 Ephes.
2170 2151 2190 2177 1,
2222 2140 2286 2176 Qui
2318 2146 2474 2180 operatur

1403 2188 1513 2217 omnia
1531 2193 1608 2222 etc.;
1634 2192 1665 2217 et
1680 2186 1817 2220 Hilarii,
1836 2187 1868 2216 in
1884 2186 1967 2216 libro
1984 2186 2024 2216 de
2039 2185 2191 2226 synodis,
2212 2184 2367 2215 Omnibus
2382 2194 2472 2215 crea-

1401 2232 1484 2262 turis
1500 2231 1713 2262 substantiam
1737 2236 1814 2266 etc.;
1840 2236 1871 2261 et
1894 2229 1986 2266 infra,
2007 2230 2101 2260 Ta11'a
2125 2229 2208 2259 enim
2233 2234 2349 2259 cuncta
2365 2234 2426 2258 etc.

1457 2277 1657 2307 Removetur
1680 2284 1814 2316 quoque
1831 2284 1869 2305 ex
1886 2274 2055 2315 praedictis
2071 2283 2159 2304 error
2173 2273 2351 2304 dicentium
2366 2273 2473 2303 Deum

1402 2330 1496 2361 agere
1519 2319 1559 2351 de
1583 2320 1773 2350 necessitate
1796 2325 1939 2350 naturae.

1458 2364 1703 2395 Attendendum
1727 2363 1819 2404 quod
1841 2364 1900 2394 ista
1924 2363 2037 2404 opinio
2061 2362 2188 2392 videtur
2210 2371 2279 2392 esse
2295 2361 2474 2391 Aristotelis

1402 2415 1434 2440 et
1458 2409 1744 2444 Commentatoris,
1769 2408 1957 2448 praesertim
1975 2407 2047 2437 VIII
2064 2406 2204 2447 Plgrsic„
2227 2411 2303 2436 text.
2329 2411 2360 2436 et
2383 2414 2473 2436 com-

1376 2453 1377 2459 ’
1403 2459 1515 2484 mento
1537 2454 1557 2484 6
1581 2462 1686 2494 usque
1711 2452 1751 2483 ad
1778 2454 1856 2489 10⁴2
1881 2453 1937 2483 ubi
1960 2452 2181 2482 aeternitatem
2203 2455 2313 2481 motus
2335 2450 2475 2490 probant

1403 2508 1442 2528 ex
1458 2508 1498 2529 eo
1515 2497 1607 2538 quod
1621 2499 1745 2538 primus
1761 2503 1872 2527 motor
1886 2506 1954 2527 non
1971 2501 2078 2536 potest
2091 2496 2234 2536 incipere
2250 2504 2382 2524 movere
2398 2503 2474 2524 cum

1403 2543 1492 2583 prius
1507 2543 1646 2573 omnino
1662 2551 1730 2572 non
1747 2546 1909 2576 moveret3
1935 2546 1966 2571 et
1989 2545 2178 2570 commento
2197 2539 2237 2569 36
2250 2540 2276 2574 ἢ,
2293 2539 2350 2569 ubi
2366 2544 2474 2568 osten-

1402 2586 1484 2617 dunt
1499 2587 1641 2627 primum
1657 2591 1820 2616 motorem
1835 2595 1904 2615 non
1920 2585 2045 2615 moveri
2061 2593 2118 2624 per
2133 2582 2291 2619 accidens
2305 2583 2380 2623 quia
2395 2587 2474 2613 tunc

1402 2636 1512 2671 posset
1534 2640 1603 2661 non
1626 2630 1761 2666 moveri,
1786 2635 1818 2660 et
1841 2634 2080 2669 consequenter
2108 2637 2176 2658 non
2207 2636 2348 2662 movere,
2373 2632 2405 2656 et
2427 2627 2473 2656 sic

1402 2676 1604 2714 contingeret
1624 2673 1799 2714 aliquando
1819 2673 1898 2704 nihil
1914 2673 2048 2709 moveri,
2066 2672 2156 2712 quod
2172 2672 2233 2712 ipsi
2249 2676 2398 2711 reputant
2413 2672 2473 2700 im-

1402 2719 1567 2759 possibile.
1590 2718 1727 2749 Videtur
1757 2718 1853 2748 etiarn
1884 2727 1952 2748 esse
1975 2718 2090 2757 opinio
2116 2717 2312 2752 Avicennae,
2336 2715 2379 2745 IX
2403 2716 2472 2745 Me-

1403 2764 1602 2804 taphysicae,
1627 2773 1697 2804 cap.
1715 2773 1756 2793 1v.

661 3047 1144 3105 CAPITULUM
1181 3045 1653 3102 VIGESIMUM
1690 3043 2094 3117 QUARTUM

1250 3163 1280 3193 A
1315 3162 1390 3193 33v
1425 3170 1507 3192 alo.

519 3257 707 3310 QUOD
754 3254 930 3296 DEUS
976 3253 1135 3294 AGIT
1182 3252 1552 3294 SECUNDUM
1597 3251 1781 3292 SUAM
1823 3248 2234 3291 SAPIENTIAM

374 3411 390 3415 ..
417 3415 422 3424 ,
454 3404 473 3426 4,
489 3392 512 3418 x
541 3380 618 3417 hoc
646 3385 778 3416 autem
805 3383 964 3426 apparet
992 3374 1100 3424 quod
1128 3374 1236 3411 Deus
1259 3373 1350 3410 effe-

352 3426 402 3475 ff⁴³
424 3431 476 3481 ’ᾖς’
503 3440 587 3470 ctus
628 3443 721 3468 suos
757 3429 936 3480 producit
977 3427 1195 3465 secundum
1239 3439 1351 3464 suam

305 3511 323 3530 a.
352 3480 473 3537 58?st
504 3484 745 3536 sapientiam.

314 3544 321 3560 ²
391 3531 474 3560 Ψ
558 3539 747 3576 Voluntas
776 3536 882 3573 enim
910 3534 959 3572 ad
987 3533 1183 3583 agendum
1212 3544 1259 3569 ex
1287 3532 1351 3569 ali-

1406 3381 1462 3410 est
1480 3384 1598 3421 agens
1616 3384 1685 3421 per
1703 3373 1953 3416 voluntatem,
1969 3377 2011 3406 ut
2029 3377 2228 3406 ostensum
2247 3375 2304 3404 est
2317 3368 2348 3404 *.
2370 3368 2474 3405 Cum

1406 3425 1520 3474 igitur
1551 3425 1591 3462 in
1625 3426 1710 3462 Deo
1748 3436 1828 3461 non
1864 3422 1910 3460 sit
1944 3422 2016 3459 nisi
2050 3420 2309 3459 intellectualis
2337 3432 2474 3470 appre-

1407 3478 1563 3524 hensio;
1602 3477 1775 3526 nihilque
1804 3475 1983 3523 intelligat
2009 3474 2081 3512 nisi
2109 3473 2353 3522 intelligendo
2382 3486 2422 3510 se
2441 3473 2471 3520 ³¹⁸,

1407 3544 1528 3581 quem
1555 3530 1760 3579 intelligere
1789 3536 1844 3566 est
1872 3529 2084 3577 sapientem
2112 3539 2211 3565 esse:
2248 3526 2475 3576 relinquitur

282 3605 362 3643 qua
389 3591 699 3642 apprehensione
729 3597 927 3628 movetur:
957 3587 1108 3625 bonum
1147 3585 1252 3623 enlm
1286 3597 1352 3634 ap-
1375 3602 1384 3623 5
1407 3585 1515 3634 quod
1544 3583 1678 3621 omnia
1706 3583 1813 3620 Deus
1849 3581 2067 3618 secundum
2102 3593 2215 3618 suam
2246 3579 2475 3630 sapientiam

282 3647 522 3696 prehensum
549 3653 606 3683 est
633 3644 828 3682 obiectum
849 3641 1066 3679 voluntatis.
1096 3640 1203 3677 Deus
1223 3645 1352 3676 autem

1408 3645 1600 3686 operatur.

2495 735 2504 744 ‘
2520 734 2567 761 Qu.
2584 739 2618 755 ιιι.
2634 739 2655 754 a.
2672 739 2706 761 ¹5³

2496 760 2526 782 cf.
2541 766 2564 782 n.
2580 767 2601 787 v,
2616 766 2636 783 2.

2502 2459 2510 2467 ·
2525 2457 2578 2479 Did.
2597 2463 2650 2485 cap.
2665 2463 2680 2484 ι,
2699 2457 2713 2479 6

2502 2490 2553 2512 sqq.

2501 2548 2510 2556 ·
2525 2546 2577 2568 Did.
2593 2551 2641 2573 cap.
2654 2551 2674 2571 v,
2689 2551 2712 2571 4.

2501 3376 2510 3385 ·
2525 3375 2582 3403 Cap.
2594 3380 2668 3403 praec.

2501 3480 2713 3506 ·1.ib.1,cap.xi.vi.
