2768 4134
33 1137 43 1145 '
58 1135 94 1157 Cf.
112 1135 245 1167 Comm'ent.

34 1168 85 1190 cap.
96 1168 180 1190 praec,
195 1166 244 1184 init.

31 1853 40 1861 ·
51 1851 86 1874 Cf.
95 1855 149 1874 text.
162 1855 183 1874 et
197 1858 244 1874 var.

284 301 361 326 220

281 369 383 426 Ergo
411 377 540 415 neque
569 363 777 401 multitudo
805 363 1017 400 volitorum
1045 361 1193 399 inducit
1216 369 1283 399 aut
1302 361 1358 399 di-

279 420 496 457 versitatem
525 418 564 454 in
593 417 756 454 essentia
775 415 918 463 divina,
939 423 1006 453 aut
1029 415 1357 465 compositionem

279 473 319 510 in
347 472 430 509 eius
458 472 668 508 voluntate.

723 285 911 322 SUMMA
941 283 1165 321 CONTRA
1193 282 1471 329 GENTILES,
1503 282 1614 319 CAP.
1635 283 1823 332 LXXVII,
1844 284 2047 322 LXXVIII.

1413 361 1566 399 bonurn
1585 369 1623 398 et
1638 364 1800 411 malum,
1817 376 1918 413 quae
1935 363 2144 414 respiciunt
2158 363 2385 414 appetitum,
2401 372 2491 402 sunt

1412 414 1452 451 in
1485 415 1618 461 rebus;
1647 427 1789 453 verum
1822 424 1954 455 autem
1982 425 2019 455 et
2051 418 2207 463 falsum,
2237 429 2340 467 quae
2372 418 2491 468 respi-

1412 467 1519 505 ciunt
1538 468 1812 517 cognitionem,
1828 478 1918 508 sunt
1936 470 1976 508 in
1996 479 2146 517 mente3
2167 478 2209 508 ut
2227 470 2491 522 Philosophus

331 524 521 574 Amplius.
552 525 640 562 Hoc
667 523 766 561 inter
784 522 1046 572 cognitionem
1075 529 1112 559 et
1141 520 1356 572 appetitum
1411 521 1512 569 dicit,
1540 521 1580 559 in
1603 522 1655 559 VI
1671 523 2003 573 Metaphysicae*.
2033 524 2155 572 Quod
2183 531 2316 562 autem
2343 523 2535 585 aliquid
2520 522 2614 576 5·,Τ“·
2624 522 2637 544 “·
2646 528 2670 549 ⁴·
2679 522 2733 545 ⁰¹⁶

277 579 442 626 interest,
471 578 580 628 quod
615 576 782 626 cognitio
818 576 861 613 fit
896 575 1116 613 secundum
1149 575 1259 625 quod
1291 587 1356 612 co—
1379 589 1388 610 s
1411 575 1461 612 ad
1475 575 1599 612 multa
1613 587 1654 612 se
1670 575 1822 624 habeat,
1835 589 1919 614 non
1937 586 2128 628 repugnat
2142 577 2374 628 simplicitati
2389 577 2489 616 eius:

276 632 426 681 gnitum
441 639 497 669 est
516 631 648 681 aliquo
667 630 813 668 modo
805 642 844 667 m
864 636 1141 678 cognoscente3
1162 628 1356 678 appetitus

277 693 408 723 autem
435 697 529 730 non,
551 685 620 722 sed
646 697 667 722 e
695 696 886 722 converso
908 683 1129 720 secundum
1152 682 1262 732 quod
1288 693 1355 732 ap—

275 739 416 789 petitus
443 739 604 776 refertur
629 738 679 776 ad
707 750 790 775 rem
810 735 1073 797 appetibilem,
1094 747 1216 785 quam
1236 746 1354 785 appe-

275 801 359 830 tens
388 791 538 843 quaerit
558 793 621 830 vel
647 792 686 829 in
711 804 789 842 qua
813 789 984 840 quiescit.
1013 790 1062 827 Et
1089 796 1250 839 propter
1277 789 1354 826 hoc

331 909 344 934 3
365 909 421 934 eius
440 916 482 934 om
504 909 551 934 Pd.

1411 640 1503 666 cum
1532 636 1568 665 et
1596 628 1724 666 unitas
1752 628 1799 666 sit
1825 631 2042 669 multorum
2070 643 2330 669 numerorum
2349 631 2490 681 princi·

1410 682 1534 732 pium.
1556 681 1768 720 Multitudo
1788 693 1880 731 ergo
1894 684 2107 723 volitorum
2126 697 2148 723 a
2168 685 2254 722 Deo
2274 697 2356 722 non
2376 696 2490 735 repu-

1409 742 1500 784 gnat
1519 734 1602 772 eius
1622 734 1865 786 simplicitati.

643 907 659 932 8
679 915 758 940 quam
779 912 904 939 appetens
924 904 1026 938 quaerit
1043 904 1084 929 vel
1096 905 1130 929 ‚in
1150 911 1203 937 qua
1222 903 1333 936 quiescit
1351 904 1373 928 Α
1392 904 1480 934 solun
1499 904 1655 937 inquantum
1675 909 1801 937 appetens
1821 905 1923 937 quaerit
1941 905 1967 929 in
1985 911 2040 938 quo
2059 905 2185 938 quiescat.

1038 992 1377 1027 commentaria
1399 992 1714 1026 Fen-ariensis

325 1104 345 1125 x
367 1093 572 1134 praecedenti
595 1093 809 1124 conclusione
832 1091 963 1123 deducit
978 1091 1116 1123 Sanctus
1128 1091 1274 1122 Thomas
1297 1100 1354 1122 co-

278 1106 480 1170 Erollarie*
503 1138 594 1179 quod
617 1137 790 1168 multitudo
807 1137 984 1168 volitorum
1009 1146 1075 1167 non
1100 1141 1266 1178 repugnat
1280 1136 1353 1167 uni—

274 1184 334 1214 tati
356 1189 388 1213 et
409 1183 608 1223 simplicitati
631 1182 761 1213 divinae
783 1181 993 1213 substantiae.

329 1228 493 1258 Probatur
519 1228 630 1269 primo
663 1228 719 1258 sic.
755 1226 789 1258 Si
823 1226 917 1267 plura
950 1226 1051 1257 volita
1089 1225 1281 1256 inducerent
1318 1225 1353 1256 in

273 1274 345 1304 Deo
369 1273 511 1313 aliquam
534 1271 788 1308 multitudinem,
814 1281 884 1302 non
908 1276 991 1302 esset
1014 1271 1048 1301 in
1072 1280 1113 1301 eo
1136 1280 1203 1301 una
1225 1275 1353 1301 tantum

273 1318 420 1358 operatio
455 1317 640 1348 voluntatis.
677 1316 781 1348 Cuius
817 1317 1009 1357 oppositum
1044 1321 1092 1346 est
1127 1320 1307 1346 ostensum.
1331 1332 1354 1338 -

273 1363 363 1393 Patet
387 1362 630 1402 consequentia.
663 1361 749 1400 Quia
780 1361 962 1392 secundum
990 1361 1117 1392 obiecta
1149 1359 1353 1400 distinguun-

273 1412 324 1438 tur
355 1412 455 1437 actus.

328 1450 468 1482 Adverte
492 1450 583 1491 quod
607 1460 646 1482 ex
668 1452 728 1482 ista
751 1451 946 1491 probatione
969 1450 1038 1481 vult
1067 1449 1185 1481 habere
1216 1449 1354 1481 Sanctus

272 1496 418 1527 Thomas
450 1495 542 1536 quod
574 1495 792 1537 distinguibile
824 1495 1111 1536 proportionatum
1143 1495 1274 1525 obiecto
1306 1499 1354 1525 est

272 1547 376 1572 actus:
395 1547 426 1572 et
442 1541 528 1577 ideo,
541 1541 567 1571 si
582 1541 676 1582 plura
688 1541 816 1572 obiecta
831 1539 950 1571 faciant
965 1540 1108 1580 aliquam
1124 1539 1352 1580 pluralitatem,

271 1586 326 1616 illa
350 1586 408 1617 erit
431 1591 565 1616 actuum
588 1586 761 1626 pluralitas.
786 1585 863 1616 Non
887 1590 997 1616 autem
1020 1583 1159 1615 intendit
1182 1583 1273 1625 quod
1297 1593 1355 1624 per

273 1639 502 1671 quaecumque
517 1630 611 1671 plura
626 1631 752 1661 obiecta
768 1629 993 1671 plurificentur
1007 1634 1108 1660 actus.
1129 1628 1225 1660 Unde
1240 1637 1354 1660 sensus

272 1675 358 1706 illius
381 1676 615 1716 propositionis
639 1680 687 1706 est
710 1674 802 1716 quod
825 1680 916 1706 actus
940 1679 987 1705 est
1010 1673 1043 1704 id
1067 1673 1159 1715 quod
1174 1673 1305 1714 proprie
1321 1678 1353 1704 et

272 1720 379 1760 primo
404 1719 604 1761 plurificatur
627 1719 761 1760 quando
784 1719 949 1760 pluralitas
977 1719 1183 1750 obiectorum
1210 1718 1354 1759 aliquam

272 1764 489 1805 pluralitatem
513 1764 647 1796 inducit.

329 1809 489 1840 Secundo.
514 1809 634 1840 Omnia
657 1810 691 1840 in
722 1809 866 1839 bonitate
895 1807 1002 1839 divina
1026 1813 1101 1839 sunt
1124 1817 1243 1839 unum:
1276 1809 1353 1849 quia

271 1853 406 1894 aliqua*
429 1859 504 1884 sunt
528 1855 561 1884 in
586 1855 658 1895 ipso
682 1853 864 1884 secundum
887 1852 1026 1884 modum
1051 1853 1130 1889 eius,
1147 1852 1271 1883 scilicet
1285 1862 1353 1883 ma-

272 1899 404 1929 terialia
421 1898 682 1929 immaterialiter
695 1903 728 1929 et
742 1899 844 1928 multa
862 1898 961 1928 unite.
980 1897 1067 1938 Ergo
1084 1902 1145 1928 etc.
1157 1914 1181 1919 -
1195 1897 1354 1928 Probatur

273 1944 516 1984 consequentia.
540 1943 627 1981 Quia
650 1943 713 1973 hoc
737 1942 840 1974 modo
863 1947 1094 1983 comparantur
1114 1942 1222 1982 aliqua
1238 1941 1278 1972 ad
1294 1951 1352 1972 vo-

1408 1091 1566 1122 luntatem
1582 1091 1644 1122 Dei
1661 1100 1729 1131 quo
1746 1090 2070 1132 comprehenduntur
2093 1101 2111 1122 a
2134 1091 2279 1122 bonitate
2303 1091 2389 1122 eius:
2415 1101 2491 1123 cum

1409 1135 1498 1166 Deus
1521 1135 1583 1166 alia
1605 1135 1683 1166 velit
1705 1136 1901 1176 inquantum
1924 1136 1994 1167 vult
2016 1136 2196 1167 bonitatem
2220 1145 2323 1167 suam.

1465 1179 1606 1211 Adverte
1630 1179 1722 1220 quod
1746 1181 1857 1211 omnia
1880 1180 2033 1212 dicuntur
2054 1189 2160 1212 unum
2184 1190 2254 1211 esse
2281 1180 2315 1211 in
2347 1181 2491 1212 bonitate

1409 1225 1470 1256 Dei
1496 1226 1694 1266 inquantum
1724 1225 1852 1256 bonitas
1876 1225 1984 1256 divina
2008 1230 2056 1256 est
2079 1225 2244 1266 exemplar
2267 1226 2374 1256 omnis
2398 1225 2492 1257 boni-

1407 1270 1495 1301 tatis:
1519 1279 1589 1301 non
1612 1275 1723 1301 autem
1747 1270 1824 1311 quia
1847 1271 2044 1302 conveniant
2067 1270 2102 1301 in
2125 1270 2235 1312 aliqua
2258 1279 2324 1302 una
2347 1270 2491 1302 bonitate

1408 1324 1427 1345 a
1450 1315 1523 1346 Deo
1548 1314 1718 1355 producta.

1468 1359 1591 1390 Tertio.
1616 1358 1794 1390 Multitudo
1824 1359 2066 1390 intellectorum
2096 1368 2165 1390 non
2195 1359 2322 1390 inducit
2344 1359 2491 1392 multitu·

1408 1403 1519 1435 dinem
1542 1404 1576 1435 in
1600 1404 1738 1435 essentia
1760 1403 1879 1441 divina,
1903 1413 2013 1446 neque
2040 1405 2317 1445 compositionem
2339 1405 2374 1436 in
2397 1404 2492 1436 intel-

1407 1449 1494 1480 lectu
1518 1449 1598 1480 eius.
1622 1449 1710 1490 Ergo
1734 1454 1796 1480 etc.
1820 1467 1843 1472 -
1865 1448 1958 1480 Patet
1980 1449 2225 1490 consequentia.
2254 1448 2341 1488 Quia
2363 1448 2492 1481 divinus

1407 1493 1590 1525 intellectus
1614 1499 1646 1525 et
1669 1493 1778 1525 divina
1800 1493 1952 1525 voluntas
1981 1499 2058 1525 sunt
2089 1494 2234 1536 aequalis
2262 1491 2491 1541 simplicitatIz.

1408 1548 1484 1570 cum
1508 1544 1686 1580 utrumque
1709 1539 1749 1569 sit
1772 1538 1881 1570 divina
1904 1538 2091 1570 substantia.

1466 1583 1606 1620 Quarto.
1630 1584 1806 1624 Appetitus
1829 1589 1877 1615 eet
1907 1583 2089 1615 secundum
2119 1583 2211 1636 quod
2241 1582 2342 1615 fertur
2363 1583 2398 1614 in
2421 1581 2492 1615 retii

1407 1628 1628 1669 appetibilem,
1644 1629 1841 1669 inquantum
1857 1633 2014 1670 appetens
2030 1628 2156 1670 quaerit
2171 1629 2205 1659 in
2221 1637 2290 1670 quo
2307 1629 2454 1669 quiescat
2460 1628 2490 1660 ¹.

1408 1673 1495 1714 Ergo
1519 1678 1581 1704 etc.
1605 1691 1628 1695 —
1650 1672 1858 1704 Antecedens
1881 1678 1971 1714 patet
1993 1682 2032 1704 ex
2055 1672 2234 1704 differentia
2263 1673 2348 1705 inter
2377 1673 2476 1715 cogni

1407 1718 1533 1749 tionem
1557 1723 1589 1749 et
1612 1718 1803 1759 appetitum.
1828 1717 1870 1749 Et
1893 1718 1990 1749 etiam
2021 1727 2060 1749 ex
2089 1717 2281 1750 auctoritate
2308 1717 2490 1750 Aristotelis

1409 1761 1555 1798 dicentis,
1570 1761 1615 1793 VI
1631 1762 1786 1804 Metaph„
1805 1762 1896 1804 quod
1911 1763 2038 1794 bonum
2055 1768 2087 1794 et
2101 1762 2226 1794 malum
2241 1768 2317 1794 sunt
2332 1762 2367 1794 in
2381 1763 2489 1800 rebus,

1408 1816 1523 1838 verum
1546 1812 1656 1838 autem
1672 1813 1705 1838 et
1719 1806 1838 1838 falsum
1860 1809 1894 1838 in
1917 1807 2095 1839 intellectu.
2111 1825 2135 1830 —
2151 1807 2396 1850 Consequentia
2410 1816 2489 1840 vero

1408 1852 1574 1893 probatur.
1597 1851 1685 1890 Quia
1704 1851 1796 1892 quod
1819 1851 1941 1893 aliquid
1963 1851 2005 1883 ad
2027 1852 2131 1884 multa
2153 1862 2187 1884 se
2209 1852 2336 1890 habeat,
2352 1861 2421 1884 non
2440 1861 2490 1884 re-

1408 1901 1533 1937 pugnat
1546 1897 1626 1927 'eius
1649 1896 1861 1937 simplicitati:
1885 1895 1973 1928 unde
1997 1902 2029 1928 et
2046 1896 2154 1928 unitas
2170 1902 2218 1928 est
2231 1896 2414 1928 multorum
2427 1905 2490 1929 nu-

1409 1949 1575 1972 merorum
1599 1941 1806 1981 principium.

1335 2062 1433 2098 ,m

538 2249 1025 2307 CAPITULUM
1062 2248 1782 2307 SEPTUAGESIMUM
1819 2248 2225 2307 OCTAVUM

1156 2376 1186 2407 Α
1222 2377 1296 2408 23v
1331 2386 1381 2415 a4

1410 2377 1479 2407 sine
1502 2376 1608 2408 titulo.

383 2475 558 2529 QUOD
594 2476 810 2517 DIVINA
844 2475 1183 2517 VOLUNTAS
1218 2476 1305 2517 AD
1341 2475 1720 2518 SINGULARIA
1753 2475 1924 2516 BONA
1958 2474 2033 2516 SE
2067 2445 2382 2516 EXTENDIT

412 2652 417 2660 ,
464 2640 465 2643 =
485 2629 507 2653 x
537 2629 618 2666 quo
647 2617 763 2654 etiam
788 2625 948 2666 apparet
967 2617 1076 2666 quod
1097 2629 1179 2654 non
1199 2624 1353 2667 oportet

378 2671 395 2691 ⁴³
498 2682 571 2708 nos
588 2669 728 2732 dicere,
749 2670 798 2708 ad
827 2671 1142 2732 conservandam
1169 2670 1352 2721 simplici-

419 2731 431 2745 4

301 2804 304 2805 ⁷
440 2778 444 2783 ’
485 2777 671 2838 quadam
691 2777 988 2825 universalitate,
1010 2777 1245 2828 inquantum
1270 2778 1354 2816 vult

273 2843 313 2868 se
333 2843 416 2868 esse
436 2830 672 2881 principium
687 2831 886 2869 bonorum
902 2843 1003 2882 quae
1017 2839 1183 2881 possunt
1201 2830 1275 2869 ab
1266 2843 1351 2882 ipso
1374 2849 1383 2869 ς

273 2883 407 2931 fluere,
437 2897 517 2922 non
546 2893 678 2922 autem
707 2884 797 2922 velit
825 2896 871 2923 ea
899 2884 938 2922 in
967 2884 1197 2934 particulari.

327 2938 432 2975 Nam
461 2939 558 2976 velle
587 2946 643 2975 est
671 2938 891 2976 secundum
919 2938 1254 2988 comparationem
1283 2951 1352 2976 vo-

273 2991 384 3029 lentis
403 2992 451 3030 ad
473 3004 555 3029 rem
570 2991 742 3030 volitam.
764 2993 858 3030 Non
878 2999 1010 3030 autem
1025 2991 1206 3042 prohibet
1220 2991 1353 3030 divina

274 3044 496 3094 simplicitas
515 3045 611 3095 quin
630 3045 752 3096 possit
771 3044 991 3095 comparari
1015 3045 1064 3083 ad
1093 3047 1215 3084 multa
1234 3045 1352 3084 etiam

274 3098 532 3148 particularia:
557 3098 697 3137 dicitur
720 3098 827 3137 enim
851 3099 960 3137 Deus
979 3098 1175 3148 optimum
1195 3101 1254 3137 vel
1276 3099 1376 3149 pri·

275 3164 387 3190 mum
407 3152 523 3190 etiam
550 3161 727 3203 respectu
751 3152 1018 3201 singularium.
1045 3153 1148 3200 Ergo
1169 3165 1240 3191 sua
1261 3152 1351 3191 sim-

275 3205 421 3255 plicitas
449 3218 530 3244 non
561 3206 742 3256 prohibet
767 3205 863 3256 quin
891 3205 1009 3244 etiam
1038 3205 1077 3244 in
1107 3206 1262 3255 speciali
1286 3207 1352 3244 'vel

275 3259 493 3308 particulari
522 3260 594 3297 alia
623 3272 646 3298 a
674 3272 715 3297 se
745 3259 846 3298 velit.

328 3313 434 3350 Item.
456 3314 645 3352 Voluntas
665 3312 738 3351 Dei
757 3313 807 3351 ad
826 3311 900 3350 alia
919 3320 1169 3362 comparatur
1188 3312 1351 3363 inquan-

1408 2624 1444 2654 et
1477 2629 1572 2654 esse.
1607 2617 1796 2654 Voluntas
1829 2615 1944 2665 igitur
1981 2615 2053 2654 Dei
2091 2616 2141 2653 ad
2175 2615 2325 2665 singula
2363 2614 2487 2653 bono·

1407 2682 1497 2709 rum
1525 2682 1568 2708 se
1596 2669 1776 2709 extendit.

1462 2723 1653 2774 Amplius.
1685 2723 1915 2761 Secundum
1941 2702 2274 2774 Philosophum,
2265 2734 2304 2760 ιιι
2331 2723 2382 2760 XI
2401 2724 2488 2761 Me-

1407 2778 1507 2828 taph.
1528 2777 1559 2822 *,
1589 2777 1734 2828 duplex
1762 2776 1915 2814 bonum
1935 2776 2082 2815 ordinis
2110 2775 2306 2814 invenitur
2333 2775 2374 2814 in
2401 2775 2487 2814 uni·
2515 2780 2525 2790 '

1408 2843 1537 2868 verso:
1560 2843 1687 2868 unum
1702 2830 1864 2881 quidem
1884 2830 2104 2868 secundum
2126 2830 2235 2882 quod
2254 2837 2381 2868 totum
2401 2829 2487 2868 uni-

1406 2895 1568 2922 versum
1583 2883 1786 2922 ordinatur
1804 2883 1854 2922 ad
1874 2882 1913 2922 id
1927 2884 2037 2934 quod
2053 2891 2109 2922 est
2123 2892 2230 2922 extra
2244 2883 2486 2930 universutm

1407 2938 1506 2976 sicut
1529 2937 1718 2976 exercitus
1742 2937 1944 2975 ordinatur
1967 2938 2016 2975 ad
2036 2937 2198 2984 ducem3
2224 2937 2329 2975 aliud
2349 2948 2487 2975 secun·

1407 2992 1505 3030 dum
1523 2991 1633 3042 quod
1653 2998 1781 3042 partes
1800 2990 1971 3030 universi
1988 2990 2219 3030 ordinantur
2235 2990 2285 3029 ad
2303 2989 2385 3031 invi
2408 3028 2409 3031 ,

1407 3045 1505 3084 sicut
1533 3053 1570 3083 et
1597 3053 1734 3105 partes·
1754 3043 1954 3083 exercitus.
1992 3044 2199 3084 Secundus
2226 3050 2370 3084 autem

1380 3107 1463 3137 est
1491 3106 1651 3149 propter
1678 3098 1864 3149 primum.
1894 3098 2003 3136 Deus
2031 3106 2175 3146 autem,
2204 3109 2252 3136 ex
2280 3098 2390 3137 hoc

1407 3154 1490 3191 vult
1517 3165 1558 3191 se
1587 3160 1629 3190 ut
1656 3151 1747 3190 finis
1767 3159 1834 3199 est,
1854 3153 1939 3190 vult
1966 3151 2040 3190 alia
2067 3163 2170 3202 quae
2198 3150 2282 3189 ord
2400 3143 2487 3189 315

1407 3205 1538 3256 ipsum
1568 3213 1610 3244 ut
1645 3205 1685 3244 in
1719 3205 1857 3254 finem,
1885 3205 1984 3244 sicut
2018 3205 2232 3266 probatum
2257 3195 2315 3242 est
2332 3203 2374 3241 ¹⁸.
2394 3203 2487 3243 Vult
2515 3206 2524 3216 '

1407 3259 1520 3309 igitur
1548 3259 1701 3298 bonum
1719 3259 1867 3298 ordinis
1886 3259 2003 3297 totius
2021 3257 2193 3297 'universi
2221 3257 2262 3296 in
2286 3256 2430 3307 ipsum,
2450 3264 2487 3296 et

1406 3313 1559 3351 bonum
1593 3311 1740 3351 ordinis
1777 3312 1948 3351 universi
1985 3311 2204 3350 secundum
2235 3317 2363 3361 partes
2395 3322 2486 3349 suas

275 3373 360 3403 tum
375 3365 587 3404 bonitatem
603 3366 832 3417 participant
850 3378 897 3404 ex
913 3365 1050 3405 ordine
1069 3366 1118 3403 ad
1139 3366 1352 3404 bonitatem
1369 3388 1390 3407 ις
1408 3367 1456 3404 ad
1481 3365 1663 3405 invicem.
1692 3367 1850 3405 Bonum
1881 3373 2013 3405 autem
2041 3363 2188 3403 ordinis
2214 3363 2412 3413 consurgit
2437 3376 2486 3403 ex

276 3418 460 3467 divinam,
481 3432 583 3469 quae
611 3429 668 3458 est
697 3420 792 3458 ratio
822 3419 981 3458 volendi
1000 3420 1086 3457 Deo
1101 3418 1132 3456 *.
1163 3420 1242 3458 Sed
1270 3432 1352 3458 non

277 3473 404 3509 solum
433 3473 661 3512 universitas
690 3475 900 3520 bonorum,
921 3472 989 3511 sed
1009 3481 1046 3511 et
1070 3472 1267 3521 singulum
1287 3485 1351 3510 eo-

278 3536 366 3562 rum
394 3539 416 3564 a
445 3526 614 3564 bonitate
647 3526 780 3565 divina
813 3526 1027 3565 bonitatem
1057 3525 1225 3574 sortitur,
1255 3526 1352 3564 sicut

332 3646 349 3670 4
366 3639 566 3674 universalitate]
588 3641 754 3666 universitate
775 3642 822 3668 Pa.

914 3649 930 3675 9
951 3641 982 3666 ad
1002 3640 1083 3666 multa
1101 3644 1163 3673 post
1183 3639 1261 3666 etiam
1281 3640 1343 3666 aPc.

332 3682 349 3708 9
368 3675 494 3700 exercitus
513 3676 569 3707 NZ;
590 3677 620 3701 ad
640 3676 750 3702 invicem
770 3677 884 3702 addunt.

978 3683 1007 3702 ιι
1031 3675 1089 3710 alia]
1111 3681 1197 3701 autem
1216 3676 1265 3700 alin
1284 3676 1355 3709 de.

1407 3419 1565 3469 singulis
1593 3419 1719 3458 bonis.
1749 3420 1843 3458 Vult
1867 3418 1982 3468 igitur
2000 3417 2117 3456 etiam
2136 3417 2286 3466 singula
2314 3417 2430 3456 bona.

1461 3474 1674 3512 Praeterea.
1706 3472 1747 3511 Si
1776 3473 1885 3511 Deus
1911 3483 1993 3510 non
2021 3472 2104 3509 vult
2132 3470 2282 3519 singula
2310 3470 2416 3509 bona
2437 3483 2484 3509 ex

1407 3526 1551 3577 quibus
1579 3534 1729 3564 constat
1756 3525 1998 3571 universum,
2018 3523 2195 3574 sequitur
2212 3524 2321 3574 quod
2341 3523 2380 3562 in
2399 3523 2486 3562 uni-

1437 3647 1468 3666 ιο
1489 3641 1566 3666 etiam
1586 3647 1629 3666 om
1650 3638 1808 3666 EGWYPd.

1443 3676 1474 3701 13
1495 3675 1619 3709 universi}
1639 3681 1665 3701 et
1683 3674 1797 3700 universi
1817 3673 1908 3707 pGPd.
2004 3672 2034 3699 15
2055 3673 2190 3706 consurgit
2207 3674 2231 3698 A
2247 3673 2336 3703 sotus:
2360 3673 2485 3699 consistit.

2518 1628 2733 1653 'mmm-tm.

2760 2838 2768 3168 m-—ffi-—a--.-
2766 2802 2768 2806 i
2764 2776 2768 2782 .
2764 2757 2768 2767 -
