2768 4134
14 359 23 366 ¹
55 378 185 426 ‘rihi'sfv'
207 376 220 398 8

56 638 65 646 “
80 636 129 658 Fol.
137 641 185 663 305.

55 1308 63 1316 ·
73 1307 98 1328 ln
114 1306 158 1328 hoc
172 1311 249 1333 parag.

52 2059 61 2068 ·
76 2056 110 2079 Cf.
127 2062 210 2078 n.vni.

297 296 374 342 466

227 383 232 400 z
249 382 266 396 ε,
299 370 384 407 Quia
401 369 427 398 11
443 368 482 398 de
497 367 625 400 Anima,
642 369 730 395 textu
746 371 784 402 41
806 364 832 400 ’ζ
844 367 959 393 contra
975 361 1212 402 Empedoclem,
1229 361 1365 390 habetur

297 415 437 445 calorem
461 410 635 441 animalem
659 418 727 439 esse
743 407 945 448 principium
969 406 1148 447 augmenti,
1168 414 1233 434 non
1256 409 1364 435 autem

296 458 437 488 calorem
461 456 707 485 elementarem:
730 452 819 487 idest,
846 456 881 481 ut
904 451 947 481 ibi
973 450 1103 486 dicitur,
1129 450 1272 480 calorem
1297 458 1363 479 non

294 500 469 532 secundum
492 499 555 528 vim
579 497 735 531 elementi,
760 495 816 526 sed
838 495 1014 526 secundum
1039 495 1102 525 vim
1127 495 1266 524 animae.

349 543 510 579 Secundo,
527 541 616 582 quod
641 541 784 571 caelestis
802 546 832 570 et
849 539 1050 570 elementaris
1067 539 1164 575 calor,
1183 544 1214 569 et
1236 538 1364 568 univer-

294 589 399 620 saliter
423 587 544 618 calores
568 587 624 627 qui
648 591 723 615 sunt
746 585 779 614 in
803 585 937 621 semine,
954 585 1017 614 sint
1040 583 1128 614 idem
1152 583 1249 613 calor.
1277 581 1364 618 Quia

297 633 539 664 Commentator
550 631 608 661 XII
622 630 775 670 Metaph„
788 633 957 659 comment.
972 627 1011 658 18
1021 629 1048 664 ’ζ
1062 629 1131 658 vult
1146 628 1273 658 calores
1286 626 1365 656 istos

293 676 452 718 distingui
467 676 551 706 sicut
568 675 712 705 calorem
729 674 816 714 ignis
832 683 853 703 a
869 674 981 704 calore
997 672 1088 702 artis.
1106 672 1169 702 Sed
1192 672 1287 702 calor
1302 670 1364 700 ele-

294 721 448 752 mentaris
472 725 503 750 et
525 719 708 760 artificialis
732 728 797 748 non
821 723 898 749 sunt
920 718 985 748 duo
1009 718 1137 747 calores
1160 716 1216 746 sed
1240 720 1364 745 tantum

293 766 549 807 distinguuntur,
574 764 650 805 quia
675 763 734 794 iste
750 763 925 804 regulatur
947 767 1028 796 arte,
1047 761 1102 791 ille
1117 761 1264 791 absolute
1281 759 1363 801 agit.

292 811 386 852 Ergo
411 815 471 840 etc.

349 854 378 885 3.
403 853 455 884 Ad
477 853 619 894 primum
636 853 752 882 horum
769 851 884 881 dicitur
903 851 1019 890 prim0,
1038 849 1128 889 quod
1143 858 1251 889 neque
1267 848 1364 878 habe-

291 904 343 930 tur
358 899 391 929 in
407 903 496 928 textu
519 897 708 932 Aristotelis,
733 905 840 935 neque
864 895 896 924 in
922 894 1123 934 expositione
1143 893 1294 923 Averrois
1310 898 1365 923 aut

293 949 401 980 Sancti
425 949 573 979 Thomae
600 947 761 977 invenitur
785 944 875 985 quod
899 944 1062 984 allegatur.
1094 943 1171 974 Non
1203 943 1291 973 enim
1322 943 1366 972 ibi

292 993 479 1024 Aristoteles
494 992 695 1023 mentionem
712 990 786 1020 facit
799 989 838 1019 de
851 988 958 1018 calore
974 987 1104 1018 animali
1122 994 1153 1018 et
1169 987 1364 1023 elementari,

293 1038 349 1069 sed
373 1038 412 1068 de
436 1038 512 1078 igne
535 1042 566 1066 et
582 1035 713 1065 anima:
729 1034 883 1073 probatur
902 1034 989 1063 enim
1013 1032 1105 1073 quod
1120 1033 1201 1072 ignis
1224 1041 1293 1062 non
1318 1037 1366 1062 est

291 1081 468 1123 principale
479 1089 576 1121 agens
591 1080 623 1109 in
637 1084 822 1118 augmento,
838 1077 895 1108 sed
905 1083 953 1108 est
963 1078 1215 1108 instrumentum
1227 1077 1364 1107 animae.

347 1126 472 1156 Dicitur
494 1123 638 1154 secundo
663 1121 763 1163 quod,
780 1122 921 1152 admisso
946 1122 1043 1152 etiam
1067 1122 1150 1153 velle
1173 1122 1218 1152 ibi
1241 1121 1365 1152 Aristo-

292 1169 388 1200 telem
413 1169 552 1199 calorem
568 1177 636 1198 non
652 1166 833 1197 secundum
849 1167 915 1197 vim
932 1166 1094 1203 elementi,
1111 1166 1168 1197 sed
1184 1166 1365 1197 secundum

291 1215 356 1244 vim
373 1214 498 1243 animae
515 1222 583 1243 esse
600 1222 729 1242 causam
746 1212 911 1252 augmenti
928 1211 1033 1252 (quod
1052 1217 1162 1242 tamen
1177 1220 1245 1242 non
1262 1210 1364 1252 dicit),

292 1258 397 1289 adhuc
420 1267 489 1288 non
513 1257 658 1297 sequitur
682 1256 772 1297 quod
803 1256 855 1286 isti
883 1255 1006 1286 calores
1030 1256 1093 1287 sint
1116 1266 1201 1287 unus
1225 1265 1365 1286 numero

292 1303 388 1333 calor.
420 1302 545 1332 Dicitur
569 1302 666 1338 enim,
692 1307 728 1331 ut
751 1300 868 1331 dicitur
891 1301 997 1331 Prima
1019 1300 1122 1337 Parte,
1148 1301 1205 1331 ubi
1228 1309 1325 1341 supra
1337 1301 1364 1337 *,

292 1347 382 1388 quod
398 1347 485 1377 calor
501 1346 702 1377 elementaris
722 1351 770 1376 est
792 1347 1045 1376 instrumentum
1069 1346 1184 1376 caloris
1208 1346 1364 1376 animalis.

292 1393 333 1430 Et
347 1397 480 1433 propter
494 1392 558 1421 hoc
575 1391 691 1421 dicitur
708 1390 799 1430 quod
815 1390 903 1421 calor
919 1395 966 1421 est
981 1390 1180 1431 principium
1199 1391 1366 1431 augmenti

291 1446 360 1468 non
383 1435 562 1467 secundum
578 1436 644 1465 vim
669 1435 831 1471 elementi,
856 1434 912 1465 sed
935 1434 1117 1466 secundum
1142 1435 1207 1466 vim
1223 1436 1364 1466 animae:

291 1491 359 1512 non
383 1486 491 1512 autem
516 1481 592 1520 quia
615 1481 678 1510 sint
702 1489 787 1510 unus
811 1485 842 1510 et
865 1479 952 1510 idem
976 1479 1072 1510 calor.

347 1525 399 1556 Ad
414 1526 595 1556 secundum
611 1524 727 1555 dicitur
743 1524 835 1565 quod
849 1525 1009 1555 Averroes
1030 1524 1171 1555 calorem
1195 1524 1367 1555 caelestem

292 1570 443 1601 assimilat
467 1570 565 1601 calori
598 1570 671 1600 artis
694 1570 727 1599 in
760 1570 824 1600 hoc
856 1568 947 1610 quod
978 1569 1066 1600 calor
1096 1569 1240 1600 caelestis
1270 1569 1367 1600 habet

291 1624 477 1645 mensuram
500 1615 665 1655 propriam
688 1613 729 1644 ad
751 1615 996 1654 generationem
1023 1623 1061 1644 ex
1084 1619 1179 1644 motu
1202 1619 1234 1645 et
1257 1613 1366 1655 dispo-

292 1659 408 1690 sitione
431 1659 576 1699 corporis
593 1658 746 1694 caelestis,
770 1663 807 1689 ut
829 1658 950 1689 ibidem
973 1659 1080 1699 inquit
1102 1659 1172 1698 ipse
1195 1659 1366 1695 Averroes,

293 1703 376 1734 sicut
391 1709 423 1734 et
439 1704 526 1734 calor
542 1703 616 1734 artis
632 1713 818 1733 mensuram
839 1703 1040 1743 operationis
1055 1712 1097 1733 ex
1113 1703 1183 1743 ipsa
1207 1708 1279 1734 arte
1294 1713 1366 1734 sor-

294 1748 393 1778 titur:
409 1748 496 1778 calor
511 1753 621 1779 autem
637 1747 840 1778 elementaris
855 1757 1040 1778 mensuram
1051 1757 1120 1778 non
1132 1748 1228 1778 habet
1244 1757 1282 1778 ex
1298 1748 1366 1789 ipsa

294 1791 398 1823 forma
424 1793 517 1833 ignis,
541 1792 606 1829 sed,
632 1792 658 1822 si
681 1792 823 1832 aliquam
846 1801 1033 1823 mensuram
1062 1793 1159 1823 habet
1190 1797 1223 1823 et
1251 1793 1367 1824 limita-

293 1837 428 1873 tionem,
451 1837 515 1867 hoc
539 1837 598 1867 sibi
628 1837 782 1867 convenit
805 1842 840 1867 ut
871 1842 918 1867 est
948 1837 1074 1867 animae
1104 1838 1366 1868 instrumentum.

292 1881 369 1912 Non
393 1885 502 1911 autem
526 1882 559 1911 in
583 1882 647 1911 hoc
670 1881 716 1911 illi
740 1881 931 1911 assimilatur
947 1881 1037 1922 quod
1060 1881 1101 1911 sit
1123 1890 1208 1911 unus
1232 1887 1264 1911 et
1279 1881 1366 1912 idem

293 1934 369 1956 cum
393 1925 499 1955 calore
523 1925 719 1956 elementari.
736 1941 758 1948 —
774 1924 931 1963 Quamvis
954 1923 1037 1955 forte
1053 1924 1116 1956 dici
1141 1926 1238 1956 etiam
1256 1931 1367 1966 posset

292 1969 435 2010 aliquem
450 1978 518 2000 esse
534 1970 567 1999 in
584 1969 745 2009 aliquibus
758 1970 831 2000 artis
844 1968 997 2009 operibus
1010 1968 1152 2000 calorem
1169 1968 1367 2002 artificialem

293 2014 349 2055 qui
373 2014 461 2044 calor
484 2013 685 2044 elementaris
709 2022 777 2044 non
800 2014 850 2044 sit.

348 2057 402 2088 XI.
431 2057 530 2088 Sexto
547 2058 573 2088 “.
606 2057 802 2098 Sequeretur
830 2067 934 2088 unum
965 2067 1104 2089 numero
1135 2058 1286 2089 scientiae
1310 2058 1366 2089 ha-

292 2102 397 2133 bitum
421 2111 489 2132 esse
512 2102 545 2132 in
569 2103 722 2133 omnibus
743 2102 942 2133 hominibus.
966 2102 1041 2134 Hoc
1060 2107 1169 2133 autem
1190 2107 1238 2134 est
1260 2103 1367 2144 inopi-

292 2146 408 2178 nabile.
433 2146 519 2187 Ergo
545 2152 605 2177 etc.
624 2163 644 2169 -
659 2146 818 2177 Probatur
834 2147 1077 2188 consequentia.
1099 2147 1269 2185 Accidens,
1286 2148 1313 2178 si
1328 2148 1368 2178 sit

292 2200 397 2222 unum
413 2190 592 2222 secundum
608 2191 761 2232 speciem,
777 2201 845 2222 non
861 2191 1095 2232 multiplicatur
1109 2192 1170 2222 nisi
1187 2192 1368 2224 secundum

284 2237 486 2267 subiectum.
511 2235 695 2267 Intellectus
711 2242 821 2267 autem
845 2236 1006 2277 possibilis
1030 2242 1077 2267 est
1099 2237 1270 2277 proprium
1293 2238 1365 2268 sub-

293 2280 415 2318 iectum
438 2280 566 2311 habitus
590 2281 755 2311 scientiae:
781 2281 857 2322 quia
883 2281 952 2312 eius
980 2286 1070 2312 actus
1093 2286 1142 2311 est
1165 2281 1368 2313 considerare

294 2324 476 2356 secundum
499 2325 676 2355 scientiam.

353 2379 382 2399 2.
407 2368 441 2400 Si
463 2368 587 2399 dicatur
605 2368 696 2410 quod
719 2368 901 2400 subiectum
917 2370 1044 2400 habitus
1063 2370 1214 2401 scientiae
1238 2380 1305 2401 non
1322 2375 1370 2401 est

293 2413 476 2444 intellectus
488 2413 659 2454 possibilis,
671 2412 728 2444 sed
739 2413 839 2444 virtus
855 2414 1040 2454 cogitativa:
1053 2432 1076 2436 —
1089 2420 1201 2445 contra
1216 2416 1368 2456 arguitur,

295 2463 421 2499 praeter
449 2458 588 2488 rationes
616 2458 763 2499 superius
787 2457 939 2489 adductas
964 2468 1039 2490 cum
1064 2457 1104 2489 de
1128 2459 1250 2490 unione
1276 2459 1370 2490 intel-

295 2502 398 2534 lectus
414 2502 575 2542 possibilis
591 2502 631 2533 ad
646 2503 815 2533 hominem
831 2508 987 2543 ageretur,
1004 2509 1074 2534 tum
1094 2504 1171 2544 quia
1190 2513 1228 2534 ex
1246 2505 1369 2535 actibus

295 2546 476 2577 intellectus
501 2547 661 2587 possibilis
688 2546 724 2577 fit
751 2547 878 2580 habitus
902 2548 1055 2578 scientiae
1079 2548 1112 2578 in
1135 2548 1241 2585 nobis,
1270 2554 1302 2579 et
1329 2548 1369 2579 ad

297 2591 428 2622 eosdem
445 2595 534 2622 actus
551 2596 701 2631 potentes
717 2601 830 2622 sumus
846 2591 1026 2623 secundum
1043 2593 1189 2623 habitum
1206 2593 1368 2624 scientiae.

294 2635 350 2666 Ex
372 2635 530 2666 similibus
553 2641 660 2666 autem
684 2636 817 2672 actibus,
834 2642 870 2666 ut
893 2635 1010 2668 dicitur
1025 2636 1052 2667 11
1068 2636 1371 2680 Ethicorum‚fiunt

295 2680 416 2710 similes
430 2680 566 2715 habitus,
584 2685 615 2711 et
629 2681 751 2711 similes
766 2680 861 2711 etiam
878 2685 971 2712 actus
987 2681 1136 2712 reddunt.
1149 2700 1171 2704 -
1187 2683 1275 2713 Tum
1292 2683 1370 2724 quia

296 2725 467 2765 cogitativa
486 2727 558 2755 hon
578 2731 625 2756 est
648 2726 870 2766 cognoscitiva
886 2726 1115 2758 universalium
1138 2726 1368 2764 intentionum,

296 2769 352 2800 sed
375 2774 501 2800 tantum
517 2769 699 2801 intellectus
715 2771 886 2811 possibilis.
904 2772 1045 2804 Scientia
1060 2777 1180 2810 autem,
1198 2778 1233 2803 ut
1253 2771 1370 2803 dicitur

297 2813 309 2844 1
336 2813 570 2850 Posterior-um,
599 2819 646 2845 est
673 2813 712 2846 de
743 2815 1010 2847 conclusionibus
1042 2815 1369 2853 demonstrationum,

297 2868 381 2899 quae
405 2863 479 2889 sunt
502 2858 708 2890 universales.

300 2901 304 2903 ’
351 2902 487 2934 Videtur
502 2908 610 2934 autem
627 2903 659 2934 in
683 2904 742 2934 hac
759 2905 980 2945 responsionis
995 2905 1184 2936 inventione
1200 2905 1298 2936 fuisse
1315 2905 1369 2936 de-

298 2947 416 2987 ceptio,
434 2948 509 2987 quia
533 2953 666 2988 propter
682 2947 840 2980 diversam
859 2949 1108 2990 dispositionem
1132 2950 1322 2990 cogitativae
1339 2955 1370 2981 et

296 2991 519 3031 imaginativae
531 2993 680 3023 homines
692 2993 903 3025 inveniuntur
914 2995 1016 3035 magis
1032 3000 1088 3025 aut
1102 2995 1211 3026 minus
1227 2995 1370 3035 prompti

298 3035 337 3067 ad
361 3036 566 3067 scientiarum
582 3036 886 3070 considerationem.
903 3056 925 3062 -
940 3038 1004 3070 Sed
1027 3039 1092 3070 hoc
1107 3039 1187 3070 nihil
1208 3045 1264 3070 est.
1281 3039 1370 3071 Tum

298 3080 374 3121 'quia
399 3081 458 3111 ista
482 3081 706 3122 promptitudo
731 3092 769 3113 ex
793 3083 854 3114 illis
878 3083 1049 3114 virtutibus
1072 3084 1155 3114 sicut
1171 3093 1209 3114 ex
1232 3083 1370 3125 disposi-

298 3125 440 3156 tionibus
457 3126 598 3162 remotis,
624 3127 706 3157 sicut
730 3127 826 3158 etiarn
842 3137 881 3158 ex
897 3128 1041 3159 bonitate
1058 3133 1161 3159 tactus
1177 3133 1209 3159 et
1224 3129 1370 3169 corporis

299 3169 536 3209 complexione,
553 3176 589 3201 ut
605 3170 721 3201 dicitur
746 3170 771 3202 11
795 3171 835 3203 de
851 3173 979 3207 Anima,
1005 3172 1177 3213 dependet.
1195 3172 1242 3204 Ex
1260 3173 1370 3204 habitu

298 3219 407 3244 autem
423 3215 575 3245 scientiae
591 3215 673 3245 inest
689 3215 823 3246 facultas
835 3216 1061 3248 considerandi
1074 3217 1157 3248 sicut
1169 3226 1207 3247 ex
1219 3218 1370 3258 proximo

298 3258 458 3298 principio
483 3264 587 3289 actus:
614 3269 653 3290 eo
678 3259 768 3300 quod
792 3266 942 3301 oporteat
965 3267 1001 3292 ut
1024 3260 1169 3302 perficiat
1191 3263 1371 3302 potentiam

300 3311 364 3342 qua
392 3303 599 3343 intelligimus
625 3309 660 3334 ut
682 3310 762 3346 agat
786 3315 858 3336 cum
882 3305 1025 3336 voluerit
1038 3306 1211 3347 faciliter;
1234 3307 1317 3337 sicut
1341 3312 1372 3337 et

300 3345 352 3376 alii
375 3346 501 3378 habitus
518 3347 561 3378 ita
585 3347 756 3388 perficiunt
772 3350 933 3390 potentias
957 3350 989 3380 in
1007 3350 1126 3390 quibus
1142 3355 1227 3387 sunt,
1251 3351 1373 3381 scilicet

302 3390 390 3430 quod
414 3392 534 3422 habens
565 3393 691 3423 habitus
715 3394 787 3424 illos
818 3400 925 3435 potest
954 3394 1135 3426 secundum
1162 3403 1218 3427 eos
1246 3396 1372 3436 operari

302 3443 377 3464 cum
401 3436 547 3466 voluerit.
571 3455 592 3459 —
611 3437 698 3468 Turn
724 3438 800 3478 quia
824 3438 1056 3479 dispositiones
1078 3439 1192 3470 harum
1217 3440 1372 3470 virtutum

302 3485 375 3508 sunt
392 3489 428 3509 ex
445 3486 533 3519 parte
550 3481 678 3518 obiecti,
693 3482 813 3513 scilicet
826 3483 1067 3524 phantasmatis,
1085 3483 1175 3524 quod
1192 3493 1229 3514 ex
1245 3484 1373 3515 illarum

303 3522 445 3553 bonitate
458 3531 662 3564 praeparatur
678 3532 713 3557 ut
730 3526 784 3557 fiat
796 3534 870 3558 actu
884 3527 1084 3569 intelligibile
1100 3537 1159 3569 per
1173 3528 1373 3559 intellectum

305 3572 460 3605 agentem.
486 3568 722 3609 Dispositiones
751 3577 859 3603 autem
884 3581 968 3612 quae
996 3578 1072 3603 sunt
1098 3582 1136 3603 ex
1166 3578 1255 3614 parte
1283 3573 1373 3604 obie-

306 3614 441 3659 ctorum,
462 3621 529 3642 non
554 3619 627 3644 sunt
650 3614 792 3646 habitus:
810 3616 866 3647 sed
882 3626 967 3658 ,quae
983 3623 1058 3648 sunt
1082 3626 1120 3648 ex
1144 3622 1233 3658 parte
1258 3622 1373 3658 poten—

305 3658 430 3684 narum.
454 3655 553 3693 Quod
578 3667 634 3697 per
658 3660 843 3700 exemplum
867 3661 901 3691 in
926 3660 1113 3692 fortitudine
1138 3660 1327 3692 ostenditur.

762 287 949 325 SUMMA
979 284 1200 322 CONTRA
1229 282 1504 327 GENTlLES,
1532 281 1627 318 LIB.
1649 281 1691 326 ΙΙ,
1722 281 1832 317 CAP.
1853 280 2020 318 LXXIII.

1476 357 1505 388 3.
1531 356 1786 393 Advertendum‚
1814 366 1891 387 cum
1914 357 2031 388 dicitur
2046 359 2204 398 quoniam
2218 366 2352 401 propter
2368 362 2494 393 bonita-

1418 408 1485 432 tem
1507 402 1632 432 virtutis
1657 401 1847 441 cogitativae
1864 406 1896 432 et
1913 402 2138 442 imaginativae
2151 410 2377 444 praeparatur
2386 407 2494 447 phan-

1419 452 1523 477 tasma
1540 446 1583 476 ad
1601 446 1663 476 hoc
1677 445 1766 485 quod
1778 445 1935 487 faciliter
1945 446 2016 487 fiat
2036 452 2112 477 actu
2137 447 2342 490 intelligibile
2358 459 2422 490 per
2445 452 2492 481 in-

1419 492 1579 521 tellectum
1592 494 1753 531 agentem,
1767 490 1859 531 quod
1873 490 1938 521 hoc
1953 490 2125 531 dupliciter
2136 497 2245 532 potest
2258 494 2404 534 intelligi.
2417 496 2493 526 Uno

1418 535 1520 565 modo
1537 540 1583 571 ut,
1600 540 1777 574 postquam
1792 535 1985 575 phantasma
2007 541 2056 566 est
2078 537 2113 566 in
2136 537 2379 577 imaginatione,
2393 539 2496 570 virtus

1418 579 1624 619 imaginativa
1636 584 1692 609 aut
1704 580 1876 619 cogitativa
1891 585 1964 620 agat
1978 581 2013 611 in
2028 581 2147 622 ipsum,
2164 580 2370 622 disponendo
2385 584 2496 624 ipsum

1419 624 1458 654 ad
1478 623 1721 664 susceptionem
1744 624 1880 655 alicuius
1904 624 2028 656 formae
2048 627 2088 656 ab
2108 626 2276 658 intellectu
2300 633 2415 667 agente
2437 637 2496 669 per

1419 678 1519 709 quam
1533 669 1711 708 ipsummet
1726 669 1918 709 phantasma
1933 670 1974 700 sit
1988 676 2063 701 actu
2078 672 2289 712 intelligibile,
2306 681 2383 702 cum
2405 673 2495 713 prius

1419 718 1502 744 esset
1525 713 1726 753 intelligibile
1749 714 1783 744 in
1805 715 1962 754 potentia.
1987 714 2029 745 Et
2055 716 2108 746 hic
2131 726 2246 748 sensus
2275 726 2344 746 non
2372 722 2420 747 est
2442 717 2495 747 hic

1418 759 1572 788 intentus.
1597 757 1674 788 Non
1698 759 1786 789 enim
1814 761 1967 791 convenit
1989 761 2221 800 phantasmati:
2250 769 2328 792 cum
2351 771 2420 792 non
2448 760 2495 792 di-

1420 808 1509 833 catur
1532 802 1641 842 ipsum
1663 803 1856 843 phantasma
1878 804 1919 835 de
1942 805 2089 845 potentia
2105 805 2175 836 fieri
2198 811 2273 836 actu
2296 805 2495 846 intelligibile

1419 847 1512 887 quasi
1536 856 1640 878 unum
1663 857 1802 879 numero
1825 849 2017 889 phantasma
2031 850 2122 890 prius
2137 851 2178 881 sit
2199 851 2234 881 in
2256 851 2404 891 potentia
2422 860 2496 891 pasae

1419 893 1496 928 siva,
1519 892 1733 934 postmodum
1752 892 1810 923 fiat
1832 894 1866 924 in
1889 899 1981 930 actu;
2005 903 2176 934 nunquam
2199 895 2287 926 enim
2304 895 2496 935 phantasma

1418 937 1529 977 ipsum
1551 937 1734 968 secundum
1757 947 1792 968 se
1815 937 1852 968 fit
1875 943 1949 969 actu
1973 938 2184 979 intelligibile,
2204 948 2282 970 cum
2304 948 2433 980 semper
2455 941 2496 971 sit

1419 981 1453 1011 in
1477 990 1600 1021 organo
1623 982 1780 1012 materiali
1787 992 1795 1019 ;
1820 982 1877 1013 sed
1899 982 2017 1014 dicitur
2039 982 2110 1014 fieri
2133 989 2208 1014 actu
2230 984 2431 1024 intelligibile
2445 985 2495 1015 in-

1420 1032 1581 1066 quantum
1607 1033 1717 1058 causat
1743 1027 1778 1057 in
1805 1027 1972 1058 intellectu
1999 1028 2143 1068 speciem
2167 1037 2251 1069 quae
2275 1034 2323 1059 est
2345 1033 2420 1059 actu
2445 1029 2496 1060 in-

1419 1070 1604 1110 telligibilis.
1632 1072 1820 1112 Antequam
1844 1073 1933 1103 enim
1959 1071 2143 1103 intellectus
2169 1082 2268 1113 agens
2290 1078 2400 1104 utatur
2422 1073 2496 1113 ipso

1418 1115 1642 1156 phantasmate
1673 1122 1709 1147 ut
1732 1117 1960 1154 instrumento,
1988 1116 2106 1148 dicitur
2133 1118 2326 1158 phantasma
2348 1119 2496 1159 potentia

1418 1159 1630 1200 intelligibile,
1653 1162 1850 1202 inquantum
1872 1167 1982 1202 potest
2004 1171 2136 1192 causare
2159 1162 2270 1203 aliquo
2293 1161 2396 1194 modo
2423 1171 2497 1203 spe-

1419 1205 1504 1235 ciem
1527 1211 1602 1236 actu
1625 1206 1876 1247 intelligibilem:
1900 1207 1983 1238 sicut
2005 1206 2106 1237 virtus
2121 1206 2293 1238 formativa
2314 1208 2349 1238 in
2372 1207 2497 1238 semine

1419 1249 1536 1280 dicitur
1558 1252 1592 1281 in
1615 1251 1762 1292 potentia
1785 1251 1935 1288 animata,
1950 1252 2147 1292 inquantum
2170 1257 2219 1282 est
2240 1252 2341 1282 virtus
2364 1251 2498 1283 animati

1418 1297 1626 1337 productiva3
1652 1301 1684 1327 et
1711 1295 1829 1327 domus
1853 1305 1939 1336 quae
1961 1301 2009 1326 est
2032 1295 2065 1326 in
2089 1301 2200 1327 mente
2223 1295 2362 1333 artificis,
2379 1296 2497 1327 dicitur

1419 1342 1538 1373 domus
1561 1343 1595 1372 in
1617 1341 1775 1381 potentia,
1799 1345 1836 1371 ut
1858 1340 1966 1381 inquit
1981 1339 2242 1378 Commentator,
2265 1341 2324 1372 Xll
2340 1340 2495 1382 Metapa„

1420 1392 1611 1418 commento
1631 1385 1680 1416 18.
1710 1385 1797 1416 Cum
1825 1391 1935 1416 autem
1956 1385 2136 1416 intellectui
2158 1386 2266 1426 agenti
2289 1386 2497 1426 coniungitur

1419 1437 1456 1462 ut
1478 1433 1742 1468 instrumentum,
1766 1429 1803 1461 fit
1825 1435 1900 1460 actu
1926 1429 2138 1470 intelligibile,
2166 1431 2362 1472 inquantum
2391 1429 2498 1462 forma

1419 1477 1628 1517 intelligibilis
1645 1485 1729 1517 quae
1744 1475 1778 1506 in
1795 1475 1864 1505 eius
1880 1474 1998 1505 virtute
2015 1475 2144 1511 latebat,
2162 1474 2311 1517 educitur
2329 1475 2364 1506 in
2387 1480 2498 1507 actum

1420 1522 1537 1552 virtute
1560 1519 1744 1552 intellectus
1767 1520 1890 1561 agentis
1907 1517 1947 1550 de
1970 1519 2118 1560 potentia
2136 1520 2239 1551 activa
2254 1519 2496 1560 phantasmatis,

1421 1571 1453 1597 et
1474 1567 1508 1597 in
1531 1567 1604 1606 ipso
1628 1566 1851 1606 phantasmate
1874 1564 1971 1595 habet
1993 1564 2254 1596 fundamentum.
2486 1585 2490 1599 -,

1475 1610 1629 1642 Secundo
1644 1615 1754 1650 potest
1767 1609 1905 1650 intelligi
1920 1608 2044 1640 dictum
2061 1609 2170 1640 Sancti
2186 1609 2336 1640 Thomae
2353 1607 2394 1639 ad
2408 1608 2498 1640 hunc

1420 1665 1563 1692 sensum,
1580 1654 1670 1696 quod
1685 1655 1886 1695 phantasma,
1903 1660 2028 1694 quanto
2044 1654 2199 1694 recipitur
2219 1654 2255 1684 in
2278 1662 2402 1694 organo
2418 1653 2499 1684 ima-

1419 1700 1579 1740 ginativae
1603 1705 1635 1730 et
1658 1699 1849 1739 cogitativae
1872 1697 2047 1739 perfectius
2075 1698 2246 1740 disposito,
2274 1703 2365 1729 tanto
2388 1698 2497 1739 ipsum

1421 1750 1469 1775 est
1490 1745 1593 1785 magis
1617 1749 1730 1784 aptum
1753 1742 1795 1774 ad
1817 1743 1882 1774 hoc
1905 1749 1942 1774 ut
1964 1742 2020 1774 fiat
2042 1748 2117 1774 actu
2140 1742 2350 1783 intelligibile.
2379 1742 2421 1773 Et
2443 1742 2497 1773 hic

1420 1789 1534 1820 sensus
1557 1795 1604 1820 est
1634 1789 1687 1819 hic
1711 1789 1865 1824 intentus,
1889 1793 1922 1818 et
1944 1793 1992 1819 est
2024 1788 2219 1819 verissimus.
2250 1787 2384 1826 Quanto
2408 1787 2498 1818 enim

1421 1843 1581 1874 organum
1592 1833 1833 1874 imaginationis
1849 1831 1945 1863 fuerit
1956 1833 2058 1873 magis
2070 1832 2275 1873 dispositum,
2290 1836 2383 1863 tanto
2393 1831 2498 1872 phan-

1419 1884 1522 1909 tasma
1546 1883 1594 1909 est
1615 1878 1718 1917 magis
1734 1882 1848 1917 aptum
1864 1882 1901 1907 ut
1922 1885 1980 1907 sua
1995 1877 2143 1918 potentia
2165 1877 2278 1913 activa,
2302 1885 2367 1917 qua
2389 1880 2499 1917 potest

1419 1922 1601 1964 producere
1624 1921 1768 1962 speciem
1791 1926 1866 1952 actu
1889 1920 2123 1962 intelligibilem
2145 1921 2179 1952 in
2202 1920 2370 1952 intellectu
2393 1921 2499 1962 possi-

1421 1965 1488 2004 bili,
1510 1966 1683 1997 reducatur
1704 1966 1739 1996 in
1762 1970 1871 1997 actum
1886 1974 1946 2006 per
1959 1965 2162 1996 intellectum
2178 1971 2328 2006 agentem
2351 1969 2499 1998 utentem

1420 2012 1493 2052 ipso
1511 2011 1734 2052 phantasmate
1750 2015 1788 2041 ut
1802 2010 2034 2041 instrumento:
2059 2009 2165 2041 forma
2180 2010 2269 2041 enim
2286 2010 2441 2051 recipitur
2464 2011 2499 2042 in

1421 2056 1568 2087 subiecto
1592 2054 1773 2086 secundum
1797 2053 1936 2085 modum
1959 2055 2154 2096 recipientis.
2425 2091 2429 2095 ⁴

1476 2100 1545 2131 XII.
1571 2099 1712 2141 Septimo
1726 2100 1752 2130 ’ἃ
1778 2099 1871 2130 Unus
1887 2105 1934 2130 est
1956 2099 2139 2131 intellectus
2162 2099 2324 2140 possibilis
2347 2099 2499 2131 omnium

1421 2145 1605 2176 hominum.
1629 2144 1718 2185 Ergo
1741 2149 1789 2175 est
1812 2149 1972 2186 aeternus,
1989 2144 2016 2175 si
2030 2144 2182 2175 homines
2204 2153 2334 2186 semper
2356 2143 2498 2182 fuerunt,

1422 2195 1459 2220 ut
1480 2194 1620 2231 ponunt.
1645 2189 1687 2220 Et
1709 2189 1815 2220 multo
1834 2189 1936 2230 magis
1953 2188 2136 2220 intellectus
2155 2197 2270 2230 agens:
2295 2198 2372 2220 cum
2395 2192 2500 2232 agens

1421 2234 1464 2265 sit
1487 2234 1628 2266 nobilius
1645 2233 1801 2275 patiente,
1827 2239 1863 2265 ut
1885 2233 1992 2274 inquit
2015 2233 2215 2270 Aristoteles,
2238 2233 2281 2264 111
2304 2233 2345 2264 de
2367 2234 2498 2271 Anima,

1421 2284 1497 2310 text.
1520 2287 1569 2320 ¹9·
1594 2278 1682 2320 Ergo
1705 2279 1830 2319 species
1854 2278 2070 2319 intelligibiles
2091 2278 2131 2309 ab
2155 2282 2286 2309 aeterno
2311 2277 2444 2310 fuerunt
2464 2278 2499 2310 ln

1421 2323 1589 2355 intellectu
1612 2323 1769 2364 possibili.
1794 2323 1882 2364 Ergo
1905 2323 2010 2354 nullas
2033 2323 2157 2364 species
2181 2321 2222 2354 de
2245 2332 2334 2354 novo
2354 2323 2498 2364 recipiet.

1422 2367 1487 2400 Sed
1501 2368 1566 2399 hoc
1582 2374 1630 2399 est
1645 2367 1773 2399 falsum.
1790 2367 1878 2408 Ergo
1891 2373 1951 2399 etc.
1963 2385 1985 2391 -
1998 2367 2105 2398 Prima
2121 2368 2355 2409 consequentia
2366 2372 2465 2408 patet.
2478 2385 2500 2391 -

1422 2412 1573 2444 Secunda
1587 2413 1754 2454 probatur.
1772 2413 1868 2451 Quia,
1884 2413 1911 2443 si
1930 2422 2028 2453 agens
2044 2417 2092 2444 est
2106 2417 2274 2444 aeternum
2293 2417 2326 2443 et
2340 2412 2500 2454 recipiens

1423 2463 1601 2494 aeternum,
1630 2463 1761 2498 oportet
1789 2462 1919 2498 recepta
1949 2466 2019 2488 esse
2050 2462 2189 2488 aeterna.
2216 2474 2239 2480 -
2262 2457 2396 2488 Falsitas
2420 2465 2499 2488 vero

1423 2502 1654 2543 consequentis
1670 2503 1835 2543 probatur.
1853 2502 1939 2541 Quia
1955 2502 2102 2543 sequitur
2118 2501 2211 2543 quod
2225 2510 2338 2533 sensus
2350 2506 2383 2533 et
2397 2501 2500 2543 phan-

1422 2548 1501 2578 tasia
1523 2556 1592 2578 non
1616 2552 1711 2578 erunt
1733 2547 1911 2578 necessaria
1934 2546 1976 2577 ad
1998 2546 2262 2587 intelligendum:
2288 2555 2364 2578 cum
2387 2553 2500 2578 sensus

1423 2597 1455 2623 et
1477 2591 1645 2632 phantasia
1663 2590 1703 2622 ad
1726 2591 1807 2622 nihil
1823 2591 1910 2622 aliud
1925 2592 1988 2622 sint
2003 2592 2183 2622 necessaria
2199 2590 2239 2622 ad
2254 2588 2501 2632 intelligendum

1422 2637 1484 2667 nisi
1507 2642 1544 2667 ut
1567 2637 1607 2667 ab
1631 2637 1677 2667 eis
1701 2636 1900 2676 accipiantur
1922 2636 2046 2676 species
2068 2635 2292 2676 intelligibiles.
2318 2634 2360 2667 Et
2382 2636 2428 2667 sic
2449 2644 2501 2677 re·

1422 2681 1503 2712 dibit
1527 2681 1641 2722 opinio
1666 2680 1819 2718 Platonis,
1836 2678 1927 2721 quod
1943 2680 2110 2711 scientiam
2134 2690 2203 2712 non
2223 2681 2421 2721 acquirimus
2443 2684 2502 2723 per

1422 2735 1546 2763 sensus,
1563 2725 1619 2757 sed
1635 2725 1675 2756 ab
1691 2726 1737 2756 eis
1753 2725 1931 2756 excitamur
1946 2724 1987 2756 ad
2005 2724 2291 2756 rememorandum
2307 2725 2397 2766 prius
2412 2725 2500 2756 scita.

1469 2780 1499 2801 2.
1523 2769 1619 2802 Circa
1642 2771 1737 2801 istam
1755 2770 2025 2811 propositionem,
2049 2769 2086 2800 Si
2101 2779 2204 2812 agens·
2219 2775 2267 2801 est
2286 2774 2455 2801 aeternum
2470 2773 2503 2801 et

1422 2814 1582 2856 recipiens
1605 2819 1784 2851 aeternum,
1819 2818 1947 2856 oportet
1977 2819 2105 2856 recepta
2129 2824 2198 2846 esse
2220 2819 2365 2851 aeterna,
2391 2813 2501 2854 adver-

1423 2859 1559 2891 tendum
1583 2860 1675 2900 quod
1691 2860 1856 2901 duplicem
1871 2860 1988 2890 habere
2008 2859 2209 2891 intellectum
2232 2865 2350 2901 potest.
2375 2859 2502 2891 Primus

1423 2909 1481 2941 est,
1505 2910 1541 2935 ut
1564 2904 1762 2946 intelligatur
1785 2903 1825 2935 de
1841 2909 1957 2945 agente
1981 2910 2013 2935 et
2035 2904 2213 2945 recipiente
2229 2903 2423 2942 formaliter:
2440 2903 2501 2935 sel—

1423 2949 1509 2986 licet,
1534 2954 1570 2980 ut
1594 2959 1692 2990 agens
1716 2955 1773 2986 est,
1798 2954 1829 2980 et
1853 2954 1890 2980 ut
1920 2953 1967 2980 est
1994 2949 2163 2989 recipiens.
2195 2948 2236 2980 Et
2259 2954 2337 2980 tunc
2360 2957 2430 2980 non
2451 2949 2502 2980 in·

1423 2993 1511 3034 diget
1533 2993 1650 3034 glossa.
1675 2994 1795 3026 Sensus
1819 2994 1908 3024 enim
1925 2998 1982 3031 est,
1998 2993 2025 3024 si
2049 3002 2147 3034 agens
2163 2994 2202 3024 ab
2226 2999 2359 3025 aeterno
2382 2998 2456 3034 agat
2470 2998 2503 3025 et

1423 3038 1582 3079 recipiens
1607 3038 1646 3069 ab
1670 3045 1802 3070 aeterno
1826 3038 1969 3080 recipiat,
1987 3037 2078 3079 quod
2094 3047 2227 3069 necesse
2250 3044 2298 3070 est
2321 3043 2354 3069 et
2371 3037 2503 3080 recepta

1424 3088 1554 3114 aeterna
1577 3092 1657 3115 esse.
1682 3083 1783 3122 Quod
1805 3082 2010 3114 verissimum
2034 3092 2103 3114 esse
2127 3087 2263 3114 constat.
2482 3116 2484 3118 ,

1480 3127 1651 3159 Secundus
1675 3133 1732 3165 est,
1761 3132 1796 3159 ut
1823 3127 2017 3168 intelligatur
2048 3126 2088 3158 de
2119 3133 2234 3168 agente
2265 3131 2296 3158 et
2325 3126 2501 3168 recipiente

1424 3172 1648 3204 materialiter:
1673 3172 1765 3210 idest,
1782 3171 1823 3203 de
1838 3172 1891 3204 illa
1914 3181 1948 3203 re
1973 3181 2057 3213 quae
2081 3177 2129 3203 est
2153 3181 2261 3213 agens,
2285 3176 2318 3202 et
2340 3170 2381 3202 de
2398 3169 2452 3201 illa
2466 3179 2502 3201 re

1425 3226 1509 3258 quae
1533 3222 1580 3248 est
1603 3218 1773 3258 recipiens.
1797 3217 1839 3248 Et
1861 3222 1939 3248 tunc
1963 3216 2087 3257 indiget
2109 3216 2227 3258 triplici
2250 3214 2438 3247 conditione
2461 3214 2502 3246 ad

1425 3261 1489 3292 hoc
1513 3266 1549 3292 ut
1572 3271 1646 3292 vera
1669 3262 1718 3293 sit.
1743 3262 1850 3292 Prima
1881 3267 1938 3298 est,
1961 3267 1999 3292 ut
2028 3270 2126 3302 agens
2155 3259 2337 3292 necessario
2361 3263 2443 3300 agat.
2467 3258 2502 3291 Si

1425 3307 1513 3340 enim
1537 3306 1718 3338 voluntarie
1742 3312 1774 3337 et
1796 3306 1895 3338 libere
1913 3314 2006 3347 agere
2023 3310 2143 3347 posset,
2162 3313 2230 3335 non
2254 3308 2362 3344 ageret
2386 3304 2426 3334 ab
2449 3312 2502 3335 ae-

1425 3355 1529 3388 terno,
1546 3350 1602 3382 sed
1619 3351 1651 3382 in
1669 3356 1832 3392 tempore:
1858 3348 2137 3392 quemadmodum
2153 3347 2290 3380 dicimus
2305 3347 2414 3379 Deum
2430 3348 2502 3380 uni—

1425 3404 1555 3426 versum
1578 3405 1646 3426 non
1663 3396 1702 3426 ab
1723 3401 1865 3432 aeterno,
1889 3394 1945 3426 sed
1962 3395 1994 3425 in
2009 3399 2158 3434 tempore
2181 3392 2381 3433 produxisse.
2398 3393 2441 3424 Et
2455 3393 2502 3424 sic

1426 3445 1555 3480 recepta
1578 3449 1646 3471 non
1671 3445 1777 3472 essent
1801 3445 1939 3471 aeterna.
1959 3457 1980 3461 -
2003 3436 2154 3469 Secunda
2177 3441 2234 3474 est,
2258 3442 2294 3468 ut
2318 3437 2382 3468 sint
2404 3446 2502 3479 agens

1427 3490 1458 3515 et
1474 3484 1633 3525 recipiens
1650 3484 1757 3516 debite
1773 3483 2005 3525 approximate.
2019 3481 2053 3513 Si
2069 3481 2156 3512 enim
2172 3482 2254 3522 ignis
2271 3481 2386 3522 aliquis
2398 3490 2502 3523 pone·

1426 3534 1514 3559 retur
1537 3529 1576 3560 ab
1601 3533 1733 3560 aeterno
1756 3527 1946 3570 productus,
1963 3532 1996 3557 et
2018 3526 2246 3557 combustibile
2269 3531 2454 3563 aeternum;
2470 3532 2503 3558 et

1426 3573 1509 3614 ignis
1533 3573 1566 3604 in
1591 3574 1716 3605 oriente
1740 3577 1832 3609 esset,
1857 3570 2084 3603 combustibile
2112 3576 2220 3602 autern
2248 3571 2283 3602 in
2313 3570 2500 3607 occidente:

1427 3617 1640 3659 postmodum
1656 3619 1690 3649 in
1714 3623 1861 3658 tempore
1877 3615 2137 3656 appropinquata
2153 3620 2259 3646 essent
2279 3624 2338 3656 per
2359 3615 2503 3657 aliquam

1427 3663 1618 3703 potentiam,
1637 3667 1675 3693 ut
1689 3661 1772 3703 ignis
1788 3669 1881 3701 agere
1896 3660 1931 3691 in
1947 3659 2175 3691 combustibile
2191 3665 2317 3701 posset:
2333 3669 2402 3691 non
2419 3666 2502 3692 esset

2527 2108 2538 2118 ·
2544 2106 2581 2130 ef.
2590 2112 2613 2129 a.
2619 2111 2739 2134 xmxvm.
