2716 4302
70 364 80 373 '
100 365 136 384 est
159 369 215 385 catu
237 369 284 385 non

69 389 166 412 deletur.

1268 185 1271 187 Α
1294 133 1560 171 APPENDIX

313 215 363 234 aua
374 209 498 235 essentia.
509 209 526 242 5
539 210 670 243 Amplius.
683 211 723 235 Ab
738 219 790 237 uno
804 213 913 238 naturali
925 214 1015 239 ordine
1029 222 1083 239 non
1096 216 1214 248 procedit
1227 216 1275 241 nisi
1287 222 1388 242 unum:

313 259 437 284 naturalis
456 260 527 285 enim
548 260 631 286 virtus
650 262 683 286 ad
701 270 783 288 unum
808 264 979 290 determinata
1002 270 1043 290 est
1060 271 1169 299 propter
1190 267 1388 293 similitudinem

312 309 456 343 principiati
475 318 490 335 a
509 311 643 344 principio.
662 313 688 338 Si
709 313 786 346 igitur
803 315 920 346 operatio
939 315 987 340 Dei
1004 323 1057 340 non
1077 317 1110 341 sit
1129 316 1199 341 idem
1217 318 1290 350 quod
1309 326 1387 343 suum

311 366 380 391 esse,
395 365 501 394 oportet
519 362 591 395 quod
602 362 683 388 virtus
703 371 771 396 quae
790 370 830 390 est
848 366 1007 398 operationis
1026 367 1180 400 principium
1201 375 1253 393 non
1274 369 1335 394 est*
1355 370 1388 394 sit

312 411 398 437 divina
416 415 538 438 essentia.
557 414 645 440 Virtus
665 421 752 441 autem
772 424 840 450 quae
852 426 906 442 non
919 424 959 444 est
971 420 1084 444 essentia
1102 420 1159 445 eius
1174 420 1248 445 cuius
1262 425 1310 451 est,
1324 429 1387 454 qua·
1411 436 1419 454 ς

312 463 371 488 litas
389 465 554 491 accidentalis
573 467 630 492 eius
650 473 698 494 est.
718 467 789 494 Deus
809 470 886 503 igitur
904 470 1011 497 habebit
1034 473 1142 506 aliquod
1161 473 1289 505 accidens,
1314 476 1386 507 quod

315 519 355 539 est
373 515 545 548 impossibile,
564 523 594 543 ut
613 526 643 544 ex
662 527 741 552 supra
759 521 834 547 dictis
853 528 932 555 patet.
953 523 1065 555 Oportet
1082 524 1159 557 igitur
1177 526 1251 558 quod
1269 527 1387 559 operatio

311 566 396 592 divina
415 568 448 592 sit
467 576 547 594 suum
566 577 635 596 esse.
655 571 712 596 Hoc
731 578 819 597 autem
839 579 881 598 est
898 574 954 599 eius
970 576 1091 606 essentia,
1106 581 1133 600 ut
1146 576 1216 608 (ex)
1231 577 1283 608 (in)
1302 584 1386 609 supra

311 617 391 644 dictis
409 622 500 645 ostens
513 628 593 654 supra
606 627 745 648 ostensum
758 629 806 648 est.
827 624 973 658 Intelligere
987 626 1065 659 igitur
1078 626 1126 652 Dei
1145 633 1186 652 est
1204 635 1251 653 sua
1264 629 1387 654 essentia.

309 669 326 702 9
339 670 442 696 Adhuc.
461 671 549 697 Omne
563 680 643 705 agens
657 682 704 707 per
716 675 876 701 intellectum
891 677 1045 702 exteriorem
1063 677 1186 703 effectum
1199 679 1319 712 producit
1331 687 1387 704 me·
1402 692 1427 707 ιο

309 722 395 747 diante
413 722 579 749 intellectuali
598 726 758 758 operatione.
787 727 901 753 Finitum
929 734 1017 754 autem
1045 738 1099 755 non
1117 736 1205 763 potest
1222 739 1282 757 esse
1307 740 1386 758 causa

309 771 409 798 infiniti.
427 774 453 798 Si
472 773 550 806 igitur
568 775 676 801 alicuius
699 778 798 809 agentis
819 778 864 811 ins
877 787 924 812 per
942 780 1102 806 intellectum
1125 783 1207 807 virtus
1232 783 1266 808 sit
1288 782 1386 809 infinita

307 829 429 857 respectu
447 826 607 858 operationis
625 828 767 860 exterioris,
787 835 890 862 oportet
909 838 968 856 esse
980 839 1059 863 causa
1071 832 1169 859 infinita
1182 839 1303 867 respectu
1321 842 1385 868 ope-

308 876 414 902 rationis
434 877 627 904 intellectualis.
646 880 792 906 Ostensum
811 887 851 907 est
870 888 958 908 autem
977 883 1063 909 Deum
1076 892 1137 909 esse
1150 885 1252 910 virtutis
1271 884 1385 911 infinitae

307 927 334 953 in
354 929 496 954 movendo.
514 929 562 955 Est
581 931 658 963 igitur
670 937 695 956 et
713 932 739 956 in
752 932 922 966 intelligendo
934 934 1036 959 virtutis
1049 934 1172 962 infinitae.
1191 936 1245 961 Sua
1255 937 1333 969 igitur
1346 937 1384 961 in·
1400 942 1422 962 ¹5

307 979 463 1005 tellectualis
481 981 598 1014 operatio
616 981 717 1008 infinita
735 989 776 1008 est
795 985 942 1009 secundum
961 985 1032 1010 illam
1051 986 1223 1018 quantitatem
1242 995 1295 1020 qua
1315 995 1384 1013 unus

307 1031 359 1056 alio
377 1031 471 1057 dicitur
483 1034 659 1066 perspicacius
672 1040 699 1059 et
711 1035 852 1068 perfectius
866 1037 1020 1070 intelligere.
1032 1037 1101 1063 Nihil
1114 1044 1203 1063 autem
1217 1039 1286 1064 aliud
1299 1044 1385 1071 potest

307 1089 368 1108 esse
386 1082 515 1108 infinitum
534 1092 615 1117 quam
634 1086 750 1111 essentia
772 1094 831 1112 esse
849 1087 976 1119 divinum,
996 1096 1056 1114 curn
1081 1097 1161 1114 omne
1180 1090 1250 1115 aliud
1272 1098 1332 1116 esse
1351 1091 1385 1116 sit

307 1139 442 1167 receptum
456 1140 482 1160 et
494 1143 541 1168 per
554 1143 720 1170 consequens
734 1137 881 1163 limitatum.
897 1139 1061 1172 Relinquitur
1073 1141 1150 1173 igitur
1165 1141 1279 1167 divinam
1291 1150 1385 1175 opera-

306 1185 405 1212 tionem
425 1194 486 1212 esse
504 1187 574 1212 idern
587 1188 658 1221 quod
678 1196 738 1214 esse
752 1188 822 1223 (Dei)
836 1195 862 1214 et
881 1190 994 1215 essentia
1015 1191 1134 1224 <divina>
1154 1191 1244 1226 (eius).
1259 1191 1277 1228 §
1294 1190 1384 1220 Item.

307 1232 424 1264 Omnis
448 1245 492 1262 res
515 1235 694 1266 substantia
721 1241 769 1266 est
799 1241 932 1276 propter
960 1247 1051 1268 suam
1084 1240 1320 1279 operationem.
1352 1240 1385 1271 Si

305 1285 404 1325 igitur
428 1287 577 1327 operatio
602 1287 664 1318 Dei
688 1288 728 1318 sit
751 1288 840 1319 aliud
865 1298 964 1328 quam
989 1289 1098 1320 divina
1122 1292 1310 1328 substantia,
1328 1293 1386 1323 erit

292 1334 387 1371 ᾗΩἰ87-
403 1337 475 1367 eius
499 1337 624 1378 aliquid
648 1338 737 1369 aliud
761 1349 779 1369 a
803 1349 847 1376 Se,
873 1345 945 1377 quod
964 1350 1005 1370 est
1027 1345 1200 1379 impossibile.
1228 1347 1287 1372 Non
1309 1347 1387 1379 igitur

60 1446 189 1476 nvbmss
203 1446 245 1469 inf.

57 1479 72 1508 ²·
85 1495 263 1525 ear-mint.

57 1601 118 1625 ‘Ch
128 1605 179 1624 not.
189 1602 219 1624 ad
229 1602 276 1625 loe.

57 2014 110 2032 nv
125 2008 188 2038 ⁵4²·

38 2358 104 2388 aar
120 2370 165 2388 ιι.

0 3383 3 3409 ἑ
51 3399 136 3422 ‘Casa
155 3406 198 3427 pro
216 3407 271 3428 pos—

0 3451 1 3454 *
49 3429 116 3449 tunt.

287 1690 379 1727 vNon
403 1702 451 1728 est
467 1721 474 1728 .
490 1722 496 1728 .
512 1721 519 1728 .
537 1698 683 1739 habens.)

305 1390 363 1415 eius
380 1392 500 1424 operatio
522 1392 713 1424 intellectualis,
733 1402 780 1420 nec
799 1395 887 1428 aliqua
912 1396 970 1425 alia.
995 1401 1036 1421 est
1061 1397 1131 1422 aliud
1155 1405 1237 1430 quam
1255 1406 1303 1423 sua
1322 1398 1385 1423 sub-

304 1443 422 1469 stantia*
439 1437 487 1480 (et
498 1441 543 1472 sic
557 1441 645 1472 Deus
658 1451 726 1473 non
743 1443 800 1474 erit
816 1455 948 1473 summum
968 1449 1065 1474 bonum
1082 1446 1209 1476 bonitas
1225 1456 1292 1482 sua,
1310 1455 1385 1476 cum

304 1491 430 1523 bonum
454 1497 491 1521 sit
503 1497 571 1529 finis
595 1494 767 1525 cuiuslibet
787 1496 826 1526 sit
849 1495 922 1526 finis
939 1497 1018 1527 eius.
1043 1497 1059 1513 θ
1083 1498 1101 1535 §
1117 1496 1150 1527 Si
1174 1504 1283 1527 autem
1307 1496 1386 1527 divi-

305 1551 387 1573 num
410 1543 590 1585 intelligere
606 1550 654 1575 est
678 1546 747 1576 eius
764 1555 843 1582 esse,
864 1551 1028 1584 impossibile
1048 1547 1208 1587 [necesse]
1227 1554 1275 1577 est
1295 1546 1386 1587 quod

304 1598 382 1624 enam
402 1595 473 1625 eius
488 1596 529 1625 sit
545 1596 693 1637 simplex,
711 1598 727 1613 ³*
745 1603 914 1628 aeternum
927 1604 958 1628 et
974 1598 1160 1629 invariabile
1178 1605 1209 1628 et
1225 1604 1299 1628 actu
1315 1604 1384 1628 tan-

304 1650 375 1676 tum
399 1646 549 1685 existens,
575 1652 606 1677 et
630 1648 740 1677 omnia
757 1657 841 1687 quae
866 1648 905 1679 de
922 1649 1033 1679 divino
1051 1659 1120 1680 esse
1141 1649 1276 1689 probata
1299 1654 1383 1679 sunt.

1401 1459 1424 1480 ³5

574 1848 665 1882 Quot>
690 1849 770 1877 Dans
792 1857 836 1876 srr
859 1857 914 1877 sua
937 1857 1118 1878 aaut-runo.

492 1907 659 1945 Capitulum
682 1908 819 1936 deletum.
845 1911 892 1946 (gf.
909 1914 967 1938 not.
982 1911 1021 1938 ad
1037 1907 1075 1938 16
1081 1911 1097 1928 ‘¹
1112 1920 1128 1938 a
1142 1909 1191 1948 67.

1399 1968 1420 1987 ³5

347 2009 364 2043 5
385 2010 442 2035 Hoc
469 2016 558 2035 autem
585 2017 704 2042 ostenso,
728 2012 896 2037 manifestum
925 2018 966 2038 est
993 2014 1066 2047 quod
1092 2014 1147 2040 Deo
1172 2015 1242 2040 idem
1265 2016 1299 2041 sit
1323 2023 1383 2041 esse

303 2065 330 2086 et
347 2060 436 2086 vivere
455 2066 482 2086 et
499 2061 575 2086 beate
594 2061 690 2087 vivere.
710 2062 775 2087 Nam
796 2063 913 2095 operatio
926 2064 1091 2096 intellectiva,
1111 2066 1132 2090 si
1152 2066 1185 2091 sit
1204 2066 1325 2099 perfecta,
1345 2067 1382 2092 fe-

303 2111 384 2136 licitas
403 2117 454 2137 est.
473 2111 532 2144 Ipsa
551 2117 639 2137 autem
653 2113 740 2138 divina
760 2115 874 2139 essentia
888 2120 928 2139 est
946 2115 1065 2148 operatio
1083 2117 1265 2142 intellectualis
1284 2116 1382 2143 infinita

302 2164 451 2189 secundum
476 2163 618 2189 efficaciam
642 2164 811 2198 intelligendi,
839 2171 868 2191 ut
894 2172 1034 2193 ostensum
1052 2174 1102 2194 est.
1130 2169 1178 2194 Est
1201 2169 1278 2203 igitur
1297 2170 1382 2196 divina

302 2215 450 2240 substantia
468 2216 526 2249 ipsa
544 2224 592 2242 sua
611 2217 751 2242 beatitudo.
772 2218 788 2251 ἓ
803 2218 903 2244 Adhuc.
923 2219 1136 2253 Uniuscuiusque
1154 2221 1227 2246 beati
1252 2229 1302 2247 sua
1321 2222 1383 2247 beat
1396 2226 1422 2246 40

302 2268 418 2302 potentis
437 2269 470 2294 ad
489 2268 675 2294 beatitudinem
695 2270 831 2302 pervenire
842 2277 893 2296 sua
912 2271 1045 2296 beatitudo
1058 2277 1099 2297 est
1117 2272 1173 2297 eius
1191 2271 1250 2298 finis
1263 2274 1380 2305 ultimus,

302 2327 363 2345 cum
383 2325 491 2352 propter
503 2327 536 2346 se
547 2325 648 2346 tantum
662 2321 833 2347 desideretur.
853 2322 947 2347 Omnis
967 2328 1055 2348 autern
1070 2323 1278 2350 intellectualiter
1290 2325 1381 2350 vivens

301 2376 380 2396 natus
400 2376 441 2396 est
458 2371 646 2397 beatitudinem
659 2371 764 2404 habere,
778 2373 849 2406 quod
861 2374 976 2399 ostendit
988 2375 1106 2399 naturale
1119 2375 1286 2400 beatitudinis
1306 2376 1320 2391 ³
1336 2376 1381 2401 de-

302 2422 440 2448 siderium.
460 2422 528 2447 Cum
547 2423 625 2455 igitur
643 2423 716 2448 Deus
730 2424 764 2449 sit
777 2424 933 2458 intelligens,
947 2426 968 2450 si
983 2425 1040 2458 ipse
1054 2433 1107 2450 non
1119 2426 1154 2451 sit
1172 2434 1220 2451 sua
1239 2426 1379 2456 beatitudo,

301 2473 400 2507 aliquid
413 2474 483 2498 aliud
498 2480 601 2506 praeter
614 2474 699 2499 Deum
718 2474 767 2500 erit
786 2474 846 2500 finis
865 2475 921 2501 eius
932 2481 958 2501 et
976 2476 1099 2501 ultimum
1112 2477 1288 2503 desideratum
1301 2478 1379 2509 illius,
1394 2484 1418 2504 ⁴5

301 2528 327 2548 et
345 2524 383 2548 sic
402 2523 459 2557 ipse
479 2531 532 2549 non
551 2525 601 2549 erit
619 2524 828 2558 perfectissimus
847 2531 876 2550 ut
894 2527 1009 2559 primum
1029 2535 1140 2552 movens
1160 2529 1234 2553 nullo
1253 2529 1334 2553 modo
1347 2529 1378 2554 ab

301 2574 353 2600 alio
371 2581 483 2602 motum.
503 2576 581 2607 Quod
600 2582 640 2602 est
659 2576 831 2610 impossibile,
851 2583 881 2603 ut
899 2586 979 2611 supra
998 2583 1136 2604 ostensum
1150 2585 1199 2605 est.
1218 2580 1290 2605 Deus
1302 2581 1380 2612 igitur

301 2631 343 2652 est
355 2634 403 2652 sua
416 2627 559 2654 beatitudo.
572 2627 588 2661 ξ
601 2629 733 2661 Amplius.
746 2629 859 2661 Oportet
870 2630 985 2663 prImum
998 2638 1086 2655 rerum
1100 2631 1254 2664 principium
1274 2639 1379 2656 summe

301 2678 445 2711 perfectum
464 2686 534 2709 esse,
553 2684 582 2705 ut
600 2687 631 2705 ex
650 2688 730 2713 supra
743 2681 816 2706 dictis
830 2687 909 2714 patet.
923 2682 995 2707 Haec
1012 2688 1100 2708 autem
1113 2683 1237 2716 perfectio
1255 2685 1281 2708 in
1293 2685 1379 2718 primo

300 2726 428 2764 principio
447 2739 500 2756 non
520 2731 650 2757 invenitur
669 2734 814 2758 secundum
840 2734 927 2767 aliqua
953 2734 1056 2759 diversa
1081 2735 1128 2760 sed
1157 2737 1303 2761 secundum
1323 2736 1379 2761 eius

299 2789 369 2812 ase,
388 2787 418 2807 ut
436 2782 514 2807 etiam
534 2790 615 2816 supra
632 2788 771 2809 ostensum
790 2790 839 2809 est.
857 2785 924 2810 Cum
938 2785 1015 2818 igitur
1035 2785 1167 2810 beatitudo
1185 2794 1238 2811 non
1258 2787 1298 2811 sit·
1310 2787 1378 2812 aliud

299 2841 380 2866 quam
393 2833 493 2858 bonum
506 2833 651 2866 perfectum
666 2839 691 2859 et
704 2843 848 2866 summum,
860 2841 949 2868 utpote
963 2843 1068 2861 summe
1082 2837 1266 2867 desideratum,
1276 2843 1379 2870 oportet

298 2884 387 2916 ipsum
407 2885 523 2909 divinum
543 2892 603 2910 esse
622 2893 698 2910 suam
717 2885 902 2911 beatitudinem
922 2886 985 2911 sore.
1004 2887 1020 2919 ξ
1034 2887 1105 2915 Item.
1125 2888 1151 2912 Si
1171 2888 1303 2913 beatitudo
1323 2889 1378 2913 Deo

298 2935 425 2968 competit
444 2940 470 2960 et
489 2936 546 2968 ipse
565 2944 613 2961 sua
633 2936 765 2962 beatitudo
778 2945 830 2961 non
849 2943 899 2968 est,
919 2943 962 2962 aut
981 2938 1058 2971 igitur
1076 2930 1262 2964 beatitudinem
1281 2940 1314 2964 ab
1334 2948 1377 2965 ex*

298 2987 414 3013 trinseco
432 2989 532 3021 accipit,
552 2994 597 3014 aut
615 2989 657 3014 sui
684 2994 776 3014 natura
804 2989 890 3015 habet.
917 2990 942 3015 Si
964 2990 995 3014 ab
1015 2991 1161 3016 extrinseco
1189 2992 1287 3024 accipit,
1314 2992 1377 3017 illud
1392 3000 1415 3020 55

298 3039 370 3071 quod
390 3039 412 3064 ei
431 3039 475 3064 dat
494 3039 682 3066 beatitudinem
706 3040 755 3065 erit
773 3048 806 3065 eo
831 3040 979 3073 perfectius,
1003 3042 1075 3074 quod
1101 3048 1141 3067 est
1158 3042 1330 3074 impossibile.
1350 3043 1375 3068 Si

297 3095 385 3115 autem
413 3091 454 3115 sui
483 3096 575 3116 natura
600 3091 686 3122 habet,
711 3091 754 3116 sui
779 3099 827 3116 sua
846 3092 923 3125 igitur
947 3098 1039 3117 natura
1064 3098 1104 3117 est
1131 3093 1297 3118 beatitudinis
1321 3093 1377 3119 eius

297 3143 462 3176 principium.
485 3143 642 3176 Principium
667 3148 755 3168 autem
780 3152 832 3168 non
857 3149 944 3177 potest
971 3139 1235 3176 esse'imperfectius
1254 3153 1286 3170 eo
1306 3146 1377 3178 quod

298 3200 339 3219 est
357 3203 372 3220 a
390 3195 526 3228 principio.
540 3195 607 3220 Cum
621 3195 698 3228 igitur
711 3195 844 3221 beatitudo
857 3196 891 3220 sit
904 3204 1039 3221 summum
1053 3197 1162 3228 bonum,
1181 3197 1266 3221 divina
1286 3202 1376 3222 namra

297 3245 347 3271 erit
365 3254 502 3271 summum
521 3246 630 3272 bonum.
655 3247 715 3271 Duo
741 3254 805 3271 vero
833 3255 938 3271 summe
963 3247 1031 3271 bona
1056 3255 1117 3272 esse
1140 3247 1304 3280 impossibile
1323 3252 1375 3272 est:
1389 3251 1416 3271 60

279 3283 286 3290 .
298 3305 359 3322 nam
378 3297 400 3322 si
420 3297 519 3330 aliquid
539 3297 584 3321 uni
614 3297 688 3321 deest
717 3297 790 3329 quod
818 3298 930 3321 alterum
959 3296 1061 3326 habeat,
1090 3305 1143 3321 non
1163 3298 1211 3322 erit
1229 3297 1374 3330 perfectum

297 3356 385 3382 neque
406 3356 543 3374 summum
563 3348 678 3379 bonum;
698 3348 719 3373 si
735 3356 797 3373 vero
817 3356 869 3373 non
889 3349 956 3373 desit
974 3348 1045 3373 alteri
1065 3349 1188 3381 quicquid
1208 3349 1239 3373 ab
1258 3357 1311 3373 uno
1329 3349 1374 3373 ha-

297 3399 381 3429 betur.
394 3400 499 3425 diversa
511 3407 571 3425 esse
584 3408 636 3424 non
650 3404 737 3432 potest
751 3400 775 3423 *.
795 3399 918 3432 Sequitur
931 3399 1009 3432 igitur
1022 3407 1052 3424 ex
1069 3399 1205 3432 praedictis
1219 3400 1290 3432 quod
1305 3400 1374 3424 Deus

297 3451 330 3476 sit
347 3459 396 3477 sua
414 3451 556 3477 beatitudo.
576 3451 592 3484 5
606 3451 707 3477 Adhuc.
733 3452 758 3476 Si
784 3451 916 3476 beatitudo
942 3451 997 3476 Deo
1022 3452 1147 3483 competit
1172 3459 1220 3476 nec
1245 3459 1293 3476 sua
1312 3451 1373 3476 sub-

296 3502 391 3528 stantia
409 3503 451 3534 sit,
469 3508 574 3536 oportet
592 3504 664 3536 quod
683 3504 707 3528 ei
727 3503 833 3528 accidat.
853 3503 998 3528 Ostensum
1011 3509 1052 3527 est
1064 3509 1151 3528 autem
1165 3503 1236 3535 quod
1255 3503 1373 3528 acciden-
1386 3509 1410 3533 ος

296 3553 367 3579 tibus
385 3554 477 3579 subiici
496 3562 550 3579 non
577 3560 674 3587 potest.
704 3555 774 3579 Deus
803 3555 879 3587 igitur
907 3560 947 3579 est
977 3562 1025 3579 sua
1052 3554 1195 3580 beatitudo,
1213 3554 1372 3587 §Amplius.

297 3606 385 3631 Omne
403 3606 475 3638 quod
496 3613 542 3638 per
562 3606 785 3639 participationem
798 3606 897 3635 dicitur,
911 3605 1041 3630 reducitur
1054 3605 1086 3630 ad
1105 3605 1202 3638 aliquid
1221 3612 1269 3638 per
1281 3612 1372 3630 essen-

295 3658 358 3683 tiam
377 3657 484 3689 dictum,
510 3665 571 3683 cum
590 3658 773 3691 imperfectum
798 3666 813 3683 a
837 3658 952 3691 perfecto
976 3663 1064 3683 sumat
1087 3657 1224 3690 originem.
1249 3658 1275 3682 Si
1295 3658 1372 3691 igitur

296 3714 358 3734 sunt
375 3709 455 3742 aliqui
474 3709 542 3734 beati
561 3717 612 3738 non
632 3710 805 3735 essentialiter
818 3710 865 3735 sed
878 3710 1061 3743 participative,
1078 3714 1182 3742 oportet
1199 3710 1319 3734 devenire
1339 3709 1370 3734 ad

297 3761 422 3794 primum,
441 3761 486 3793 qui
505 3760 541 3785 sit
556 3768 604 3792 per
622 3768 698 3786 suam
716 3761 857 3786 essentiam
884 3761 985 3786 beatus.
1005 3761 1021 3794 ᾖ
1034 3761 1138 3786 Adhuc.
1164 3760 1235 3785 Illud
1256 3763 1371 3792 propter
1384 3766 1411 3786 70

297 3813 371 3846 quod
388 3811 480 3837 omm‘a
499 3811 695 3837 desiderantur
712 3816 753 3837 est
774 3813 833 3845 ipsa
856 3813 1004 3838 beatitudo.
1031 3812 1128 3837 Omnia
1151 3815 1241 3837 autem
1267 3811 1370 3836 deside-

295 3866 395 3888 rantur
409 3865 527 3895 propter
545 3862 653 3888 bonum.
673 3863 749 3896 Ergo
769 3863 875 3889 bonitas
894 3864 1032 3889 beatitudo
1055 3867 1103 3889 est.
1124 3864 1197 3888 Deus
1221 3867 1310 3888 autem
1329 3866 1369 3888 est

293 3921 344 3939 sua
363 3913 379 3946 ξ
393 3914 459 3938 Hinc
479 3918 519 3938 est
538 3913 609 3945 quod
637 3913 662 3937 in
682 3921 756 3939 sacra
774 3915 903 3947 scriptura
928 3915 1093 3947 singulariter
1118 3914 1208 3938 beatus
1232 3918 1257 3938 et
1276 3918 1368 3945 potens

293 3965 440 3990 ostenditur
457 3964 522 3997 quia
534 3964 590 3996 ipse
606 3964 689 3997 prima
708 3965 763 3990 tim.
782 3966 838 3996 ult„
858 3966 919 3998 quia
937 3966 994 3998 ipse
1020 3973 1066 3990 sua
1084 3965 1198 3998 potentia
1218 3970 1258 3989 est
1276 3970 1301 3988 et
1320 3972 1368 3989 sua

293 4015 434 4040 beatitudo.
1382 4023 1405 4043 75

437 4075 531 4099 Sutura
552 4074 662 4099 CONTRA
682 4074 816 4099 Gau-nnus
837 4074 867 4099 D.
886 4074 1003 4099 Tuoxu
1023 4074 1091 4098 Τοκ.
1113 4073 1131 4098 I.

1400 1203 1427 1217 20

1402 1711 1426 1730 30

1394 2742 1419 2761 50

2458 143 2524 192 17*

1499 267 1579 308 Cap.
1604 269 1717 300 XLVI.
1742 269 1839 308 Quor>
1864 271 1949 303 Dans
1973 283 2030 303 raa
2054 284 2139 305 Num,
2164 284 2257 306 Αιιυι)
2282 286 2458 308 tarataram

1746 331 1833 352 QUAM
1857 332 1914 353 PER
1937 334 2018 354 suan
2042 335 2221 356 Essssurtlm.

1498 421 1516 458 §
1533 420 1580 450 Ex
1604 421 1652 451 his
1668 427 1778 452 autem
1794 432 1878 463 quae
1894 433 1990 464 supra
2014 432 2141 457 ostensa
2165 434 2240 458 sunt
2262 435 2370 464 oportet
2388 429 2517 461 eviden-

1442 476 1490 501 ter
1513 477 1646 511 apparet
1669 473 1760 513 quod
1784 474 1965 506 intellectus
1989 476 2116 509 divinus
2140 479 2229 510 nulla
2252 480 2313 510 alia
2336 482 2443 521 specie
2467 482 2516 512 in-

1442 522 1599 562 telligibili
1623 523 1778 564 intelligat
1801 534 1901 565 quam
1919 531 2005 562 seipso
2024 538 2082 559 sua
2098 531 2245 561 essentia.
2263 531 2393 571 Species
2410 555 2418 563 .
2433 556 2441 563 .
2456 556 2463 563 .
2481 539 2516 564 ut

1442 578 1610 604 ostensum
1635 580 1691 605 est.
1717 579 1749 603 Si
1767 580 1852 612 igitur
1875 577 1967 608 Esset
1990 579 2087 619 igitur
2118 581 2239 622 aliquid
2270 582 2358 613 aliud
2388 583 2514 616 divinae

1442 625 1599 654 essentiae
1624 626 1820 666 principium
1849 633 1880 657 et
1903 638 2008 666 causa,
2034 630 2060 660 si
2091 631 2152 662 alia
2184 633 2375 673 intelligibili
2406 637 2514 675 specie

1441 684 1540 715 quam
1565 686 1622 707 sua
1654 678 1790 708 essentia
1820 679 2002 711 intellectus
2026 681 2153 713 divinus
2184 685 2384 726 intelligeret.
2414 686 2515 726 Quod

1440 735 1537 766 supra
1560 728 1697 758 ostensis
1724 736 1892 769 repugnat.
1917 732 1935 769 ἓ
1963 731 2088 764 Adhuc.
2122 734 2181 765 Per
2210 737 2352 776 speciem
2369 761 2376 767 .
2391 761 2399 767 .
2413 760 2421 768 .
2442 748 2515 769 sen-

1439 777 1498 806 ties
1511 778 1537 808 *.
1556 777 1772 818 Comparatur
1783 779 1818 798 **
1830 781 1926 820 igitur
1940 805 1946 812 .
1961 805 1968 812 .
1982 806 1988 812 .
2003 789 2039 813 ut
2050 793 2146 824 supra
2160 791 2327 817 ostensum
2340 793 2396 819 est.
2408 790 2426 827 §
2436 790 2515 821 Am·

1439 828 1535 868 plius.
1560 829 1690 870 Species
1714 832 1923 872 intelligibilis
1946 835 1979 864 in
2002 835 2167 867 intellectu
2196 844 2321 878 praeter
2344 842 2515 872 essentiam

1440 880 1508 910 eius
1525 881 1662 911 existens
1679 891 1747 912 esse
1771 882 1968 915 accidentale
1992 885 2097 922 habet,
2119 889 2244 919 ratione
2268 890 2359 921 cuius
2383 893 2516 923 scientia

1439 934 1465 958 in
1486 936 1594 961 nostra
1614 932 1697 962 inter
1720 933 1897 965 accidentia
1920 943 2138 976 computetur.
2156 943 2188 967 Si
2200 943 2286 976 igitur
2305 940 2340 971 In
2364 942 2435 972 Deo
2460 953 2516 973 au-

1439 986 1505 1012 tem
1519 1005 1526 1012 .
1542 1005 1548 1012 .
1564 1005 1571 1012 .
1590 982 1731 1014 divinam
1756 986 1936 1016 essentiam.
1966 989 1983 1026 §
1999 987 2127 1019 Adhuc.
2153 989 2283 1030 Species
2310 992 2515 1033 intelligibilis

1439 1033 1618 1064 similitudo
1651 1040 1698 1065 est
1728 1036 1863 1067 alicuius
1894 1038 2058 1070 intellecti.
2096 1039 2129 1071 Si
2159 1042 2255 1081 igitur
2347 1045 2414 1074 erit.
2449 1045 2516 1076 Aut

1439 1084 1535 1123 igitur
1565 1084 1691 1116 divinae
1722 1089 1888 1124 essentiae,
1919 1096 1974 1120 aut
2002 1090 2130 1122 alterius
2161 1094 2216 1123 rei.
2250 1094 2352 1134 Ipsius
2383 1095 2515 1135 quidem

1445 1135 1572 1166 divinae
1590 1138 1746 1168 essentiae
1762 1148 1830 1169 non
1849 1146 1957 1180 potest
1981 1151 2059 1179 esse,
2083 1148 2145 1180 quia
2158 1148 2219 1173 nihii
2232 1149 2282 1174 sibi
2300 1150 2348 1182 ipsi
2368 1155 2408 1175 est
2422 1151 2515 1181 simile,

1439 1190 1586 1215 intellectus
1605 1196 1692 1217 autem
1711 1193 1813 1218 divinus
1832 1199 1872 1227 est
1890 1194 1947 1227 ipsa
1964 1197 2020 1221 eius
2041 1199 2162 1229 essentia,
2185 1205 2214 1224 ut
2231 1201 2369 1232 probatum
2394 1206 2442 1230 est,
2467 1208 2515 1226 nec

1440 1241 1522 1266 etiam
1546 1249 1603 1267 esse
1622 1246 1721 1275 potest,
1740 1251 1794 1268 non
1812 1245 1881 1270 enim
1906 1253 1966 1271 esse
1990 1253 2076 1280 potest
2097 1254 2126 1274 ut
2144 1250 2210 1275 duae
2235 1251 2334 1277 formae
2355 1253 2434 1278 unius
2454 1260 2515 1286 spe-

1440 1292 1487 1318 ciei
1507 1293 1532 1317 in
1552 1293 1645 1318 eodem
1665 1294 1836 1326 inveniantur,
1854 1297 1925 1328 quod
1948 1304 2081 1330 oporteret
2106 1301 2127 1325 si
2151 1301 2199 1326 sibi
2218 1302 2314 1335 aliquid
2333 1303 2418 1328 simile
2440 1304 2515 1335 foret,

1439 1353 1499 1370 nam
1519 1345 1619 1370 inesset
1636 1346 1686 1371 sibi
1704 1346 1788 1371 forma
1803 1348 1950 1380 principalis
1966 1354 1991 1374 et
2005 1350 2054 1375 alia
2067 1351 2152 1377 forma
2164 1360 2210 1385 per
2223 1360 2302 1386 quam
2323 1354 2515 1380 consimilitudo

1441 1397 1615 1421 attenderetur
1649 1397 1767 1422 eiusdem
1790 1398 1885 1430 speciei
1911 1393 2001 1436 (quia
2028 1398 2073 1427 sic
2091 1397 2199 1429 divina
2222 1401 2359 1430 essentia
2382 1410 2450 1431 non
2467 1410 2516 1431 es-

1441 1450 1488 1474 set
1513 1444 1723 1485 intelligibilis
1748 1455 1804 1486 per
1828 1447 1976 1486 seipsam.
1997 1447 2053 1478 sed
2077 1449 2130 1479 illa
2153 1451 2276 1490 species
2299 1451 2418 1481 faceret
2441 1461 2513 1483 eam

1441 1495 1706 1535 intelligibilem.)
1727 1496 1794 1526 Nec
1812 1498 1908 1527 etiam
1933 1503 2040 1538 potest
2064 1509 2133 1530 esse
2156 1501 2190 1531 in
2213 1501 2379 1532 intellectu
2403 1501 2514 1533 divino

1442 1544 1580 1587 (species
1597 1547 1658 1576 alia
1681 1553 1806 1587 praeter
1821 1550 1991 1579 essentiam
2008 1550 2108 1590 ipsius
2130 1561 2214 1591 quae
2237 1553 2289 1592 sit)
2315 1553 2444 1584 alterius
2470 1555 2516 1584 rei

1439 1609 1486 1633 spe
1523 1598 1716 1628 similitudo.
1747 1598 1802 1628 Illa
1831 1600 1918 1629 enim
1949 1601 2126 1632 similitudo
2154 1603 2392 1643 imprimeretur
2420 1605 2450 1635 ei
2477 1605 2514 1635 ab

1441 1648 1561 1688 aliquo.
1578 1647 1653 1678 Non
1672 1654 1779 1678 autem
1794 1659 1809 1678 a
1823 1650 1929 1689 seipso
1944 1674 1950 1680 .
1966 1674 1973 1680 .
1988 1674 1995 1680 .
2007 1658 2123 1691 ageret.
2140 1653 2209 1683 Nec
2226 1655 2264 1683 ab
2281 1655 2354 1692 alio,
2372 1659 2443 1691 quia,
2464 1667 2516 1684 non

1441 1703 1510 1728 enim
1538 1708 1609 1729 esset
1631 1704 1740 1729 omnino
1766 1712 1840 1729 move
1860 1705 2002 1730 immobilis
2022 1702 2120 1743 (esset
2147 1706 2234 1735 enim
2262 1706 2395 1746 aliquod
2419 1717 2516 1748 agens

1439 1751 1528 1792 prius
1553 1749 1619 1792 eo.)
1645 1751 1732 1791 Ergo
1756 1752 1956 1792 impossibile
1987 1758 2034 1783 est
2061 1754 2151 1794 quod
2175 1756 2208 1785 in
2236 1756 2307 1796 ipso
2339 1757 2378 1787 sit
2409 1757 2517 1798 aliqua

1439 1803 1562 1843 species
1595 1803 1802 1846 intelligibilis
1835 1810 1959 1844 praeter
1989 1805 2089 1845 ipsius
2121 1808 2302 1838 essentiam.
2326 1810 2343 1846 3*
2368 1809 2398 1849 (5
2422 1810 2516 1840 Prae-

1438 1859 1533 1884 terea.
1565 1857 1729 1882 Intellectum
1755 1861 1795 1883 est
1821 1859 1953 1892 per-sectio
1981 1860 2154 1893 intelligentis
2181 1858 2359 1899 Intelligere
2384 1859 2444 1890 Dei
2469 1866 2516 1891 est

1438 1905 1507 1935 eius
1524 1914 1604 1940 esse,
1629 1910 1665 1935 ut
1681 1911 1849 1936 ostensum
1874 1912 1930 1937 est.
1956 1907 1989 1937 Si
2010 1908 2106 1948 igitur
2125 1909 2315 1950 intelligeret
2338 1920 2395 1951 per
2412 1915 2515 1947 aliquid

1437 1954 1579 1995 aliquam
1603 1956 1745 1996 speciem
1769 1965 1853 1996 quae
1872 1966 1940 1987 non
1957 1959 1996 1987 sit
2019 1968 2077 1988 sua
2101 1960 2246 1996 essentia,
2272 1966 2354 1991 esset
2378 1971 2434 2001 per
2457 1962 2513 1992 ali-

1438 2006 1516 2045 quid
1539 2005 1626 2037 aliud
1642 2017 1660 2036 a
1683 2017 1741 2037 sua
1766 2009 1911 2044 essentia,
1937 2008 2027 2048 quod
2052 2015 2098 2039 est
2120 2011 2329 2050 impossibile.
2355 2012 2430 2043 Non
2454 2013 2512 2053 igi-

1437 2063 1488 2088 tur
1506 2081 1535 2088 .,
1550 2081 1557 2088 .
1576 2067 1633 2088 sua
1658 2056 1819 2099 essentia.)

1640 2169 1720 2210 Cap.
1746 2170 1872 2201 XLVII.
1899 2172 1995 2209 Quot>
2021 2173 2106 2203 Dans
2131 2184 2308 2205 mrammrr

1816 2231 1972 2253 pssaracra
1997 2233 2133 2254 samsom.

1491 2316 1509 2353 ξ
1526 2315 1574 2345 Ex
1598 2315 1661 2345 hoc
1687 2321 1796 2346 autem
1828 2316 1960 2347 ulterius
1990 2324 2078 2358 patet
2096 2342 2102 2348 .
2117 2342 2124 2349 .
2140 2342 2146 2349 .
2164 2319 2269 2350 habet.
2302 2320 2373 2361 Ipsa
2401 2326 2509 2352 autem

1436 2365 1543 2396 divina
1568 2368 1716 2403 essentia,
1742 2377 1825 2407 quae
1849 2373 1895 2398 est
1919 2370 2042 2409 species
2066 2370 2272 2411 intelligibilis
2296 2381 2361 2412 qua
2384 2372 2509 2403 intelle-

1436 2422 1506 2448 ctus
1531 2417 1659 2448 divinus
1682 2418 1840 2458 intelligit,
1859 2425 1906 2450 est
1922 2420 1981 2460 ipsi
1998 2421 2070 2451 Deo
2094 2426 2205 2451 maxime
2224 2426 2374 2457 conformis,
2397 2435 2458 2453 cum
2476 2428 2510 2454 sit

1435 2468 1564 2507 penitus
1583 2468 1682 2505 idem,
1701 2475 1814 2509 estque
1838 2475 1892 2506 pari
1915 2474 2014 2500 ratione
2036 2472 2213 2503 intellectui
2237 2474 2337 2514 ipsius
2353 2478 2508 2504 coniunctis-

1435 2523 1501 2548 sima
1520 2528 1611 2556 utpote
1627 2520 1714 2551 idem
1731 2521 1877 2552 omnino.
1895 2522 2045 2563 Seipsum
2061 2525 2157 2564 igitur
2174 2525 2261 2555 Deus
2277 2525 2508 2566 perfectissime

1434 2573 1615 2611 cognoscit,
1639 2581 1665 2601 et
1684 2576 1824 2610 praecipue
1846 2585 1905 2602 cum
1930 2579 2012 2604 virtus
2031 2580 2087 2604 eius
2114 2581 2140 2605 in
2162 2580 2330 2614 intelligendo
2349 2581 2383 2606 sit
2401 2581 2507 2611 infinita.

1434 2631 1463 2650 ut
1481 2633 1561 2659 supra
1578 2632 1717 2653 ostensum
1737 2633 1786 2654 est.
1802 2625 1820 2663 §
1836 2625 1964 2657 Adhuc.
1988 2627 2052 2658 Res
2075 2629 2246 2659 materialis
2264 2652 2271 2659 .
2286 2653 2293 2659 .
2308 2653 2314 2660 .
2333 2636 2506 2669 separatur.

1434 2675 1535 2713 Quod
1553 2686 1630 2716 ergo
1656 2682 1703 2707 est
1726 2687 1783 2717 per
1802 2688 1830 2706 se
1848 2690 1865 2706 a
1885 2680 1934 2710 sui
1957 2685 2103 2710 naturam
2127 2679 2166 2711 ab
2185 2685 2306 2709 omnibus
2325 2682 2416 2712 omni
2438 2691 2507 2711 ma-

1433 2727 1512 2757 teria
1536 2732 1567 2757 et
1591 2729 1810 2760 materialibus
1834 2730 2076 2761 conditionibus
2093 2737 2284 2771 separatum,
2302 2732 2365 2762 hoc
2390 2738 2437 2766 est
2459 2733 2507 2763 in-

1433 2777 1599 2817 telligibile
1623 2780 1805 2811 secundum
1829 2791 1920 2811 suam
1936 2787 2093 2812 naturam.
2112 2782 2175 2813 Sed
2192 2793 2291 2814 omne
2306 2783 2506 2824 intelligibile

1433 2829 1622 2869 intelligitur
1654 2832 1835 2862 secundum
1866 2833 1956 2873 quod
1984 2839 2031 2864 est
2054 2838 2080 2862 in
2098 2838 2257 2870 intelligente
2286 2834 2403 2876 (unum
2432 2841 2506 2865 actu

1434 2890 1509 2910 cum
1533 2881 1757 2923 intelligente.)
1784 2884 1854 2924 Ipse
1870 2890 1979 2915 autem
1997 2885 2085 2915 Deus
2101 2885 2284 2926 intelligens
2301 2891 2358 2922 est,
2375 2891 2411 2916 ut
2430 2895 2506 2926 pro-

1433 2932 1543 2962 batum
1569 2938 1626 2963 est.
1653 2937 1722 2971 Ergo
1741 2939 1813 2964 Deus
1837 2940 1954 2973 seipsum
1979 2940 2114 2973 cognoscit
2142 2936 2264 2977 (Igitur,
2285 2946 2360 2967 cum
2384 2937 2423 2967 sit
2444 2937 2504 2967 im-

1432 2983 1604 3013 materialis
1629 2992 1741 3018 maxime
1765 2988 1913 3024 omnino,
1937 2993 1969 3018 et
1992 2988 2052 3018 sibi
2079 2989 2139 3028 ipsi
2163 2988 2302 3018 maxime
2326 2988 2366 3018 sit
2390 2997 2503 3023 unum,

1431 3038 1571 3068 maxime
1586 3038 1760 3077 *seipsum
1776 3038 1949 3078 intelligit.)
1975 3042 1990 3075 ἕ
2013 3043 2085 3067 Item.
2109 3043 2257 3067 Intellectus
2280 3042 2440 3074 quandoque
2464 3046 2504 3066 est

1430 3093 1456 3117 in
1475 3093 1599 3125 potentia,
1620 3093 1780 3125 quandoque
1799 3093 1823 3117 in
1841 3098 1907 3124 actu,
1926 3099 1952 3118 et
1970 3093 2088 3118 similiter
2106 3093 2266 3118 intellectum
2285 3093 2445 3125 quandoque
2464 3097 2505 3118 est

1430 3143 1455 3168 in
1475 3145 1597 3177 potentia,
1618 3145 1777 3177 quandoque
1801 3145 1826 3169 in
1849 3150 1916 3169 actu.
1935 3145 2084 3169 Intellectus
2103 3147 2192 3169 autem
2211 3147 2237 3169 et
2261 3144 2370 3176 (igitur)
2392 3142 2503 3177 (autem)

1431 3195 1456 3220 in
1476 3195 1590 3229 potentia
1610 3201 1635 3220 et
1654 3195 1815 3227 intelligibile
1833 3196 1859 3220 in
1879 3197 1993 3228 potentia
2012 3195 2142 3224 differunt,
2154 3195 2201 3219 sed
2214 3195 2320 3227 quando
2338 3194 2408 3218 idem
2426 3197 2503 3219 actus

1430 3253 1489 3272 actu
1508 3248 1655 3272 intellectus
1680 3247 1799 3280 intelligit
1820 3252 1847 3271 et
1865 3255 1907 3271 res
1925 3250 1970 3272 act
1991 3247 2086 3279 aliqua,
2113 3253 2142 3270 ut
2165 3246 2239 3278 lapis,
2262 3250 2320 3270 actu
2344 3245 2501 3276 intelligitur,

1429 3305 1491 3325 tunc
1510 3300 1655 3325 intellectus
1675 3305 1701 3324 et
1724 3299 1882 3323 intellectum
1909 3296 2053 3322 efficiuntur
2077 3305 2169 3322 unum.
2194 3297 2343 3323 Secundum
2366 3296 2417 3321 hoc
2440 3303 2502 3328 ergo

1430 3352 1516 3376 solum
1538 3351 1651 3383 (etiam)
1672 3351 1818 3375 intellectus
1833 3353 1860 3374 et
1877 3349 2042 3382 intelligibile
2061 3357 2077 3373 a
2102 3349 2133 3373 ab
2154 3349 2307 3382 intelligibili
2328 3347 2502 3380 distinguitur,

1429 3403 1501 3435 quod
1527 3407 1567 3426 est
1587 3402 1613 3426 in
1634 3401 1756 3434 potentia.
1775 3402 1827 3426 Sed
1846 3401 1992 3426 intellectus
2012 3401 2114 3425 divinus
2134 3408 2186 3425 non
2206 3405 2247 3425 est
2265 3400 2291 3424 in
2310 3400 2425 3432 potentia
2445 3399 2501 3423 ullo

1429 3452 1517 3482 modo,
1530 3458 1558 3477 ut
1570 3460 1601 3477 ex
1615 3459 1694 3484 supra
1708 3451 1781 3476 dictis
1794 3457 1873 3484 patet.
1885 3452 1954 3484 Ergo
1968 3451 2025 3484 ipse
2038 3458 2051 3476 s
2064 3456 2105 3476 est
2119 3459 2196 3476 suum
2206 3451 2365 3476 intellectum
2376 3450 2501 3475 omnibus

1429 3504 1523 3529 modis.
1544 3504 1577 3528 Et
1595 3504 1629 3528 ita
1649 3505 1766 3536 seipsum
1787 3503 1858 3527 Deus
1877 3499 2003 3536 intelligit.
2027 3502 2042 3535 ἕ
2063 3502 2163 3529 Adhuc.
2183 3502 2236 3527 Res
2256 3502 2343 3534 aliqua
2357 3501 2502 3533 dupliciter

1426 3555 1501 3580 consi
1526 3548 1665 3580 materialis
1689 3555 1826 3587 dupliciter
1845 3554 2001 3579 considerari
2020 3559 2114 3585 potest,
2134 3554 2279 3579 secundum
2299 3553 2378 3585 quod,
2403 3553 2503 3578 scilicet

1427 3606 1572 3630 secundum
1593 3606 1665 3638 quod
1685 3611 1726 3630 est
1744 3606 1770 3630 in
1789 3606 1903 3634 materia,
1929 3610 1954 3630 et
1977 3605 2122 3629 secundum
2147 3605 2219 3637 quod
2242 3604 2307 3629 ratio
2326 3605 2382 3628 eius
2409 3608 2450 3628 est
2473 3603 2500 3627 in

1426 3656 1565 3681 intellectu.
1590 3656 1649 3680 Non
1673 3661 1760 3680 autem
1785 3655 1817 3680 ab
1842 3656 1972 3680 intellectu
1997 3655 2164 3687 distinguitur
2188 3663 2217 3679 ex
2244 3663 2273 3679 ea
2292 3659 2366 3687 parte
2385 3662 2438 3687 qua
2461 3658 2501 3678 est

1426 3708 1491 3732 ratio
1511 3708 1535 3732 in
1555 3708 1697 3738 intellectu,
1719 3708 1807 3737 immo,
1828 3708 1874 3732 sed
1895 3707 1977 3740 tnagis
1997 3707 2019 3732 ei
2034 3707 2130 3732 unitur.
2150 3707 2188 3731 Ex
2206 3706 2254 3732 hac
2273 3714 2337 3739 ergo
2353 3707 2409 3731 sola
2428 3711 2500 3738 parte

1426 3767 1468 3783 res
1482 3759 1514 3784 ab
1529 3759 1661 3783 intellectu
1676 3763 1734 3783 actu
1745 3758 1906 3790 intelligente
1921 3758 2093 3790 distinguitur,
2106 3759 2177 3790 quod
2188 3763 2228 3782 est
2238 3757 2264 3782 in
2274 3757 2388 3782 materia.
2405 3756 2499 3781 Omnis

1424 3809 1501 3842 igitur
1523 3817 1566 3834 res
1586 3809 1764 3834 immaterialis
1791 3809 1822 3833 ab
1845 3809 1978 3833 intellectu
1998 3814 2055 3832 actu
2075 3808 2233 3841 intelligente
2253 3815 2305 3832 non
2324 3806 2498 3838 distinguitur,

1423 3862 1505 3885 immo
1525 3860 1550 3884 in
1571 3860 1608 3884 eis
1627 3860 1715 3891 ipsum
1740 3859 1900 3883 intellectum
1921 3863 1961 3883 est
1979 3859 2132 3891 intelligens
2151 3858 2297 3883 intellectus
2322 3863 2379 3881 actu
2404 3856 2498 3880 intelli-

1423 3919 1496 3944 gens.
1520 3911 1592 3935 Deus
1617 3911 1693 3943 igitur
1717 3911 1834 3942 seipsum
1858 3910 1985 3941 intelligit.
2012 3905 2029 3924 *
2045 3903 2077 3947 (ἓ
2098 3906 2189 3936 Item.
2214 3905 2261 3935 Ex
2286 3905 2348 3934 hoc
2374 3903 2496 3943 aliquId

1423 3965 1496 3989 actu
1521 3958 1708 3998 intelligitur
1725 3981 1732 3988 .
1748 3981 1754 3988 .
1770 3981 1778 3987 .
1796 3963 1831 3988 ut
1855 3967 1893 3988 ex
1918 3957 2010 3988 dictis
2035 3962 2131 3997 patet.
2158 3956 2244 3986 Cum
2275 3956 2370 3994 igitur
2401 3954 2495 3984 intel-

1421 4010 1523 4040 lectus
1548 4009 1674 4039 divinus
1694 4014 1725 4038 et
1749 4009 1885 4039 essentia
1910 4008 2016 4038 divina
2041 4009 2102 4037 sint
2127 4016 2239 4042 unum,
2260 4014 2288 4034 ut
2305 4010 2318 4023 *
2340 4014 2377 4035 ex
2403 4005 2493 4035 dictis

2319 4068 2351 4100 78

2545 437 2716 460 =2ra39·l³-1

2539 787 2549 797 ·
2558 786 2626 817 *Casu
2641 792 2684 814 pro
2699 792 2716 807 s<

2542 815 2612 834 Item.

2543 850 2562 858 ··
2580 849 2675 870 ιπδι.

2543 1818 2580 1839 lb.
2596 1824 2635 1846 mg
2650 1818 2691 1841 int.

2540 2332 2583 2348 nr
2600 2327 2716 2355 [ης-μα’

2533 3044 2636 3061 l2vai·

2525 3902 2557 3923 lb.
2574 3909 2620 3929 mg.
2638 3909 2690 3929 sup.

2523 4009 2531 4017 ·
2549 4007 2601 4029 Vid.
2617 4007 2645 4028 ad
2662 4007 2704 4028 loc¹
