2768 4134
42 990 53 1000 ⁸
68 988 105 1011 Cf.
120 995 141 1010 n.
158 995 180 1010 ν.

49 3484 58 3493 ”
67 3482 123 3511 Cap.
130 3488 181 3510 xm,
190 3483 262 3505 Com·

48 3513 120 3532 ment.
131 3515 152 3531 n.
165 3515 214 3531 vm.

293 259 341 296 72
870 240 1060 278 SUMMA
1090 238 1313 275 CONTRA
1341 237 1619 285 GENTILES,
1651 237 1763 275 CAP.
1783 238 1915 275 XXIII.

292 327 368 366 quia
391 323 511 364 aliquid
534 322 701 363 producat,
726 320 783 351 sed
807 320 883 360 quia
907 324 953 349 est
976 317 1057 348 illud
1081 326 1148 357 quo
1173 326 1270 356 agens
1289 315 1365 346 facit

292 369 412 410 aliquid
436 377 503 398 esse
527 372 614 397 actu:
640 365 756 396 albedo
788 365 874 394 enim
903 372 971 394 non
1002 361 1078 392 facit
1108 361 1218 391 album
1242 360 1365 401 aliquid

290 411 512 454 producendo,
530 411 586 441 sed
602 416 648 440 est
664 409 744 440 illud
761 418 828 449 quo
854 407 1046 438 albefaciens
1062 405 1138 436 facit
1153 405 1275 446 aliquid
1291 411 1364 436 actu

290 459 398 488 album
422 465 500 486 esse.

345 501 396 531 111.
414 499 508 530 Circa
520 499 608 530 illam
621 498 891 539 propositionem,
905 496 994 526 Idem
1007 495 1184 526 secundum
1197 494 1281 524 idem
1299 503 1364 524 non

279 546 370 587 facit
384 545 524 584 seipsum
537 545 570 574 in
583 549 671 581 actu,
684 543 741 574 sed
755 542 932 573 secundum
949 540 1042 571 aliud
1057 540 1129 581 agit
1145 544 1176 569 et
1186 539 1364 570 secundum

289 589 380 619 aliud
404 589 528 629 recipit,
553 589 694 619 occurrit
724 587 860 618 dubium
892 595 929 616 ex
960 584 1082 625 duplici
1112 584 1227 624 capite.
1254 584 1363 615 Primo

289 634 375 674 quia,
399 633 474 664 licet
503 632 649 664 videatur
678 641 792 663 verum
822 632 856 662 in
887 629 1076 669 compositis
1107 638 1146 659 ex
1175 628 1309 659 materia
1333 634 1364 659 et

288 677 402 714 forma,
426 678 459 708 in
492 678 609 718 quibus
640 675 856 717 exemplificat
885 675 1022 706 Sanctus
1046 673 1203 709 Thomas,
1225 682 1295 703 non
1317 673 1364 703 vi-

289 722 381 752 detur
403 727 513 753 tamen
536 721 756 752 universaliter
778 729 902 751 verum.
926 719 1010 750 Nam
1025 718 1060 748 in
1075 718 1252 748 substantia
1272 726 1364 758 sepa-

287 772 354 797 rata
375 767 507 808 propria
531 765 709 797 accidentia
732 770 903 796 causantur
927 765 965 794 ab
990 763 1059 794 eius
1076 762 1213 793 essentia
1229 767 1261 792 et
1275 762 1310 793 in
1326 771 1364 792 ea

288 811 501 851 recipiuntur;
526 810 671 840 similiter
693 809 875 840 intellectus
899 814 931 839 et
953 807 1104 838 voluntas
1127 812 1300 837 causantur
1323 807 1363 837 ab

289 856 424 888 essentia
440 855 566 886 animae
580 854 794 885 intellectivae
811 859 842 884 et
857 853 1057 893 recipiuntur
1071 852 1106 882 in
1122 861 1175 888 ea;
1199 857 1231 883 et
1253 857 1363 883 tamen

287 909 355 930 non
368 899 549 931 secundum
561 898 649 929 aliud
665 904 696 928 et
711 897 810 934 aliud,
826 907 902 928 cum
915 898 977 928 sint
993 896 1188 927 substantiae
1200 896 1363 937 simplices

287 954 354 975 non
378 944 531 974 habentes
555 943 697 984 aliquam
720 942 935 973 diversitatem
957 941 1110 982 partium.
1133 940 1220 980 Ergo
1237 946 1299 972 etc.

343 987 495 1019 Secundo
507 989 534 1024 *,
558 988 633 1028 quia
654 987 835 1017 intellectus
856 995 913 1026 per
933 995 967 1016 se
987 990 1097 1016 causat
1115 990 1226 1016 actum
1246 985 1363 1016 intelli-

287 1033 383 1073 gendi
408 1038 439 1063 et
461 1033 569 1073 ipsum
593 1032 716 1072 recipit,
742 1031 885 1061 similiter
908 1030 1058 1061 voluntas
1085 1034 1195 1060 actum
1213 1029 1361 1060 volendi:

288 1086 363 1108 cum
387 1078 450 1107 sint
473 1077 678 1117 operationes
700 1076 924 1114 immanentes.
949 1074 1036 1115 Ergo
1060 1080 1120 1105 etc.

342 1121 395 1152 IV.
420 1121 472 1152 Ad
494 1121 638 1162 primum
660 1121 780 1150 horum
803 1119 920 1151 dicitur
941 1119 1059 1160 primo,
1084 1118 1176 1160 quod
1198 1119 1312 1160 utique
1328 1119 1362 1150 in

287 1165 439 1196 omnibus
463 1175 546 1206 quae
570 1170 702 1196 causant
725 1164 847 1205 aliquid
870 1165 904 1195 in
928 1164 1051 1205 seipsis,
1076 1169 1207 1204 oportet
1230 1173 1299 1194 esse
1315 1163 1362 1194 di-

286 1210 469 1241 versitatem
494 1216 583 1240 actus
607 1215 638 1240 et
661 1209 836 1249 potentiae.
860 1208 947 1247 Quia
970 1209 996 1239 si
1020 1214 1104 1239 esset
1118 1214 1245 1240 tantum
1261 1214 1362 1246 actus,

285 1264 353 1285 non
377 1260 487 1295 posset
510 1255 626 1285 habere
649 1254 809 1284 rationem
832 1254 1020 1295 susceptivi:
1046 1262 1122 1284 cum
1139 1262 1239 1284 omne
1254 1262 1362 1284 susce-

285 1300 411 1340 ptivum
435 1299 571 1339 accipiat
594 1298 728 1339 aliquod
749 1307 818 1329 esse
842 1303 916 1329 actu
940 1308 958 1329 a
982 1297 1086 1329 forma
1103 1307 1202 1338 quam
1217 1297 1361 1338 suscipit.

286 1344 319 1375 Si
350 1349 459 1374 autem
490 1348 572 1374 esset
602 1348 729 1374 tantum
758 1343 915 1384 potentia,
939 1352 1008 1374 non
1037 1348 1150 1383 posset
1171 1342 1290 1374 habere
1313 1352 1362 1373 ra-

285 1389 409 1419 tionem
432 1388 564 1428 agentis.

340 1433 466 1463 Dicitur
489 1431 645 1469 secundo,
663 1431 754 1473 quod
767 1432 827 1463 ista
843 1431 1007 1464 diversitas
1021 1442 1091 1464 non
1111 1437 1159 1463 est
1173 1431 1363 1474 accipienda

287 1477 403 1508 codem
426 1476 528 1508 modo
552 1477 586 1508 in
610 1477 774 1514 omnibus,
798 1475 854 1508 sed
884 1476 1067 1509 secundum
1089 1476 1276 1508 varietatem
1305 1486 1362 1508 na—

285 1528 429 1553 turarum
452 1522 600 1553 variatur.
624 1521 709 1552 Nam
732 1522 766 1552 in
790 1522 980 1562 compositis
1003 1531 1042 1552 ex
1062 1522 1195 1552 materia
1211 1527 1243 1552 et
1258 1520 1362 1553 forma

285 1567 355 1607 ipsa
370 1567 503 1597 materia
519 1571 566 1597 est
577 1566 658 1596 ratio
675 1565 882 1607 suscipiendi,
896 1565 952 1597 sed
964 1565 1069 1603 forma¹
1081 1571 1129 1597 est
1140 1566 1221 1597 ratio
1235 1565 1360 1607 agendi.

286 1610 323 1641 In
346 1611 530 1642 substantiis
553 1616 662 1641 autem
686 1610 885 1651 simplicibus
907 1611 976 1651 ipsa
1000 1611 1137 1642 essentia
1152 1616 1200 1642 est
1215 1611 1297 1641 ratio
1313 1620 1363 1642 re-

287 1655 439 1696 cipiendi,
463 1665 504 1686 eo
528 1654 619 1696 quod
643 1661 849 1696 comparetur
871 1655 911 1686 ad
935 1665 1004 1687 esse
1033 1656 1117 1687 sicut
1145 1655 1292 1696 potentia
1323 1655 1363 1687 ad

287 1705 410 1737 actum;
435 1700 543 1741 ipsum
566 1705 676 1731 autem
706 1709 774 1731 esse
805 1705 852 1731 est
881 1700 962 1731 ratio
994 1699 1119 1740 agendi,
1144 1700 1220 1741 quia
1243 1709 1362 1731 unum-

287 1743 444 1786 quodque
468 1744 532 1785 agit
555 1745 750 1785 inquantum
774 1750 821 1776 est
843 1745 877 1776 in
901 1751 991 1782 actu;
1015 1754 1083 1775 non
1108 1744 1241 1785 quidem
1272 1744 1363 1785 quod

287 1798 355 1820 esse
373 1790 411 1819 sit
427 1789 623 1830 principium
646 1788 782 1820 formale
805 1788 1035 1830 productivum
1050 1790 1258 1830 propriorum
1279 1789 1363 1820 acci-

288 1833 443 1870 dentium,
461 1833 518 1864 sed
534 1833 610 1874 quia
631 1840 678 1864 est
701 1833 846 1864 conditio
870 1834 971 1875 ipsius
996 1834 1151 1865 essentiae
1167 1834 1362 1875 inquantum

286 1877 438 1919 producit
468 1878 522 1908 illa
552 1877 739 1915 accidentia,
763 1878 843 1909 nihil
874 1879 961 1909 enim
985 1879 1049 1919 agit
1072 1879 1132 1909 nisi
1156 1879 1196 1909 sit
1219 1879 1253 1909 in
1277 1884 1361 1909 actu.

286 1923 411 1953 Dicitur
427 1932 504 1963 ergo
521 1922 612 1962 quod
628 1922 724 1953 etiam
739 1923 773 1953 in
789 1923 973 1954 substantiis
989 1923 1140 1964 separatis
1156 1928 1188 1954 et
1203 1923 1236 1953 in
1256 1923 1363 1953 anima

286 1966 373 1998 aliud
397 1972 443 1997 est
468 1976 535 2007 quo
560 1967 693 2007 suscipit
717 1972 748 1997 et
771 1967 858 1998 aliud
882 1976 950 2008 quo
973 1967 1048 2007 agit,
1073 1968 1148 2008 quia
1182 1977 1286 1998 unum
1316 1973 1363 1998 est

286 2011 432 2048 essentia,
457 2010 544 2042 aliud
567 2021 645 2042 vero
669 2021 748 2042 esse.
773 2011 815 2042 Et
838 2012 933 2042 sicin
949 2011 1018 2042 aliis
1041 2017 1171 2053 oportet
1188 2021 1256 2043 esse
1273 2021 1364 2042 com-

285 2056 482 2096 positionem
507 2056 661 2086 essentiae
692 2062 724 2086 et
754 2065 833 2093 esse,
858 2066 941 2097 quae
972 2057 1005 2087 in
1038 2057 1109 2088 Deo
1140 2057 1271 2097 reperiri
1294 2065 1363 2087 non

286 2106 402 2141 potest.

343 2154 373 2175 2.
398 2143 463 2175 Sed
491 2151 637 2176 remanet
666 2144 771 2176 adhuc
803 2145 949 2176 dubium.
978 2145 1073 2183 Nam,
1099 2146 1197 2176 etiam
1229 2156 1263 2177 re
1294 2155 1363 2178 non

287 2190 442 2220 existente
457 2189 491 2220 in
507 2195 592 2227 actu,
608 2190 740 2231 propria
755 2190 863 2230 passio
881 2191 1091 2231 consequitur
1114 2191 1286 2222 essentiam
1301 2191 1361 2222 rei:

286 2243 363 2265 cum
386 2234 568 2274 propositio
591 2235 625 2265 in
650 2244 715 2275 qua
738 2233 938 2275 praedicatur
961 2236 1068 2276 passio
1093 2234 1132 2266 de
1148 2235 1306 2272 subiecto,
1323 2236 1363 2266 sit

287 2278 500 2319 sempiternae
530 2279 679 2310 veritatis.
711 2279 799 2320 Ergo
830 2288 898 2310 esse
928 2286 1002 2311 actu
1034 2289 1103 2311 non
1137 2286 1185 2311 est
1217 2279 1362 2311 conditio

288 2323 443 2354 essentiae
466 2323 661 2363 inquantum
684 2323 759 2364 agit.

345 2366 573 2408 Respondetur
596 2367 697 2408 quod,
721 2377 756 2399 re
777 2377 846 2398 non
871 2368 1036 2405 existente,
1061 2369 1167 2409 passio
1191 2378 1259 2400 non
1284 2378 1363 2400 con-

288 2413 433 2453 sequitur
463 2413 634 2443 essentiam
665 2413 698 2443 in
729 2422 798 2443 esse
821 2412 908 2449 reali,
933 2412 989 2444 sed
1011 2413 1045 2444 in
1073 2422 1142 2444 esse
1172 2413 1363 2454 intelligibili

288 2462 424 2493 tantum,
449 2466 487 2487 ex
511 2466 579 2498 quo
602 2457 738 2488 habetur
760 2462 797 2488 ut
818 2457 1001 2498 propositio
1025 2467 1153 2498 semper
1176 2458 1216 2489 sit
1235 2467 1311 2489 vera
1329 2458 1363 2490 in

289 2511 354 2542 qua
376 2501 483 2542 passio
507 2501 546 2532 de
570 2502 716 2532 subiecto
740 2501 951 2542 praedicatur.

344 2545 545 2586 Responderi
563 2546 708 2577 secundo
724 2552 831 2587 potest
847 2545 938 2586 quod
953 2547 1135 2587 propositio
1152 2546 1260 2578 Sancti
1273 2547 1364 2578 Tho-

288 2600 360 2621 mae
384 2590 590 2631 intelligenda
614 2597 661 2622 est
692 2590 731 2621 de
763 2590 889 2622 alietate
920 2591 1062 2628 rationis,
1086 2600 1155 2622 non
1185 2598 1294 2622 autem
1324 2591 1364 2623 de

288 2635 414 2666 alietate
436 2635 522 2666 reali.
540 2635 641 2674 Quod
657 2636 744 2666 enim
760 2636 824 2676 agit
840 2636 873 2666 in
889 2645 934 2672 se,
951 2635 1132 2667 secundum
1156 2636 1251 2667 aliam
1267 2637 1364 2668 ratio-

288 2689 363 2710 nem
383 2680 448 2720 agit
468 2686 499 2710 et
520 2679 700 2711 secundum
716 2680 812 2711 aliam
834 2680 994 2711 rationem
1017 2681 1165 2721 suscipit:
1189 2681 1254 2721 agit
1275 2682 1364 2712 enim

288 2723 467 2755 secundum
485 2724 575 2765 quod
591 2730 638 2755 est
653 2725 686 2755 in
701 2730 787 2761 actu,
802 2725 922 2765 patitur
941 2730 1051 2756 autem
1074 2725 1256 2757 secundum
1273 2726 1364 2767 quod

288 2774 334 2799 est
357 2769 390 2799 in
413 2770 569 2810 potentia.
594 2768 658 2800 Sed
681 2770 758 2810 quia
781 2769 814 2800 in
839 2770 1028 2810 compositis
1051 2779 1110 2810 per
1132 2769 1220 2801 aliud
1238 2770 1364 2802 realiter

287 2823 336 2844 res
353 2819 400 2844 est
415 2814 448 2844 in
465 2819 539 2844 actu
563 2819 595 2845 et
617 2823 675 2854 per
698 2813 786 2845 aliud
808 2814 841 2845 in
865 2814 1021 2854 potentia,
1046 2814 1121 2845 ideo
1142 2815 1175 2845 in
1192 2815 1254 2846 illis
1270 2824 1363 2856 agere

288 2864 318 2888 et
341 2858 484 2899 recipere
507 2857 707 2890 reducuntur
730 2859 763 2889 in
788 2858 854 2890 duo
878 2859 1036 2900 principia
1059 2859 1184 2890 realiter
1204 2859 1362 2891 distincta.

287 2902 322 2933 In
348 2902 547 2943 simplicibus
570 2908 690 2940 autem,
715 2903 791 2943 quia
813 2912 871 2943 per
886 2902 973 2934 idem
989 2913 1039 2935 res
1055 2909 1102 2935 est
1117 2904 1151 2935 in
1167 2910 1241 2935 actu
1256 2914 1364 2936 essen—

286 2947 352 2978 tiali
377 2953 408 2978 et
431 2948 464 2978 in
487 2948 633 2988 potentia
657 2947 696 2978 ad
720 2956 800 2984 esse,
816 2948 1010 2988 inquantum
1026 2949 1095 2989 ipsa
1111 2949 1248 2980 essentia
1269 2955 1300 2980 et
1316 2955 1364 2981 est

287 2997 377 3022 actus
408 2991 541 3032 quidam
571 2992 605 3023 in
629 3001 663 3023 se
691 2997 723 3023 et
752 2998 798 3023 est
827 2993 973 3033 potentia
1003 2999 1152 3034 respectu
1183 3003 1262 3031 esse,
1286 2993 1362 3026 ideo

286 3036 483 3077 principium
514 3035 716 3078 producendi
746 3037 877 3077 propria
907 3036 1084 3069 accidentia
1107 3043 1139 3069 et
1164 3038 1362 3079 principium

288 3089 325 3111 ea
347 3080 525 3122 recipiendi
554 3081 679 3112 ratione
709 3086 834 3112 tantum
865 3081 1116 3123 distinguuntur.
1148 3081 1211 3114 Sed
1241 3088 1361 3120 tamen,

288 3125 363 3165 quia
387 3131 516 3167 oportet
538 3126 641 3166 ipsam
665 3126 836 3156 essentiam
860 3127 985 3158 realiter
1011 3136 1080 3158 esse
1110 3127 1290 3168 potentiam
1313 3137 1362 3159 re-

288 3176 400 3209 spectu
430 3180 510 3207 esse,
535 3171 617 3202 sicut
647 3170 772 3201 realiter
803 3176 850 3202 est
879 3177 970 3202 actus
1000 3171 1180 3203 secundum
1211 3181 1255 3209 se,
1286 3172 1361 3204 ideo

288 3220 417 3254 oportet
447 3221 483 3246 ut
514 3224 612 3246 omne
642 3214 704 3246 tale
729 3215 820 3256 quod
843 3221 890 3247 est
921 3226 1015 3247 causa
1043 3217 1251 3258 propriorum
1279 3218 1362 3248 acci-

289 3257 433 3290 dentium
457 3260 490 3290 in
514 3269 558 3296 se,
583 3260 622 3290 sit
645 3260 866 3300 compositum
882 3260 922 3291 ad
937 3261 1045 3292 minus
1061 3261 1302 3302 compositione
1323 3271 1362 3293 ex

290 3312 356 3333 esse
381 3310 412 3334 et
435 3305 581 3335 essentia.
605 3303 682 3335 Non
706 3310 753 3335 est
776 3310 885 3336 autem
909 3305 1142 3337 inconveniens
1158 3311 1195 3337 ut
1209 3305 1297 3337 idem
1313 3316 1362 3338 se-

290 3347 432 3378 cundum
445 3358 512 3379 rem
528 3349 568 3379 sit
583 3349 780 3389 principium
795 3349 998 3390 producendi
1015 3356 1046 3381 et
1062 3350 1258 3391 suscipiendi
1273 3350 1361 3382 idem

290 3391 447 3430 accidens,
478 3393 610 3433 quando
640 3403 708 3424 non
739 3400 786 3425 est
816 3395 1011 3435 principium
1042 3395 1272 3436 productivum
1304 3404 1362 3436 per

290 3436 451 3467 actionem
467 3437 619 3475 mediam,
636 3438 691 3469 sed
711 3444 837 3470 tantum
860 3448 918 3480 per
940 3439 1118 3471 naturalem
1141 3439 1361 3471 resultantium

290 3480 386 3510 unius
407 3490 445 3511 ex
467 3481 540 3518 alio,
561 3488 597 3513 ut
618 3483 650 3513 in
673 3483 893 3524 superioribus
913 3489 959 3514 est
981 3485 1177 3516 ostensum*
1193 3483 1233 3516 de
1252 3490 1361 3516 mente

290 3522 397 3554 Sancti
414 3525 572 3563 Thomae,
592 3527 707 3565 Prima,
725 3537 756 3568 q.
770 3538 885 3565 Lxxvn,
903 3538 930 3559 a.
949 3528 979 3565 6,
997 3528 1036 3559 ad
1054 3529 1084 3566 3,
1101 3528 1283 3560 dummodo
1305 3529 1360 3560 ali-

290 3576 357 3607 quo
374 3569 474 3619 modo
491 3570 604 3601 habeat
620 3572 778 3603 rationem
794 3578 884 3604 actus
904 3578 935 3604 et
954 3573 1064 3614 aliquo
1085 3573 1186 3605 modo
1202 3574 1360 3605 rationem

288 3617 461 3652 potentiae.

1475 316 1514 346 V.
1536 315 1589 346 Ad
1609 316 1790 351 secundum
1806 317 1943 348 dubium
1955 318 1972 333 ⁴*
1989 317 2104 347 dicitur
2121 315 2212 356 quod
2233 325 2295 346 nec
2316 316 2499 350 intellectus
2526 319 2535 328 ’
2551 318 2622 340 Num.
2632 323 2668 340 ἠ

1418 369 1480 390 nec
1495 360 1646 391 voluntas
1662 369 1720 401 per
1735 360 1822 392 idem
1839 362 1975 392 omnino
1992 362 2058 401 agit
2073 367 2105 391 et
2120 360 2249 401 patitur,
2266 359 2323 391 sed
2337 370 2396 401 per
2410 362 2499 393 aliud

1419 410 1451 434 et
1467 403 1564 435 aliud.
1590 403 1680 435 Sicut
1703 405 1791 436 enim
1806 405 1841 436 in
1858 405 2081 447 corporalibus
2104 405 2237 435 materia
2253 410 2300 435 est
2315 405 2396 436 ratio
2418 407 2498 437 reci-

1419 448 1540 488 piendi,
1557 447 1663 479 forma
1678 458 1755 479 vero
1776 455 1823 480 est
1842 451 1923 481 ratio
1941 450 2067 491 agendi,
2088 450 2132 480 ita
2154 448 2442 490 proportionaliter
2463 451 2498 481 in

1418 492 1586 523 intellectu
1602 498 1649 523 est
1665 498 1697 523 et
1707 493 1884 525 voluntate.
1900 494 1939 525 In
1954 494 2121 525 intellectu
2137 494 2225 524 enim
2241 492 2274 523 id
2285 493 2377 534 quod
2389 499 2499 525 causat

1418 537 1452 567 in
1476 542 1550 567 actu
1573 537 1840 574 intellectionem‚
1857 544 1905 569 est
1919 539 2101 570 intellectus
2116 538 2226 579 specie
2240 537 2435 578 intelligibili
2448 539 2498 576 in-

1419 581 1585 618 formatus,
1600 587 1631 612 et
1647 581 1717 621 ipsa
1732 583 1857 622 species
1870 583 2080 624 intelligibilis
2095 589 2144 618 est
2159 583 2219 613 sibi
2226 582 2312 618 ‚ratio
2328 583 2497 620 causandi3

1418 626 1487 666 ipsa
1503 631 1612 656 autem
1628 626 1775 666 potentia
1791 632 1839 657 est
1852 627 1934 658 ratio
1949 627 2138 668 recipiendi.
2154 627 2191 658 ln
2203 627 2371 658 voluntate
2387 633 2498 659 autem

1418 670 1569 701 voluntas
1584 669 1698 700 volens
1714 669 1815 700 finem
1831 677 1879 702 est
1893 667 1927 702 id
1941 672 2033 712 quod
2049 670 2161 703 causat
2172 671 2366 703 volitionem
2381 681 2498 703 eorum

1419 724 1503 755 quae
1527 720 1603 745 sunt
1625 713 1666 744 ad
1689 713 1799 751 finem,
1822 720 1853 745 et
1875 715 1989 746 volitio
2009 715 2087 746 finis
2107 722 2154 747 est
2177 716 2237 747 sibi
2259 717 2341 747 ratio
2365 716 2496 757 agendi;

1417 759 1487 800 ipsa
1510 764 1620 790 autem
1643 759 1788 799 potentia
1805 758 1982 790 voluntatis
2006 765 2054 790 est
2074 760 2136 791 sibi
2157 761 2239 801 ratio
2262 761 2450 802 recipiendi.

1473 803 1718 834 Advertendum
1747 809 1856 834 tamen
1886 803 1978 844 quod
2007 803 2099 834 aliter
2120 805 2274 836 sehabet
2302 806 2436 836 materia
2462 806 2497 836 in

1417 848 1513 879 rebus
1537 847 1760 888 corporalibus
1783 847 1824 878 ad
1846 848 1910 879 hoc
1934 847 2026 890 quod
2042 853 2089 879 est
2103 849 2246 890 reeipere
2266 851 2398 892 propria
2413 851 2496 881 acci-

1418 891 1526 923 dentia
1550 892 1739 933 compositi:
1763 898 1795 923 et
1810 892 1900 924 aliter
1914 892 2062 934 potentia
2076 892 2260 934 intellectus
2275 900 2307 926 et
2321 895 2496 926 voluntatis

1417 936 1458 967 ad
1480 936 1706 978 recipiendum
1729 943 1849 968 actum.
1874 937 1910 969 In
1926 937 1988 968 illis
2005 937 2093 968 enim
2108 934 2242 968 materia
2257 944 2305 971 est
2318 939 2400 970 ratio
2415 936 2496 971 reci-

1417 981 1538 1021 piendi,
1562 991 1632 1012 non
1654 986 1764 1012 tamen
1794 981 1870 1012 talia
1899 981 2078 1013 accidentia
2107 982 2142 1012 in
2170 981 2239 1012 sola
2261 983 2394 1014 materia
2415 984 2496 1015 reci-

1416 1026 1560 1066 piuntur,
1577 1025 1635 1056 sed
1649 1026 1683 1056 in
1699 1026 1896 1067 composito.
1922 1026 1958 1057 In
1982 1026 2111 1057 actione
2133 1031 2244 1057 autem
2265 1024 2449 1066 intellectus
2464 1033 2497 1059 et

1417 1070 1593 1101 voluntatis
1616 1070 1662 1101 sic
1683 1070 1754 1111 ipsa
1776 1071 1923 1111 potentia
1946 1076 1994 1101 est
2015 1070 2097 1101 ratio
2120 1070 2298 1111 reeipiendi
2320 1071 2413 1112 quod
2426 1072 2497 1113 ipsa

1417 1115 1487 1145 sola
1510 1115 1638 1155 recipit:
1663 1115 1840 1149 intellectio
1865 1115 1954 1148 enim
1977 1115 2011 1146 in
2034 1115 2107 1146 solo
2134 1115 2303 1148 intellectu
2331 1116 2496 1157 recipitur,

1417 1165 1449 1190 et
1472 1159 1586 1190 volitio
1608 1159 1644 1190 in
1667 1159 1736 1190 sola
1758 1159 1936 1191 voluntate.
1967 1159 2063 1190 Ratio
2093 1165 2204 1191 autem
2231 1159 2424 1203 diversitatis
2449 1167 2497 1192 est

1417 1204 1494 1245 quia
1517 1204 1661 1240 materia,
1686 1213 1763 1238 cum
1787 1204 1827 1236 sit
1849 1204 2039 1246 simpliciter
2064 1213 2147 1245 pura
2174 1205 2334 1246 potentia,
2355 1215 2426 1240 non
2449 1211 2497 1242 est

1416 1248 1603 1280 immediate
1626 1249 1789 1290 receptiva
1811 1248 1936 1280 formae
1959 1248 2174 1286 accidentalis,
2199 1248 2257 1280 sed
2279 1250 2391 1281 omnia
2411 1251 2497 1282 acciss

1417 1292 1526 1324 dentia
1549 1299 1626 1324 sunt
1649 1293 1839 1335 compositi:
1863 1293 2047 1325 intellectus
2071 1299 2182 1335 autem
2197 1299 2229 1325 et
2243 1294 2405 1331 voluntati,
2421 1294 2498 1327 licet

1416 1338 1480 1369 sint
1502 1339 1671 1379 potentiae
1692 1339 1848 1379 passivae,
1871 1348 1941 1370 non
1965 1343 2041 1370 sunt
2062 1343 2173 1370 tamen
2194 1347 2297 1379 purae
2319 1340 2497 1380 potentiae,⁴

1416 1382 1473 1420 sed
1485 1389 1576 1414 actus
1589 1382 1738 1424 quidam;
1754 1382 1830 1415 ideo
1841 1388 1980 1424 possunt
1991 1382 2178 1415 immediate
2190 1389 2223 1416 et
2233 1393 2292 1425 per
2306 1393 2342 1416 se
2357 1384 2497 1419 aliorum

1417 1427 1636 1459 accidentium
1659 1428 1803 1459 subiecta
1827 1437 1906 1459 esse.

1475 1482 1504 1504 2.
1529 1472 1594 1504 Sed
1615 1473 1675 1505 ista
1698 1473 1879 1514 responsio,
1904 1477 2065 1514 quantum
2081 1471 2121 1504 ad
2136 1473 2350 1511 voluntatem,
2365 1483 2436 1506 non
2449 1474 2497 1506 vi·

1417 1516 1511 1548 detur
1526 1517 1623 1558 plene
1639 1516 1830 1549 satisfacere.
1854 1517 1923 1549 Etsi
1943 1517 2030 1548 enim
2053 1518 2088 1548 in
2107 1517 2250 1549 volendo
2267 1522 2306 1549 ea
2321 1528 2406 1560 quae
2421 1525 2497 1559 sunt

1417 1561 1458 1592 ad
1480 1561 1581 1593 finem
1604 1562 1783 1603 assignetur
1805 1561 1928 1603 aliquid
1952 1561 2044 1603 quod
2067 1567 2115 1593 est
2136 1561 2219 1593 ratio
2247 1562 2364 1603 agendi
2386 1569 2420 1595 et
2438 1563 2498 1596 nli:

1417 1606 1497 1647 quid
1520 1606 1611 1647 quod
1641 1612 1690 1642 est
1718 1607 1931 1648 receptivum,
1954 1607 1989 1638 in
2012 1607 2083 1647 ipsa
2104 1611 2215 1638 tamen
2236 1607 2396 1640 volitione
2422 1607 2496 1640 θιὼ

1416 1661 1486 1682 non
1509 1657 1642 1692 apparet
1665 1651 1746 1692 quid
1768 1652 1809 1685 sit
1831 1652 1913 1683 ratio
1929 1651 2046 1692 agendi
2056 1650 2251 1685 distinctum
2267 1662 2286 1685 a
2299 1653 2426 1685 ratione
2438 1663 2496 1685 su-

1417 1696 1585 1737 scipiendi,
1611 1695 1668 1728 sed
1690 1696 1760 1737 ipsa
1782 1696 1871 1728 nuda
1893 1696 2044 1728 voluntas
2067 1695 2194 1728 videtur
2209 1702 2242 1728 et
2256 1706 2388 1729 causare
2402 1697 2496 1730 illum

1417 1746 1527 1772 actum
1551 1747 1583 1772 et
1606 1741 1760 1781 recipere.

1473 1784 1526 1816 Ad
1547 1786 1612 1816 hoc
1637 1785 1774 1816 dubium
1797 1784 1931 1816 faciliter
1960 1784 2150 1826 responderi
2178 1788 2288 1826 potest
2313 1786 2496 1820 secundum

1418 1839 1475 1861 eos
1499 1831 1556 1870 qui
1579 1836 1691 1861 tenent
1714 1830 1918 1861 voluntatem
1942 1838 2011 1860 esse
2034 1839 2132 1870 agens
2161 1830 2295 1870 partiale
2318 1831 2495 1870 volitionis,

1418 1880 1449 1906 et
1472 1874 1570 1906 simul
1593 1884 1670 1905 cum
1692 1875 1762 1915 ipsa
1785 1883 1978 1906 concurrere
1995 1874 2162 1904 obiectum
2177 1875 2419 1916 apprehensum
2437 1886 2496 1919 per

1417 1919 1619 1950 intellectum
1647 1925 1803 1960 tanquam
1831 1919 1927 1950 aliam
1957 1927 2089 1950 causam
2117 1919 2296 1959 partialem.
2327 1919 2496 1953 Diceretur

1418 1963 1506 1995 enim
1529 1962 1621 2004 quod
1644 1963 1795 1995 voluntas
1818 1963 1907 1995 nuda
1931 1968 1962 1994 et
1986 1963 2055 1994 sola
2069 1971 2139 1994 non
2155 1969 2204 1995 est
2218 1973 2315 1996 causa
2329 1965 2496 1998 volitionis

1418 2007 1501 2045 finis,
1525 2007 1582 2039 sed
1606 2014 1813 2049 aggregatum
1837 2018 1876 2039 ex
1899 2008 2067 2039 voluntate
2091 2013 2123 2038 et
2145 2009 2218 2050 ipso
2242 2008 2308 2040 fine
2328 2019 2388 2051 per
2401 2011 2496 2043 intel-

1417 2053 1541 2084 lectum
1563 2054 1782 2094 apprehenso:
1808 2053 2011 2094 receptivum
2034 2058 2144 2084 autem
2168 2054 2238 2085 eius
2260 2054 2426 2087 volitionis
2449 2061 2497 2088 est

1418 2099 1487 2129 sola
1510 2098 1656 2139 potentia
1679 2098 1864 2130 voluntatis.

1473 2142 1662 2174 Secundum
1686 2153 1743 2174 eos
1766 2149 1876 2175 autem
1899 2142 1957 2184 qui
1979 2141 2093 2174 dicunt
2122 2143 2289 2177 obiectum
2315 2153 2386 2176 non
2415 2154 2496 2177 con-

1418 2197 1545 2219 currere
1569 2188 1672 2219 active
1695 2187 1735 2219 ad
1759 2188 1962 2225 volitionem,
1978 2187 2036 2219 sed
2050 2193 2178 2220 tantum
2192 2197 2251 2228 per
2263 2188 2404 2221 modum
2421 2188 2496 2223 finis

1418 2238 1450 2263 et
1472 2231 1608 2270 formae,
1633 2231 1794 2264 difficilius
1817 2238 1866 2264 est
1887 2232 2095 2273 respondere.
2119 2232 2243 2264 Dicunt
2257 2233 2347 2265 enim
2361 2233 2497 2276 quidm

1418 2276 1508 2318 quod
1524 2276 1564 2308 ad
1580 2276 1654 2308 finis
1669 2278 1862 2309 volitionem
1877 2283 2028 2309 movetur
2043 2277 2194 2309 voluntas
2209 2287 2228 2309 a
2242 2277 2328 2315 Deo,
2344 2278 2388 2311 ita
2403 2278 2497 2320 quod

1418 2321 1458 2353 ad
1481 2321 1578 2352 talem
1601 2321 1795 2354 volitionem
1810 2323 1960 2354 voluntas
1974 2331 2064 2353 mere
2078 2323 2205 2363 passive
2220 2331 2255 2354 se
2269 2322 2376 2354 habet.
2392 2341 2416 2346 —
2431 2323 2495 2356 Sed

1416 2366 1503 2398 istud
1518 2366 1598 2398 mihi
1613 2376 1681 2398 non
1696 2367 1823 2398 videtur
1834 2377 1958 2399 verum.
1971 2366 2059 2406 Quia
2069 2367 2152 2399 velle
2166 2367 2316 2399 nominat
2331 2368 2496 2401 actionem

1416 2412 1651 2442 immanentem
1675 2412 1708 2443 in
1733 2418 1902 2453 operante:
1926 2411 2002 2443 ideo
2026 2418 2157 2452 oportet
2172 2418 2209 2444 ut
2224 2411 2312 2444 idem
2327 2412 2368 2444 sit
2383 2413 2496 2454 aliquo

1417 2455 1519 2487 modo
1542 2465 1640 2497 agens
1663 2456 1855 2488 volitionem
1881 2463 1912 2488 et
1934 2457 2103 2497 recipiens.
2131 2456 2174 2489 Et
2201 2457 2299 2488 etiam
2326 2457 2404 2497 quia
2425 2467 2497 2491 non

1418 2500 1534 2532 dicitur
1550 2501 1700 2532 voluntas
1724 2501 1806 2533 velle
1829 2502 1891 2533 nisi
1914 2511 1972 2542 per
1995 2507 2106 2533 actim
2128 2512 2147 2533 a
2169 2511 2204 2533 se
2228 2502 2387 2534 elicitum:
2412 2503 2497 2535 simt

1417 2555 1478 2577 nec
1501 2546 1684 2577 intellectus
1707 2546 1887 2587 intelligere
1909 2547 1971 2578 nisi
1995 2555 2052 2587 per
2075 2546 2186 2578 actum
2201 2556 2220 2578 a
2235 2555 2270 2578 se
2285 2546 2494 2588 productum.

1473 2590 1610 2631 Propter
1633 2590 1724 2631 quod
1753 2591 1833 2622 mihi
1857 2591 1969 2632 magis,
1993 2591 2192 2631 praedictam
2222 2592 2416 2633 opinionem
2445 2601 2496 2624 se-

1418 2634 1562 2676 quendo,
1579 2634 1742 2666 videretur
1765 2635 1956 2667 dicendum:
1976 2642 2032 2667 aut
2047 2636 2139 2677 quod
2153 2637 2188 2668 in
2203 2637 2371 2668 voluntate
2386 2637 2496 2678 aliqua

1416 2680 1569 2711 naturalis
1593 2679 1697 2711 forma
1721 2681 1761 2711 sit
1784 2690 1868 2721 quae
1891 2681 1932 2712 sit
1954 2681 2015 2712 sibi
2044 2682 2126 2713 ratio
2154 2681 2341 2713 naturaliter
2363 2681 2504 2714 volendi.

1417 2723 1528 2761 finem,
1541 2725 1624 2756 sicut
1640 2725 1673 2756 in
1689 2725 1856 2757 intellectu
1871 2731 1920 2756 est
1934 2725 2089 2757 naturalis
2099 2726 2227 2758 habitus
2243 2725 2496 2768 principiorum;

1417 2775 1449 2800 et
1464 2770 1510 2800 sic
1528 2769 1628 2801 totale
1644 2770 1841 2811 principium
1857 2769 2023 2802 volitionis
2038 2771 2270 2811 productivum
2290 2771 2330 2804 sit
2344 2770 2496 2803 voluntas

1417 2823 1494 2845 cum
1518 2814 1572 2846 illa
1595 2814 1711 2851 forma,
1735 2815 1936 2856 receptivum
1958 2821 2071 2847 autem
2092 2816 2133 2846 sit
2155 2816 2321 2853 voluntas:
2337 2820 2370 2847 et
2385 2816 2431 2847 sic
2446 2815 2494 2847 di·

1417 2859 1499 2890 citur
1515 2859 1666 2891 voluntas
1681 2861 1806 2891 moveri
1821 2870 1840 2892 a
1855 2860 1929 2892 Deo
1945 2860 1987 2892 ad
2001 2860 2194 2892 volitionem
2209 2859 2283 2892 finis
2297 2860 2495 2901 inquantum

1416 2902 1531 2935 indidit
1554 2904 1615 2935 sibi
1638 2903 1728 2936 Deus
1751 2903 1891 2936 formam
1918 2914 1976 2945 per
2004 2914 2103 2945 quam
2131 2905 2317 2936 naturaliter
2343 2910 2495 2936 movetur

1416 2948 1456 2979 ad
1472 2947 1583 2985 finem,
1600 2949 1684 2980 sicut
1698 2949 1876 2981 intellectui
1892 2949 2038 2990 possibili
2053 2950 2235 2991 primorum
2258 2950 2496 2991 principiorum

1415 2992 1531 3025 indidit
1553 2994 1716 3030 habitum
1739 3011 1762 3017 —
1785 3000 1840 3026 aut
1864 2994 1956 3035 quod
1978 2994 2079 3031 Deus,
2101 2994 2268 3026 movendo
2291 2994 2494 3026 voluntatem

1416 3037 1456 3069 ad
1480 3038 1672 3070 volitionem
1700 3037 1783 3075 finis.
1809 3044 1856 3070 est
1883 3048 1982 3079 agens
2009 3039 2188 3080 principale
2215 3044 2248 3071 et
2274 3047 2372 3080 agens
2394 3038 2492 3080 quod,

1415 3082 1484 3123 ipsa
1514 3088 1623 3115 autem
1655 3083 1806 3115 voluntas
1829 3089 1878 3115 est
1900 3083 1934 3115 id
1956 3093 2022 3125 quo
2052 3083 2142 3115 Deus
2172 3084 2277 3124 ipsam
2300 3083 2492 3115 volitionem

1416 3133 1540 3165 causat3
1564 3128 1648 3159 sicut
1676 3137 1833 3168 generans
1864 3134 1912 3160 est
1939 3128 1973 3159 id
1995 3128 2088 3169 quod
2116 3133 2228 3160 movet
2256 3136 2363 3169 grave,
2387 3126 2493 3159 forma

1415 3178 1525 3203 autem
1547 3173 1652 3212 gravis
1676 3178 1723 3204 est
1745 3172 1779 3204 id
1802 3181 1870 3213 quo
1893 3178 2015 3204 movet.
2041 3172 2154 3209 Modo,
2177 3181 2248 3204 non
2270 3178 2318 3204 est
2335 3172 2491 3203 inconve-

1415 3217 1508 3248 niens
1532 3222 1568 3248 ut
1590 3216 1678 3248 idern
1705 3218 1746 3248 sit
1775 3218 1918 3249 activum
1947 3217 2084 3249 alicuius
2114 3223 2205 3248 actus
2235 3222 2268 3248 et
2288 3217 2491 3257 receptivum

1416 3262 1485 3292 eius
1508 3261 1641 3302 quando
1665 3271 1733 3293 non
1757 3268 1805 3293 est
1833 3262 1975 3294 activum
2002 3260 2191 3303 principale.
2215 3260 2272 3292 sed
2295 3269 2363 3301 quo
2393 3270 2491 3302 agens

1415 3306 1489 3346 agit,
1513 3315 1547 3337 se
1571 3312 1685 3338 tenens
1709 3316 1748 3338 ex
1771 3312 1861 3347 parte
1891 3307 1961 3338 eius
1985 3306 2076 3347 quod
2103 3311 2268 3338 movetur:
2299 3311 2378 3336 tunc
2402 3306 2491 3338 enim

1414 3350 1502 3381 idem
1526 3357 1633 3392 potest
1656 3360 1726 3382 esse
1749 3350 1854 3383 forma
1876 3360 1935 3392 per
1957 3359 2057 3391 quam
2079 3359 2178 3391 agens
2201 3350 2266 3391 agit
2294 3350 2491 3391 inquantum

1414 3395 1447 3426 in
1471 3396 1544 3436 ipso
1568 3401 1616 3427 est
1638 3396 1738 3427 virtus
1761 3396 1884 3436 agentis
1904 3395 2099 3436 principalis,
2116 3400 2148 3426 et
2163 3400 2272 3435 potest
2287 3404 2357 3426 esse
2372 3394 2406 3426 id
2421 3405 2490 3437 quo

1414 3441 1540 3480 patiens
1562 3441 1682 3481 patitur
1705 3441 1900 3480 inquantum
1924 3445 1971 3471 est
1993 3440 2139 3480 potentia
2161 3439 2302 3471 mobilis.

1471 3485 1524 3516 VI.
1542 3485 1662 3516 Tertio.
1681 3484 1717 3516 In
1732 3485 1805 3516 Deo
1821 3484 1910 3516 nulla
1926 3490 1974 3516 est
1989 3484 2145 3524 potentia.
2158 3483 2246 3525 Ergo
2261 3484 2391 3516 nullum
2407 3484 2490 3516 acei-

1415 3528 1504 3560 dens.
1516 3547 1539 3552 —
1551 3529 1708 3561 Probatur
1721 3529 1964 3570 consequentia.
1982 3528 2068 3567 Quia
2083 3538 2183 3560 omne
2199 3529 2382 3560 subiectum
2399 3538 2490 3560 com-

1415 3579 1543 3614 paratur
1566 3574 1607 3605 ad
1629 3573 1778 3606 accidens
1801 3574 1884 3605 sicut
1907 3574 2056 3615 potentia
2073 3573 2113 3605 ad
2136 3579 2245 3606 actum
2269 3573 2400 3605 dantem
2421 3583 2490 3605 esse

1415 3618 1623 3650 accidentale.
