2742 4152
26 778 35 787 ·
50 776 86 798 cf.
96 782 147 804 cap.
156 782 187 802 ix,
196 775 236 797 fin.

18 2396 26 2405 ·
42 2395 77 2416 Cf.
94 2393 230 2416 Comment.

18 2427 38 2443 c.
50 2427 72 2443 x.
88 2421 140 2443 init.

17 2449 26 2457 ·
43 2446 230 2474 s.†h.1.5;nid.

18 2475 57 2496 lib.
70 2474 107 2501 la,
118 2480 154 2501 ιιι,
164 2481 187 2500 4.

18 2751 26 2759 ·
43 2749 101 2777 cap.
116 2754 192 2777 praec.

19 2925 58 2947 'll
68 2925 158 2947 Foster.
178 2932 230 2953 v,1n

19 2958 40 2980 7;
56 2952 127 2974 s..Th
139 2942 176 2974 l.'··

268 276 319 313 40

868 258 1056 296 SUMMA
1086 257 1307 295 CONTRA
1337 256 1614 306 GENTILES,
1645 254 1755 295 CAP.
1777 258 1876 295 XIV.

699 414 1184 471 CAPITULUM
1220 412 1602 469 DECIMUM
1633 413 2039 491 QUARTUM

415 545 590 599 Quot>
625 544 715 585 AD.
748 542 1176 585 cocN1T10NEM
1210 541 1313 582 DEI
1348 540 1638 582 OPORTET
1672 540 1775 582 UTI
1807 542 1916 615 viA
1949 541 2330 584 REMOTIONIS

330 756 333 759 ,
370 744 376 770 3
402 747 409 753 2
494 732 575 766 ens»,
595 719 704 769 quod
723 719 851 756 Deum
882 717 1060 777 dicimus,
1081 724 1233 766 oportet
1257 716 1340 753 eius

454 811 458 820 Ι
493 772 734 811 conditiones
757 770 988 831 investigare
1007 770 1038 807 *.

367 823 372 831 ’
416 823 457 862 ,ἶ
547 819 615 864 Est
641 833 773 863 autern
801 824 865 862 via
892 823 1118 861 remotionis
1146 823 1339 860 utendum

265 879 473 930 praecipue
500 879 540 917 in
568 877 874 917 consideratione
907 876 1062 914 divinae
1090 875 1337 913 substantiae.

265 934 371 971 Nam
390 933 521 971 divina
540 931 751 970 substantia
770 942 931 970 omnem
954 931 1122 968 sormam
1142 941 1264 979 quam
1282 929 1339 966 in-

264 988 435 1024 tellectus
462 994 593 1023 noster
620 985 776 1034 attingit,
797 997 867 1021 sua
894 983 1151 1021 immensitate
1171 982 1336 1020 excedit:

265 1048 302 1077 et
321 1039 375 1077 sic
393 1040 516 1089 ipsam
543 1038 836 1089 apprehendere
855 1049 936 1074 non
963 1049 1176 1086 possumus
1195 1047 1338 1084 cogno-

265 1094 409 1131 scendo
429 1092 523 1142 quid
543 1100 610 1130 est.
632 1092 709 1130 Sed
729 1091 936 1140 aliqualem
956 1090 1039 1127 eius
1058 1090 1251 1127 habemus
1270 1101 1338 1126 no-

263 1146 384 1184 titiam
413 1146 684 1206 cognoscendo
714 1145 803 1195 quid
819 1156 894 1181 non
925 1149 986 1180 est.
1015 1144 1226 1193 Tantoque
1254 1142 1338 1180 eius

264 1199 420 1237 notitiae
440 1198 561 1248 magis
580 1198 954 1248 appropinquamus,
971 1204 1118 1246 quanto
1137 1197 1250 1246 plura
1268 1208 1339 1246 per

263 1254 498 1291 intellectum
524 1260 702 1290 nostrum
730 1251 779 1289 ab
808 1263 855 1288 eo
883 1250 1100 1301 poterimus
1119 1261 1335 1287 removere.

263 1307 391 1344 Tanto
420 1305 526 1343 enim
553 1305 873 1364 unumquodque
906 1303 1111 1354 perfectius
1139 1303 1337 1351 cognosci-

263 1372 363 1406 muS,
379 1367 526 1409 quanto
541 1358 776 1397 differentias
791 1358 873 1395 eius
892 1358 942 1395 ad
956 1357 1029 1394 alia
1043 1356 1196 1407 plenius
1214 1356 1337 1394 intue-

262 1425 370 1451 mur:
401 1413 517 1450 habet
545 1412 651 1450 enirn
670 1416 730 1449 res
749 1423 1011 1461 unaquaeque
1039 1411 1079 1448 in
1107 1410 1234 1460 seipsa
1253 1422 1337 1448 esse

261 1466 466 1517 proprium
481 1467 530 1504 ab
545 1465 730 1503 omnibus
745 1465 826 1502 aliis
841 1465 957 1502 rebus
972 1464 1207 1502 distinctum.
1223 1464 1338 1502 Unde

263 1528 299 1557 et
331 1519 371 1557 in
406 1519 523 1558 rebus
560 1531 729 1570 quarum
769 1517 1014 1556 definitiones
1050 1517 1336 1566 cognoscimus,

261 1573 390 1623 primo
410 1586 474 1611 eas
493 1573 533 1610 in
552 1585 691 1622 genere
711 1574 960 1619 collocamus,
980 1583 1050 1621 per
1064 1571 1172 1621 quod
1193 1570 1338 1609 scimus

262 1627 302 1664 in
321 1626 524 1664 communi
544 1626 639 1676 quid
659 1633 732 1671 est,
763 1633 800 1662 et
818 1625 1074 1675 postmodum
1102 1624 1337 1662 differentias

262 1680 454 1727 addimus,
475 1679 618 1730 quibus
647 1692 669 1717 a
697 1679 814 1716 rebus
833 1678 915 1716 aliis
934 1678 1206 1726 distinguatur3
1228 1685 1264 1715 et
1284 1677 1338 1715 sic

261 1733 460 1783 perficitur
487 1732 720 1771 substantiae
749 1732 803 1769 rei
831 1733 1025 1782 completa
1053 1731 1197 1769 notitia.

316 1787 393 1825 Sed
422 1786 514 1836 quia
532 1786 572 1824 in
591 1785 899 1825 consideratione
928 1784 1162 1823 substantiae
1182 1784 1336 1822 divinae

262 1852 343 1877 non
371 1853 582 1890 possumus
615 1839 788 1889 accipere
819 1839 917 1889 quid,
951 1838 1062 1888 quasi
1089 1850 1230 1886 genus3
1265 1850 1338 1875 nec

262 1893 546 1931 distinctionem
584 1893 667 1930 eius
705 1893 754 1930 ab
789 1892 871 1929 aliis
908 1892 1024 1929 rebus
1062 1903 1132 1941 per
1169 1891 1339 1928 affirma-

316 2014 348 2032 ιο
367 2006 516 2040 Tantoque]
535 2007 622 2032 Tanto
640 2007 709 2031 enirn
730 2006 798 2031 GPc.
891 2004 924 2031 ιδ
942 2005 1023 2031 rebus
1042 2012 1084 2030 om
1106 2006 1149 2031 Pc.

313 2051 331 2075 4
350 2043 554 2076 designationem
570 2045 635 2075 post
647 2042 684 2066 rei
698 2042 785 2066 eNZb.

259 2077 334 2112 fecta]
354 2078 467 2111 cognitio
485 2078 600 2112 perfecta
618 2085 644 2108 α,
663 2077 776 2110 perfecta
795 2077 908 2109 cognitio
926 2077 992 2102 ZPc.

1394 662 1491 699 tivas
1510 660 1745 700 differentias
1764 663 1938 713 accipere
1963 675 2188 713 possumus,
2212 671 2365 714 oportet
2383 676 2472 702 eam

1395 715 1569 775 accipere
1596 727 1668 765 per
1694 715 1944 756 differentias?
1961 717 2170 766 negativas.
2203 717 2312 756 Sicut
2339 725 2471 755 autem

1394 769 1435 806 in
1467 768 1708 806 affirmativis
1745 768 1970 807 differentiis
2006 782 2088 810 una
2119 770 2234 808 aliam
2266 771 2472 819 contrahit,

1395 830 1431 859 et
1463 822 1586 871 magis
1618 822 1668 860 ad
1700 824 1937 872 completam
1973 822 2279 872 designationem
2317 824 2372 862 rei
2404 837 2473 875 ap-

1361 890 1371 911 5
1393 875 1632 926 propinquat
1668 876 1885 914 secundum
1916 876 2024 926 quod
2052 888 2076 913 a
2106 877 2284 927 pluribus
2316 877 2472 916 differre

1392 929 1498 974 facit3
1528 928 1579 966 ita
1598 941 1678 967 una
1706 929 1922 967 differentia
1939 928 2119 978 negativa
2145 941 2217 980 per
2234 930 2352 969 aliam
2377 943 2471 970 con—

1393 981 1568 1029 trahitur,
1597 995 1699 1032 quae
1727 995 1751 1020 a
1777 983 1956 1033 pluribus
1983 982 2138 1020 differre
2165 982 2263 1021 facit.
2279 983 2413 1031 Sicut,
2439 984 2472 1022 si

1394 1036 1571 1073 dicamus
1599 1037 1730 1074 Deum
1759 1048 1840 1074 non
1867 1048 1953 1074 esse
1985 1036 2177 1083 accidens,
2210 1048 2281 1086 per
2312 1038 2390 1075 hoc
2421 1038 2472 1076 ab

1393 1089 1579 1127 omnibus
1593 1089 1857 1127 accidentibus
1871 1089 2131 1138 distinguitur;
2152 1089 2293 1127 deinde
2308 1089 2340 1127 si
2353 1090 2471 1128 adda-

1353 1157 1379 1172 ιο
1392 1155 1482 1180 mus
1502 1142 1634 1192 ipsum
1653 1155 1735 1180 non
1755 1155 1838 1180 esse
1861 1155 2017 1194 corpus,
2038 1142 2321 1192 distinguemus
2340 1143 2472 1194 ipsum

1392 1196 1508 1234 etiam
1529 1196 1578 1234 ab
1597 1195 1792 1246 aliquibus
1811 1195 2049 1243 substantiis;
2075 1204 2112 1234 et
2131 1196 2185 1234 sic
2204 1208 2274 1247 per
2291 1196 2471 1239 ordinem

1392 1250 1441 1287 ab
1470 1249 1581 1287 omni
1609 1262 1657 1287 eo
1685 1250 1796 1300 quod
1823 1257 1880 1287 est
1906 1257 2059 1300 praeter
2086 1250 2230 1301 ipsum,
2258 1262 2330 1300 per
2356 1262 2471 1300 nega—

1390 1302 1516 1341 tiones
1549 1303 1778 1341 huiusmodi
1809 1303 2083 1352 distinguetur3
2113 1311 2150 1341 et
2177 1311 2271 1342 tunc
2301 1304 2352 1342 de
2379 1305 2471 1342 sub-

1392 1356 1529 1394 stantia
1547 1356 1631 1394 eius
1659 1356 1730 1394 erit
1747 1356 1906 1407 propria
1933 1356 2191 1395 consideratio
2209 1369 2303 1394 cum
2327 1369 2471 1406 cogno-

1352 1429 1375 1450 ¹5
1392 1418 1519 1448 scetur
1537 1418 1580 1448 ut
1603 1410 1653 1448 ab
1682 1410 1867 1453 omnibus
1886 1410 2098 1448 distinctus.
2127 1411 2222 1448 Non
2241 1415 2373 1449 tamen
2401 1410 2472 1449 erit

1391 1463 1576 1514 perfecta:
1611 1460 1704 1514 quia
1737 1475 1819 1501 non
1852 1471 2109 1513 cognoscetur
2139 1463 2236 1514 quid
2251 1512 2253 1515 Ι
2268 1463 2309 1502 in
2341 1476 2382 1502 se
2411 1463 2468 1503 sit.

1446 1517 1507 1555 Ad
1527 1517 1824 1567 procedendum
1851 1516 1966 1566 igitur
1986 1517 2088 1556 circa
2114 1517 2188 1555 Dei
2207 1517 2471 1568 cognitionem

1391 1582 1462 1621 per
1493 1571 1600 1608 viam
1628 1571 1868 1618 remotionis,
1900 1571 2138 1621 accipiamus
2165 1570 2402 1622 principium
2429 1572 2470 1611 id

1392 1624 1499 1674 quod
1525 1637 1573 1662 ex
1601 1624 1868 1677 superioribus
1881 1624 1902 1646 '¹‘
1929 1624 2009 1662 iam
2032 1624 2281 1663 manifestum
2309 1633 2377 1673 est,
2398 1626 2470 1664 sci·
2497 1624 2507 1634 '

1351 1694 1378 1709 ιο
1392 1677 1479 1715 licet
1493 1678 1601 1727 quod
1612 1678 1720 1715 Deus
1735 1677 1782 1715 sit
1796 1677 1960 1715 omnino
1975 1677 2198 1716 immobilis.
2215 1679 2337 1727 Quod
2352 1678 2469 1718 etiam

1392 1731 1598 1769 auctoritas
1634 1731 1774 1769 Sacrae
1809 1731 2029 1781 Scripturae
2067 1730 2285 1770 confirmat.
2320 1732 2471 1772 Dicitur

1392 1784 1495 1822 enim
1507 1785 1679 1823 Malach.
1695 1782 1768 1823 u1⁶:
1785 1786 1873 1836 Ego
1888 1786 2003 1832 Deus,
2020 1791 2053 1822 et
2068 1798 2143 1823 non
2160 1791 2302 1832 mutem
2316 1787 2396 1824 Iac.
2413 1789 2468 1825 1¹⁷:

1391 1838 1506 1888 Apud
1528 1851 1636 1888 quem
1658 1851 1733 1876 non
1754 1844 1808 1876 est
1827 1840 2106 1884 transmutatio,·
2131 1847 2168 1876 et
2191 1840 2311 1878 Num.
2331 1852 2414 1878 xxm
2425 1844 2470 1878 ¹⁹2

1391 1892 1482 1928 Non
1513 1897 1564 1928 est
1593 1893 1694 1929 Deus
1723 1893 1830 1942 quasi
1856 1893 1981 1938 homo,
2012 1898 2050 1929 ιιι
2078 1898 2250 1930 mutetur.

1242 2012 1276 2037 ²4
1295 2004 1462 2031 affirmativas
1478 2009 1542 2038 post
1561 2005 1719 2032 differentias
1738 2013 1765 2031 α.

870 2041 887 2066 8
906 2048 953 2074 per
964 2040 1023 2075 hoc]
1043 2049 1090 2074 per
1102 2041 1152 2066 hoc
1164 2041 1236 2074 quod
1250 2040 1365 2066 EYZPc.

1086 2084 1118 2110 ¹9
1137 2076 1315 2111 maniFesturn]
1334 2082 1510 2102 monstratum
1529 2077 1574 2103 Pc.

1450 2048 1484 2066 ιο
1503 2040 1704 2075 distinguemus]
1724 2041 1946 2075 distingueremus
1959 2041 2007 2074 «E,
2022 2042 2207 2076 distinguimus
2221 2041 2291 2068 GW.

1666 2077 1699 2103 23
1719 2082 1747 2102 et
1763 2084 1806 2103 om
1825 2077 1895 2104 NPc.
2365 2041 2399 2069 ¹⁶
2411 2050 2471 2077 Μ

1022 2164 1360 2199 Commentaria
1390 2166 1703 2199 Ferrea-tensis

325 2265 369 2285 uu
406 2255 446 2285 sit
485 2260 652 2285 ostensum
682 2254 816 2294 aliquod
849 2254 993 2294 primum
1027 2263 1084 2284 ens
1119 2263 1203 2290 esse,
1235 2263 1335 2294 quem

263 2266 432 2330 CDeum
456 2309 524 2330 esse
548 2298 696 2335 dicimus,
719 2299 833 2339 incipit
863 2298 1000 2329 Sanctus
1023 2298 1169 2328 Thomas
1199 2297 1239 2329 de
1266 2299 1336 2329 eius

259 2344 463 2385 simplicitate
481 2349 512 2374 et
527 2343 614 2384 quod
632 2343 710 2384 quid
726 2349 782 2379 est,
799 2352 857 2383 per
872 2342 1009 2373 modum
1024 2343 1120 2373 nobis
1135 2343 1334 2383 possibilem,

258 2389 450 2428 investigare
459 2389 486 2418 “.
504 2387 568 2419 Sed
583 2389 660 2428 quia
669 2388 808 2429 fatuum
824 2392 872 2418 est
885 2387 983 2418 simul
993 2396 1152 2428 quaerere
1168 2387 1334 2418 scientiam

259 2438 291 2464 et
319 2433 450 2464 modum
479 2432 611 2468 sciendi,
643 2438 680 2462 ut
703 2432 730 2462 11
753 2432 895 2472 Metaph.
913 2433 929 2449 ¹*
953 2431 1079 2468 dicitur,
1104 2431 1179 2462 ideo
1209 2432 1243 2462 in
1270 2432 1334 2462 hoc

259 2478 364 2518 capite
387 2477 526 2508 declarat
549 2476 720 2517 quomodo
745 2476 887 2507 divinam
910 2477 1120 2507 substantiam
1143 2476 1334 2517 investigare

260 2522 451 2559 debeamus;
475 2522 509 2552 in
532 2522 601 2552 aliis
624 2531 701 2553 vero
725 2522 935 2562 sequentibus
959 2522 1028 2552 eius
1055 2521 1259 2552 conditiones
1284 2521 1334 2552 in-

283 2567 367 2598 uirit.

260 2577 281 2608 q
315 2611 338 2642 1.
364 2610 543 2642 Conclusio
559 2620 636 2651 ergo
653 2610 749 2641 huius
765 2610 898 2650 capituli
919 2616 985 2641 est:
1010 2610 1050 2641 In
1071 2609 1335 2640 consideratione

258 2656 389 2687 divinae
410 2655 611 2686 substantiae
626 2655 871 2696 procedendum
894 2660 942 2686 est
959 2655 1138 2696 praecipue
1158 2654 1211 2685 via
1228 2663 1334 2685 remo·

259 2701 366 2731 tionis.
390 2700 452 2731 Pro
477 2709 541 2740 qua
565 2699 776 2731 conclusione
799 2699 1032 2730 advertendum
1055 2705 1103 2730 est
1126 2698 1232 2740 quod,
1257 2708 1333 2730 cum

258 2745 406 2786 superius
428 2746 445 2762 ⁴*
469 2745 653 2785 quaesitum
685 2745 725 2775 sit
753 2743 792 2775 de
816 2754 885 2775 esse
914 2744 986 2781 Dei,
1009 2744 1333 2785 demonstratumque

257 2791 298 2821 sit
320 2790 403 2820 hanc
426 2789 685 2830 propositionem
708 2798 807 2829 quarn
831 2789 871 2820 de
895 2789 968 2820 Deo
991 2787 1170 2820 formamus
1193 2788 1332 2820 dicendo

257 2835 348 2866 Deus
370 2839 426 2870 est,
450 2843 559 2865 veram
583 2843 662 2870 esse,
687 2834 824 2864 restabat
852 2833 1068 2864 consideratio
1092 2833 1278 2874 quidditatis
1301 2840 1333 2865 et

257 2879 470 2910 substantiae:
496 2888 572 2909 nam
596 2878 742 2918 quaestio
766 2878 845 2919 quid
868 2878 916 2909 rei
939 2879 1085 2919 sequitur
1107 2879 1333 2919 quaestionem

258 2934 301 2954 an
318 2928 365 2954 est
376 2924 403 2954 ⁹.
428 2922 491 2954 Sed
507 2924 583 2963 quia
599 2932 667 2954 non
685 2922 803 2954 eodem
823 2922 925 2954 modo
942 2923 1151 2964 cognoscitur
1171 2923 1333 2963 quidditas

258 2973 290 2999 et
313 2968 490 2998 substantia
514 2967 574 2998 Dei
597 2968 680 2998 sicut
710 2967 902 3008 quidditates
932 2968 1067 2998 aliarum
1098 2977 1217 3004 rerum,
1241 2977 1332 3008 prae-

258 3013 367 3043 sertim
390 3012 594 3048 naturalium,
612 3021 652 3043 eo
669 3012 759 3052 quod
774 3012 848 3043 illae
862 3011 1005 3053 perfecte
1025 3013 1181 3052 cognosci
1196 3013 1331 3053 possint,

258 3067 327 3088 non
354 3063 463 3088 autem
490 3056 551 3087 Dei
578 3057 731 3093 essentia;
761 3056 836 3087 ideo
867 3062 942 3097 post
972 3057 1195 3098 cognitionem
1218 3067 1261 3087 an
1286 3063 1334 3088 est

259 3102 423 3142 quaeritur
446 3100 579 3141 quidem
603 3100 643 3131 de
667 3102 745 3142 quid
768 3101 839 3138 Dei,
863 3101 920 3132 sed
942 3111 1011 3132 non
1035 3101 1075 3132 de
1099 3102 1177 3142 quid
1200 3107 1256 3138 est,
1276 3102 1332 3133 sed

259 3146 298 3176 de
322 3146 399 3187 quid
423 3155 487 3176 non
512 3151 567 3176 εει.
600 3145 719 3176 Sensus
749 3155 826 3186 ergo
857 3146 1077 3177 conclusionis
1107 3152 1154 3177 est
1184 3146 1275 3187 quod
1298 3147 1332 3178 in

259 3190 488 3230 cognoscendo
512 3190 654 3221 divinam
677 3191 888 3221 substantiam
909 3196 941 3221 et
960 3191 1039 3232 quid
1054 3191 1116 3221 Dei
1138 3192 1332 3232 praecipuus

258 3234 376 3266 modus
399 3235 594 3275 cognitionis
618 3240 666 3266 est
689 3241 725 3266 ut
747 3235 962 3275 procedamus
993 3236 1224 3276 cognoscendo
1255 3236 1333 3277 quid

260 3289 325 3309 non
350 3284 405 3314 est,
429 3289 497 3310 non
521 3285 630 3310 autem
654 3279 732 3320 quid
755 3285 810 3310 εει.
834 3298 857 3302 -
880 3279 979 3310 Addit
1010 3286 1118 3311 autem
1143 3281 1330 3321 praecipue,

260 3329 296 3354 ut
326 3324 473 3354 ostendat
500 3334 596 3364 posse
628 3323 761 3365 quidem
792 3330 823 3355 et
854 3324 923 3355 aliis
953 3324 1060 3355 modis
1087 3325 1229 3356 divinam
1257 3326 1331 3356 sub-

260 3369 407 3398 stantiam
430 3368 540 3408 aliquo
564 3368 664 3400 modo
689 3369 854 3408 cognosci,
879 3368 1000 3399 scilicet
1026 3378 1084 3410 per
1106 3369 1191 3400 viam
1221 3379 1331 3401 causa-

260 3411 354 3442 litatis
378 3418 409 3442 et
432 3414 634 3450 eminentiae,
651 3413 691 3444 de
708 3413 826 3454 quibus
846 3414 925 3454 ipse,
943 3413 982 3444 ad
1005 3420 1148 3445 mentem
1173 3414 1330 3456 Dyonisii,

261 3465 358 3496 super
372 3457 463 3487 Boet.
481 3458 582 3493 Trin„
600 3467 630 3498 q.
648 3466 674 3494 ι,
688 3463 744 3488 art.
758 3467 788 3494 2,
805 3463 985 3498 pertractat,
1003 3464 1035 3489 et
1050 3458 1062 3488 1
1079 3458 1178 3494 Sent„
1196 3458 1226 3489 d.
1239 3469 1331 3495 xxxv,

262 3509 289 3530 a.
310 3509 338 3536 ¹3
361 3507 569 3532 veruntamen
594 3502 680 3533 hunc
702 3503 1002 3533 convenientiorem
1022 3503 1118 3533 nobis
1139 3502 1331 3534 faciliorem-

263 3553 326 3583 que
351 3554 427 3575 esse

319 3587 355 3618 11.
380 3588 496 3619 Probat
517 3595 625 3620 autem
646 3591 892 3622 conclusionem
916 3591 1147 3632 supponendo,
1163 3597 1199 3623 ut
1215 3592 1291 3623 dat*
1283 3602 1331 3623 ιιι-

263 3631 413 3672 telligere,
435 3633 633 3664 intellectum
656 3641 804 3666 nostrum
829 3645 866 3666 ex
888 3636 1057 3676 speciebus
1080 3636 1332 3677 intelligibilibus

1362 2252 1366 2292 Ι
1391 2263 1499 2285 rerum
1522 2259 1652 2285 naturas
1675 2259 1707 2285 et
1730 2254 1923 2285 substantias
1945 2254 2133 2295 intelligere.
2165 2254 2263 2286 Tunc
2285 2256 2390 2296 arguit
2411 2256 2468 2288 sic.

1391 2298 1499 2329 Tanto
1515 2299 1617 2339 magis
1633 2299 1936 2340 appropinquamus
1951 2299 2085 2330 notitiae
2097 2299 2167 2330 eius
2183 2301 2276 2331 cuius
2287 2300 2377 2341 quod
2390 2301 2469 2342 quid

1390 2348 1439 2374 est
1452 2353 1651 2384 cognoscere
1666 2353 1735 2374 non
1751 2352 1937 2384 possumus,
1950 2349 2074 2384 quanto
2086 2343 2180 2384 plura
2193 2353 2253 2386 per
2266 2344 2468 2377 intellectum

1390 2388 1429 2418 ab
1453 2397 1495 2418 eo
1518 2397 1694 2428 possumus
1717 2397 1894 2419 removete
1926 2388 1990 2420 Sed
2019 2388 2108 2430 quod
2129 2389 2208 2430 quid
2231 2394 2279 2420 εει
2309 2389 2370 2420 Dei
2398 2398 2468 2422 non

1389 2441 1565 2473 possumus
1588 2442 1796 2473 cognoscere.
1822 2433 1910 2474 Ergo
1933 2439 1994 2464 etc.

1446 2477 1604 2508 Maiorem
1627 2478 1754 2518 probat.
1778 2477 1886 2509 Tanto
1910 2477 2034 2519 aliquid
2053 2477 2228 2519 perfectius
2249 2479 2458 2519 cognoscitur

1389 2527 1513 2562 quanto
1536 2521 1731 2554 differentias
1763 2523 1833 2553 eius
1864 2522 1905 2553 ad
1937 2522 2030 2563 plura
2062 2524 2244 2554 intuemur:
2279 2532 2355 2554 cum
2386 2533 2469 2555 una-

1389 2575 1540 2607 quaeque
1569 2576 1619 2598 res
1651 2576 1748 2598 suum
1782 2567 1815 2598 in
1846 2567 1951 2608 seipsa
1981 2568 2151 2608 proprium
2182 2577 2251 2599 esse
2281 2568 2398 2599 habeat
2426 2569 2467 2600 ab

1389 2612 1542 2642 omnibus
1557 2611 1755 2643 distinctum.
1769 2611 1877 2643 Tanto
1893 2617 2003 2643 autem
2019 2612 2142 2654 aliquid
2156 2612 2331 2654 perfectius
2343 2622 2468 2654 cogno·-

1388 2657 1497 2693 scitur,
1516 2662 1640 2697 quanto
1664 2657 1766 2697 tnagis
1790 2657 1860 2688 eius
1883 2666 1963 2694 esse,
1982 2657 2064 2688 idest
2087 2658 2235 2694 essentia,
2254 2658 2309 2689 cui
2331 2657 2468 2690 debetur

1389 2710 1468 2737 esse,
1493 2701 1791 2742 comprehenditur.

1443 2746 1535 2777 Patet
1550 2747 1646 2777 etiam
1663 2755 1701 2777 ex
1717 2746 1819 2777 modo
1831 2745 2018 2777 definiendi.
2035 2746 2123 2778 Cum
2139 2747 2228 2778 enim
2239 2745 2466 2779 definitionem

1387 2791 1434 2821 rei
1457 2791 1654 2831 quaerimus,
1677 2791 1766 2821 illam
1790 2791 1897 2832 primo
1921 2791 1954 2822 in
1978 2800 2096 2832 genere
2119 2791 2230 2832 aliquo
2253 2791 2465 2828 collocamus,

1388 2841 1459 2866 tum
1475 2834 1669 2866 differentias
1691 2835 1840 2866 addimus
1859 2834 1980 2876 quibus
1999 2837 2039 2867 ab
2061 2836 2131 2867 aliis
2153 2835 2377 2877 distinguatur.
2401 2835 2466 2868 Sed

1388 2879 1521 2920 quando
1543 2889 1614 2911 non
1636 2889 1812 2920 possumus
1835 2879 1923 2922 quod
1945 2880 2024 2922 quid
2051 2886 2099 2912 est
2127 2880 2315 2912 affirmative
2341 2890 2467 2922 cogno-

1388 2934 1486 2961 scere,
1514 2933 1573 2965 per
1600 2925 1790 2965 negationes
1816 2934 1854 2956 ac
1880 2925 2079 2957 remotiones
2108 2924 2303 2957 differentias
2334 2925 2375 2957 ad
2404 2925 2466 2957 alia

1387 2970 1563 3000 intuemur.
1587 2969 1675 3009 Ergo
1699 2975 1760 3001 etc.

1443 3013 1607 3044 Minorem
1618 3013 1831 3055 principalem
1842 3015 1969 3054 probat.
1982 3014 2030 3045 Ea
2040 3014 2150 3045 solum
2161 3014 2344 3046 intellectus
2355 3020 2466 3046 noster

1387 3058 1598 3099 quidditative
1622 3067 1820 3099 cognoscere
1835 3064 1943 3099 potest
1958 3067 2101 3100 quorum
2116 3058 2311 3100 quidditates
2325 3068 2386 3100 per
2394 3058 2469 3091 'for-

1387 3112 1456 3134 mas
1478 3103 1694 3144 intelligibiles
1718 3113 1799 3144 quas
1822 3103 1918 3134 habet
1940 3108 2228 3144 repraesentantur.
2253 3103 2317 3135 Sed
2340 3103 2464 3135 formae

1386 3147 1569 3178 intellectus
1592 3148 1694 3179 nostri
1716 3147 1858 3179 divinam
1881 3148 2092 3179 substantiam
2115 3153 2148 3179 et
2170 3147 2383 3189 quidditatetn
2413 3157 2463 3179 re·

1387 3198 1590 3234 praesentare
1612 3202 1681 3223 non
1704 3198 1857 3234 possunt:
1889 3202 1966 3224 cum
1993 3202 2127 3224 omnem
2157 3192 2339 3224 intellectus
2361 3193 2463 3224 nostri

1387 3236 1526 3268 formam
1549 3247 1607 3268 sua
1629 3236 1762 3268 excedat
1784 3238 2011 3274 immensitate,
2027 3243 2064 3269 ut
2078 3238 2113 3268 in
2131 3237 2341 3278 sequentibus
2357 3235 2463 3268 decla-

1387 3282 1507 3312 rabitur
1522 3283 1549 3311 *.
1574 3281 1661 3322 Ergo
1683 3287 1743 3312 etc.

1443 3326 1615 3366 Subiungit
1627 3326 1743 3357 deinde
1759 3325 1897 3357 modum
1908 3325 2107 3367 procedendi
2121 3325 2154 3356 in
2170 3325 2360 3356 huiusmodi
2372 3325 2462 3357 diffe-

1387 3371 1496 3401 rentiis
1518 3371 1684 3411 negativis,
1708 3371 1859 3411 inquiens
1883 3369 1974 3411 quod
2001 3371 2085 3401 sicut
2113 3370 2147 3400 in
2178 3369 2374 3402 affirmativis
2397 3380 2462 3402 una

1387 3415 1564 3446 differentia
1587 3415 1683 3446 aliam
1706 3415 1877 3451 contrahit,
1900 3415 2068 3455 magisque
2092 3413 2132 3444 ad
2156 3415 2353 3455 completam
2379 3414 2462 3447 desi-

1386 3460 1575 3500 gnationem
1599 3459 1890 3500 definitionemque
1912 3460 1958 3490 rei
1981 3458 2232 3500 appropinquat,
2257 3459 2336 3491 dum
2352 3470 2371 3490 a
2389 3460 2462 3502 plu-

1386 3505 1474 3535 ribus
1487 3503 1613 3535 differre
1629 3504 1714 3541 facit,
1727 3504 1770 3535 ita
1786 3510 1818 3535 et
1833 3504 1867 3534 in
1882 3504 2047 3544 negativis.
2064 3503 2159 3535 Unde
2170 3509 2249 3535 tunc
2262 3505 2320 3535 erit
2331 3505 2462 3546 propria

1387 3549 1447 3579 Dei
1472 3548 1687 3580 consideratio
1718 3557 1794 3579 cum
1824 3557 1882 3589 per
1911 3547 2099 3579 huiusmodi
2122 3549 2311 3590 negationes
2339 3558 2462 3590 cogno-

1387 3598 1493 3624 scetur
1520 3599 1557 3624 ut
1579 3594 1619 3624 ab
1643 3593 1796 3624 omnibus
1819 3592 2004 3624 distinctus:
2034 3594 2182 3634 quamvis
2208 3602 2269 3624 nec
2293 3594 2338 3625 sic
2361 3594 2462 3635 ipsius

1388 3638 1426 3668 sit
1450 3637 1591 3678 perfecta
1615 3638 1770 3678 cognitio.

2490 3287 2500 3297 '
2507 3286 2705 3315 ub.m,c.xux.
