2742 4152
66 617 76 626 ⁶
90 615 145 638 Vm
154 615 236 644 Phys„
248 623 279 642 vu

66 648 86 664 ι.
97 642 142 664 Th.
157 642 172 664 l.
186 649 218 670 ιι,
231 650 262 671 ¹3.

64 891 134 918 †2v
155 891 214 913 1¹6.

902 274 1091 311 SUMMA
1120 274 1342 313 CONTRA
1370 277 1644 326 GENTILES,
1676 279 1786 316 CAP.
1807 280 1901 316 XIII.

363 349 442 388 Sed
470 350 563 400 quia
595 351 636 389 in
673 351 924 389 moventibus
960 364 1001 389 se
1029 364 1130 401 quae
1159 362 1247 390 sunt
1275 356 1380 404 apud

309 415 393 451 nOS,
423 403 563 442 scilicet
589 405 630 443 in
657 405 902 451 animalibus,
922 417 1012 455 pars
1039 417 1216 452 movens,
1243 407 1382 445 scilicet

308 456 451 504 anima,
477 457 546 495 etsi
573 458 620 496 sit
646 458 858 496 immobilis
875 470 947 508 per
965 470 1017 506 se,
1042 466 1224 496 movetur
1250 468 1382 497 tamen

307 523 379 560 per
404 511 614 559 accidens3
633 512 794 550 ulterius
822 511 989 549 ostendit
1016 512 1124 561 quod
1153 512 1268 561 primi
1296 525 1381 550 mo-

307 564 432 601 ventis
460 564 632 614 seipsum
658 577 748 615 pars
767 577 933 602 movens
952 577 1034 603 non
1052 573 1235 603 movetur
1253 577 1381 616 neque

307 629 379 667 per
406 629 446 655 se
474 629 603 668 neque
631 630 703 668 per
729 618 908 656 accidens
927 617 957 655 *.

360 671 563 709 Moventia
582 671 685 709 enim
707 684 748 709 se
768 684 870 721 quae
893 679 984 709 sunt
1002 672 1108 722 apud
1136 684 1221 718 nOS,
1242 671 1383 709 scilicet

308 723 499 771 animalia,
525 737 618 762 cum
645 724 719 762 sint
738 725 1011 775 corruptibilia,
1031 738 1120 775 pars
1148 737 1314 763 movens
1341 726 1383 763 in

308 776 362 814 eis
381 785 564 816 movetur
581 790 652 828 per
670 778 860 816 accidens.
882 779 1052 817 Necesse
1071 786 1128 816 est
1146 787 1278 816 autem
1297 791 1382 816 mo-

306 830 437 868 ventia
461 843 501 868 se
530 832 792 882 corruptibilia
810 832 943 870 reduci
963 833 1012 870 ad
1031 832 1190 882 aliquod
1209 832 1383 882 primum

306 896 473 921 movens
488 897 528 922 se
544 886 653 935 quod
672 885 717 922 sit
737 886 1029 936 sempiternum.
1056 883 1088 937 †
1102 886 1205 934 Ergo
1225 898 1382 923 necesse

307 945 364 974 est
381 937 551 987 aliquem
582 947 777 977 motorem
806 951 888 976 esse
917 938 1079 976 alicuius
1102 939 1296 977 moventis
1325 952 1381 976 se-

306 990 437 1040 ipsum
475 992 543 1042 qui
580 1005 709 1043 neque
746 1004 817 1042 per
853 1004 893 1029 se
931 1004 1060 1042 neque
1097 1004 1168 1042 per
1204 993 1382 1030 accidens

307 1053 523 1083 moveatur.

360 1098 480 1145 Quod
506 1106 639 1136 autem
667 1110 826 1136 necesse
853 1098 911 1145 sit,
932 1099 1151 1136 secundum
1178 1112 1291 1137 suam
1310 1111 1381 1150 po-

305 1150 497 1199 sitionem,
522 1151 681 1203 aliquod
709 1164 876 1190 movens
904 1164 944 1189 se
974 1164 1057 1189 esse
1086 1153 1379 1203 sempiternum,

304 1211 419 1254 patet.
442 1204 482 1243 Si
501 1205 606 1242 enim
626 1212 758 1243 motus
777 1213 834 1243 est
852 1205 1122 1256 sempiternus,
1139 1214 1182 1244 ut
1195 1206 1277 1257 ipse
1293 1219 1381 1256 sup-

303 1257 425 1310 ponit,
445 1266 598 1308 oportet
620 1259 730 1309 quod
758 1259 954 1308 generatio
981 1259 1227 1298 moventium
1255 1260 1382 1310 seipsa

261 1360 269 1361 7
304 1319 526 1361 quaesunt
550 1311 784 1361 generabilia
812 1321 849 1351 et
876 1313 1150 1363 corruptibilia,
1171 1313 1218 1351 sit
1242 1326 1380 1364 perpe-

303 1372 381 1402 tua.
403 1365 482 1403 Sed
500 1365 619 1403 huius
637 1366 901 1416 perpetuitatis
920 1379 1002 1404 non
1020 1374 1147 1417 potest
1166 1379 1248 1404 esse
1263 1379 1382 1405 causa

303 1417 464 1468 aliquod
482 1418 659 1470 ipsorum
678 1420 926 1458 moventium
941 1432 1000 1458 se:
1021 1420 1115 1470 quia
1128 1432 1210 1458 non
1225 1433 1382 1471 semper

303 1479 371 1516 est.
391 1472 478 1509 Nec
505 1472 622 1510 simul
641 1473 795 1511 omnia:
824 1481 910 1511 tum
939 1473 1031 1524 quia
1058 1473 1208 1512 infinita
1236 1482 1379 1520 essent;

302 1531 388 1563 tum
408 1525 500 1576 quIa
519 1538 601 1578 non
621 1526 738 1564 simul
752 1535 852 1564 sunt.
874 1527 1122 1577 Relinquitur
1139 1527 1253 1576 igitur
1271 1528 1380 1578 quod

302 1586 456 1628 oportet
474 1591 559 1617 esse
577 1579 737 1629 aliquod
756 1592 923 1618 movens
942 1580 1114 1631 seipsum
1130 1589 1378 1631 perpetuum,

302 1632 412 1682 quod
439 1641 572 1670 causat
603 1634 900 1683 perpetuitatem
938 1634 1195 1683 generationis
1228 1635 1268 1672 in
1301 1635 1380 1672 istis

302 1684 547 1728 inferioribus
566 1687 816 1725 moventibus
837 1700 888 1725 se.
910 1688 959 1725 Et
978 1687 1032 1725 sic
1051 1696 1182 1725 motor
1200 1688 1284 1726 eius
1298 1701 1379 1726 non

301 1746 486 1776 movetur
511 1751 641 1790 neque
669 1753 740 1791 per
768 1754 809 1778 se
837 1753 967 1791 neque
995 1753 1066 1792 per
1092 1741 1282 1779 accidens.

354 1792 462 1840 Item,
492 1792 532 1831 in
559 1794 811 1832 moventibus
839 1807 880 1832 se
907 1794 1090 1832 videmus
1117 1795 1226 1845 quod
1250 1795 1379 1845 aliqua

300 1843 491 1895 incipiunt
505 1846 554 1884 de
569 1859 676 1885 novo
692 1848 845 1886 moveri
859 1856 1019 1898 propter
1032 1847 1201 1898 aliquem
1223 1857 1378 1886 motum

301 1910 382 1948 quo
401 1911 483 1937 non
502 1909 686 1938 movetur
704 1914 727 1939 a
747 1901 875 1951 seipso
903 1901 1179 1949 anima1,sicut
1206 1901 1294 1940 cibo
1322 1902 1379 1940 di-

300 1959 407 2000 gesto
435 1959 503 1990 aut
530 1965 618 1991 aere
647 1955 825 1992 alterato:
856 1967 937 2004 quo
965 1955 1127 2005 quidem
1156 1963 1268 1992 motu
1296 1955 1379 2005 ipse

300 2013 432 2042 motor
450 2017 616 2044 movens
636 2006 809 2058 seipsum
828 2016 1011 2045 movetur
1024 2020 1096 2058 per
1109 2008 1298 2046 accidens.
1320 2010 1379 2046 Ex

300 2069 381 2109 quo
409 2067 536 2108 potest
563 2060 684 2111 accipi
705 2061 814 2111 quod
834 2062 987 2098 nullum
1011 2074 1177 2099 movens
1206 2062 1379 2111 seipsum

299 2119 484 2150 movetur
502 2125 658 2163 semper
677 2114 788 2152 cuius
807 2122 939 2152 motor
956 2123 1139 2152 movetur
1162 2127 1233 2164 per
1255 2128 1296 2153 se
1316 2117 1378 2153 vel

299 2177 370 2215 per
397 2165 587 2204 accidens.
614 2168 691 2205 Sed
711 2167 886 2217 primum
905 2180 1072 2206 movens
1091 2168 1265 2218 seipsum
1293 2181 1378 2206 mo-

298 2225 413 2255 vetur
430 2231 601 2269 semper:
631 2220 724 2257 alias
747 2233 829 2258 non
856 2229 988 2270 posset
1015 2233 1099 2259 esse
1118 2230 1249 2259 motus
1277 2235 1378 2259 sem—

298 2270 484 2322 piternus,
514 2284 607 2310 cum
635 2274 765 2311 omnis
793 2274 890 2312 alius
918 2282 1050 2312 motus
1078 2287 1100 2311 a
1129 2283 1240 2312 motu
1262 2275 1378 2325 primi

298 2325 494 2363 moventis
531 2326 704 2376 seipsum
742 2335 933 2365 causetur.
978 2327 1225 2378 Relinquitur
1265 2329 1379 2377 igitur

299 2378 407 2428 quod
434 2379 610 2429 primum
638 2393 805 2418 movens
834 2381 1007 2431 seipsum
1035 2390 1219 2419 movetur
1246 2395 1269 2419 a
1292 2395 1376 2420 mo-

297 2438 381 2469 tore
409 2432 478 2482 qui
505 2445 586 2471 non
614 2442 798 2472 movetur
825 2447 954 2484 neque
982 2447 1053 2484 per
1081 2448 1121 2473 se
1150 2447 1279 2485 neque
1307 2448 1378 2486 per

298 2484 489 2523 accidens,

352 2539 436 2576 Nec
465 2547 521 2577 est
548 2547 683 2578 contra
711 2541 813 2578 hanc
842 2540 1031 2579 rationem
1062 2542 1171 2592 quod
1204 2551 1376 2594 motores

297 2590 525 2630 inferiorum
546 2593 702 2631 orbium
723 2602 886 2632 movent
903 2603 1059 2633 motum
1080 2595 1374 2646 sempiternum,

263 2671 266 2674 -
297 2652 334 2682 et
360 2653 493 2684 tamen
512 2646 696 2685 dicuntur
714 2647 867 2688 moveri
884 2660 956 2698 per
974 2648 1164 2687 accidens.
1195 2650 1300 2697 Quia
1319 2651 1375 2688 di—

51 2914 62 2925 *
82 2914 138 2937 md.
160 2915 202 2938 lib.
225 2916 266 2944 XI,

51 2942 267 2998 Ιν.117,,18’1“111.1ί1.1,

296 2707 439 2737 cuntur
456 2700 608 2738 moveri
627 2713 698 2751 per
716 2701 896 2739 accidens
914 2714 996 2740 non
1016 2702 1164 2740 ratione
1192 2703 1253 2740 sui
1271 2703 1375 2753 ipso-

296 2763 404 2799 mm,
435 2754 503 2791 sed
541 2753 689 2791 ratione
727 2767 892 2792 suorum
929 2755 1149 2803 mobilium,
1179 2769 1281 2806 quae
1316 2770 1374 2794 se-

295 2813 472 2855 quuntur
498 2815 654 2844 motum
683 2808 892 2857 superioris
921 2809 1037 2846 orbis.
1057 2807 1089 2861 †

350 2859 428 2897 Sed
447 2859 541 2910 quia
568 2861 676 2898 Deus
705 2872 786 2898 non
815 2868 871 2898 est
888 2874 978 2911 pars
998 2862 1160 2900 alicuius
1179 2863 1373 2900 moventis

294 2911 481 2962 seipsum,
500 2913 660 2951 ulterius
679 2913 912 2962 Aristoteles,
928 2914 966 2952 in
981 2928 1053 2953 sua
1066 2917 1331 2966 Metaphysica
1339 2917 1370 2965 ²⁸,

2451 280 2498 317 33

1436 357 1566 405 perius
1585 357 1625 394 in
1649 358 1864 396 movendo:
1894 371 1984 396 narn
2014 367 2198 409 appetens
2226 367 2282 396 est
2310 360 2500 409 quodam-

1437 410 1558 446 modo
1583 422 1748 447 movens
1771 419 1939 457 motum3
1965 413 2167 461 appetibile
2188 421 2318 450 autem
2338 421 2394 450 est
2415 425 2499 461 mo-

1437 474 1533 498 vens
1562 463 1723 500 omnino
1752 475 1833 500 non
1869 472 2033 501 motum.
2073 466 2234 514 Oportet
2269 465 2382 514 igitur
2418 478 2499 503 esse

1431 517 1601 562 primum
1630 521 1811 552 motorem
1839 523 2051 565 separatum
2080 521 2231 556 omnino
2261 521 2498 566 immobilem,

1404 586 1414 606 ς
1438 567 1505 616 qui
1534 567 1641 604 Deus
1670 576 1735 605 est.

1491 620 1711 658 Praedictos
1743 630 1874 659 autem
1902 634 2105 671 processus
2132 624 2212 662 duo
2239 625 2417 663 videntur
2443 626 2499 663 in·

1437 672 1605 710 firmare.
1644 674 1827 721 Quorum
1850 678 2018 724 primum
2047 685 2117 723 est,
2147 679 2254 726 quod
2287 679 2500 727 procedunt

1438 738 1484 762 ex
1520 727 1785 775 suppositione
1821 729 2049 766 aeternitatis
2083 738 2231 768 motus:
2262 733 2368 780 quod
2396 732 2499 781 apud

1439 779 1660 816 Catholicos
1689 781 1921 830 supponitur
1949 794 2031 819 esse
2059 782 2208 820 falsum.

1492 833 1541 869 Et
1572 833 1621 870 ad
1654 834 1731 871 hoc
1762 833 1972 872 dicendum
2006 836 2113 885 quod
2145 836 2209 873 via
2241 837 2501 875 efficacissima

1438 885 1487 922 ad
1515 886 1765 935 probandum
1793 888 1921 924 Deum
1952 900 2034 926 esse
2072 897 2127 926 est
2160 901 2206 926 ex
2239 890 2501 940 suppositione

1437 939 1665 977 aeternitatis
1684 940 1833 986 mundi,
1854 953 1932 990 qua
1946 942 2082 992 posita,
2102 942 2232 980 minus
2250 944 2402 981 videtur
2420 955 2502 981 esse

1438 992 1684 1031 manifestum
1713 994 1820 1044 quod
1848 995 1955 1032 Deus
1983 995 2040 1032 sit.
2075 996 2180 1033 Nam
2209 996 2239 1033 si
2267 998 2439 1034 mundus
2467 1005 2503 1034 et

1437 1053 1568 1083 motus
1587 1047 1635 1084 de
1655 1059 1761 1085 novo
1781 1047 1960 1098 incoepit,
1975 1050 2138 1098 planum
2158 1057 2213 1086 est
2233 1051 2339 1099 quod
2355 1058 2504 1100 oportet

1398 1117 1420 1137 ¹5
1436 1099 1531 1148 poni
1560 1100 1730 1149 aliquam
1767 1113 1926 1139 causam
1961 1114 2062 1151 quae
2091 1103 2139 1139 de
2176 1115 2282 1141 novo
2315 1104 2503 1153 producat

1437 1153 1632 1191 mundum
1662 1162 1698 1191 et
1725 1162 1897 1192 motum:
1928 1156 2019 1205 quia
2047 1168 2165 1193 omne
2194 1157 2301 1206 quod
2321 1157 2369 1194 de
2396 1170 2502 1195 novo

1435 1205 1489 1253 fit,
1519 1207 1568 1244 ab
1601 1207 1731 1257 aliquo
1767 1208 1994 1246 innovatore
2031 1217 2182 1259 oportet
2215 1222 2367 1248 sumere
2396 1210 2503 1259 origi-

1436 1271 1546 1306 nem;
1575 1272 1667 1298 cum
1696 1261 1790 1298 nihil
1810 1261 1948 1299 educat
1967 1275 2007 1299 se
2027 1263 2075 1300 de
2103 1264 2273 1312 potentia
2297 1264 2336 1301 in
2360 1272 2502 1310 actum,

1436 1314 1498 1351 vel
1527 1313 1575 1350 de
1605 1326 1685 1351 non
1714 1327 1804 1352 esse·
1826 1314 1865 1351 in
1894 1328 1988 1353 esse.

1491 1368 1702 1405 Secundum
1731 1377 1796 1415 est,
1826 1370 1934 1417 quod
1967 1370 2199 1419 supponitur
2230 1371 2269 1408 in
2301 1370 2503 1420 praedietis

1436 1420 1831 1459 demonstrationibus
1844 1422 2018 1472 primum
2034 1432 2197 1472 motum,
2209 1424 2347 1461 scilicet
2361 1436 2503 1474 corpus

1436 1475 1612 1522 caeleste,
1643 1487 1725 1513 esse
1760 1483 1913 1513 motum
1951 1488 1997 1513 ex
2032 1488 2083 1513 se.
2123 1478 2181 1514 Ex
2215 1490 2294 1526 quo
2332 1478 2504 1527 sequitur

1435 1526 1567 1577 ipsum
1595 1540 1678 1565 esse
1707 1529 1933 1566 animatum.
1960 1530 2080 1577 Quod
2106 1543 2128 1567 a
2147 1530 2276 1567 multis
2304 1543 2384 1568 non
2412 1543 2502 1568 con-

1435 1580 1595 1618 ceditur.

1490 1635 1538 1672 Et
1557 1635 1607 1672 ad
1626 1635 1704 1672 hoc
1731 1635 1943 1673 dicendum
1963 1644 2018 1673 est
2037 1637 2156 1686 quod,
2178 1637 2208 1674 si
2228 1637 2399 1686 primum
2419 1650 2503 1674 mo-

1434 1699 1531 1725 vens
1568 1700 1649 1725 non
1686 1688 1846 1738 ponitur
1880 1697 2034 1726 motum
2062 1702 2109 1727 ex
2137 1702 2190 1737 se,
2220 1698 2378 1740 oportet
2397 1691 2503 1740 quod

1434 1749 1641 1779 moveatur
1667 1741 1891 1780 immediate
1923 1755 1946 1780 a
1978 1742 2131 1793 penitus
2163 1743 2364 1781 immobili.
2392 1745 2504 1782 Unde

1434 1794 1552 1832 etiam
1579 1795 1801 1833 Aristoteles
1830 1796 1903 1834 sub
1932 1796 2189 1834 disiunctione
2217 1798 2319 1835 hanc
2350 1799 2504 1835 conclu-

1435 1847 1586 1886 sionem
1614 1849 1780 1887 inducit:
1811 1850 1919 1899 quod
1947 1849 2087 1888 scilicet
2111 1859 2285 1900 oporteat
2303 1853 2360 1889 vel
2380 1851 2505 1888 statim

1394 1915 1421 1936 ³0
1435 1902 1618 1940 devenire
1656 1903 1707 1940 ad
1743 1902 1916 1953 primum
1956 1916 2122 1941 movens
2159 1904 2358 1942 immobile
2397 1917 2504 1954 sepa-

1435 1962 1580 2002 ratum,
1618 1957 1678 1993 vel
1713 1956 1762 1993 ad
1804 1969 1970 1994 movens
2012 1957 2201 2008 seipsum,
2239 1970 2286 1996 ex
2323 1971 2403 2008 quo
2440 1959 2505 1995 ite-

1435 2020 1524 2045 rum
1561 2009 1767 2047 devenitur
1802 2010 1851 2047 ad
1889 2022 2055 2048 movens
2090 2011 2262 2061 primum
2306 2011 2505 2050 immobile

1435 2070 1657 2111 separatum
1676 2062 1707 2100 ²¹⁸.

1488 2115 1668 2153 Procedit
1686 2124 1818 2154 autem
1837 2116 2101 2167 Philosophus
2129 2118 2201 2156 alia
2224 2119 2287 2157 via
2315 2119 2355 2156 in
2375 2121 2404 2157 11
2424 2122 2505 2158 Me-

1394 2183 1417 2203 35
1433 2170 1579 2219 taphys.
1595 2169 1627 2216 ²⁸,
1648 2169 1698 2206 ad
1726 2170 2014 2208 ostendendum
2042 2183 2123 2208 non
2150 2184 2265 2222 posse
2289 2174 2447 2222 procedi
2466 2173 2504 2210 in

1434 2222 1630 2260 infinitum
1668 2222 1708 2260 in
1735 2223 1861 2260 causis
1889 2224 2154 2272 efficientibus,
2184 2226 2251 2263 sed
2280 2239 2362 2264 esse
2391 2228 2504 2264 deve-

1434 2275 1516 2313 nire
1545 2276 1594 2313 ad
1622 2288 1745 2313 unam
1765 2288 1923 2314 causam
1942 2277 2127 2327 primam:
2154 2286 2190 2315 et
2214 2280 2314 2316 hanc
2341 2280 2504 2318 dicimus

1433 2329 1576 2366 Deum.
1607 2330 1655 2366 Et
1683 2330 1780 2367 haec
1808 2329 1871 2367 via
1899 2331 1981 2368 talis
2010 2339 2076 2369 est.
2106 2333 2149 2369 In
2173 2332 2357 2371 omnibus
2381 2334 2503 2372 causis

1433 2382 1689 2420 efficientibus
1725 2383 1908 2421 ordinatis
1941 2384 2114 2434 primum
2147 2394 2203 2423 est
2230 2399 2346 2424 causa
2373 2388 2500 2434 medii,

1391 2444 1470 2473 met
1497 2436 1675 2474 medium
1694 2445 1750 2474 est
1768 2449 1885 2474 causa
1908 2438 2052 2476 ultimi:
2083 2439 2163 2476 sive
2191 2439 2237 2476 sit
2264 2452 2401 2488 unum,
2422 2442 2502 2478 sive

1431 2491 1543 2539 plura
1562 2490 1703 2528 media.
1732 2491 1898 2528 Remota
1922 2500 2053 2529 autem
2072 2505 2199 2540 causa,
2224 2502 2446 2532 removetur
2464 2494 2502 2531 id

1432 2543 1543 2580 cuius
1576 2552 1632 2581 est
1664 2556 1792 2581 causa.
1827 2545 1942 2593 Ergo,
1972 2554 2122 2583 remoto
2157 2545 2296 2596 primO,
2326 2548 2500 2585 medium

1397 851 1424 867 10

1395 1383 1422 1398 20

1395 1649 1419 1670 ²5

1432 2609 1549 2634 causa
1586 2609 1669 2635 esse
1706 2610 1787 2635 non
1823 2598 1973 2648 poterit.
2014 2599 2090 2636 Sed
2128 2600 2159 2637 si
2195 2601 2426 2649 procedatur
2461 2601 2500 2638 in

1431 2650 1557 2688 causis
1586 2651 1840 2688 efficientibus
1869 2651 1909 2688 in
1937 2651 2144 2699 infinitum,
2170 2655 2273 2690 nulla
2295 2666 2499 2692 causarum

1389 2714 1414 2735 ⁴⁵
1431 2703 1501 2740 erit
1520 2703 1658 2753 prima.
1689 2705 1791 2753 Ergo
1812 2717 1949 2742 omnes
1969 2705 2063 2743 aliae
2083 2707 2271 2753 tollentur,
2293 2720 2392 2756 quae
2412 2716 2500 2745 sunt

1430 2757 1595 2794 mediae.
1631 2758 1719 2795 Hoc
1745 2766 1876 2795 autem
1905 2766 1961 2795 est
1992 2759 2189 2796 manifeste
2216 2759 2366 2797 falsum.
2396 2762 2497 2809 Ergo

1430 2818 1583 2860 oportet
1614 2823 1762 2861 ponere
1784 2814 1953 2861 primam
1982 2824 2134 2849 causam
2163 2813 2381 2861 efficientem
2410 2827 2495 2851 esse.

1429 2864 1543 2911 Quae
1572 2864 1680 2901 Deus
1708 2872 1775 2901 est.

1482 2918 1613 2955 Potest
1632 2917 1748 2955 etiam
1767 2917 1840 2955 alia
1868 2917 1963 2955 ratio
1983 2917 2106 2966 colligi
2135 2931 2180 2955 ex
2208 2919 2335 2956 verbis
2354 2920 2496 2958 Aristo-

294 2964 495 3014 investigat
523 2979 571 3004 ex
598 2967 676 3004 hoc
704 2975 856 3005 motore
885 2968 953 3017 qui
981 2977 1038 3006 est
1065 2981 1154 3018 pars
1177 2970 1372 3007 moventis
1387 2985 1413 3004 5⁰
1427 2970 1520 3008 telis.
1560 2972 1603 3008 In
1631 2972 1662 3008 lI
1691 2971 1796 3008 enim
1832 2973 2047 3021 Metaphys.
2064 2971 2084 2993 ’¹‘
2111 2973 2276 3009 ostendit
2307 2974 2414 3022 quod
2451 2986 2495 3011 ea

294 3017 480 3068 seipsum,
500 3019 621 3057 alium
639 3028 836 3058 motorem
856 3029 1079 3070 separatum
1107 3023 1282 3071 omnino,
1303 3023 1372 3073 qui
1427 3037 1528 3074 quae
1557 3032 1647 3061 sunt
1675 3024 1845 3061 maxime
1873 3037 1977 3072 vera,
2008 3032 2096 3061 sunt
2124 3033 2160 3061 et
2187 3026 2355 3064 maxime
2382 3027 2492 3064 entia.

294 3079 351 3108 est
386 3072 505 3109 Deus.
551 3073 655 3110 Cum
693 3073 798 3111 enim
836 3086 956 3111 omne
993 3087 1159 3112 movens
1197 3076 1370 3127 seipsum
1426 3079 1468 3115 In
1504 3079 1555 3114 IV
1587 3085 1719 3114 autern
1754 3079 1969 3127 Metaphys.
1990 3078 2010 3099 ’¹‘
2038 3078 2202 3115 ostendit
2234 3091 2316 3116 esse
2351 3080 2492 3129 aliquid

293 3132 501 3162 moveatur
533 3138 605 3176 per
638 3126 870 3176 appetitum,
907 3136 1060 3177 oportet
1094 3130 1203 3178 quod
1240 3138 1371 3168 motor
1425 3130 1595 3168 maxime
1624 3143 1775 3178 verum,
1806 3143 1852 3167 ex
1880 3132 1957 3168 hoc
1985 3131 2091 3180 quod
2119 3131 2299 3168 videmus
2322 3132 2492 3170 duorum

293 3177 362 3228 qui
389 3186 446 3216 est
472 3191 563 3229 pars
590 3180 785 3218 moventis
813 3180 998 3230 seipsum,
1025 3190 1183 3221 moveat
1209 3192 1370 3234 propter
1424 3185 1609 3222 falsorum
1638 3197 1765 3221 unum
1793 3185 1911 3221 altero
1945 3196 2027 3221 esse
2055 3183 2176 3232 magis
2202 3185 2356 3232 falsum,
2386 3187 2491 3224 unde

291 3231 507 3281 appetitum
535 3232 697 3271 alicuius
725 3233 951 3283 appetibilis.
986 3235 1108 3282 Quod
1140 3244 1196 3273 est
1228 3249 1275 3274 eo
1305 3250 1368 3275 su·
1383 3256 1407 3276 55
1424 3246 1575 3288 oportet
1607 3246 1650 3274 ut
1677 3239 1840 3274 alterum
1868 3237 1914 3274 sit
1942 3237 2057 3274 etiam
2089 3238 2206 3274 altero
2238 3237 2384 3283 verius;
2415 3240 2490 3276 hoc

1648 3350 1677 3368 ιι
1701 3343 1771 3375 Ergo
1785 3343 1828 3368 hic
1846 3344 1869 3367 A
1881 3343 1965 3373 solus;
1980 3346 2044 3374 post
2063 3348 2171 3366 necesse
2185 3341 2204 3365 F
2207 3341 2250 3371 Pe,
2259 3345 2324 3372 post
2342 3346 2381 3366 est
2399 3343 2489 3368 ceteri.

343 3345 362 3370 4
380 3338 491 3364 ulterius
509 3340 533 3363 A
550 3340 637 3370 solus3
656 3339 716 3364 ideo
734 3340 852 3366 ulterius.
943 3348 960 3374 9
980 3346 1021 3366 est
1032 3349 1075 3366 om
1091 3350 1116 3367 α.

2117 3376 2149 3401 23
2169 3377 2245 3408 igitur
2267 3377 2289 3400 A
2312 3377 2398 3408 solus;
2418 3385 2488 3410 ergo.

292 3371 326 3399 16
344 3381 374 3399 se
393 3381 453 3399 esse
467 3375 666 3409 sempiternum]
687 3376 806 3409 seipsum
829 3376 1021 3408 sempiternum
1045 3385 1105 3403 esse
1130 3378 1222 3404 EGPc.

291 3408 323 3434 25
343 3408 410 3443 istis]
429 3409 470 3435 his
490 3409 535 3436 Pe.
627 3410 660 3435 30
679 3419 733 3444 quo
753 3419 806 3436 non
826 3417 946 3436 movetur
965 3420 980 3437 a
998 3412 1095 3447 seipso]
1115 3414 1187 3446 quod
1206 3422 1259 3439 non
1274 3420 1414 3439 moventur
1433 3422 1447 3439 a
1461 3415 1548 3447 seipso
1563 3415 1586 3446 b,
1606 3422 1660 3447 quo
1680 3422 1732 3438 non
1751 3420 1890 3438 moventur
1904 3422 1918 3438 a
1933 3413 2026 3445 seipsis
2046 3413 2074 3437 P.

289 3444 384 3469 animal
404 3444 471 3470 sicut
497 3445 576 3478 (sicut
594 3446 689 3471 animal
710 3447 740 3479 Ρ)
761 3455 821 3472 cum
841 3448 964 3472 excitatur
982 3456 996 3472 a
1016 3456 1121 3474 somn0.
1142 3449 1184 3483 Cf.
1197 3450 1227 3474 L.
1241 3449 1271 3474 11.
1284 3457 1341 3482 cap.
1355 3449 1387 3475 32
1398 3450 1487 3483 princ.
1584 3449 1614 3474 35
1636 3450 1687 3474 Sed
1701 3457 1743 3474 om
1765 3449 1812 3474 Pd.
1897 3457 1932 3480 44
1951 3448 2061 3478 Quia...

289 3487 324 3513 47
343 3481 415 3505 orbis
435 3481 512 3506 Hm's
523 3482 679 3515 fragmenti
697 3483 728 3507 A.

345 3522 378 3541 ιο
395 3516 438 3541 via
456 3515 644 3542 efficacissima.
662 3518 791 3543 Auctor-fs
810 3526 884 3544 mens
902 3520 1053 3552 conserenti
1070 3520 1137 3544 VIII
1150 3519 1410 3553 Physicorum,1ect.
1426 3527 1447 3551 1,
1460 3522 1520 3555 fin„
1540 3522 1614 3546 clare
1627 3520 1740 3552 patebit.
2092 3553 2097 3559 ι

288 3556 377 3576 autem
390 3551 428 3577 sic
442 3559 474 3577 ex
485 3553 666 3586 suppositione
678 3554 836 3579 aeternitatis
850 3555 941 3580 mundi
954 3555 973 3580 P
989 3555 1015 3587 (α
1026 3561 1055 3580 ut
1068 3555 1175 3580 correcti
1188 3556 1291 3581 codices
1305 3556 1403 3582 habent
1414 3566 1427 3579 ι
1448 3557 1515 3582 dicit
1527 3556 1726 3584 Femur-iamin
1743 3556 1789 3588 qui
1801 3555 1928 3580 haberent
1942 3562 1993 3579 non
2009 3552 2176 3586 invemmus).

290 3585 324 3612 28
343 3587 523 3622 disiunctione]
544 3588 671 3614 divisione
689 3589 740 3614 Pa.
831 3589 860 3615 31
883 3589 988 3624 iterum]
1008 3591 1095 3616 statim
1114 3591 1185 3616 NPd.
1274 3590 1305 3624 37
1326 3600 1431 3617 causam
1446 3596 1511 3625 post
1528 3592 1639 3624 primam
1660 3599 1685 3616 α.
1769 3597 1799 3622 4¹
1823 3589 1905 3623 plura]
1925 3590 1975 3614 sint
1994 3590 2068 3629 plura
2086 3589 2135 3613 ΡΑ.

287 3622 382 3654 poterit
400 3631 426 3647 α.
510 3631 546 3657 49
565 3623 652 3658 etiam]
673 3630 759 3650 autem
779 3625 807 3656 Z,
823 3626 900 3650 etiam
920 3631 946 3651 et
964 3626 1008 3651 Pe.
1094 3626 1127 3651 50
1146 3627 1175 3652 ln
1194 3626 1215 3651 11
1234 3627 1304 3652 enim
1317 3627 1430 3661 Metaph.
1443 3627 1566 3661 ostendit]
1581 3628 1605 3652 in
1619 3627 1638 3651 11
1653 3626 1773 3658 Metaph.;
1787 3625 1900 3650 ostendit
1913 3625 1981 3649 enim
1995 3624 2029 3648 1b1
2043 3624 2086 3649 Pc.

290 3656 322 3682 55
343 3658 377 3682 sit
395 3659 473 3683 etium
492 3658 583 3692 altero]
603 3659 637 3684 sit
654 3660 737 3685 altero
755 3660 811 3691 EG,
831 3662 909 3686 etiam
928 3662 961 3686 sit
979 3662 1061 3686 altero
1079 3662 1171 3693 DWY,
1191 3663 1273 3687 altero
1292 3662 1326 3687 sit
1344 3664 1420 3688 etiam
1440 3664 1470 3689 Z.

430 3710 525 3735 Stmu
544 3710 655 3736 Com-iu
674 3711 808 3736 Gen-nm
828 3713 859 3738 D.
878 3713 994 3738 Tnonus
1013 3714 1084 3738 Tou.
1102 3714 1120 3739 1.
2325 3712 2338 3736 5

1209 3349 1243 3367 10
1261 3342 1359 3377 reduci]
1380 3343 1472 3368 deduci
1487 3344 1556 3368 GW.

1324 3386 1355 3404 22
1375 3384 1465 3404 essent
1490 3379 1516 3404 ὶη
1542 3380 1565 3404 Α
1590 3379 1678 3403 videri
1697 3382 1790 3410 posset
1812 3379 1926 3403 deletum
1953 3385 2017 3403 esse.

2163 3412 2266 3442 animal,
2280 3412 2346 3436 sicut
2366 3414 2388 3437 A
2402 3414 2488 3445 solus3

2080 3447 2198 3472 accidens
2212 3447 2272 3472 hom
2286 3455 2328 3472 om
2345 3448 2488 3474 aDNXYz.

1843 3526 1874 3544 12
1895 3518 2050 3543 aeternitatis
2069 3516 2167 3551 mundi]
2187 3518 2306 3542 novitatis
2325 3518 2414 3543 mundi
2434 3527 2486 3543 non

2262 3553 2349 3578 minus
2361 3561 2405 3579 om
2419 3554 2487 3580 ch.

2217 3588 2251 3620 43
2271 3596 2331 3613 esse
2350 3593 2415 3621 post
2433 3598 2487 3615 non

2173 3623 2204 3648 52
2220 3623 2316 3658 autem]
2328 3625 2405 3650 etiam
2415 3625 2487 3651 GPc.

2534 2061 2542 2069 '¹
2558 2060 2593 2081 Cf.
2602 2059 2742 2088 V111P11ys.,

2534 2093 2556 2113 v,
2570 2092 2601 2108 12.

2533 2172 2541 2181 ·
2557 2171 2581 2193 S.
2597 2170 2642 2193 Th.
2657 2171 2742 2200 lect.3;

2534 2197 2742 2225 Did.Lib.1a,c.n.

2523 2977 2532 2985 ·
2547 2975 2671 3004 s.·rh.1.2;
2680 2977 2734 2998 Did.

2523 3002 2560 3029 la,
2571 3009 2586 3027 ι,
2598 3008 2617 3030 5.

2522 3083 2530 3091 ·
2541 3081 2565 3103 S.
2573 3081 2617 3103 Th.
2625 3082 2641 3103 1.
2649 3088 2671 3109 9;
2678 3082 2732 3104 Did.

2521 3108 2561 3135 111,
2569 3114 2599 3135 tv,
2608 3109 2685 3136 27,28.
