2768 4134
728 286 918 324 SUMMA
947 288 1169 327 CONTRA
1198 291 1474 342 GENTILES,
1506 294 1617 332 CAP.
1638 296 1840 343 LXXVIII,
1861 299 2033 336 LXXIX.

278 375 393 423 verso
413 363 459 401 sit
477 376 570 402 casu
591 365 736 426 ordinis
764 366 932 404 bonum:
963 381 1044 406 non
1064 378 1119 406 est
1138 370 1243 408 enim
1266 383 1355 421 pos·
1411 374 1531 422 modi,
1548 383 1604 412 est
1622 376 1787 414 volitum
1801 378 1831 414 ²¹⁴.
1853 379 1931 416 Sed
1951 380 2058 417 Deus
2077 380 2246 431 intelligit
2261 382 2377 420 etiam
2395 396 2482 433 par·
2510 386 2520 394 ‘
2535 385 2592 413 0³⁹·
2607 392 2677 408 ²¹¹¹·-

279 416 387 476 S1bile
417 419 525 467 quod
554 420 684 468 al1qua
711 432 801 470 pars
829 420 1000 459 universi
1029 423 1162 461 omnia
1190 425 1355 473 particu-
1410 427 1580 465 ticularia
1594 429 1711 474 bona,
1726 438 1769 467 ut
1788 432 1934 480 supra*
1948 433 2157 481 probatum
2172 443 2238 472 est.
2259 436 2352 474 Vult
2370 436 2483 485 igitur
2510 439 2519 448 '
2534 438 2590 466 ΟΨ·
2606 444 2659 460 m·

278 471 372 507 lana
400 470 505 531 bona
532 481 745 532 componat
781 473 820 510 in
858 474 1036 512 ordinem
1074 477 1258 525 universi,
1287 479 1355 516 sed
1410 480 1526 517 etiam
1554 482 1796 530 particularia
1824 484 1938 522 bona.

279 525 361 561 sola
388 527 617 585 universalis
645 539 762 564 causa
780 527 896 565 totius
924 529 1106 578 universi,
1126 543 1227 580 quae
1247 532 1355 568 Deus
1463 534 1551 571 Hoc
1570 542 1702 572 autem
1721 537 1943 575 auctoritate
1968 539 2186 588 Scripturae
2214 542 2479 588 confirmatur,

279 585 346 624 est,
363 590 431 627 qui
450 591 522 628 per
540 592 654 617 suam
667 582 910 619 voluntatem
929 582 1014 630 agit,
1030 590 1073 620 ut
1087 583 1213 621 infra*
1227 592 1354 622 osten·
1377 598 1385 617 ⁵
1410 599 1523 635 quae,
1553 588 1705 625 Genesis
1721 601 1741 635 1,
1763 590 1813 626 ad
1840 589 1989 638 singula
2014 604 2133 641 opera
2159 596 2479 644 complacentiam

278 632 403 691 detur.
430 633 554 692 Quod
578 641 710 693 autem
730 634 828 671 ordo
849 635 1020 673 universi
1040 636 1086 674 sit
1104 637 1278 683 casualis,
1299 646 1355 675 est
1409 640 1564 678 divinae
1583 642 1791 679 voluntatis
1819 644 1996 691 ostendit,
2017 645 2163 683 dicens:
2192 649 2286 685 Vidit
2303 650 2406 687 Deus
2424 651 2478 687 Iu-

278 685 533 745 lmpossibile:
564 698 656 735 quia
684 696 911 737 sequeretur
938 690 1046 739 quod
1074 692 1199 728 multo
1232 691 1354 740 magis
1409 706 1490 730 cem
1511 696 1611 743 quod
1627 701 1717 732 esset
1735 697 1847 742 hona,
1868 704 1904 733 et
1923 697 2095 735 similiter
2112 700 2160 736 de
2181 700 2261 737 aliis
2282 702 2477 751 operibus,

278 739 351 775 aha
364 746 579 788 posteriora
594 748 721 778 essent
735 753 838 779 casu.
858 743 1105 792 Relinquitur
1118 743 1231 793 igitur
1245 745 1353 793 quod
1409 754 1446 784 et
1473 755 1609 796 postea
1636 748 1685 785 de
1714 749 1898 787 omnibus
1926 750 2057 788 simul:
2098 753 2190 789 Vidit
2217 755 2318 791 Deus
2346 763 2478 793 cuncta

277 791 386 829 Deus
413 792 531 830 etiam
559 793 708 842 singula
735 795 934 833 bonorum
962 798 1055 833 vult.
1409 813 1505 849 quae
1521 801 1683 849 fecerat,
1713 808 1747 839 et
1774 810 1882 840 erant
1909 804 2017 841 valde
2044 807 2155 842 bona.

329 845 484 884 Adhuc.
515 847 674 885 Bonum
695 847 942 895 intellectum,
963 849 1199 899 inquantum
1219 851 1353 888 huius·
1369 869 1395 884 10

2406 314 2476 340 221

37 576 47 587 ·
65 575 116 598 Lib.
134 575 163 603 11,
181 581 231 604 mp.

36 608 104 625 xxm.

29 1237 44 1266 .‘
57 1235 95 1259 Cf.
112 1236 246 1268 comment.

28 1267 85 1292 up.
94 1269 171 1291 ωτι,
181 1267 231 1286 mn.

8 3082 19 3099 ν
30 3082 42 3104 ·.
53 3082 150 3113 cmg„
158 3091 182 3112 v,
194 3084 228 3107 ¹6.

332 960 346 986 5
367 966 395 986 ut
413 961 479 986 infra
497 962 652 987 ostendetur
669 970 712 988 om
732 963 785 988 ΝΖ.

329 1004 348 1028 4
366 1002 454 1022 autem
473 1005 516 1022 om
536 998 578 1023 ab.
669 1005 685 1031 7
705 1003 731 1023 et
749 1005 793 1023 om
813 998 875 1024 αΡε.
966 998 983 1023 8
1003 1004 1029 1024 et
1047 1007 1089 1024 om
1110 1000 1225 1026 EGWY.

1047 1088 1384 1124 commentaria
1408 1091 1718 1126 Ferrariensis

317 1194 444 1216 ncuuno
467 1185 543 1215 loco
568 1183 760 1215 determinat
783 1184 920 1216 Sanctus
944 1185 1089 1217 Thomas
1119 1187 1159 1218 de
1187 1188 1289 1219 modo
1314 1198 1352 1219 ex
1378 1197 1380 1239 μ
1406 1189 1568 1221 ordinem:
1594 1192 1669 1231 quia
1692 1191 1745 1222 ille
1769 1191 1929 1223 secundus
1953 1198 2001 1223 est
2023 1199 2156 1234 propter
2182 1195 2333 1234 primum,
2357 1200 2394 1226 ut
2421 1196 2476 1226 ha-

389 1239 407 1260 e
429 1229 523 1260 voliti
546 1238 580 1260 se
603 1234 735 1260 tenente
751 1230 778 1260 “.

330 1274 374 1305 Et
395 1274 491 1315 ponit
513 1273 597 1305 hanc
621 1273 883 1305 conclusionem:
900 1274 990 1305 Deus
1013 1276 1083 1306 vult
1098 1276 1167 1307 alia
1182 1276 1268 1307 bona
1285 1286 1350 1308 non

274 1318 458 1362 {gutum-ia
482 1318 624 1359 quadam
649 1318 903 1355 universalitate,
929 1319 1121 1360 inquantum
1145 1322 1215 1352 vult
1236 1331 1271 1352 se
1286 1331 1353 1352 esse

267 1362 469 1405 principium
493 1362 653 1393 bonorum
684 1372 768 1404 quae
797 1363 838 1394 ab
869 1363 938 1404 ipso
962 1369 1104 1404 possunt
1129 1364 1272 1405 effluere,
1297 1365 1353 1397 sed

273 1407 372 1439 etiam
396 1408 429 1438 in
448 1407 669 1448 particulari:
691 1417 751 1438 nec
772 1408 835 1439 hoc
858 1408 927 1439 eius
956 1409 1156 1450 simplicitati
1179 1415 1351 1452 repugnat.

280 1462 283 1463 ⁷
328 1451 495 1483 Probatur
511 1452 634 1493 primo.
658 1452 751 1483 Velle
782 1458 830 1483 est
861 1452 1042 1484 secundum
1075 1455 1352 1494 comparationem

273 1494 413 1528 volentis
435 1496 476 1527 ad
499 1506 568 1527 rem
590 1496 735 1527 volitatu.
761 1497 825 1528 Sed
848 1497 955 1528 divina
979 1498 1166 1538 simplicitas
1189 1508 1258 1529 non
1277 1509 1352 1540 pro-

272 1542 362 1573 hibet
385 1542 466 1582 quin
494 1542 591 1572 etiam
622 1540 662 1572 ad
692 1541 794 1572 multa
827 1542 999 1582 singularia
1027 1544 1207 1583 comparari
1237 1544 1351 1584 possit:

273 1595 350 1618 cum
381 1586 506 1617 dicatur
537 1586 700 1626 optimum
725 1591 756 1616 et
779 1587 922 1626 primum
945 1587 1042 1617 etiam
1072 1593 1221 1628 respectu
1244 1589 1352 1628 singu-

271 1631 399 1663 larium.
424 1631 511 1672 Ergo
537 1636 597 1661 etc.

280 1681 282 1683 ’
329 1674 488 1707 secundo.
520 1675 597 1706 Non
621 1675 729 1705 solum
755 1675 945 1706 universitas
975 1676 1151 1712 bonorum,
1176 1676 1233 1707 sed
1256 1677 1352 1707 etiam

271 1720 438 1762 singulum
460 1721 626 1751 bonorum
649 1726 668 1750 ‘a
690 1720 835 1750 bonitate
865 1720 974 1751 divina
1003 1721 1182 1752 bonitatem
1211 1722 1352 1758 sortitur,

271 1765 357 1797 sicut
371 1771 403 1796 et
419 1774 498 1796 esse.
515 1765 604 1806 Ergo
621 1770 681 1795 etc.
693 1783 716 1787 -
732 1764 823 1795 Patet
839 1766 1084 1806 consequentia.
1101 1765 1188 1804 Quia
1203 1765 1354 1796 voluntas

1406 1235 1499 1265 betur
1514 1235 1572 1265 XII
1589 1236 1742 1276 Metaph„
1759 1242 1834 1266 text.
1854 1237 1905 1267 52.
2318 1249 2320 1251 ·

1461 1278 1601 1310 Adverte
1625 1280 1716 1320 quod
1738 1281 1844 1321 inquit
1874 1281 2009 1312 Sanctus
2031 1282 2175 1314 Thomas
2207 1283 2324 1320 Deum,
2349 1293 2387 1315 ex
2411 1284 2475 1315 hoc

1406 1323 1497 1363 quod
1519 1324 1588 1354 vult
1611 1333 1645 1355 se
1668 1330 1705 1355 ut
1728 1330 1775 1355 est
1797 1324 1880 1362 finis,
1904 1326 1986 1356 velle
2019 1326 2079 1357 alia
2109 1336 2192 1367 quae
2223 1327 2412 1359 ordinantur
2441 1329 2474 1359 in

1405 1368 1527 1407 ipsum:
1553 1369 1629 1408 quia
1655 1369 1820 1400 causalitas
1852 1369 1935 1406 finis,
1959 1375 1995 1400 ut
2018 1380 2114 1411 supra
2129 1372 2146 1388 ⁴*
2169 1370 2291 1402 dictum
2315 1378 2371 1409 est,
2397 1382 2475 1403 con-

1405 1412 1485 1442 sistit
1508 1412 1542 1442 in
1565 1413 1630 1443 hoc
1652 1418 1689 1444 ut
1711 1419 1844 1454 propter
1866 1415 1975 1454 ipsum
1997 1415 2057 1445 alia
2076 1415 2303 1447 desiderentur.
2328 1416 2432 1453 Unde,
2449 1418 2475 1447 si

1406 1456 1494 1487 Deus
1517 1456 1614 1487 vellet
1644 1467 1677 1488 se
1708 1458 1864 1494 absolute,
1887 1468 1955 1489 non
1979 1464 2087 1490 autem
2115 1465 2153 1490 ut
2182 1470 2311 1491 causam
2333 1461 2473 1498 finalem,

1405 1509 1475 1530 non
1498 1501 1593 1531 vellet
1616 1501 1677 1532 alia
1699 1506 1831 1542 propter
1854 1503 2006 1543 seipsum.
2030 1503 2117 1541 Quia
2139 1510 2247 1535 autem
2269 1505 2338 1536 vult
2357 1515 2392 1536 se
2415 1506 2474 1536 sub

1405 1545 1530 1576 ratione
1554 1555 1668 1576 causae
1692 1545 1806 1582 finalis,
1822 1546 1896 1577 ideo
1917 1553 1948 1577 et
1967 1547 2028 1578 alia
2043 1553 2175 1588 propter
2193 1550 2335 1589 seipsum
2350 1550 2428 1580 vult.

1460 1588 1599 1625 Quarto.
1614 1590 1647 1620 Si
1662 1590 1751 1620 Deus
1766 1600 1834 1621 non
1846 1591 1915 1621 vult
1931 1592 2054 1632 singula
2070 1592 2156 1623 bona
2168 1602 2206 1623 ex
2219 1594 2335 1633 quibus
2351 1600 2475 1625 constat

1406 1634 1603 1670 universum,
1620 1634 1745 1665 bonum
1762 1634 1882 1665 ordinis
1905 1637 2043 1666 universi
2061 1637 2118 1666 erit
2134 1647 2152 1667 a
2168 1647 2253 1668 casu.
2274 1638 2348 1668 Hoc
2368 1644 2475 1669 autern

1407 1683 1454 1708 est
1477 1678 1690 1718 impossibile:
1717 1679 1792 1719 quia
1815 1679 1919 1709 multo
1944 1681 2044 1720 magis
2067 1681 2128 1711 alia
2142 1683 2321 1722 posteriora
2337 1688 2442 1713 essent
2457 1693 2475 1713 a

1407 1731 1493 1752 casu.
1512 1741 1535 1744 —
1551 1723 1709 1754 Probatur
1729 1724 1971 1764 consequentia.
1994 1724 2070 1755 Non
2087 1731 2134 1755 est
2149 1726 2302 1766 possibile
2318 1731 2354 1757 ut
2369 1727 2476 1767 aliqua

1405 1776 1478 1807 pars
1494 1768 1635 1797 universi
1650 1768 1761 1798 omnia
1776 1768 1977 1808 particularia
1992 1769 2079 1799 bona
2091 1775 2268 1810 componat
2283 1771 2317 1801 in
2329 1770 2475 1802 ordinem

271 1808 381 1842 divina
410 1809 451 1841 ad
480 1809 541 1841 alia
572 1814 779 1850 comparatur
804 1809 1001 1850 inquantum
1026 1811 1220 1851 participant
1246 1809 1353 1841 divina
1406 1811 1556 1842 universi.
1588 1811 1684 1852 Ergo,
1709 1813 1735 1842 si
1758 1822 1866 1853 neque
1890 1822 1985 1843 causa
2007 1814 2205 1851 universalis,
2229 1824 2312 1855 quae
2339 1824 2397 1856 per
2418 1826 2476 1846 vo-

270 1855 426 1887 bonitate.
896 1883 898 1885 .

331 1900 452 1931 Tertio.
466 1899 556 1930 Deus
568 1899 637 1930 vult
649 1899 775 1929 bonum
788 1897 909 1929 ordinis
921 1899 1021 1929 totius
1033 1899 1175 1930 universi
1186 1899 1219 1930 in
1232 1899 1350 1940 ipsum,

272 1949 305 1976 et
327 1944 454 1975 bonum
478 1943 599 1974 ordinis
622 1943 764 1974 universi
786 1942 968 1973 secundum
987 1948 1094 1984 partes
1115 1953 1188 1974 suas
1207 1942 1247 1974 ad
1270 1944 1351 1974 invi-

1405 1855 1563 1886 luntatem
1587 1857 1660 1896 agit,
1685 1866 1723 1887 ea
1746 1862 1932 1897 componat,
1957 1858 2015 1888 erit
2039 1857 2119 1889 ordo
2142 1859 2195 1889 ille
2219 1869 2237 1889 a
2261 1869 2346 1890 casu.

1465 1900 1596 1936 Quinto.
1622 1901 1710 1931 Deus
1733 1901 1880 1941 intelligit
1903 1903 1999 1932 etiarn
2022 1903 2223 1942 particularia
2252 1904 2351 1934 bona:
2384 1905 2476 1935 intel-

1404 1944 1491 1975 lectu
1510 1944 1631 1975 scilicet
1649 1946 1801 1985 practico.
1818 1946 1904 1986 Ergo
1918 1952 1977 1976 etc.
1992 1964 2013 1968 -
2028 1947 2117 1977 Patet
2133 1949 2372 1987 consequentia.
2390 1948 2475 1986 Quia

272 1998 354 2020 cem.
380 1989 467 2030 Ergo
484 1994 544 2019 etc.
561 2006 584 2010 —
599 1988 690 2018 Patet
711 1988 954 2027 consequentia.
980 1987 1066 2026 Quia
1086 1988 1212 2018 bonum
1229 1987 1350 2018 ordinis
1404 1989 1529 2019 bonum
1553 1989 1763 2025 intellectum,
1787 1990 1981 2030 inquantum
2005 1991 2201 2027 huiusmodi,
2219 1997 2266 2022 est
2281 1992 2428 2022 volitum.

272 2033 419 2064 consistit
434 2034 468 2064 in
484 2032 618 2073 singulis
630 2032 766 2063 bonis.-
776 2031 981 2062 Antecedens
993 2041 1071 2063 vero
1084 2033 1250 2072 probatur.
1263 2031 1350 2070 Quia

271 2077 371 2114 Deus,
396 2087 435 2108 ex
458 2078 522 2108 hoc
546 2076 638 2118 quod
652 2077 722 2107 vult
737 2085 772 2107 se
787 2081 824 2107 ut
839 2081 888 2107 est
901 2075 986 2113 finis,
1003 2077 1072 2107 vult
1088 2076 1148 2107 alia
1163 2085 1247 2117 quae
1264 2075 1350 2107 ordi-

1461 2032 1692 2063 Cournumrnn
1709 2039 1817 2064 autem
1831 2034 1964 2065 Genesis
1976 2035 2082 2075 primo
2095 2036 2209 2075 capite,
2222 2036 2278 2066 ubi
2294 2035 2334 2066 ad
2349 2037 2474 2077 singula

1403 2086 1502 2117 opera
1527 2078 1763 2117 complacentia
1786 2078 1912 2109 divinae
1928 2079 2102 2109 voluntatis
2124 2079 2304 2111 ostenditur
2326 2090 2402 2111 cum
2426 2080 2473 2111 di-

270 2128 390 2153 nantur
412 2123 445 2153 in
470 2123 578 2163 ipsum
603 2127 639 2152 ut
661 2122 696 2152 in
719 2120 833 2152 finem:
859 2121 950 2161 quod
973 2122 1113 2162 pertinet
1140 2121 1180 2151 ad
1207 2121 1350 2162 primum
1405 2122 1496 2157 citur,
1523 2122 1607 2152 Vidit
1628 2123 1718 2153 Deus
1749 2123 1850 2154 lucem
1875 2123 1962 2163 quod
1989 2129 2069 2154 esset
2091 2124 2186 2159 bona,
2212 2130 2243 2154 et
2272 2125 2317 2155 sic
2341 2124 2381 2155 de
2404 2125 2472 2155 aliis

272 2166 420 2198 ordinem
437 2167 587 2198 universi.
612 2166 653 2197 Et
676 2175 734 2207 per
750 2175 956 2206 consequens
971 2165 1040 2196 vult
1057 2166 1153 2196 etiam
1169 2165 1349 2196 secundum
1373 2153 1378 2206 Ι

1403 2166 1580 2206 operibus3'
1596 2172 1627 2197 et
1650 2172 1762 2207 postea
1779 2166 1818 2197 de
1835 2168 1987 2198 omnibus
2010 2168 2115 2203 simul,
2138 2168 2222 2199 Vidit
2236 2169 2325 2202 Deus
2346 2173 2471 2200 cuncta.

593 2443 1077 2500 CAPITULUM
1114 2443 1834 2500 SEPTUAGESIMUM
1870 2428 2155 2500 NONUM

1145 2571 1174 2601 A
1211 2570 1250 2601 23
1264 2581 1283 2599 v
1318 2570 1370 2609 b4
1406 2571 1475 2601 sine
1498 2571 1604 2601 titulo.

467 2669 657 2723 QUOD
702 2670 880 2712 DEUS
925 2670 1107 2712 VULT
1150 2670 1361 2710 ETIAM
1405 2668 1492 2710 EA
1537 2668 1723 2721 QUAE
1766 2667 2057 2709 NONDUM
2103 2667 2278 2708 SUNT

326 2834 335 2838 <
366 2822 478 2858 μιν-χι
497 2817 629 2847 autem
648 2809 746 2846 velle
766 2816 822 2846 est
840 2821 912 2858 per
930 2807 1263 2858 comparationem
1277 2820 1346 2844 vo-

284 2862 342 2906 ,ζ
355 2851 460 2917 ”Ξ3·ζ
481 2862 592 2900 lentis
611 2862 660 2899 ad
679 2861 856 2909 volitum,
876 2862 972 2898 forte
1002 2861 1115 2899 alicui
1142 2869 1268 2910 potest
1291 2860 1346 2897 vi-

409 2910 457 2961 '32
483 2915 564 2953 deri
593 2915 702 2965 quod
730 2916 838 2952 Deus
867 2927 948 2952 non
966 2914 1058 2951 velit
1084 2914 1157 2951 nisi
1181 2926 1226 2951 ea
1246 2926 1346 2963 quae

297 2965 388 2999 «⁰⁰⁵
419 2968 454 3002 εἰ)
483 2977 587 3006 sunt:
618 2980 712 3006 nam
740 2967 898 3005 relativa
927 2975 1079 3017 oportet
1111 2967 1227 3004 simul
1250 2979 1345 3012 esse,

272 3020 326 3071 et,
341 3036 423 3062 uno
451 3022 696 3071 interempto,
724 3019 955 3058 interimitur
981 3022 1158 3066 alterum,
1187 3028 1230 3057 ut
1258 3019 1347 3057 Phi-

272 3077 462 3128 losophus
490 3076 604 3114 docet
621 3075 652 3112 ²⁸.
684 3074 725 3112 Si
753 3074 865 3123 igitur
892 3075 989 3111 velle
1018 3082 1073 3111 est
1100 3086 1171 3123 per
1189 3085 1347 3123 compa-

273 3131 464 3169 rationem
491 3128 655 3167 volentis
683 3128 732 3165 ad
761 3128 938 3174 volitum,
959 3128 1088 3164 nullus
1106 3135 1232 3176 potest
1250 3127 1347 3164 velle

273 3184 347 3222 nisi
376 3197 422 3222 ea
449 3195 551 3233 quae
580 3189 680 3220 sunt.

328 3239 541 3275 Praeterea.
579 3236 756 3274 Voluntas
784 3234 923 3272 dicitur
950 3233 999 3271 ad
1027 3233 1156 3277 volita,
1187 3233 1284 3270 sicut
1312 3240 1348 3269 et

273 3304 389 3330 causa
417 3298 455 3327 et
482 3296 640 3327 creator.
679 3289 773 3326 Non
801 3295 932 3325 autern
960 3294 1086 3336 potest
1122 3285 1196 3323 dici
1231 3285 1347 3323 etiam
1363 3306 1388 3320 10

274 3345 382 3382 Deus
401 3344 573 3390 Creator,
589 3343 649 3380 vel
665 3341 872 3388 Dominus,
892 3341 956 3377 vel
974 3340 1096 3386 Pater,
1117 3338 1190 3376 nisi
1210 3351 1347 3376 eorum

274 3410 376 3447 quae
414 3405 515 3434 sunt.
554 3397 656 3445 Ergo
693 3407 766 3432 nec
802 3402 927 3444 potest
963 3392 1039 3430 dici
1066 3393 1164 3430 velle
1196 3391 1269 3429 nisi
1302 3404 1348 3428 ea

247 3490 251 3493 ,
275 3463 376 3501 quae
405 3458 506 3487 sunt.

330 3572 344 3589 2
364 3569 452 3598 potest
469 3562 519 3597 (ex
537 3562 626 3596 poss)]
652 3566 744 3596 posset
761 3561 815 3586 NZ.

277 3607 310 3626 lo
328 3599 408 3625 etiam
422 3603 488 3632 post
506 3599 578 3624 Deus
597 3598 656 3628 aed,
676 3605 736 3623 esse
755 3597 826 3622 Deus
845 3596 896 3629 pY,
915 3596 986 3620 Deus
1006 3602 1065 3620 esse
1083 3594 1113 3619 P.

330 3642 342 3661 ι
363 3635 464 3669 posset}
484 3634 569 3668 possit
587 3634 635 3665 aE,
659 3638 749 3666 potest
766 3636 831 3665 post
849 3631 958 3657 ulterius
981 3631 1012 3656 Z.

274 3671 403 3701 DGNYz,
422 3671 490 3702 Quia
507 3671 567 3696 ideo
585 3670 628 3700 W,
647 3669 715 3694 Nam
733 3668 792 3694 ideo
811 3668 889 3698 oech,
907 3667 965 3692 Non
983 3667 1041 3691 ideo
1060 3665 1090 3691 E.

903 3559 916 3585 5
937 3559 970 3593 et]
991 3564 1018 3584 ut
1036 3559 1081 3589 Pe:
1099 3558 1158 3584 ideo
1171 3558 1332 3583 interimatur
1347 3558 1375 3583 Ρ.

1204 3600 1236 3618 1²
1256 3601 1304 3618 nec
1322 3594 1345 3618 Α
1357 3594 1443 3623 solus;
1463 3601 1524 3618 non.

1103 3630 1115 3654 5
1137 3629 1169 3654 ad
1187 3628 1251 3654 haec
1274 3630 1297 3654 A
1321 3629 1406 3659 solus:
1433 3629 1465 3654 ad
1491 3629 1548 3654 hoc.

1456 2807 1514 2844 Ex
1543 2807 1618 2843 hoc
1647 2813 1778 2843 autem
1806 2813 1935 2855 posset
1963 2805 2120 2842 ulterius
2149 2804 2337 2851 concludi,
2358 2804 2389 2842 si
2414 2805 2470 2842 di-

1402 2859 1541 2897 vinum
1569 2861 1665 2897 velle
1695 2867 1750 2896 est
1778 2858 2012 2904 invariabile,
2042 2858 2138 2895 sicut
2166 2866 2202 2894 et
2230 2870 2344 2895 suum
2374 2870 2467 2901 esse,

1403 2921 1440 2950 et
1467 2925 1548 2950 non
1576 2914 1658 2950 vult
1686 2912 1758 2949 nisi
1786 2924 1832 2949 ea
1859 2924 1959 2961 quae
1993 2920 2079 2948 actu
2112 2919 2211 2957 sunt,
2240 2911 2348 2960 quod
2376 2910 2470 2947 nihil

1403 2966 1494 3003 velit
1521 2966 1629 3015 quod
1657 2978 1739 3003 non
1767 2977 1922 3014 semper
1949 2964 2005 3001 sit.

1457 3019 1601 3056 Dicunt
1629 3027 1760 3056 autem
1787 3019 1836 3055 ad
1865 3019 1961 3055 haec
1989 3017 2149 3067 quidam
2177 3017 2285 3066 quod
2304 3028 2349 3053 ea
2368 3028 2468 3066 quae

1403 3085 1485 3110 non
1504 3080 1594 3109 sunt
1613 3072 1651 3109 in
1671 3071 1815 3122 seipsis,
1837 3079 1925 3109 sunt
1943 3071 1983 3108 in
2002 3071 2086 3108 Deo
2107 3078 2143 3107 et
2162 3070 2201 3107 in
2221 3069 2302 3106 eius
2326 3069 2468 3106 intelle-

1403 3134 1479 3163 ctu.
1510 3126 1622 3163 Unde
1648 3125 1743 3162 nihil
1765 3124 1944 3174 prohibet
1963 3123 2075 3160 etiam
2098 3135 2143 3160 ea
2161 3135 2261 3172 quae
2281 3134 2361 3159 non
2380 3130 2468 3159 sunt

1403 3178 1443 3216 in
1462 3179 1607 3228 seipsis,
1624 3179 1754 3215 Deum
1768 3179 1865 3215 velle
1881 3177 2098 3214 secundum
2113 3176 2220 3225 quod
2239 3175 2279 3212 in
2299 3188 2345 3212 eo
2366 3183 2466 3212 sunt.

1457 3233 1545 3269 Hoc
1581 3239 1711 3269 autem
1750 3243 1830 3268 non
1858 3230 2010 3267 videtur
2046 3229 2278 3266 sufficienter
2307 3228 2465 3265 dictum.

1402 3285 1508 3322 Nam
1537 3284 1755 3322 secundum
1790 3285 1865 3320 hoc
1892 3282 2029 3320 dicitur
2056 3281 2214 3331 quilibet
2240 3282 2375 3318 volens
2403 3281 2467 3318 ali-

1403 3338 1498 3387 quid
1526 3339 1635 3384 velle,
1666 3338 1773 3387 quod
1801 3338 1980 3374 voluntas
2008 3348 2085 3372 sua·
2110 3335 2269 3372 refertur
2295 3334 2346 3371 ad
2372 3333 2467 3372 voli-

1402 3399 1500 3428 tum.
1531 3391 1571 3428 Si
1604 3391 1716 3439 igitur
1742 3390 1873 3427 divina
1905 3390 2083 3426 voluntas
2114 3400 2195 3424 non
2227 3387 2386 3424 refertur
2417 3387 2469 3425 ad

1402 3444 1567 3481 volitum
1586 3444 1695 3493 quod
1714 3455 1795 3480 non
1815 3450 1870 3479 est
1888 3441 1960 3479 nisi
1984 3441 2201 3478 secundum
2219 3440 2328 3489 quod
2347 3448 2402 3477 est
2427 3440 2467 3478 in

1459 3566 1475 3591 9
1495 3558 1631 3583 Praeterea
1650 3557 1707 3587 NZ;
1727 3556 1855 3588 Amplius.
1942 3559 1967 3579 et
1986 3553 2072 3587 causa]
2092 3559 2117 3578 et
2135 3559 2251 3578 creatura
2269 3554 2295 3583 d,
2309 3558 2425 3578 creatura
2439 3554 2468 3579 Ρ.

1639 3635 1655 3660 7
1675 3627 1752 3652 etiam
1771 3627 1794 3651 A
1812 3626 1897 3656 solus;
1921 3632 1974 3650 om.
2066 3632 2098 3650 ιο
2117 3624 2183 3650 Nam
2206 3625 2229 3649 Α
2247 3624 2332 3654 solus3
2357 3624 2390 3649 Et
2407 3624 2468 3650 ideo

2502 1375 2511 1383 '¹
2527 1373 2584 1401 Cap.
2597 1379 2665 1395 μιν.
