2768 4134
289 309 362 344 322

284 385 437 426 eo,qubd
462 390 492 414 et
515 384 622 414 omnis
652 383 784 413 materia
815 381 991 422 corporalis
1020 382 1058 411 ab
1083 390 1123 411 eo
1147 379 1355 420 producatur,

283 430 426 470 sequitur
442 427 532 468 quod
548 428 658 458 omnia
674 436 732 467 per
747 436 780 457 se
796 426 1010 466 producibilia
1026 425 1194 466 producat.
1218 424 1259 454 Et
1280 424 1356 464 quia

283 473 458 504 accidentia
482 472 691 502 substantiam
724 475 983 511 consequuntur,
1008 469 1082 500 ideo
1114 474 1145 500 et
1175 469 1244 509 ipsa
1272 468 1356 499 acci—

282 518 397 553 dentia,
422 525 505 556 quae
529 515 720 546 secundario
744 515 979 556 producuntur,
1005 514 1165 554 producit.
1190 513 1231 543 Et
1255 513 1300 543 sic
1316 512 1355 543 ad

282 562 390 591 omnia
414 559 627 600 producibilia
651 570 685 590 se
710 559 852 590 extendit
875 559 1032 589 absolute.

338 615 366 635 2.
384 604 446 635 Sed
463 605 603 635 occurrit
619 604 756 635 dubium
772 605 856 634 circa
872 603 904 634 id
921 603 1011 643 quod
1034 603 1160 638 dicitur,
1186 601 1354 641 quoniam,

280 650 308 680 si
324 650 426 680 virtus
444 659 507 690 per
522 649 628 679 media
638 649 847 689 produceret,
860 653 972 688 posset
988 647 1168 688 provenire
1184 645 1356 676 diversitas

280 703 321 724 ex
338 698 436 734 parte
459 693 640 724 mediarum
659 703 845 723 causarum.
871 692 904 723 Si
921 693 1007 723 enim
1024 692 1123 721 virtus
1139 691 1180 720 sit
1195 689 1235 720 ad
1250 699 1355 720 unum

279 747 380 778 genus
404 737 658 777 producibilium
675 737 895 773 determinata,
914 741 1217 778 quantumcumque
1234 743 1292 774 per
1307 733 1355 765 di-

279 792 367 812 versa
384 782 490 812 media
507 787 668 822 operetur,
685 791 854 822 nunquam
871 781 991 822 poterit
1006 780 1066 811 nisi
1090 780 1124 810 in
1140 778 1220 809 illud
1236 788 1352 819 genus:

279 827 360 857 sicut
388 825 602 862 domificator,
626 826 702 857 licet
732 826 863 856 diversis
894 831 1002 856 utatur
1031 824 1262 860 instrumentis,
1286 833 1354 854 non

278 878 385 901 tamen
409 870 561 911 producit
583 871 645 901 nisi
669 870 815 901 domum.
841 870 927 910 Ergo
951 879 1019 900 non
1043 874 1150 909 potest
1164 869 1265 899 virtus
1286 877 1355 899 esse

279 926 317 946 ex
340 925 374 946 se
398 916 438 946 ad
462 925 565 946 unum
589 914 741 946 effectum
766 915 985 950 determinata,
1011 919 1042 944 et
1070 919 1181 944 tamen
1211 913 1354 944 diversos

279 960 411 991 effectus
434 970 502 991 non
525 960 585 990 sub
609 960 666 990 illo
690 965 863 991 contentos
886 958 1077 999 producere.

332 1004 561 1045 Respondetur
577 1004 668 1045 quod
683 1014 751 1035 non
768 1004 837 1034 vult
854 1003 959 1034 dicere
976 1003 1113 1034 Sanctus
1130 1003 1276 1033 Thomas
1292 1003 1355 1033 vir-

278 1055 379 1080 tutem
397 1059 479 1090 quae
497 1054 544 1079 est
559 1059 598 1080 ex
614 1058 648 1079 se
664 1048 704 1080 ad
720 1059 824 1080 unum
842 1047 995 1079 effectum
1011 1047 1232 1084 determinata,
1245 1057 1353 1088 posse,

277 1099 409 1134 propter
425 1093 640 1124 diversitatem
657 1103 826 1124 causarum
842 1093 1032 1129 mediarum,
1045 1093 1079 1123 in
1095 1092 1204 1132 plures
1221 1091 1354 1122 effectus

277 1138 452 1169 formaliter
476 1138 644 1169 distinctos
666 1139 700 1168 in
725 1138 849 1168 ratione
879 1137 1093 1178 producibilis
1123 1142 1160 1168 ut
1187 1136 1227 1167 ad
1250 1137 1353 1177 ipsam

276 1183 427 1213 virtutem
450 1182 647 1214 referuntur:
673 1182 730 1214 sed
760 1182 851 1223 quod
880 1187 988 1223 potest
1017 1183 1051 1212 in
1081 1182 1190 1222 plures
1221 1180 1354 1212 effectus

276 1227 452 1258 formaliter
475 1227 643 1258 distinctos
659 1233 695 1258 ut
710 1228 743 1258 in
764 1228 849 1268 ipsas
873 1237 984 1258 causas
1007 1226 1130 1258 medias
1154 1225 1352 1263 referuntur;

277 1273 333 1313 qui
356 1277 474 1308 tamen,
499 1277 536 1303 ut
563 1273 596 1303 in
625 1272 729 1313 ipsam
759 1272 961 1312 superiorem
985 1271 1137 1302 virtutem
1160 1270 1352 1307 referuntur,

276 1317 479 1347 materialiter
494 1321 620 1348 tantum
637 1316 887 1357 distinguuntur.
905 1316 1041 1347 Obiecta
1058 1316 1145 1346 enim
1161 1315 1353 1346 inferiorum

276 1362 504 1402 potentiarum,
521 1361 547 1391 si
563 1361 603 1391 ad
619 1361 703 1402 ipsas
718 1360 887 1392 inferiores
903 1361 1066 1401 potentias
1082 1360 1270 1396 referantur,
1288 1359 1353 1390 for-

276 1406 400 1436 maliter
423 1405 678 1446 distinguuntur3
703 1406 907 1436 materialiter
922 1410 1032 1436 autem
1048 1405 1073 1435 si
1090 1405 1130 1436 ad
1150 1405 1353 1445 superiorem

276 1451 454 1491 potentiam
477 1449 670 1487 referantur;
702 1451 786 1481 sicut
815 1450 908 1481 color
931 1456 963 1481 et
993 1459 1103 1486 sonus,
1128 1449 1169 1480 ad
1191 1450 1298 1480 visum
1322 1455 1354 1480 et

276 1494 423 1526 auditum
454 1501 654 1535 comparata,
679 1494 857 1526 formaliter
889 1494 1131 1535 distinguuntur
1164 1495 1198 1525 in
1229 1495 1354 1525 ratione

276 1540 412 1575 obiecti;
437 1545 472 1570 ut
496 1545 605 1570 autem
621 1539 662 1570 ad
677 1549 808 1570 sensum
829 1549 1041 1570 communem
1065 1538 1258 1576 referuntur,
1275 1548 1353 1570 con-

276 1585 410 1615 veniunt
434 1585 466 1614 in
491 1594 556 1614 una
579 1585 702 1615 ratione
727 1583 855 1614 formali
872 1584 1001 1621 obiecti,
1019 1590 1050 1614 et
1065 1584 1270 1615 materialiter
1284 1589 1354 1614 tan-

276 1635 346 1659 tum
370 1628 621 1668 distinguuntur.

333 1673 425 1703 Mens
449 1682 525 1713 ergo
551 1672 659 1703 Sancti
683 1673 833 1703 Thomae
860 1678 908 1704 est
936 1672 1037 1713 quod,
1062 1673 1087 1702 si
1118 1673 1226 1713 aliqua
1254 1673 1354 1703 virtus

276 1717 461 1749 immediate
485 1716 644 1757 producat
667 1718 759 1757 plura
775 1717 991 1757 producibilia
1006 1717 1183 1748 formaliter
1206 1716 1355 1748 distincta

277 1761 458 1793 secundum
481 1762 620 1792 rationes
643 1761 865 1802 producibilis,
890 1772 974 1802 quae
997 1762 1030 1792 in
1054 1761 1142 1792 nulla
1171 1762 1355 1802 particulari

276 1807 400 1837 ratione
423 1805 633 1846 producibilis
658 1807 863 1843 conveniant,
888 1807 942 1837 illa
964 1816 1032 1837 non
1061 1806 1292 1837 determinatur
1315 1806 1355 1837 ad

277 1850 409 1891 aliquod
426 1860 529 1880 unum
546 1850 735 1891 particulare
758 1860 861 1891 genus
885 1850 1152 1891 producibilium:
1179 1851 1254 1890 quia
1276 1857 1354 1881 tunc

276 1905 344 1925 non
369 1900 598 1934 comparantur
628 1895 755 1925 obiecta
785 1896 845 1925 nisi
875 1895 914 1925 ad
943 1896 1046 1935 ipsam
1076 1895 1238 1925 virtutem.
1265 1894 1353 1930 Ideo,

276 1940 359 1970 sicut
381 1940 414 1969 in
438 1939 527 1969 nulla
550 1939 733 1979 particulari
757 1940 881 1969 ratione
906 1939 1117 1980 producibilis
1141 1939 1352 1975 conveniunt,

275 1984 318 2013 ita
333 1984 402 2023 ipsa
418 1984 517 2013 virtus
533 1993 601 2013 non
622 1982 813 2013 determinat
837 1984 897 2013 sibi
922 1993 1025 2014 unum
1047 1983 1239 2023 particulare
1263 1983 1353 2014 obie-

276 2033 365 2058 ctum
381 2027 601 2067 producibilis.
623 2027 656 2058 Si
673 2033 782 2058 autem
799 2033 906 2067 ageret
925 2028 1035 2064 virtus,
1052 2027 1268 2058 mediantibus
1284 2028 1353 2058 aliis

275 2072 388 2108 causis,
413 2071 505 2112 plura
528 2081 646 2112 genera
669 2071 924 2112 producibilium
948 2071 1126 2103 formaliter
1144 2071 1302 2109 distincta,
1319 2072 1352 2103 in

274 2116 363 2148 nulla
385 2115 568 2156 particulari
600 2117 724 2147 ran'one
755 2115 966 2157 producibilis
998 2117 1225 2148 convenientia
1253 2122 1290 2147 ut
1312 2115 1353 2147 ad

275 2170 384 2191 causas
414 2159 536 2191 medias
566 2159 767 2196 referuntur;
793 2166 904 2201 posset
933 2161 1147 2192 nihilominus
1174 2161 1229 2192 illa
1251 2162 1353 2192 virtus

274 2205 484 2236 determinata
508 2214 576 2236 esse
600 2204 640 2235 ad
664 2215 768 2236 unum
792 2215 894 2246 genus
918 2205 1183 2246 producibilium,
1201 2205 1240 2236 ad
1261 2205 1351 2246 quod

274 2250 326 2280 illa
349 2249 442 2290 plura
465 2250 670 2280 materialiter
693 2256 932 2290 comparentur.
958 2251 999 2281 Et
1022 2251 1078 2287 sic,
1102 2250 1178 2281 licet
1206 2256 1290 2282 esset
1312 2250 1354 2282 ad

274 2303 378 2324 unum
402 2293 554 2324 effectum
578 2293 788 2325 determinata
811 2293 998 2331 formaliter,
1023 2301 1133 2335 posset
1155 2299 1264 2325 tamen
1289 2294 1351 2326 dici

275 2338 384 2378 aliquo
401 2337 503 2368 modo
520 2337 700 2379 producere
725 2338 817 2379 plura
840 2338 1016 2369 formaliter
1040 2339 1198 2375 distincta,
1214 2340 1352 2380 inquan-

274 2388 346 2413 tum
369 2383 428 2413 sub
453 2391 514 2413 suo
538 2381 666 2413 formali
689 2383 819 2413 obiecto
844 2383 937 2423 plura
960 2383 1173 2424 producibilia
1205 2384 1352 2414 contine—

274 2432 394 2463 rentur,
411 2428 544 2467 quaein
561 2427 806 2467 comparatione
829 2427 870 2458 ad
893 2437 1006 2458 causas
1028 2427 1152 2459 medias
1175 2427 1353 2459 formaliter

275 2471 526 2512 distinguuntur.

331 2515 363 2546 3.
377 2515 473 2547 Circa
483 2516 572 2547 illam
588 2516 859 2556 propositionem,
873 2517 963 2547 Idem
979 2526 1083 2558 agens
1099 2517 1210 2548 eadem
1223 2518 1352 2548 actione

274 2565 389 2591 causat
410 2560 556 2591 diversos
579 2561 712 2602 effectus
735 2561 911 2591 secundum
935 2562 1094 2592 materiae
1122 2561 1350 2598 diversitatem,

274 2604 443 2635 sciendum
466 2610 514 2635 est
537 2604 628 2645 quod
659 2605 743 2636 actio
774 2605 856 2645 ignis
880 2615 944 2646 qua
971 2605 1100 2637 indurat
1130 2606 1235 2637 lutum
1260 2612 1292 2638 et
1314 2607 1352 2638 li-

274 2649 415 2690 quefacit
439 2658 556 2685 ceram,
581 2650 607 2680 si
631 2649 670 2680 ad
693 2659 791 2690 agens
816 2655 1032 2690 comparetur,
1051 2657 1098 2681 est
1121 2660 1196 2688 una,
1213 2652 1291 2692 quia
1312 2652 1351 2683 ab

275 2703 339 2724 una
362 2695 431 2724 eius
453 2694 580 2730 virtute,
605 2694 728 2724 scilicet
758 2704 776 2724 a
808 2695 915 2725 calore
939 2695 1096 2736 procedit.
1121 2695 1154 2726 Si
1178 2702 1287 2727 autem
1311 2696 1352 2727 ad

273 2738 416 2769 subiecta
440 2744 656 2779 comparetur,
681 2744 730 2769 est
752 2738 877 2779 plures:
903 2739 1085 2771 secundum
1109 2741 1196 2771 enim
1220 2741 1352 2781 plurali-

273 2788 372 2813 tatem
393 2783 545 2814 materiae
569 2784 672 2823 ipsam
697 2783 871 2823 plurificari
895 2789 1036 2824 oportet,
1057 2793 1133 2815 cum
1157 2785 1245 2816 idem
1268 2787 1352 2817 acci-

274 2827 353 2858 dens
375 2837 514 2859 numero
538 2828 571 2858 in
596 2827 727 2858 diversis
750 2828 903 2860 subiectis
931 2838 1000 2860 esse
1027 2839 1095 2860 non
1126 2831 1238 2870 possit.
1264 2829 1351 2862 Cum

274 2881 351 2912 ergo
375 2871 453 2902 dicit
475 2872 611 2903 Sanctus
635 2872 781 2903 Thomas
805 2872 895 2913 quod
926 2873 1039 2904 eadem
1068 2874 1196 2905 actione
1225 2874 1353 2906 indurat

274 2917 380 2947 lutum
410 2922 442 2947 et
468 2916 634 2957 liquefacit
657 2926 774 2954 ceram,
799 2918 956 2958 accipitur
978 2917 1128 2949 identitas
1152 2919 1289 2950 actionis
1313 2929 1351 2950 ex

274 2966 363 3001 parte
386 2962 519 3001 agentis,
544 2971 611 2992 non
636 2967 746 2992 autem
769 2971 808 2992 ex
832 2967 922 3002 parte
945 2963 1182 3003 recipientium.

331 3005 368 3036 11.
393 3005 553 3036 Secundo.
578 3006 657 3036 Esse
681 3011 728 3037 est
750 3015 808 3046 per
831 3016 866 3037 se
888 3012 921 3038 et
944 3008 1095 3048 proprius
1118 3007 1252 3039 effectus
1280 3008 1350 3040 Dei.

275 3050 361 3090 Ergo
385 3051 419 3080 in
443 3051 553 3081 omnia
577 3056 685 3090 potest
707 3051 807 3082 virtus
831 3051 892 3082 Dei
917 3061 1001 3092 quae
1031 3053 1147 3083 rationi
1179 3053 1261 3084 entis
1283 3063 1350 3084 non

275 3099 465 3135 repugnant.
490 3094 563 3125 Hoc
587 3100 695 3126 autem
713 3101 760 3126 est
774 3094 883 3127 solum
904 3105 973 3127 non
997 3106 1063 3127 ens.
1089 3096 1175 3138 Ergo
1192 3098 1224 3128 in
1242 3098 1352 3129 omnia

276 3144 383 3179 potest
407 3149 491 3180 quae
515 3140 674 3170 rationem
690 3149 759 3171 non
775 3140 858 3171 entis
881 3149 949 3171 non
972 3141 1154 3172 includunt.
1179 3141 1351 3173 Rationem

277 3188 384 3214 autem
399 3193 468 3214 non
485 3184 566 3214 entis
582 3193 650 3214 non
674 3184 847 3216 includunt
870 3194 954 3225 quae
978 3185 1269 3218 contradictionem
1285 3196 1352 3218 non

277 3228 452 3267 implicant.
469 3228 556 3268 Ergo
572 3229 605 3259 in
622 3229 734 3259 omnia
749 3234 858 3269 potest
874 3238 957 3270 quae
973 3229 1264 3262 contradictionem
1284 3241 1352 3262 non

278 3272 452 3312 implicant.
463 3291 485 3295 -
496 3273 701 3304 Antecedens
714 3283 752 3304 ex
765 3274 1032 3314 praecedentibus
1045 3280 1093 3305 est
1104 3275 1321 3307 manifestum.
1333 3294 1354 3299 -

278 3316 382 3347 Prima
394 3323 503 3348 autem
516 3318 750 3358 consequentia
765 3319 930 3359 probatur.
947 3319 1035 3350 Turn
1047 3320 1123 3360 quia
1135 3321 1241 3350 omnis
1253 3321 1353 3351 virtus

278 3360 418 3400 perfecta
442 3361 481 3392 ad
506 3363 616 3392 omnia
639 3362 693 3393 illa
716 3372 749 3393 se
774 3362 918 3394 extendit
940 3363 980 3394 ad
1004 3373 1088 3404 quae
1109 3373 1186 3395 suus
1202 3365 1353 3405 proprius

280 3410 311 3434 et
333 3414 391 3445 per
413 3415 447 3436 se
471 3405 604 3437 effectus
627 3416 660 3437 se
685 3407 857 3438 extendere
881 3412 998 3448 potest.
1023 3408 1112 3439 Tum
1136 3409 1222 3449 quia,
1247 3409 1273 3439 si
1297 3409 1353 3440 ali-

280 3458 378 3487 quem
401 3454 527 3480 tantum
550 3450 702 3482 effectum
726 3451 907 3492 producere
930 3457 1050 3493 posset,
1074 3461 1141 3483 non
1159 3458 1243 3484 esset
1258 3463 1354 3484 causa

281 3494 361 3522 entis
383 3494 576 3534 inquantum
601 3505 667 3532 ens,
691 3495 748 3527 sed
770 3501 897 3527 tantum
920 3496 1016 3528 huius
1041 3497 1132 3528 entis.

336 3536 577 3569 Advertendum
601 3539 701 3579 quod,
724 3549 799 3571 cum
824 3541 954 3572 deberet
977 3540 1095 3572 inferre
1111 3541 1246 3572 Sanctus
1262 3542 1353 3572 Tho-

282 3589 349 3610 mas
372 3581 460 3620 quod
484 3583 582 3614 virtus
606 3583 666 3614 Dei
691 3590 797 3624 potest
819 3586 853 3616 in
877 3586 988 3616 omnia
1011 3585 1051 3616 ad
1075 3594 1159 3626 quae
1175 3587 1255 3616 ratio
1272 3587 1353 3617 entis

282 3633 315 3654 se
339 3625 489 3661 extendit,
506 3627 613 3658 intulit
629 3629 718 3668 quod
735 3635 843 3669 potest
858 3630 891 3660 in
908 3631 1019 3661 omnia
1035 3639 1119 3670 quae
1135 3631 1251 3661 rationi
1272 3631 1353 3661 entis

283 3676 350 3698 non
374 3677 569 3709 repugnant:
599 3673 674 3711 quia
704 3673 799 3703 simul
825 3674 996 3705 ostendere
1017 3675 1122 3705 voluit
1146 3674 1185 3705 ad
1208 3684 1292 3715 quae
1320 3684 1353 3705 se

777 304 966 341 SUMMA
995 302 1218 339 CONTRA
1246 301 1522 346 GENT1LES,
1551 301 1646 337 LIB.
1668 301 1709 345 ΙΙ,
1740 300 1851 337 CAP.
1873 302 1989 338 XXII.

1411 379 1511 409 virtus
1535 378 1642 409 divina
1666 377 1826 414 extendat,
1851 383 1883 409 et
1906 388 1990 419 quae
2013 380 2053 411 ab
2077 381 2146 412 eius
2180 382 2390 415 excludantur
2413 393 2490 414 cau-

1412 423 1544 454 salitate.
1570 422 1606 452 In
1630 423 1694 453 hoc
1718 423 1807 454 enim
1830 423 1922 464 quod
1944 423 2062 455 dicitur
2084 425 2235 456 virtutem
2260 427 2321 458 Dei
2342 437 2440 468 posse
2455 429 2490 459 in

1412 468 1523 498 omnia
1546 476 1629 507 quae
1660 467 1776 498 rationi
1807 468 1888 498 entis
1918 477 1987 499 non
2016 475 2209 509 repugnant,
2234 469 2326 502 datur
2354 466 2490 513 intelligi

1412 511 1502 552 quod
1526 510 1565 541 ad
1582 520 1682 541 omne
1706 520 1763 542 ens
1788 511 1979 549 extenditur,
1997 518 2029 543 et
2045 513 2135 553 quod
2151 514 2260 544 solum
2276 515 2358 545 entis
2373 517 2489 547 rationi

1411 565 1595 596 repugnans
1626 565 1643 585 a
1674 555 1735 586 Dei
1766 555 1946 587 excluditur
1977 558 2170 589 causalitate.
2201 558 2276 589 Hoc
2306 564 2416 590 autem
2443 566 2491 592 est

1411 601 1519 631 solum
1542 609 1611 630 non
1635 609 1702 636 ens,
1727 600 1818 640 quod
1841 601 2132 633 contradictionem
2155 602 2310 643 implicat.

1469 654 1497 675 2.
1522 644 1574 675 Ad
1598 643 1794 675 evidentiam
1818 654 1934 676 eorum
1957 655 2041 686 quae
2071 647 2123 678 hic
2155 647 2318 684 dicuntur,
2341 647 2490 679 conside-

1410 688 1548 719 randum
1569 695 1616 720 est
1632 688 1723 729 quod
1746 689 1914 720 includere
1937 691 2099 722 rationem
2123 702 2188 723 non
2214 693 2296 723 entis
2319 692 2491 733 dupliciter

1410 738 1519 774 potest
1541 733 1686 773 intelligi.
1712 733 1787 764 Uno
1811 732 1925 771 mod0‚
1948 736 2155 767 materialiter
2178 741 2210 767 et
2233 736 2489 768 denominative:

1411 779 1487 819 quia
1510 777 1660 808 videlicet
1683 777 1723 807 de
1747 778 1820 818 ipso
1844 787 1919 808 vere
1943 778 2060 810 dicitur
2083 780 2173 821 quod
2203 791 2270 812 non
2300 787 2347 812 est
2375 791 2432 812 ens
2455 782 2490 812 in

1396 827 1494 859 ·actu‚
1519 823 1603 853 sicut
1625 821 1665 852 de
1689 821 1782 852 Sorte
1805 831 1873 853 non
1898 822 2052 854 existente
2076 824 2110 854 in
2136 830 2254 856 natura
2275 835 2350 857 vere
2374 826 2491 857 dicitur

1411 867 1502 908 quod
1526 872 1574 898 est
1595 876 1665 897 non
1689 876 1746 896 ens
1769 867 1803 897 in
1827 872 1911 898 actu.
1928 885 1952 890 —
1966 868 2042 898 Alio
2066 868 2179 906 modo,
2195 869 2373 901 formaliter
2393 876 2425 902 et
2439 880 2490 902 se-

1410 911 1557 943 cundum
1575 911 1741 952 propriam
1757 911 1932 943 rationem:
1949 913 2026 953 quia
2040 912 2192 944 videlicet
2208 923 2274 945 non
2290 924 2347 946 ens
2363 915 2396 946 in
2413 921 2488 946 actu

1410 957 1444 987 in
1467 957 1537 987 eius
1560 957 1684 987 ratione
1707 955 1894 993 includitur,
1910 962 1966 988 aut
1982 957 2052 988 eius
2074 958 2235 989 rationem
2257 961 2440 991 necessario
2457 965 2490 991 et

1410 1001 1665 1042 inseparabiliter
1688 1001 1936 1032 concomitatur.
1960 1001 2002 1032 Et
2025 1002 2070 1033 sic
2094 1001 2210 1034 dicitur
2232 1013 2301 1034 non
2325 1013 2382 1035 ens
2399 1003 2490 1046 quod

1410 1047 1547 1076 omnino
1573 1051 1620 1076 est
1643 1050 1730 1076 extra
1752 1050 1861 1076 totum
1885 1046 2043 1077 ambitum
2072 1047 2164 1084 entis,
2189 1047 2371 1079 secundum
2399 1048 2490 1090 quod

1410 1099 1467 1121 ens
1491 1089 1644 1121 dividitur
1666 1099 1725 1130 per
1748 1094 1857 1120 actum
1881 1096 1914 1120 et
1935 1091 2133 1131 potentiam:
2158 1091 2250 1132 quod
2272 1092 2395 1123 scilicet
2408 1092 2491 1124 nihil

1410 1140 1472 1172 est;
1496 1143 1615 1175 neque,
1634 1135 1781 1174 inquam,
1799 1134 1938 1165 existens
1952 1135 1986 1165 in
2003 1141 2088 1172 actu,
2104 1145 2214 1176 neque
2237 1137 2271 1167 in
2293 1138 2450 1177 potentia.
2466 1155 2490 1160 —

1410 1179 1579 1210 Includere
1602 1179 1761 1209 rationem
1778 1188 1846 1209 non
1863 1180 1945 1210 entis
1961 1181 2068 1220 primo
2084 1180 2197 1217 modo,
2213 1181 2377 1212 invenitur
2391 1182 2490 1213 etiam

1409 1225 1442 1255 in
1458 1225 1497 1255 iis
1513 1233 1598 1264 quae
1614 1222 1907 1254 contradictionem
1923 1234 1992 1255 non
2008 1225 2191 1266 implicant:
2206 1235 2295 1263 nam,
2311 1225 2405 1258 Sorte
2419 1235 2489 1258 non

1409 1269 1565 1300 existente
1588 1268 1622 1298 in
1645 1277 1754 1299 rerum
1777 1273 1901 1305 natura,
1924 1278 2040 1300 verum
2063 1275 2114 1302 est,
2129 1269 2236 1302 dicere
2253 1270 2344 1311 quod
2361 1270 2489 1303 Sortem

1409 1323 1477 1345 esse
1500 1318 1548 1344 est
1570 1322 1639 1343 non
1663 1322 1736 1349 ens;
1762 1317 1794 1343 et
1817 1312 1910 1344 Sorte
1932 1323 2002 1344 non
2025 1314 2181 1345 existente
2204 1314 2289 1352 albo,
2306 1320 2354 1346 est
2375 1324 2490 1347 verum

1409 1358 1515 1389 dicere
1539 1356 1631 1398 quod
1655 1357 1782 1387 Sortem
1807 1366 1877 1388 esse
1900 1358 2008 1388 album
2034 1364 2082 1389 est
2104 1369 2173 1390 non
2201 1369 2275 1396 ens;
2300 1360 2377 1400 quia
2399 1359 2490 1391 vide-

1408 1404 1485 1434 licet
1507 1402 1618 1433 Sortes
1640 1403 1780 1432 existens
1802 1411 1871 1432 non
1895 1407 1953 1439 est,
1977 1408 2010 1433 et
2033 1402 2143 1434 Sortes
2171 1403 2262 1434 albus
2284 1412 2354 1435 non
2385 1409 2433 1435 est
2454 1403 2489 1436 in

1408 1453 1532 1488 natura.
1553 1446 1722 1478 Includere
1738 1451 1848 1478 autem
1863 1447 2023 1478 rationem
2038 1457 2108 1479 non
2124 1449 2207 1479 entis
2224 1448 2371 1480 secundo
2385 1448 2489 1480 modo

1409 1493 1564 1524 convenit
1586 1497 1713 1523 tantum
1733 1491 1772 1521 iis
1788 1500 1872 1532 quae
1895 1491 2187 1524 contradictionem
2210 1493 2389 1534 implicant,
2405 1494 2491 1530 sicut

1409 1538 1473 1568 hoc
1502 1536 1593 1578 quod
1621 1535 1695 1567 dico
1726 1536 1890 1567 hominem
1920 1546 1988 1568 esse
2018 1537 2166 1568 asinum:
2187 1547 2264 1569 nam
2291 1548 2400 1580 neque
2424 1539 2489 1570 hoc

1409 1587 1484 1612 actu
1501 1587 1548 1612 est
1564 1582 1597 1611 in
1614 1587 1737 1617 natura,
1755 1581 1831 1622 quia
1847 1590 1915 1611 non
1932 1582 2094 1612 invenitur
2110 1582 2212 1613 homo
2229 1583 2286 1624 qui
2303 1583 2343 1613 sit
2363 1583 2488 1621 asinus3

1409 1636 1518 1666 neque
1542 1631 1651 1666 potest
1674 1635 1742 1656 esse
1766 1626 1799 1656 in
1824 1630 1947 1656 natura.

1466 1670 1554 1701 Cum
1578 1679 1656 1710 ergo
1680 1670 1788 1710 inquit
1811 1669 1948 1701 Sanctus
1971 1670 2119 1701 Thomas
2143 1671 2235 1712 quod
2263 1671 2354 1702 Deus
2380 1677 2490 1713 potest

1410 1715 1516 1746 facere
1540 1714 1698 1756 quicquid
1721 1715 1881 1745 rationem
1907 1724 1976 1746 non
2003 1716 2086 1746 entis
2108 1725 2177 1746 non
2200 1715 2348 1753 includit,
2371 1716 2488 1748 intelli-

1409 1761 1494 1801 gitur
1514 1759 1555 1790 de
1577 1769 1645 1790 non
1669 1759 1853 1790 inclusione
1876 1759 2023 1791 secundo
2039 1759 2142 1791 modo
2166 1760 2358 1792 inclusionis
2382 1770 2489 1802 oppo-

1409 1805 1478 1836 sita.
1503 1803 1596 1835 Talia
1619 1809 1729 1835 autem
1752 1809 1828 1835 sunt
1851 1813 1936 1844 quae
1963 1804 2257 1836 contradictionem
2285 1815 2355 1836 non
2384 1805 2489 1838 inclu-

1410 1849 1501 1880 dunt.
1537 1847 1621 1879 Nam
1650 1849 1798 1889 quamvis
1830 1847 2006 1889 aliquando
2037 1849 2227 1880 huiusmodi
2257 1859 2327 1880 non
2357 1850 2422 1882 sint
2453 1850 2489 1883 in

1410 1899 1494 1930 actu,
1518 1898 1652 1933 propter
1673 1892 1765 1932 quod
1786 1892 1939 1923 dicuntur
1962 1893 2168 1924 materialiter
2191 1899 2223 1924 et
2247 1893 2488 1926 denominative

1409 1937 1574 1968 includere
1597 1937 1759 1967 rationem
1782 1946 1851 1967 non
1875 1938 1968 1973 entis,
1985 1947 2053 1967 non
2069 1942 2179 1968 tamen
2203 1937 2378 1969 includunt
2398 1936 2488 1970 illm

1408 1991 1477 2013 non
1505 1982 1588 2012 entis
1618 1981 1780 2012 rationem
1811 1980 1989 2012 formaliter
2011 1982 2045 2012 in
2069 1991 2127 2012 sua
2150 1982 2292 2013 ratione:
2322 1990 2400 2013 cum
2425 1983 2490 2014 sint

1409 2027 1494 2057 entia
1518 2026 1551 2056 in
1579 2026 1736 2066 potentia,
1765 2025 1884 2066 quibus
1912 2025 2063 2057 videlicet
2087 2027 2262 2057 convenire
2286 2032 2394 2068 potest
2419 2037 2488 2059 esse

1408 2072 1442 2102 in
1470 2075 1554 2102 actu.

1463 2114 1516 2146 111.
1544 2114 1666 2145 Tertio.
1690 2114 1780 2146 Deus
1811 2119 1859 2147 est
1887 2120 1977 2146 actus
2007 2115 2180 2155 perfectus,
2207 2116 2243 2147 in
2273 2125 2307 2147 se
2337 2116 2488 2148 omnium

1407 2159 1625 2200 perfectiones
1648 2159 1780 2190 habens.
1805 2159 1905 2200 Igitur
1919 2170 1978 2191 sua
1992 2160 2093 2190 virtus
2109 2169 2143 2191 se
2163 2159 2307 2191 extendit
2321 2160 2362 2192 ad
2377 2161 2489 2192 omnh

1408 2213 1638 2245 quaecumque
1663 2213 1731 2234 non
1754 2210 1938 2245 repugnant
1960 2204 2077 2235 rationi
2101 2205 2171 2235 eius
2195 2204 2286 2246 quod
2305 2211 2354 2236 est
2370 2215 2439 2237 esse
2453 2206 2489 2237 in

1408 2255 1493 2280 actu.
1518 2249 1593 2280 Hoc
1617 2254 1728 2280 autem
1751 2255 1799 2280 est
1821 2249 1929 2280 solum
1953 2249 2044 2290 quod
2068 2249 2360 2280 contradictionem
2379 2250 2489 2292 impli-

1408 2299 1469 2325 cat.
1493 2293 1580 2334 Ergo
1606 2297 1667 2324 etc.
1683 2312 1706 2316 -
1721 2293 1880 2325 Probatur
1903 2294 2148 2334 consequentia.
2173 2293 2260 2332 Quia
2282 2294 2403 2326 modus
2424 2295 2488 2326 vir—

1407 2339 1484 2370 tutis
1507 2338 1541 2368 in
1565 2337 1693 2379 agendo
1717 2343 1765 2369 est
1788 2337 1970 2370 secundum
1993 2337 2132 2369 modum
2155 2343 2246 2369 actus
2270 2339 2404 2379 agentis.

1464 2382 1709 2414 Advertendum
1733 2382 1834 2423 quod,
1860 2392 1937 2414 cum
1960 2392 2029 2414 esse
2053 2383 2094 2413 sit
2115 2383 2282 2414 actualitas
2297 2384 2406 2414 omnis
2421 2382 2493 2418 fon·-v

1407 2436 1480 2458 mae
1504 2433 1536 2458 et
1559 2426 1780 2468 perfectionis,
1804 2437 1842 2458 ac
1870 2428 1967 2459 etiam
1997 2428 2236 2468 cuiuscumque
2265 2428 2487 2469 participantis

1406 2473 1567 2503 rationem
1583 2473 1675 2509 entis,
1692 2472 1772 2502 nihil
1789 2478 1950 2513 repugnat
1973 2481 2042 2504 esse
2065 2472 2198 2504 actualis
2222 2471 2410 2504 existentiae
2424 2473 2488 2504 nisi

1408 2516 1499 2558 quod
1514 2517 1548 2547 in
1564 2525 1622 2547 sua
1637 2517 1762 2547 ratione
1777 2517 1915 2548 includit
1929 2518 2138 2557 negationem
2155 2517 2263 2548 omnis
2277 2516 2487 2558 perfectionis

1407 2567 1439 2592 et
1462 2561 1570 2592 omnis
1594 2561 1686 2592 entis.
1711 2561 1791 2592 Tale
1815 2567 1922 2592 autem
1948 2567 1996 2593 est
2018 2561 2126 2593 solum
2149 2561 2183 2592 id
2206 2560 2297 2602 quod
2325 2559 2488 2593 contradi·-

1408 2607 1551 2637 ctionem
1576 2605 1730 2646 implicat.
1761 2606 1961 2637 Huiusmodi
1989 2607 2077 2637 enim
2107 2606 2187 2637 nihil
2211 2606 2348 2637 omnino
2373 2611 2430 2644 est,
2455 2609 2488 2638 et

1407 2652 1453 2682 sic
1475 2650 1568 2681 nullo
1592 2649 1696 2681 modo
1720 2651 1906 2682 continetur
1929 2651 1988 2682 sub
2005 2657 2095 2682 ente:
2121 2660 2220 2692 quare
2238 2660 2371 2682 necesse
2387 2656 2436 2682 est
2450 2656 2487 2682 ut

1407 2696 1467 2726 sub
1491 2704 1559 2726 non
1588 2699 1663 2726 ente
1691 2694 1870 2727 formaliter
1897 2696 2112 2727 contineatur.
2141 2695 2229 2733 Ideo,
2254 2705 2330 2727 cum
2355 2705 2424 2727 esse
2446 2695 2487 2727 sit

1407 2740 1572 2771 actualitas
1597 2740 1690 2777 entis,
1706 2749 1775 2771 non
1795 2746 1904 2772 autem
1927 2750 1996 2772 non
2021 2741 2113 2778 entis,
2130 2750 2262 2772 necesse
2279 2745 2327 2772 est
2342 2746 2379 2771 ut
2394 2739 2487 2781 quod

1408 2784 1699 2816 contradictionem
1729 2785 1885 2826 implicat,
1908 2785 2110 2826 impossibile
2140 2786 2182 2816 sit
2206 2794 2286 2822 esse,
2315 2791 2346 2816 et
2373 2785 2419 2816 sic
2446 2784 2487 2817 ad

1408 2839 1476 2861 esse
1493 2829 1740 2870 repugnantiam
1756 2829 1881 2861 habeat.
1900 2829 1978 2861 ldeo
1993 2830 2077 2861 bene
2093 2829 2171 2861 dicit
2191 2829 2328 2861 Sanctus
2339 2829 2487 2862 Thomas

1408 2874 1499 2915 quod
1530 2874 1638 2905 solum
1669 2874 1839 2915 implicans
1863 2874 2155 2906 contradictionem
2179 2875 2275 2906 habet
2303 2883 2487 2916 repugnan-

1407 2920 1484 2950 tiam
1510 2918 1551 2950 ad
1573 2918 1607 2949 id
1630 2918 1722 2959 quod
1746 2923 1794 2950 est
1817 2928 1886 2950 esse
1910 2920 1943 2950 in
1968 2924 2054 2950 actu.

1464 2964 1517 2994 IV.
1537 2963 1677 3000 Quarto.
1694 2963 1863 3004 Quicquid
1879 2969 1927 2995 est
1942 2965 1976 2995 in
1991 2964 2139 3005 potentia
2154 2964 2236 2995 entis
2255 2964 2362 3001 creati,
2378 2968 2487 2995 totum

1408 3009 1497 3040 Deus
1521 3017 1578 3048 per
1600 3017 1693 3039 suam
1717 3009 1897 3049 potentiam
1921 3010 2058 3040 activam
2089 3008 2195 3040 facere
2218 3014 2336 3050 potest.
2365 3007 2430 3040 Sed
2449 3008 2488 3039 in

1407 3053 1555 3094 potentia
1578 3053 1660 3083 entis
1683 3054 1781 3084 creati
1811 3059 1860 3084 est
1882 3063 1982 3085 omne
2013 3053 2104 3095 quod
2133 3062 2203 3084 non
2231 3058 2392 3095 repugnat
2419 3052 2490 3084 enti

1408 3102 1531 3129 creato:
1549 3097 1633 3128 sicut
1647 3098 1681 3128 in
1696 3098 1844 3138 potentia
1858 3103 1991 3130 naturae
2007 3099 2169 3130 humanae
2185 3103 2261 3129 sunt
2275 3097 2386 3129 omnia
2401 3103 2486 3139 quae

1407 3143 1584 3174 humanam
1607 3147 1756 3173 naturam
1779 3151 1848 3173 non
1871 3142 2001 3174 tollunt.
2026 3143 2113 3184 Ergo
2137 3152 2238 3174 omne
2261 3151 2318 3174 ens
2341 3142 2486 3174 meam

1409 3187 1498 3218 Deus
1521 3195 1615 3227 agere
1638 3191 1756 3227 potest.

1464 3231 1623 3262 Probatur
1637 3232 1751 3262 maior.
1769 3231 1870 3263 Omni
1893 3232 2058 3272 potentiae
2074 3232 2219 3274 passivae
2233 3228 2411 3270 respondet
2422 3238 2485 3270 po-

1408 3276 1508 3306 tentia
1531 3276 1644 3306 activa.
1669 3276 1756 3317 Ergo
1780 3277 1945 3317 potentiae
1971 3276 2143 3308 universali
2169 3273 2402 3315 correspondet
2423 3283 2485 3315 po-

1408 3320 1508 3351 tentia
1532 3321 1635 3351 activa
1651 3321 1774 3361 agentis
1789 3321 1978 3352 universalis
2001 3326 2034 3352 et
2053 3320 2160 3362 primi.
2175 3337 2199 3342 -
2213 3318 2372 3350 Probatur
2395 3321 2484 3350 ante·-

1409 3364 1536 3396 cedens.
1562 3364 1651 3396 Tum
1675 3365 1751 3406 quia
1775 3365 1851 3396 alias
1879 3366 1984 3396 otiosa
2013 3370 2098 3396 esset
2121 3363 2192 3394 talis
2218 3363 2381 3404 potentia:
2407 3372 2484 3395 cum

1409 3408 1577 3440 ordinetur
1607 3409 1647 3440 ad
1676 3414 1802 3447 actum;
1831 3419 1887 3441 ens
1911 3414 2020 3440 auto-
2049 3409 2083 3440 in
2112 3408 2259 3448 potentia
2285 3417 2354 3438 non
2381 3408 2486 3448 possit

1410 3454 1568 3494 consequi
1591 3458 1701 3484 actum
1724 3454 1786 3485 nisi
1810 3463 1868 3495 per
1889 3453 2041 3484 virtutem
2057 3452 2220 3484 existentis
2236 3452 2269 3483 in
2285 3457 2370 3483 actu.
2395 3451 2484 3483 Tum

1410 3499 1487 3539 quia
1516 3498 1664 3529 videmus
1687 3499 1799 3530 omnia
1822 3507 1907 3539 quae
1930 3502 2006 3528 sunt
2027 3497 2061 3527 in
2085 3497 2231 3538 potentia
2254 3497 2406 3527 materiae
2428 3506 2484 3537 ge-

1409 3543 1601 3574 nerabilium
1625 3548 1657 3574 et
1680 3542 1937 3583 corruptibilium
1961 3540 2073 3572 reduci
2097 3550 2192 3582 posse
2215 3541 2248 3571 in
2276 3545 2384 3572 actum
2409 3541 2484 3582 (sci-

1409 3587 1484 3618 licet
1506 3587 1692 3618 immediate
1716 3591 1772 3618 aut
1793 3585 1946 3626 mediate)
1970 3594 2028 3626 per
2050 3585 2202 3617 virtutem
2218 3585 2364 3626 corporis
2379 3585 2484 3617 caele·

1409 3632 1474 3667 stis,
1492 3631 1583 3671 quod
1599 3637 1648 3662 est
1662 3631 1804 3672 primurn
1820 3629 2016 3671 principium
2039 3630 2180 3661 activum
2200 3629 2374 3667 materiale,
2390 3629 2483 3666 idest,

1409 3676 1550 3715 primum
1575 3685 1671 3716 agens
1694 3676 1778 3706 inter
1801 3674 1927 3715 agentia
1951 3674 2140 3714 corporalia.
