2768 4134
48 782 57 790 ·
73 779 108 801 Cf.
125 778 174 800 init.
191 778 261 799 Com·

50 810 119 828 ment.

46 912 55 920 ·
70 909 140 931 Num.
151 915 182 930 vi.

41 2789 49 2798 ·
65 2787 96 2809 lll
116 2787 145 2809 de
160 2787 253 2813 Anima,

42 2821 72 2839 iv,
83 2820 118 2840 ης
130 2821 149 2836 s.
157 2813 253 2842 Th.1.9.

42 3054 51 3062 ·
67 3051 129 3074 Lect.
142 3060 172 3074 ii.

293 300 368 338 208

291 377 457 417 sequentia
480 383 556 405 vero
580 377 677 414 patet.
702 371 789 409 Quia
812 369 972 410 quaedam
996 373 1071 400 sunt
1094 369 1128 399 in
1151 368 1303 398 universo
1324 366 1364 398 ad

289 419 524 452 removendum
547 418 622 448 talia
645 421 856 447 nocumenta:
882 420 918 444 ut
940 418 1029 454 patet
1043 413 1079 444 in
1093 413 1132 443 iis
1148 422 1233 453 quae
1249 412 1365 443 dantur

289 464 479 496 animalibus
503 463 543 494 ad
566 461 801 496 defensionem,
823 464 860 491 ut
883 467 1007 489 cornua
1030 463 1062 489 et
1085 457 1285 488 huiusmodi.

348 508 481 539 Octavo.
505 507 583 538 Non
606 507 805 547 vituperatur
819 503 982 534 malorum
998 503 1143 543 cognitio
1164 512 1222 543 per
1242 511 1287 538 se,
1303 502 1364 532 sci-

288 554 362 584 licet
377 553 502 583 ratione
517 551 628 583 iudicii
652 550 691 581 de
714 549 817 585 malis,
833 547 889 579 sed
913 557 971 588 per
994 546 1154 584 accidens,
1169 547 1295 577 ratione
1315 546 1364 576 in-

289 598 470 628 clinationis
486 596 526 627 ad
541 596 664 627 malurn
685 604 723 626 ex
745 594 800 625 tali
821 591 1080 624 consideratione
1103 592 1278 632 sequentis.
1301 591 1365 622 Sed

287 643 352 672 hoc
375 642 408 672 in
432 642 504 673 Deo
527 651 596 672 non
621 646 682 671 est:
706 648 784 670 cum
805 639 845 668 sit
868 636 1088 668 immutabilis.
1113 636 1200 677 Ergo
1224 642 1285 667 etc.

345 686 576 717 Cosrmmrun
599 685 788 716 auctoritate
813 682 890 723 Sap.
910 691 966 717 vn,
989 681 1087 711 Prov.
1112 691 1163 718 xv,
1186 681 1309 712 Psalmi
1333 686 1365 711 et

288 731 347 762 Iob
367 741 408 761 xi.

343 775 382 806 V.
408 775 577 814 Quantum
608 774 648 804 ad
678 771 859 803 secundum
875 772 902 807 ⁴²,
926 771 1034 811 primo
1062 769 1201 801 declarat
1228 769 1364 801 Sanctus

287 821 433 851 Thomas
456 818 667 850 differentiam
690 817 872 848 intellectus
891 815 994 846 nostri
1017 819 1049 845 et
1072 814 1172 846 divini
1194 815 1228 845 in
1253 815 1365 856 cogni-

287 866 376 896 tione
395 865 583 905 privationis
607 869 638 894 et
661 862 752 899 mali;
776 859 932 895 secund0‚
949 859 1092 890 ostendit
1107 859 1187 900 quid
1210 860 1251 890 sit
1273 859 1365 901 quod

287 909 459 951 impediret
481 909 703 949 cognitionem
727 906 870 937 divinam
893 904 934 936 de
957 904 1050 935 malis
1065 905 1092 935 *.

342 954 510 993 Quantum
534 953 575 984 ad
598 953 751 994 primum,
771 951 848 982 dicit
872 949 964 991 quod
987 949 1159 990 dupliciter
1181 948 1364 980 intellectus

286 1004 396 1030 noster
419 1008 616 1039 cognoscere
639 1002 747 1038 potest
769 995 995 1036 privationem.
1022 994 1143 1031 Primo,
1166 994 1363 1035 inquantum

286 1044 455 1084 cognoscit
478 1043 603 1084 singula
626 1051 684 1083 per
713 1040 854 1081 singulas
885 1040 1027 1081 species;
1051 1045 1084 1070 et
1110 1037 1286 1079 aliquando
1316 1043 1364 1069 est

285 1089 319 1119 in
342 1088 489 1129 potentia
512 1087 552 1118 ad
572 1087 732 1127 speciem3
757 1091 789 1116 et
807 1085 863 1121 sic,
880 1085 964 1115 sicut
986 1089 1097 1115 actum
1113 1083 1283 1125 cognoscit
1305 1092 1364 1125 per

285 1139 394 1163 actum
406 1141 506 1173 quem
521 1133 554 1163 in
571 1141 605 1162 se
621 1131 727 1167 habet,
740 1130 805 1161 hoc
821 1134 869 1160 est
884 1138 943 1170 per
959 1129 1102 1170 speciem
1114 1128 1362 1169 intelligibilem,

283 1178 327 1208 ita
342 1177 523 1218 potentiam
545 1176 714 1216 cognoscit
736 1184 794 1215 per
812 1175 1004 1215 potentiam,
1020 1174 1216 1214 inquantum
1240 1173 1363 1205 scilicet

285 1221 459 1262 aliquando
477 1227 524 1252 est
546 1222 579 1252 in
600 1220 747 1261 potentia
762 1219 802 1250 ad
822 1220 964 1260 speciem
981 1219 1228 1260 intelligibilem.
1247 1218 1289 1250 Et
1303 1228 1362 1260 per

285 1275 488 1307 consequens
519 1266 688 1306 cognoscit
715 1265 948 1305 privationem:
981 1273 1058 1294 cum
1080 1264 1227 1304 potentia
1257 1264 1298 1294 sit
1321 1263 1361 1294 de

283 1312 407 1342 ratione
431 1311 629 1351 privationis.
652 1328 675 1332 —
697 1309 860 1347 Secundo,
884 1310 1081 1350 inquantum
1106 1319 1143 1339 ex
1172 1309 1361 1349 cognitione

283 1362 372 1387 actus
397 1356 565 1396 cognoscit
588 1361 619 1386 et
642 1355 822 1396 potentiam
845 1359 877 1384 et
899 1354 1125 1395 privationem.

339 1400 522 1432 Intellectus
552 1405 662 1431 autem
694 1399 821 1430 divinus
849 1408 917 1430 non
950 1398 1098 1439 intelligit
1130 1408 1188 1439 per
1217 1398 1361 1439 speciem

284 1455 366 1486 quae
389 1455 459 1476 non
481 1446 522 1476 sit
543 1445 624 1485 ipse,
648 1444 705 1475 sed
728 1454 787 1485 per
809 1453 902 1474 suam
925 1445 1107 1475 essentiam.
1128 1443 1169 1474 Et
1190 1443 1267 1474 ideo
1290 1452 1360 1474 non

282 1490 431 1531 intelligit
453 1497 512 1530 per
533 1489 716 1530 potentiam
741 1495 772 1520 et
795 1489 1010 1530 privationem
1034 1489 1068 1519 in
1092 1498 1126 1520 se
1153 1488 1358 1520 existentem:

282 1535 349 1571 sed,
372 1534 583 1575 intelligendo
611 1534 783 1565 essentiam
815 1543 917 1570 suam,
949 1533 1098 1574 intelligit
1126 1534 1359 1574 privationem3

282 1581 369 1621 quia,
382 1579 593 1620 intelligendo
610 1589 644 1610 se
660 1584 815 1619 tanquam
827 1579 971 1619 primum
987 1579 1200 1614 intellectum,
1213 1578 1361 1619 intelligit

283 1625 353 1661 alia,
375 1634 443 1656 non
463 1624 570 1655 solum
594 1630 694 1661 actus,
712 1623 768 1654 sed
792 1623 889 1654 etiam
911 1624 1074 1664 potentias
1097 1629 1129 1654 et
1152 1624 1359 1663 privationes.

338 1669 390 1700 Ad
412 1670 500 1700 hunc
524 1678 666 1705 sensum,
690 1668 796 1709 inquit
820 1668 956 1699 Sanctus
980 1668 1138 1705 Thomas,
1151 1667 1360 1709 intelligenda

283 1720 358 1746 sunt
373 1715 470 1745 verba
486 1713 676 1750 Aristotelis,
693 1713 733 1743 111
752 1713 791 1744 de
807 1713 936 1749 Anima,
953 1718 975 1743 t.
995 1714 1047 1749 25,
1068 1713 1190 1743 scilicet
1205 1712 1296 1753 quod
1312 1713 1360 1743 in-

282 1759 430 1790 tellectus
447 1759 503 1799 qui
519 1764 567 1789 est
581 1763 708 1789 tantum
724 1759 758 1788 in
775 1764 848 1788 actu
868 1767 936 1788 non
960 1758 1130 1798 cognoscit
1145 1758 1360 1798 privationem

283 1813 340 1844 per
356 1805 420 1835 hoc
437 1803 528 1844 quod
544 1809 592 1834 est
614 1804 648 1834 in
671 1804 817 1843 potentia
840 1802 881 1833 ad
896 1802 1019 1843 aliquid
1035 1803 1133 1839 aliud,
1149 1802 1207 1833 sed
1222 1812 1280 1844 per
1295 1803 1361 1834 hoc

283 1849 375 1889 quod
396 1849 546 1889 intelligit
567 1848 713 1888 seipsum
729 1853 760 1878 et
776 1853 823 1878 est
839 1857 967 1888 semper
990 1848 1023 1878 in
1045 1853 1133 1878 actu:
1158 1857 1227 1878 non
1250 1853 1360 1878 autem

283 1894 374 1934 quod
396 1894 488 1925 nullo
511 1892 613 1924 modo
638 1898 815 1933 cognoscat
843 1893 1070 1932 privationem,
1096 1898 1131 1923 ut
1153 1892 1239 1923 male
1261 1893 1361 1923 inter-

282 1944 424 1979 pretatus
449 1944 495 1968 est
518 1938 688 1968 Averroes.

339 1992 368 2014 2.
395 1982 489 2013 Circa
504 1982 647 2022 primum
670 1980 808 2012 modurn
825 1990 892 2021 quo
909 1981 1090 2012 intellectus
1110 1986 1220 2011 noster
1236 1989 1359 2021 cogno-

282 2028 341 2058 scit
363 2027 590 2068 privationem,
606 2035 664 2067 per
679 2026 858 2066 potentiam
875 2026 997 2056 scilicet
1017 2026 1050 2056 in
1070 2026 1143 2066 ipso
1169 2025 1359 2057 existentem

282 2071 513 2112 cognoscendo
545 2071 724 2111 potentiam
758 2075 790 2101 et
819 2070 1052 2111 privationem,
1083 2070 1359 2101 considerandum

281 2116 372 2158 quod
394 2117 595 2149 intellectum
614 2124 813 2156 cognoscere
833 2115 1014 2156 potentiam
1029 2124 1088 2156 per
1102 2116 1284 2156 potentiam
1299 2115 1360 2146 du—

281 2162 406 2202 pliciter
428 2166 536 2202 potest
559 2160 705 2201 intelligi.
726 2160 801 2191 Uno
825 2159 939 2196 modo,
964 2166 999 2191 ut
1023 2160 1242 2200 potentialitas
1264 2160 1360 2192 intel-

281 2207 394 2243 lectus,
411 2216 495 2247 quae
519 2206 668 2237 nominat
688 2206 862 2237 carentiam
888 2205 1011 2236 formae
1035 2214 1111 2236 cum
1134 2205 1299 2236 habilitate
1319 2205 1360 2236 ad

281 2252 380 2287 illam,
404 2251 444 2283 sit
463 2251 662 2292 principium
678 2250 854 2281 elicitivum
870 2249 1099 2281 intellectionis
1116 2255 1148 2280 et
1163 2250 1360 2290 cognitionis

282 2296 462 2337 potentiae:
486 2296 570 2327 sicut
591 2304 650 2336 per
670 2300 790 2330 actum,
805 2294 889 2325 idest
911 2303 970 2335 per
991 2294 1145 2335 speciem,
1162 2294 1312 2335 intelligit
1326 2294 1359 2325 id

282 2340 373 2381 quod
389 2346 436 2371 est
451 2341 485 2370 in
501 2345 586 2375 actu,
602 2339 685 2370 idest
700 2338 781 2370 illud
796 2339 887 2379 quod
902 2345 1049 2370 naturam
1067 2339 1231 2379 quandam
1246 2340 1360 2380 positi-

282 2395 356 2418 vam
371 2385 458 2416 dicit.
484 2385 526 2416 Et
539 2385 593 2415 hic
609 2383 728 2416 modus
745 2389 792 2414 est
808 2383 1034 2424 impossibilis:
1059 2384 1148 2414 solus
1165 2385 1253 2415 enim
1269 2390 1360 2415 actus

283 2436 330 2462 est
353 2430 551 2470 principium
575 2429 722 2465 actionis,
741 2438 811 2460 non
830 2434 939 2460 autem
962 2429 1109 2469 potentia
1132 2434 1188 2460 aut
1211 2429 1359 2470 privatio.

337 2474 414 2506 Alio
438 2473 540 2506 modo
563 2480 611 2510 ut,
635 2473 867 2514 cognoscendo
895 2474 1060 2514 propriam
1090 2474 1360 2514 potentialitatem

283 2526 315 2552 et
337 2519 563 2560 privationem,
581 2523 757 2559 cognoscat
772 2519 870 2549 etiam
886 2518 1066 2558 potentiam
1090 2523 1121 2549 et
1145 2519 1360 2559 privationem

283 2564 507 2596 extrinsecam.
533 2563 597 2595 Sed
621 2569 653 2594 et
675 2563 739 2594 hoc
764 2562 935 2604 dupliciter
964 2562 1142 2603 intelligere
1169 2573 1360 2604 possumus:

282 2609 413 2645 scilicet,
430 2614 485 2639 aut
509 2607 602 2648 quod
620 2613 797 2648 cognoscat
811 2608 977 2648 propriam
1000 2608 1182 2648 potentiam
1201 2614 1233 2639 et
1256 2609 1362 2649 priva-

282 2654 406 2685 tionem
430 2658 605 2693 antequam
629 2651 823 2683 informetur
849 2653 958 2693 specie
981 2652 1174 2693 intelligibili
1196 2652 1238 2684 ad
1260 2663 1361 2694 quam

283 2704 330 2729 est
345 2699 379 2730 in
395 2698 558 2739 potentian
579 2704 635 2729 aut
650 2703 826 2738 postquam
842 2703 890 2728 est
905 2696 1099 2728 informatus
1115 2698 1233 2738 specie.
1249 2698 1360 2730 Primo

282 2742 394 2780 modo,
411 2751 479 2774 non
503 2742 631 2774 videtur
654 2742 822 2783 possibile:
848 2742 935 2783 quia,
961 2751 1036 2773 cum
1060 2742 1243 2774 intellectus
1266 2743 1360 2774 intel-

282 2788 358 2828 ligat
380 2797 414 2818 se
438 2788 521 2818 sicut
544 2793 576 2818 et
599 2786 660 2818 alia
671 2788 699 2822 *.
723 2787 807 2818 sicut
829 2787 892 2818 alia
912 2796 981 2818 non
1012 2787 1161 2828 intelligit
1184 2793 1359 2829 antequam

282 2833 389 2873 specie
417 2831 621 2868 informetur,
637 2832 681 2862 ita
703 2840 813 2872 neque
837 2841 871 2862 se
894 2840 1003 2872 neque
1026 2841 1119 2863 suam
1142 2833 1360 2872 potentialita-

282 2883 347 2919 tem
366 2882 440 2907 ante
464 2877 607 2917 speciem
623 2882 730 2916 potest
745 2876 934 2917 intelligere.
955 2876 1032 2907 Ideo
1055 2877 1218 2908 secundus
1240 2877 1360 2909 modus

282 2928 329 2953 est
345 2921 563 2962 accipiendus.
580 2921 716 2962 Propter
731 2920 823 2961 quod
839 2930 907 2952 non
923 2920 1002 2952 dixit
1018 2921 1235 2962 Philosophus
1251 2923 1358 2954 solum

282 2966 373 3007 quod
396 2971 528 3007 oportet
543 2971 796 3006 cognoscentem
820 2965 1035 3006 privationem
1057 2975 1125 2997 esse
1143 2967 1177 2998 in
1201 2968 1359 3008 potentia,

282 3011 337 3042 sed
361 3010 492 3048 addidit,
510 3016 625 3044 cresse
648 3010 681 3041 in
699 3009 768 3046 illo,
785 3010 908 3041 scilicet
929 3011 1066 3051 speciem
1087 3011 1184 3042 unius
1208 3013 1358 3053 oppositi,

282 3062 318 3087 ut
334 3055 467 3096 exponit
484 3055 622 3087 Sanctus
637 3055 794 3090 Thomas,
814 3054 855 3086 111
871 3055 912 3086 de
927 3055 1046 3086 Anima
1056 3056 1083 3086 “.
1100 3056 1240 3097 Oportet
1259 3058 1358 3093 enim,

282 3101 307 3130 si
331 3099 512 3132 intellectus
535 3109 593 3141 per
615 3100 831 3140 privationem
847 3100 881 3131 in
897 3100 968 3140 ipso
985 3101 1175 3132 existentem
1192 3101 1287 3133 debet
1302 3111 1358 3133 eo-

281 3154 437 3185 gnoscere
460 3146 686 3186 privationem,
710 3150 741 3175 et
768 3144 859 3185 quod
886 3144 1062 3185 aliquando
1085 3146 1124 3176 sit
1151 3146 1183 3176 in
1212 3147 1358 3186 potentia

282 3189 321 3220 ad
337 3190 479 3230 speciem
495 3196 600 3226 actus;
618 3195 650 3220 et
666 3189 768 3230 quod,
784 3189 864 3220 dum
884 3189 978 3221 illurn
1001 3190 1219 3229 potentialiter
1235 3201 1358 3232 cogno-

282 3234 350 3270 scit,
370 3235 484 3266 habeat
499 3235 531 3265 in
550 3244 583 3265 se
599 3234 746 3265 habiturn
762 3234 963 3275 oppositum.
985 3234 1147 3275 Imaginor
1163 3236 1250 3266 enim
1267 3236 1358 3276 quod

282 3279 463 3322 intellectus
487 3279 662 3319 aliquando
687 3277 748 3310 fuit
767 3279 801 3310 in
825 3279 970 3319 potentia
994 3278 1033 3309 ad
1061 3279 1203 3319 speciem
1227 3280 1301 3316 albi,
1326 3286 1358 3312 et

282 3324 494 3363 postmodum
518 3324 551 3355 in
579 3329 662 3355 actu.
688 3323 867 3364 Postquam
890 3332 948 3363 per
970 3323 1034 3354 albi
1062 3325 1285 3363 cognitionem
1308 3335 1357 3356 re-

282 3365 363 3399 flexe
386 3369 541 3408 cognovit
563 3377 598 3399 se
620 3369 738 3399 habere
764 3368 907 3409 speciem
940 3367 1004 3399 albi
1028 3373 1060 3399 et
1083 3377 1151 3399 esse
1175 3369 1285 3400 album
1307 3370 1357 3400 in-

282 3411 495 3452 telligibiliter,
519 3413 717 3444 convertitur
733 3413 829 3444 etiam
846 3412 886 3443 ad
906 3412 1173 3452 cognoscendum
1197 3423 1231 3445 se
1255 3423 1357 3454 quan-

283 3455 391 3496 doque
411 3457 508 3488 fuisse
525 3467 591 3488 non
609 3457 729 3494 album,
747 3456 826 3488 dum
843 3457 1012 3499 cognoscit
1027 3467 1061 3488 se
1082 3458 1242 3498 privatum
1259 3458 1357 3490 fuisse

283 3502 388 3539 specie
412 3507 443 3533 et
466 3501 570 3533 forma
590 3502 664 3538 albi,
680 3510 717 3532 ac
737 3511 795 3542 per
811 3502 874 3533 hoc
889 3511 959 3533 non
979 3502 1125 3542 potuisse
1147 3508 1221 3533 ante
1245 3503 1356 3534 huius-

283 3545 372 3575 modi
395 3547 536 3586 speciem
561 3555 758 3587 cognoscere
775 3546 895 3578 album.
920 3546 962 3578 Et
978 3556 1016 3577 ex
1033 3546 1096 3577 hoc
1116 3547 1212 3578 etiam
1232 3557 1356 3588 cogno-

283 3589 342 3618 scit
365 3590 454 3628 quod
476 3591 509 3622 in
533 3600 602 3622 esse
625 3597 757 3622 naturae
781 3590 813 3623 id
838 3597 885 3623 est
907 3600 975 3622 non
999 3590 1109 3622 album
1134 3591 1225 3631 quod
1251 3591 1356 3624 forma

283 3632 437 3664 albedinis
461 3641 555 3666 caret.
580 3635 620 3665 Et
644 3636 787 3667 similiter
810 3635 884 3667 dico
908 3635 949 3667 de
972 3636 1126 3667 caecitate
1148 3642 1179 3666 et
1202 3636 1271 3667 aliis
1291 3638 1355 3678 pri-

283 3677 475 3708 vationibus.

868 291 1057 328 SUMMA
1086 289 1311 327 CONTRA
1339 288 1616 334 GENTILES,
1647 289 1760 326 CAP.
1779 289 1916 326 LXXI.

1473 366 1567 397 Mens
1591 375 1669 407 ergo
1693 366 1803 398 Sancti
1826 367 1976 399 Thomae
2000 373 2032 399 et
2054 368 2237 400 Aristotelis
2264 376 2312 401 est
2335 370 2427 411 quod
2449 371 2498 402 in-

1417 410 1565 442 tellectus
1589 416 1709 447 noster,
1725 421 1784 452 per
1802 413 1947 453 speciem
1969 413 2098 444 habitus
2120 413 2154 444 in
2178 423 2213 444 se
2237 415 2427 447 existentem
2442 425 2499 447 co-

1417 464 1578 495 gnoscens
1602 456 1818 496 privationem
1841 456 1966 488 formae
1985 467 2069 498 quae
2092 458 2126 488 in
2149 459 2222 498 ipso
2246 459 2422 500 aliquando
2438 459 2499 492 fuit

1419 505 1450 530 et
1468 499 1739 540 potentialitatem
1754 500 1795 532 ad
1815 502 1968 543 speciem,
1986 503 2156 543 cognoscit
2171 503 2268 534 etiam
2283 504 2498 544 privationem

1419 550 1451 575 et
1473 544 1745 585 potentialitatem
1775 546 1823 576 rei
1852 547 2000 577 existenti
2031 552 2117 578 extra
2146 547 2348 579 intellectum
2379 558 2498 580 conve—

1418 590 1573 624 nientem,
1598 599 1637 619 ex
1661 589 1871 621 similitudine
1893 592 2131 632 proportionali
2154 593 2337 624 intellectus
2360 592 2400 623 ad
2417 602 2497 625 rem.

1475 634 1505 665 3.
1531 633 1626 664 Circa
1653 634 1742 664 illam
1764 634 1936 672 tationem,
1957 635 2044 673 Quia
2062 637 2213 677 potentia
2235 643 2285 669 est
2306 638 2346 669 de
2369 639 2499 669 ratione

1412 679 1624 722 privationis,
1639 679 1788 720 sequitur
1802 679 1891 720 quod
1914 680 2092 712 intellectui
2114 688 2229 713 nostro
2253 688 2415 724 competat
2437 684 2499 715 ali—

1418 733 1482 765 quo
1507 723 1603 754 modo
1628 733 1829 766 cognoscere
1845 724 2078 764 privationem,
2102 727 2231 759 adverte
2255 727 2346 768 quod
2364 738 2434 760 non
2449 737 2499 759 se-

1418 769 1529 810 quitur
1556 767 1776 799 universaliter
1799 774 1836 799 ut
1859 769 1916 809 qui
1940 771 2110 810 cognoscit
2131 771 2165 802 id
2188 772 2281 813 quod
2306 773 2442 814 ponitur
2464 773 2497 804 in

1419 812 1608 845 definitione
1625 813 1771 849 alicuius,
1788 819 1967 854 cognoscat
1987 820 2019 845 et
2038 813 2220 854 definitum,
2236 818 2298 848 nisi
2314 817 2450 849 confuse
2467 824 2499 849 et

1418 858 1679 889 indeterminate:
1696 858 1786 899 prius
1803 858 1891 889 enim
1906 863 2016 899 potest
2031 861 2187 900 cognosci
2202 870 2270 893 non
2287 863 2421 903 cognito
2437 872 2498 904 po-

1417 903 1553 934 steriori.
1579 902 1616 934 In
1638 903 1812 943 proposito
1831 908 1952 939 tamen,
1969 903 2046 943 quia
2069 905 2216 944 potentia
2237 912 2286 938 est
2308 907 2349 938 de
2373 908 2498 939 ratione

1416 948 1607 988 privationis
1630 948 1715 978 sicut
1736 947 1921 979 subiectum
1943 947 1984 979 de
2003 949 2129 980 ratione
2151 958 2229 981 suae
2252 953 2402 992 propriae
2424 962 2499 994 pas-

1416 993 1527 1029 sionis,
1552 1002 1622 1024 non
1639 997 1748 1033 potest
1770 991 1954 1024 intellectus
1969 993 2135 1034 complete
2149 1004 2350 1035 cognoscere
2370 1006 2406 1028 se
2427 1006 2499 1029 esse

1416 1038 1450 1068 in
1465 1037 1613 1078 potentia
1628 1037 1690 1068 nisi
1707 1037 1804 1068 etiarn
1827 1037 2044 1078 privationem
2067 1045 2245 1080 cognoscat
2260 1040 2295 1072 in
2309 1050 2344 1072 se
2361 1041 2497 1073 existen-

1416 1089 1493 1119 tem,
1511 1087 1543 1113 et
1557 1082 1744 1123 praesertim
1762 1091 1838 1113 cum
1857 1082 1994 1123 privatio
2019 1082 2059 1114 sit
2081 1083 2268 1116 immediate
2292 1094 2498 1127 consequens

1416 1136 1474 1158 ens
1497 1128 1531 1158 in
1554 1128 1715 1168 potentia:
1738 1127 1822 1158 sicut
1843 1136 1912 1158 non
1932 1133 2041 1168 potest
2064 1129 2221 1169 cognosci
2235 1129 2379 1171 perfecte
2393 1130 2499 1163 homo

1415 1172 1477 1203 nisi
1501 1177 1719 1212 cognoscatur
1740 1172 1922 1213 proprietas
1944 1173 2048 1214 ipsius
2071 1182 2156 1214 quae
2177 1174 2287 1215 ipsum
2310 1175 2498 1208 immediate

1415 1217 1671 1253 concomitatur;
1695 1222 1728 1247 et
1750 1226 1955 1258 cognoscens
1976 1218 2147 1250 hominem
2173 1225 2284 1260 potest
2313 1220 2399 1252 illius
2425 1229 2499 1262 paa-

1415 1263 1524 1293 siones
1547 1267 1579 1292 et
1602 1262 1817 1302 proprietates
1840 1271 2050 1303 cognoscere.

1470 1306 1525 1338 v1.
1550 1306 1715 1343 Secundo,
1737 1305 1874 1338 Sanctus
1890 1307 2038 1339 Thomas
2061 1307 2204 1340 ostendit
2223 1309 2304 1351 quid
2326 1310 2498 1352 impediret

1414 1351 1477 1383 Dei
1493 1351 1717 1392 cognitionem
1733 1349 1774 1382 de
1788 1348 1882 1382 malis
1892 1352 1919 1383 “.
1936 1351 1979 1384 Et
1993 1352 2101 1394 inquit
2113 1353 2205 1395 quod
2221 1354 2248 1386 si
2259 1354 2360 1393 Deus,
2373 1365 2499 1397 cogno-

1413 1396 1536 1428 scendo
1551 1406 1597 1433 se,
1621 1406 1690 1428 non
1706 1402 1920 1437 cognosceret
1934 1397 2139 1438 particularia
2162 1398 2261 1436 bona,
2283 1399 2376 1432 nullo
2394 1400 2497 1433 modo

1413 1446 1628 1482 cognosceret
1642 1441 1860 1483 privationem
1874 1447 1932 1473 aut
1946 1442 2082 1474 malum.
2096 1442 2194 1482 Quia,
2207 1453 2284 1475 cum
2296 1445 2358 1486 ipsi
2373 1445 2498 1477 malum

1413 1496 1482 1518 non
1501 1492 1691 1528 opponatur
1713 1491 1746 1517 et
1767 1487 1918 1527 privatio,
1935 1496 1976 1518 eo
1997 1487 2088 1528 quod
2103 1488 2145 1520 sit
2159 1493 2251 1520 actus
2266 1498 2378 1530 purus,
2394 1491 2421 1521 si
2436 1490 2499 1521 bo-

1412 1540 1494 1563 num
1517 1537 1645 1563 tanturn
1665 1530 1758 1572 quod
1779 1537 1828 1562 est
1850 1531 1920 1573 ipse
1943 1538 2168 1574 cognosceret,
2192 1543 2261 1566 non
2285 1538 2499 1576 cognosceret

1413 1577 1552 1608 malum:
1577 1575 1654 1617 quia
1677 1575 1799 1607 scilicet
1814 1586 1924 1618 neque
1941 1577 2017 1617 quia
2037 1577 2077 1608 sit
2092 1578 2126 1609 in
2147 1579 2304 1619 potentia,
2322 1585 2358 1611 ut
2373 1579 2497 1612 dictum

1414 1628 1466 1653 est
1481 1622 1509 1658 *,
1532 1630 1642 1662 neque
1663 1630 1721 1662 per
1745 1621 1968 1662 cognitionem
1990 1622 2070 1654 boni
2093 1623 2248 1664 oppositi.
2269 1623 2356 1663 Quia
2375 1630 2496 1662 autem,

1413 1665 1648 1709 cognoscendo
1664 1675 1708 1703 se,
1725 1667 1896 1707 cognoscit
1919 1667 2017 1698 etiam
2036 1668 2070 1698 in
2089 1668 2208 1709 quibus
2226 1674 2321 1700 natae
2336 1674 2412 1700 sunt
2427 1679 2496 1701 esse

1412 1711 1621 1753 privationes,
1642 1720 1774 1742 necesse
1791 1717 1838 1742 est
1855 1717 1891 1742 ut
1906 1717 2084 1752 cognoscat
2098 1713 2296 1754 privationes
2317 1715 2495 1755 oppositas

1470 1756 1518 1787 Ex
1541 1757 1591 1787 his
1614 1761 1702 1797 patet
1725 1755 1816 1797 quod
1839 1756 2021 1787 intellectus
2045 1756 2174 1789 divinus
2197 1757 2312 1795 differt,
2336 1764 2496 1800 quantum

1413 1802 1454 1833 ad
1477 1801 1555 1832 mali
1578 1801 1814 1842 cognitionem,
1837 1801 1878 1832 ab
1904 1801 2072 1834 intellectu
2098 1808 2223 1840 nostro,
2247 1804 2325 1845 quia
2346 1813 2417 1836 non
2439 1813 2499 1846 co-

1413 1847 1542 1888 gnoscit
1564 1855 1623 1886 per
1648 1846 1831 1887 potentiam
1863 1851 1896 1877 et
1926 1846 2143 1887 privationem
2166 1847 2200 1878 in
2229 1857 2266 1879 se
2288 1849 2498 1887 existentem?

1414 1900 1523 1932 neque
1555 1900 1613 1932 per
1639 1891 1806 1931 propriam
1835 1891 1980 1931 speciem
2009 1891 2090 1922 boni
2119 1892 2266 1933 oppositi
2293 1893 2496 1927 intellectum

1413 1935 1648 1977 perficientem,
1674 1936 1757 1966 sicut
1779 1935 1964 1966 intellectus
1986 1941 2111 1973 noster-3
2130 1935 2207 1968 licet
2229 1937 2263 1968 in
2287 1938 2353 1969 hoc
2375 1947 2498 1970 conve·

1413 1981 1481 2012 niat
1497 1980 1589 2021 quod
1604 1989 1662 2021 per
1680 1980 1905 2020 cognitionem
1921 1980 2001 2012 boni
2017 1981 2162 2022 oppositi
2177 1983 2347 2023 cognoscit
2361 1983 2495 2020 malum,

1413 2026 1498 2056 sicut
1520 2030 1553 2056 et
1575 2030 1687 2056 noster
1708 2025 1904 2056 intellectus.
2415 2049 2417 2051 .

1469 2069 1622 2106 Adverte,
1647 2079 1724 2101 cum
1748 2069 1866 2101 dicitur
1882 2070 1972 2101 bono
1993 2070 2104 2102 divino
2126 2071 2210 2102 nihil
2229 2073 2357 2113 opponi
2378 2078 2416 2104 ut
2430 2074 2499 2114 pri-

1413 2115 1588 2151 vadonem,
1606 2114 1698 2156 quod
1713 2114 1960 2155 intelligendum
1984 2121 2033 2146 est
2053 2115 2237 2148 secundum
2260 2118 2427 2158 propriam
2439 2127 2498 2150 ra·-

1413 2161 1548 2191 tionem.
1573 2159 1639 2192 Sed
1654 2159 1836 2191 secundum
1855 2169 2069 2192 communem
2092 2161 2252 2192 rationem
2268 2162 2358 2198 boni,
2373 2162 2497 2195 seilicet

1413 2206 1610 2246 inquantum
1634 2205 1781 2236 absolute
1805 2211 1852 2236 est
1876 2205 2013 2242 bonum,
2037 2206 2122 2237 bene
2145 2206 2205 2237 sibi
2228 2207 2409 2248 opponitur
2426 2208 2498 2241 ma*

1414 2250 1494 2286 lum,
1511 2255 1547 2281 ut
1563 2249 1681 2281 dicitur
1695 2250 1804 2286 Ver-it„
1821 2259 1853 2291 q.
1865 2259 1899 2286 n,
1914 2259 1943 2281 a.
1953 2250 2012 2281 ult.
2023 2250 2053 2280 ἐ
2071 2251 2195 2283 malum
2211 2252 2300 2282 enim
2319 2257 2352 2283 et
2369 2252 2496 2284 bonum

1414 2301 1489 2326 sunt
1513 2295 1675 2336 opposita.

1470 2339 1540 2370 V11.
1561 2339 1731 2378 Quantum
1747 2339 1788 2370 ad
1806 2339 1939 2371 tertium
1953 2340 1981 2376 “,
2002 2339 2070 2371 duo
2085 2346 2235 2372 removet
2253 2340 2362 2372 dubia.
2381 2341 2496 2374 Posset

1414 2385 1513 2420 enim,
1540 2385 1659 2425 primo,
1689 2385 1808 2425 aliquis
1836 2384 1957 2416 dicere:
1985 2384 2166 2426 Cognoscit
2194 2385 2287 2416 Deus
2317 2385 2406 2418 mala
2430 2388 2497 2428 per

1413 2429 1510 2465 bona,
1533 2429 1629 2471 Ergo
1645 2429 1792 2471 cognitio
1813 2429 1878 2461 Dei
1899 2435 1949 2460 est
1966 2429 2159 2462 discursiva.
2176 2429 2281 2462 Cuius
2304 2431 2494 2472 oppositum

1414 2479 1582 2505 ostensum
1602 2479 1650 2505 est
1668 2483 1766 2515 supra
1774 2475 1801 2504 ⁹.
1817 2491 1840 2497 —
1856 2473 2025 2505 Secundo:
2049 2474 2260 2516 Cognoscere
2277 2475 2404 2517 aliquid
2421 2481 2494 2508 tan·-

1415 2524 1482 2550 tum
1500 2528 1564 2560 per
1581 2518 1674 2550 aliud
1689 2519 1869 2560 cognitum,
1887 2523 1935 2550 est
1949 2518 2137 2562 impetjecte
2151 2529 2364 2562 cognoscere.
2386 2519 2493 2564 Ergo,

1414 2565 1443 2595 si
1466 2564 1588 2594 malum
1604 2564 1695 2594 Deus
1710 2564 1883 2606 cognoscit
1897 2569 2023 2595 tantum
2034 2574 2099 2606 per
2119 2564 2251 2600 bonum,
2267 2565 2416 2607 cognitio
2431 2565 2495 2597 Da

1414 2609 1479 2640 erit
1501 2608 1703 2651 imperfecta.
2448 2624 2461 2637 κ

1468 2653 1520 2684 Ad
1544 2654 1687 2694 primurn
1716 2653 1893 2694 respondet
1916 2653 2008 2694 quod
2033 2663 2102 2685 non
2126 2660 2175 2685 eat
2203 2653 2378 2686 discursus.
2394 2654 2495 2695 ,Quia

1415 2703 1660 2739 cognoscuntur
1683 2698 1768 2729 mala
1791 2708 1850 2739 per
1872 2699 1970 2735 bona,
1988 2708 2058 2730 non
2077 2699 2161 2731 sicut
2184 2699 2414 2732 conclusiones
2435 2708 2497 2742 pet

1414 2743 1583 2785 principia,
1599 2742 1656 2774 sed
1675 2743 1759 2774 sicut
1780 2752 1831 2774 res
1846 2752 1905 2784 per
1919 2753 1994 2774 suas
2009 2741 2226 2775 definitiones.
2250 2743 2382 2776 Bonum
2405 2745 2494 2777 nim

1413 2794 1461 2819 est
1485 2788 1577 2829 quasi
1601 2788 1682 2818 ratio
1705 2788 1903 2828 cognitionis
1924 2788 2017 2819 mali:
2042 2797 2120 2820 curn
2148 2789 2272 2820 malum
2302 2788 2384 2821 nihil
2405 2789 2495 2822 aliud

1413 2834 1453 2864 sit
1477 2842 1576 2874 quam
1601 2833 1738 2873 privatio
1762 2833 1852 2863 boni.

1469 2877 1522 2908 Ad
1545 2876 1726 2909 secundum
1743 2877 1821 2908 dicit
1836 2876 1928 2918 quod
1944 2878 2090 2918 cognitio
2103 2877 2180 2909 mali
2202 2887 2262 2919 per
2283 2879 2409 2910 bonum
2422 2886 2492 2911 non

1414 2928 1462 2954 est
1484 2921 1687 2963 imperfecta:
1713 2922 1790 2963 quia
1804 2922 1929 2954 malum
1944 2931 2013 2954 non
2037 2928 2085 2954 est
2105 2928 2222 2954 natum
2236 2923 2301 2954 alio
2315 2923 2420 2955 modo
2435 2933 2494 2956 oo-

1412 2977 1537 3009 gnosci.

1471 3011 1553 3043 Vlll.
1583 3011 1677 3043 Circa
1702 3012 1953 3052 responsionem
1979 3011 2020 3043 ad
2046 3012 2189 3053 primum
2205 3013 2232 3048 ⁶,
2255 3011 2429 3044 dubitatur.
2457 3012 2493 3046 ἢ

1412 3057 1538 3088 bonum
1563 3062 1610 3087 est
1633 3057 1714 3088 ratio
1739 3056 1825 3092 mali,
1851 3061 1884 3088 et
1906 3057 2117 3098 cognoscitur
2137 3057 2262 3088 malurn
2285 3066 2343 3099 per
2365 3058 2491 3090 bonnm

1412 3102 1496 3133 sicut
1518 3110 1568 3132 res
1591 3111 1651 3142 per
1673 3110 1766 3132 suam
1789 3100 2027 3138 definitionem,
2046 3111 2124 3143 ergo
2146 3102 2271 3133 malum
2294 3111 2363 3134 non
2387 3101 2491 3134 differt

1412 3155 1431 3177 a
1453 3147 1559 3178 bono:
1584 3146 1660 3187 quia
1684 3155 1734 3177 rea
1757 3155 1827 3177 non
1850 3145 1955 3177 differt
1978 3155 1997 3177 a
2019 3155 2077 3178 aua
2101 3145 2302 3178 definitione.
2410 3174 2414 3179 .

1467 3191 1634 3223 Secundo.
1658 3191 1812 3232 Sequitur
1827 3190 1919 3231 quod
1934 3191 2117 3222 intellectus
2139 3201 2343 3232 cognoscens
2364 3191 2489 3223 malum

1411 3245 1479 3267 non
1502 3235 1621 3266 format
1637 3236 1808 3277 proprium
1824 3241 2024 3276 conceptum
2046 3236 2088 3267 de
2110 3236 2193 3276 ipao.
2218 3236 2294 3267 Hoc
2315 3241 2425 3268 autem
2441 3242 2491 3268 est

1411 3280 1543 3311 falsum:
1568 3289 1644 3311 nam
1660 3280 1699 3311 de
1717 3281 1869 3311 caecitate
1893 3281 2038 3321 concipit
2053 3279 2145 3321 quod
2161 3286 2209 3311 est
2226 3281 2373 3321 privatio
2389 3281 2487 3317 visus,

1412 3326 1468 3366 qui
1492 3331 1672 3365 conceptus
1694 3325 1849 3356 convenit
1871 3330 1997 3356 tantum
2021 3325 2176 3356 caecitati.
2201 3325 2242 3355 Et
2265 3325 2311 3356 sic
2340 3325 2381 3357 de
2407 3325 2486 3357 aliis.

1469 3379 1498 3400 2.
1516 3369 1567 3401 Ad
1583 3369 1727 3410 primum
1743 3370 1862 3401 horum
1878 3369 1996 3401 dicitur
2014 3368 2106 3410 quod
2120 3378 2189 3400 non
2206 3374 2254 3400 est
2269 3379 2362 3401 mens
2378 3370 2488 3402 Sancti

1410 3414 1561 3446 Thomae
1585 3414 1691 3446 dicere
1718 3414 1845 3446 bonum
1867 3423 1937 3446 esse
1960 3412 2185 3445 definitionem
2204 3414 2292 3451 mali,
2316 3414 2373 3446 sed
2395 3415 2488 3456 quod

1409 3459 1442 3490 in
1459 3460 1529 3490 eius
1545 3458 1735 3491 definitione
1747 3458 1921 3495 clauditurz
1937 3458 2061 3490 malum
2076 3458 2164 3489 enim
2180 3464 2228 3489 est
2239 3459 2384 3500 privatio
2398 3460 2486 3497 boni,

1409 3510 1441 3534 et
1464 3504 1600 3535 caecitas
1611 3503 1758 3545 privatio
1774 3504 1872 3535 visus.
1888 3502 1931 3534 Et
1945 3503 2032 3543 quia,
2049 3512 2125 3534 cum
2141 3503 2263 3544 aliquid
2279 3505 2488 3545 cognoscitur

1409 3557 1467 3588 per
1481 3548 1516 3579 id
1530 3548 1623 3590 quod
1647 3553 1694 3580 est
1717 3547 1759 3580 de
1778 3548 1848 3579 eius
1865 3547 2001 3583 ratione,
2018 3556 2088 3579 non
2110 3547 2226 3579 dicitur
2248 3548 2329 3580 illud
2344 3558 2403 3590 per
2422 3549 2486 3580 dis-

1409 3602 1541 3624 cursum
1572 3593 1740 3634 cognosci,
1762 3591 1819 3624 sed
1848 3600 1907 3632 per
1935 3592 2074 3632 primam
2105 3593 2331 3633 operationem
2359 3593 2486 3626 intelle·

1409 3642 1499 3674 ctus:
1520 3637 1596 3669 ideo
1620 3637 1743 3669 dictum
1770 3642 1818 3668 est
1846 3635 1936 3677 quod
1963 3636 2017 3668 ille
2044 3636 2163 3668 modus
2191 3638 2388 3679 cognitionis
2415 3647 2487 3680 quo

1379 3713 1382 3720 ,
1409 3682 1532 3713 malum
1555 3682 1763 3722 cognoscitur
1786 3690 1844 3722 per
1866 3681 2002 3718 bonum,
2026 3682 2165 3722 pertinet
2191 3682 2232 3713 ad
2254 3682 2392 3714 modum
2415 3692 2486 3724 quo

2525 1355 2535 1364 ·
2550 1353 2587 1376 Cf.
2602 1359 2626 1376 a.
2636 1359 2659 1381 ν,
2675 1353 2725 1377 init.

2524 1623 2534 1632 ·
2549 1621 2620 1644 Num.
2630 1628 2654 1644 v.

2523 2253 2623 2282 ’Ad4

2522 2347 2532 2356 ·
2546 2345 2583 2368 Cf.
2598 2345 2648 2369 luit.
2667 2345 2739 2368 eom-

2522 2376 2593 2396 ment.

2522 2481 2531 2489 ·
2546 2478 2604 2508 Cap.
2614 2485 2670 2502 nu.

2519 3017 2528 3027 ·
2542 3015 2617 3039 Num.
2629 3021 2705 3045 praee.
