2768 4134
52 914 60 924 “
77 913 133 940 Cap.
148 918 216 934 xxxv.

48 1546 57 1556 ·
72 1544 108 1567 Cf.
129 1544 262 1567 Commeat.

48 1577 98 1599 cap.
114 1577 176 1598 xxxi,
190 1571 239 1593 init.

49 1857 57 1865 ”
72 1855 107 1877 Cf.
124 1861 145 1876 n.
163 1862 184 1875 v.

301 301 376 338 356
749 297 937 334 SUMMA
966 280 1189 334 CONTRA
1218 297 1493 342 GENTILES,
1522 297 1617 333 LIB.
1638 298 1679 343 11,
1710 297 1821 334 CAP.
1843 299 2047 336 XXXVIII.

298 391 382 416 mas
410 389 491 414 non
519 389 601 413 esse
629 383 717 426 post
745 387 899 425 corpuS.
931 375 1104 434 Quidam
1133 386 1228 411 vero
1261 375 1368 424 quod
1425 382 1577 424 praeter
1596 375 1726 424 ipsum
1746 387 1827 412 non
1846 388 2002 426 semper
2019 378 2185 414 fuerunt.
2217 379 2275 415 Ex
2296 379 2373 416 hoc
2391 380 2497 417 enim

297 445 343 468 ex
372 430 555 468 omnibus
584 428 789 467 animabus
809 441 889 465 non
910 435 1040 465 manet
1059 427 1131 464 nisi
1158 427 1369 465 intellectus
1426 427 1641 465 ostenditur
1659 428 1860 466 manifeste
1874 430 1982 479 quod
2003 441 2064 467 res
2082 430 2177 467 aliae
2196 439 2348 480 praeter
2366 432 2498 482 ipsum

296 491 510 532 separatus:
546 484 607 519 vel
645 493 779 530 agens,
810 482 1027 519 secundum
1062 481 1276 530 quosdam;
1306 483 1368 518 vel
1424 482 1473 518 ab
1502 481 1588 531 ipso
1618 494 1700 518 esse
1730 482 1885 528 habent,
1913 483 2005 532 quia
2038 495 2120 520 non
2148 495 2303 533 semper
2329 485 2495 524 fuerunt.

295 537 411 574 etiam
438 535 640 585 possibilis,
660 535 879 572 secundum
905 534 1010 572 alios.
1042 534 1216 580 Quidam
1236 542 1367 572 autem
1425 534 1653 572 Ostenditur
1681 535 1798 572 etiam
1821 536 1928 596 quod
1948 548 2029 574 non
2050 536 2124 585 agit
2142 549 2214 586 per
2231 538 2498 577 necessitatem

294 596 510 639 posuerunt
544 588 832 626 circulationem
868 589 907 625 in
942 587 1162 633 animabus,
1197 587 1367 625 dicentes
1390 604 1398 622 ς
1424 596 1600 634 naturae;
1622 597 1658 625 et
1677 588 1787 637 quod
1806 589 1928 626 virtus
1948 602 2018 627 sua
2038 598 2094 627 est
2113 590 2318 628 infinitam
2331 593 2496 639 agendo.

294 642 401 692 quod
431 642 592 679 eaedem
621 641 773 679 animae
793 650 881 691 post
900 641 1028 690 aliqua
1048 642 1200 678 saecula
1220 640 1260 677 in
1283 653 1366 678 cor-

293 708 389 745 pora
426 703 681 732 revertuntur.
722 695 896 742 Quidam
934 707 1027 731 vero
1070 706 1142 743 pro
1182 694 1365 731 inconve-

293 748 411 786 nienti
439 760 521 785 non
549 749 693 786 habent
721 749 829 798 quod
859 748 932 785 sint
960 747 1089 796 aliqua
1109 747 1258 785 infinita
1278 757 1365 785 actu

293 802 332 839 in
361 802 420 838 his
449 814 550 851 quae
579 802 758 839 ordinem
788 814 867 839 non
892 801 1046 838 habent.

346 856 475 892 Potest
503 863 634 892 autem
663 855 856 892 efficacius
884 854 1042 904 procedi
1063 854 1112 891 ad
1138 854 1214 891 hoc
1238 863 1364 892 osten-
1381 874 1406 888 10

292 909 467 946 dendum
502 921 548 945 ex
581 909 659 946 fine
696 909 849 946 divinae
877 907 1102 954 voluntatis,
1133 916 1176 945 ut
1203 920 1322 958 supra
1345 908 1364 930 ’¹‘

291 970 437 1000 tactum
466 970 532 999 est.
563 962 668 999 Finis
696 962 799 999 enim
827 961 981 998 divinae
1001 961 1210 998 voluntatis
1238 961 1278 998 in
1307 974 1363 999 re-

292 1028 381 1053 rum
410 1016 664 1065 productione
691 1023 747 1052 est
766 1015 848 1052 eius
868 1015 1019 1052 bonitas
1040 1014 1274 1064 inquantum
1294 1027 1364 1065 per

291 1077 445 1106 causata
465 1069 736 1106 manifestatur.
768 1068 970 1105 Potissime
993 1076 1124 1105 autem
1145 1068 1362 1105 manifesta-

290 1130 353 1159 tur
372 1122 501 1159 divina
521 1121 636 1159 virtus
652 1130 688 1159 et
708 1121 859 1159 bonitas
873 1134 943 1171 per
961 1122 1038 1159 hoc
1057 1122 1166 1171 quod
1186 1134 1247 1159 res
1267 1122 1362 1159 liaea

345 1242 358 1259 2
378 1235 501 1259 omnibus
520 1242 563 1259 om
583 1235 680 1260 aWPc.
769 1243 787 1267 4
806 1235 904 1269 autem]
925 1243 988 1261 vero
1008 1236 1064 1266 DX,
1083 1236 1153 1261 enim
1174 1236 1207 1262 G.

290 1276 315 1296 et
334 1271 435 1295 bonitas
453 1272 476 1295 A
495 1271 581 1300 solus;
601 1271 703 1296 bonitas
723 1276 748 1296 et
766 1272 856 1296 virtus.

344 1314 357 1331 2
377 1306 523 1331 ostenditur
541 1306 686 1340 manifeste]
707 1306 843 1332 manifeste
863 1313 969 1340 apparet
988 1308 1031 1334 Pc.

1298 1235 1315 1260 6
1335 1236 1453 1270 corpora]
1475 1244 1585 1270 corpore
1604 1237 1652 1262 Pa.

1122 1306 1139 1331 ὁ
1159 1307 1236 1340 igitur
1254 1308 1377 1338 EGXZb;

1423 642 1510 678 Hoc
1531 641 1644 690 igitur
1671 642 2084 680 convenientissimum
2109 643 2180 680 fuit
2207 644 2363 682 divinae
2387 644 2497 683 boni-

1422 695 1499 740 tati,
1520 703 1562 731 ut
1582 695 1699 732 rebus
1718 695 1853 733 creatis
1881 696 2117 746 principium
2143 698 2358 735 durationis
2378 698 2496 736 daret.

1477 749 1534 785 Ex
1556 748 1614 785 his
1634 757 1764 785 autem
1793 761 1894 798 quae
1921 749 2117 799 praedicta
2145 759 2245 797 sunt,
2269 751 2388 789 vitare
2408 764 2497 801 pos-

1421 814 1559 839 sumus
1574 801 1749 839 diversos
1768 814 1918 840 errores
1936 803 2136 851 gentilium
2156 804 2496 855 philosophorum.

1421 856 1605 902 Quorum
1626 856 1788 905 quidam
1813 865 2029 905 posuerunt
2055 857 2252 894 mundum
2280 867 2495 896 aeternum.

1421 909 1595 956 Quidam
1625 909 1829 947 materiam
1861 909 2001 948 mundi
2029 918 2238 956 aeternam,
2268 924 2314 949 ex
2343 924 2423 961 qua
2451 925 2496 949 ex

1419 962 1550 1012 aliquo
1579 970 1758 1012 tempore
1796 963 1970 1000 mundus
1992 963 2127 1013 coepit
2161 965 2354 1012 generari:
2383 967 2447 1003 vel
2475 978 2498 1003 a

1419 1028 1528 1062 casu3
1546 1018 1606 1053 vel
1626 1017 1675 1053 ab
1691 1017 1822 1065 aliquo
1838 1017 2048 1062 intellectu;
2069 1025 2135 1054 aut
2150 1017 2266 1055 etiam
2281 1030 2416 1056 amore
2431 1027 2498 1056 aut

1419 1069 1491 1106 lite.
1516 1069 1575 1106 Ab
1595 1070 1780 1107 omnibus
1800 1070 1906 1108 euim
1926 1070 1986 1108 his
2005 1070 2164 1120 ponitur
2182 1071 2328 1121 aliquid
2347 1079 2499 1121 praeter

1379 1140 1400 1160 ις
1419 1122 1491 1159 Dei
1520 1131 1734 1160 aeternum.
1771 1124 1892 1171 Quod
1921 1123 2014 1161 fidei
2044 1124 2266 1178 Catholicae
2295 1133 2495 1175 repugnat.

1743 1237 1760 1262 8
1780 1245 1832 1263 non
1851 1245 1894 1263 om
1914 1238 1964 1263 ab.
2050 1246 2067 1271 9
2087 1237 2163 1272 quae]
2184 1238 2230 1272 qui
2250 1246 2275 1263 α.
2364 1238 2396 1264 ι5
2416 1239 2498 1265 virtus

1397 1313 1484 1333 autem
1504 1309 1534 1339 Β,
1554 1309 1624 1333 enim
1642 1309 1733 1334 ceteri.

1050 1413 1389 1447 Commentaria
1419 1414 1731 1448 Fen-ariensis

366 1509 492 1530 vaurum
516 1498 556 1530 ad
581 1499 722 1535 tertium,
751 1503 920 1539 ponuntur
943 1499 1083 1529 rationes
1107 1498 1287 1529 volentium
1311 1498 1366 1529 de·
1392 1501 1394 1536 1

366 1550 543 1576 monstrare
558 1543 719 1574 mundum
742 1553 810 1574 non
833 1552 902 1574 esse
917 1548 1085 1574 aeternum
1098 1544 1124 1573 ’ἦ
1150 1543 1191 1574 Et
1206 1544 1282 1584 quia
1298 1553 1365 1574 non

289 1596 364 1622 sunt
387 1589 658 1620 demonstrativae
681 1588 832 1624 rationes,
849 1588 925 1618 licet
940 1588 1200 1628 probabilitatem
1217 1588 1365 1624 habeant,

289 1635 364 1666 ideo
388 1639 556 1675 ponuntur
579 1634 676 1663 etiam
694 1633 924 1673 responsiones
942 1642 1056 1663 eorum
1073 1633 1130 1673 qui
1145 1633 1365 1664 aeternitatem
1391 1644 1393 1671 ς

290 1679 403 1711 mundi
428 1683 624 1719 posuerunt:
650 1687 691 1708 ne
715 1677 860 1708 videatur
883 1676 973 1713 fides,
991 1687 1074 1718 quae
1091 1678 1186 1718 ponit
1204 1677 1364 1708 mundum

289 1724 481 1763 incoepisse,
505 1724 538 1753 in
562 1723 651 1752 vanis
675 1722 853 1753 rationibus
877 1722 1062 1752 constituta.

346 1768 440 1799 Circa
452 1768 516 1798 hoc
532 1773 640 1798 autem
654 1766 720 1797 duo
734 1766 809 1797 facit
821 1767 958 1797 Sanctus
968 1767 1126 1797 Thomas:
1141 1767 1258 1806 primo,
1271 1767 1364 1806 ponit

289 1814 429 1844 rationes
452 1811 642 1848 inefficaces
659 1818 691 1842 et
707 1821 760 1842 eas
776 1811 888 1847 solvit;
913 1811 1068 1847 secundo,
1086 1812 1179 1851 ponit
1199 1810 1362 1852 quandam
1390 1821 1392 1842 ,ε

289 1859 448 1889 rationem
473 1866 571 1897 quam
595 1858 664 1896 ipse
689 1856 902 1887 efficaciorem
927 1862 1018 1897 putat
1035 1857 1061 1886 ἥ.

345 1903 367 1933 1.
393 1902 561 1939 Quantum
586 1901 626 1931 ad
650 1901 802 1941 primum,
820 1902 922 1941 tangit
937 1911 991 1931 sex
1008 1901 1157 1930 rationes.
1182 1900 1288 1930 Prima
1305 1906 1361 1936 est,

289 1948 365 1988 quia
388 1951 518 1986 oportet
542 1955 672 1976 causam
697 1944 865 1975 duratione
894 1944 1085 1986 praecedere
1110 1943 1271 1974 effectum.

344 1990 493 2021 Secunda
518 1995 574 2025 est,
600 1990 676 2030 quia
699 1994 806 2019 toturn
831 1999 888 2020 ens
912 1989 1033 2020 factum
1058 1994 1105 2018 est
1129 1998 1166 2018 ex
1191 1989 1304 2018 nihilo.
1322 1988 1362 2018 Et

287 2045 344 2077 per
360 2043 563 2075 consequens
579 2043 710 2064 necesse
728 2039 775 2064 est
788 2033 878 2073 quod
894 2034 1008 2064 habeat
1026 2042 1094 2063 esse
1107 2039 1182 2072 post
1197 2042 1264 2063 non
1282 2042 1360 2062 esse.

342 2079 451 2109 Tertia
475 2084 531 2114 est,
557 2079 633 2118 quia
657 2084 763 2108 essent
786 2077 910 2108 infinita
935 2078 1132 2118 pertransita.

341 2124 464 2162 Quarta
488 2129 544 2159 est,
570 2124 646 2163 quia
669 2121 798 2153 infinito
822 2122 914 2154 fieret
936 2122 1068 2154 additio.

341 2169 464 2206 Quinta
487 2174 544 2204 est,
569 2168 645 2208 quia
669 2167 701 2198 in
726 2168 830 2198 causis
854 2167 1067 2198 efficientibus
1082 2165 1313 2207 procederetur
1329 2167 1361 2196 in

287 2213 461 2245 infinitum.

342 2258 436 2289 Sexta
460 2262 517 2293 est,
542 2257 617 2297 quia
642 2261 747 2286 essent
771 2255 915 2288 infinitae
940 2257 1075 2287 animae.

341 2303 380 2333 11.
400 2301 463 2333 Sed
480 2301 523 2332 ad
536 2302 679 2342 primam
696 2301 821 2338 harum,
839 2301 916 2332 dicit
936 2306 1139 2341 assumptum
1162 2310 1273 2331 verum
1293 2309 1361 2330 esse
1389 2327 1390 2331 ,

286 2348 320 2378 in
344 2348 382 2378 iis
406 2356 488 2387 quae
513 2352 611 2387 agunt
635 2346 758 2386 aliquid
781 2355 838 2386 per
862 2352 1007 2378 motum:
1034 2355 1101 2376 non
1126 2351 1234 2376 autem
1263 2346 1296 2375 in
1324 2346 1361 2375 iis

287 2402 370 2433 quae
394 2393 427 2423 in
450 2392 579 2422 instanti
603 2397 712 2431 agunt.

343 2437 392 2467 Ad
415 2436 601 2471 secundum,
619 2436 696 2466 dicit
713 2435 803 2476 quod
824 2435 855 2466 id
877 2435 968 2476 quod
993 2441 1118 2466 creatur
1134 2434 1169 2465 fit
1189 2445 1230 2465 ex
1247 2435 1360 2470 nihilo,

287 2482 378 2518 idest,
404 2492 468 2512 non
500 2491 541 2511 ex
571 2481 682 2522 aliquo
706 2486 788 2512 ente.
820 2481 867 2511 Ex
899 2481 963 2511 hoc
992 2486 1101 2511 autem
1126 2490 1193 2510 non
1217 2479 1362 2520 sequitur

287 2526 378 2567 quod
401 2526 455 2557 fiat
478 2531 552 2566 post
575 2535 643 2556 non
669 2535 747 2556 esse.

344 2571 437 2602 Circa
460 2572 553 2601 istam
577 2571 834 2611 responsionem,
860 2570 892 2600 in
917 2579 981 2610 qua
1005 2569 1131 2600 videtur
1150 2578 1267 2609 negare
1283 2568 1361 2599 San-

287 2621 356 2646 ctus
373 2616 518 2646 Thomas
541 2614 573 2645 id
598 2615 689 2656 quod
713 2620 838 2646 creatur
862 2613 930 2645 fieri
956 2621 1030 2655 post
1053 2624 1120 2644 non
1138 2623 1216 2650 esse,
1233 2613 1362 2644 adverte
1390 2640 1391 2646 ,

287 2659 377 2700 quod
400 2660 479 2691 illud
502 2659 690 2700 intelligitur
714 2659 895 2691 secundum
914 2659 1063 2690 ordinem
1087 2658 1274 2695 durationis,
1294 2668 1361 2689 non
1390 2694 1391 2698 Ἰ

288 2711 395 2736 autern
411 2704 592 2736 secundum
609 2704 757 2736 ordinem
774 2710 915 2735 naturae.
934 2704 1008 2734 Non
1027 2704 1113 2734 enirn
1131 2703 1222 2744 quod
1239 2709 1363 2734 creatur
1390 2699 1392 2739 ἶ

287 2750 382 2780 habet
405 2749 585 2781 necessario
611 2759 679 2780 esse
710 2755 785 2790 post
815 2758 883 2779 non
912 2758 981 2780 esse
1010 2749 1245 2789 posterioritate
1269 2747 1363 2779 dura·
1390 2774 1392 2783 ,

287 2794 400 2825 tionis:
425 2794 480 2825 sed
504 2795 586 2824 bene
611 2794 847 2834 posterioritate
872 2798 1014 2824 naturae.

345 2848 373 2869 2.
398 2838 462 2870 Sed
486 2839 627 2869 occurrit
651 2838 797 2869 dubium.
815 2837 902 2876 Quia
925 2838 978 2868 illa
995 2846 1078 2878 quae
1094 2837 1213 2868 habent
1230 2838 1313 2868 inter
1328 2846 1362 2867 se
1390 2849 1392 2866 2

288 2883 436 2914 ordinem
451 2888 584 2914 naturae
600 2888 737 2920 tantum,
754 2892 821 2913 non
839 2887 947 2912 autem
972 2882 1159 2918 durationis,
1177 2888 1252 2913 sunt
1267 2882 1362 2912 simul

288 2927 468 2959 duratione.
493 2927 526 2959 Si
551 2937 627 2968 ergo
651 2937 718 2959 non
743 2936 812 2958 esse
829 2926 990 2967 praecedit
1007 2936 1075 2958 esse
1092 2932 1218 2957 tantum
1239 2932 1362 2963 natura,

288 2973 384 3003 simul
408 2973 577 3003 duratione
609 2978 713 3003 erunt.
745 2972 786 3002 Et
817 2972 862 3002 sic
893 2971 1007 3002 eadem
1038 2981 1087 3002 res
1118 2971 1214 3002 simul
1245 2972 1303 3002 erit
1333 2977 1364 3002 et
1391 2996 1393 3007 ,

289 3027 357 3048 non
381 3018 450 3048 erit.

345 3061 572 3103 Respondetur
596 3061 686 3102 quod
709 3060 831 3102 aliquid
850 3061 1024 3091 convenire
1042 3060 1131 3091 alteri
1147 3061 1236 3101 prius
1252 3066 1363 3091 natura

290 3106 362 3142 alio,
388 3106 559 3147 dupliciter
589 3111 697 3146 potest
723 3105 868 3145 intelligi.
894 3105 970 3136 Uno
994 3104 1106 3141 modo,
1131 3106 1207 3145 quia
1238 3105 1277 3135 ab
1307 3104 1363 3135 illo
1391 3113 1393 3144 ς

291 3151 352 3181 alio
378 3152 650 3191 praesupponitur
673 3152 706 3181 in
729 3150 887 3185 subiecto,
911 3155 943 3180 et
967 3159 1098 3180 necesse
1116 3155 1162 3180 est
1178 3149 1257 3180 illud
1273 3159 1364 3190 prae-

292 3195 424 3235 intelligi
449 3197 481 3226 in
506 3195 560 3225 tali
584 3196 730 3226 subiecto
754 3203 833 3225 esse.
859 3194 934 3224 Alio
958 3194 1069 3230 modo,
1095 3195 1180 3234 quia,
1209 3195 1235 3224 si
1258 3195 1364 3225 subic-

291 3245 379 3270 ctum
409 3241 469 3270 sibi
500 3239 561 3270 soli
592 3240 835 3280 relinqueretur,
867 3238 947 3269 illud
977 3239 1037 3269 sibi
1068 3239 1265 3275 conveniret,
1296 3248 1363 3270 non

291 3290 400 3315 autem
424 3284 521 3315 aliud.
546 3285 640 3323 Quae
664 3285 783 3315 habent
807 3283 955 3314 ordinem
980 3289 1111 3314 naturae
1129 3284 1235 3323 primo
1251 3283 1363 3319 modo,

292 3334 366 3359 sunt
390 3329 486 3359 simul
510 3328 694 3360 duratione:
721 3338 789 3359 non
813 3333 922 3358 autem
947 3337 1030 3368 quae
1054 3328 1173 3358 habent
1196 3327 1293 3358 talem
1313 3338 1364 3358 or·
1392 3331 1393 3350 ἲ

292 3372 400 3403 dinem
425 3373 569 3404 secundo
593 3373 704 3404 modo.
729 3373 805 3403 Non
830 3382 898 3403 esse
922 3378 1031 3403 autem
1056 3372 1172 3403 dicitur
1191 3373 1365 3403 convenire

292 3418 336 3447 rei
360 3419 448 3457 prius
472 3423 585 3449 natura
609 3427 707 3458 quam
732 3427 800 3448 esse
825 3417 969 3448 secundo
994 3416 1105 3453 modo,
1134 3417 1210 3457 quia
1234 3417 1364 3454 scilicet,

293 3462 318 3491 si
342 3462 401 3491 sibi
424 3462 668 3503 relinqueretur,
688 3463 818 3493 haberet
842 3471 910 3492 non
935 3471 1021 3492 esse:
1045 3471 1113 3492 non
1133 3467 1241 3492 autem
1259 3462 1364 3502 primo

293 3505 404 3536 modo.
430 3507 505 3537 Ideo
530 3508 610 3538 ratio
635 3517 701 3538 non
727 3507 882 3547 sequitur.

350 3550 401 3580 111.
427 3551 476 3581 Ad
499 3553 637 3587 tertium,
655 3551 732 3582 dicit
749 3550 839 3591 quod
855 3556 962 3582 essent
985 3550 1118 3591 quidem
1142 3549 1266 3580 infinita
1283 3560 1366 3591 quo-

296 3603 367 3623 rum
392 3595 558 3645 quodlibet
578 3602 660 3626 esset
685 3596 920 3636 pertransitum,
938 3596 1014 3647 quia
1031 3600 1113 3626 esset
1129 3593 1272 3625 finitum:
1297 3604 1365 3625 non
1393 3602 1394 3607 ¹

296 3643 403 3712 {liutem
427 3640 537 3670 omnia
560 3640 656 3671 simul
675 3646 781 3671 essent
797 3640 994 3681 pertransita,
1012 3640 1087 3680 quia
1103 3639 1252 3670 transitus
1270 3639 1366 3679 exigit

319 3691 362 3712 uo
387 3688 536 3713 extrema.

1479 1498 1530 1528 Ad
1552 1503 1715 1539 quartum,
1741 1498 1818 1529 dicit
1841 1498 1933 1539 quod
1955 1498 2035 1530 nihil
2057 1499 2209 1540 prohibet
2234 1498 2373 1537 infinito,
2398 1509 2438 1531 ex
2460 1509 2498 1532 ea

1421 1549 1510 1584 parte
1535 1552 1600 1583 qua
1623 1549 1671 1574 est
1693 1543 1833 1580 finitum,
1856 1543 1927 1574 fieri
1950 1543 2160 1575 additionem.

1391 1541 1394 1617 i
1475 1587 1527 1618 Ad
1545 1588 1703 1628 quintum,
1720 1587 1798 1618 dicit
1813 1588 1904 1629 quod
1919 1598 2032 1620 causas
2047 1594 2178 1629 agentes
2193 1589 2227 1620 in
2242 1588 2407 1621 infinitum
2422 1598 2498 1631 pro-

1421 1631 1534 1662 cedere
1563 1638 1611 1662 est
1641 1633 1852 1672 impossibile,
1876 1632 2057 1664 secundum
2086 1633 2312 1674 philosophos,
2328 1634 2370 1664 -in
2393 1635 2498 1666 causis

1391 1674 1393 1686 '
1419 1677 1515 1707 simul
1540 1677 1719 1717 agentib‚us
1745 1686 1829 1728 quae
1853 1677 2006 1708 dicuntur
2037 1687 2152 1709 causae
2183 1687 2242 1718 per
2269 1687 2305 1709 se
2333 1677 2495 1709 infinitae:

1391 1723 1392 1761 j
1418 1730 1486 1751 non
1511 1726 1620 1752 autem
1643 1721 1676 1751 in
1701 1722 1805 1751 causis
1828 1731 1897 1752 non
1921 1722 2018 1752 simul
2041 1722 2219 1762 agentibus,
2237 1731 2321 1763 quae
2345 1721 2498 1754 dIcuntur

1390 1765 1393 1807 l
1419 1764 1563 1796 infinitae
1587 1775 1645 1806 per
1667 1765 1827 1797 accidens.

1475 1819 1505 1840 2.
1531 1810 1626 1841 Circa
1649 1811 1743 1841 istam
1766 1811 2025 1851 responsionem,
2042 1810 2276 1843 advertendum
2295 1811 2386 1852 quod
2408 1811 2496 1843 aliud

1419 1860 1466 1884 est
1478 1855 1584 1885 dicere
1601 1855 1743 1895 aliquam
1756 1864 1855 1886 unam
1868 1864 1999 1886 causam
2012 1864 2081 1886 esse
2097 1865 2155 1896 per
2166 1865 2200 1887 se
2216 1866 2347 1887 causam
2359 1856 2495 1888 alicuius

1419 1898 1568 1929 effectus:
1590 1905 1620 1929 et
1645 1899 1742 1936 aliud,
1760 1899 1868 1939 plures
1885 1909 1996 1930 causas
2012 1901 2109 1931 unius
2125 1899 2259 1932 effectus
2274 1901 2393 1932 habere
2412 1902 2496 1932 inter

1418 1952 1451 1973 se
1476 1943 1624 1973 ordinem
1648 1952 1706 1983 per
1729 1953 1763 1974 se
1787 1949 1818 1974 et
1842 1944 2044 1974 essentialem
2067 1944 2101 1974 in
2121 1944 2286 1975 causando
2305 1945 2404 1976 talem
2419 1945 2495 1977 effe-

1418 1993 1517 2017 ctum.
1543 1987 1594 2018 Ad
1618 1988 1682 2018 hoc
1707 1988 1794 2018 enim
1818 1993 1854 2018 ut
1878 1987 2000 2028 aliquid
2023 1988 2063 2018 sit
2091 1997 2149 2028 per
2176 1998 2210 2019 se
2234 1998 2330 2020 causa
2354 1989 2494 2027 alterius,

1418 2032 1590 2072 requiritur
1614 2038 1650 2062 ut
1673 2041 1741 2063 non
1765 2033 1867 2072 possit
1891 2031 2025 2063 effectus
2048 2033 2109 2063 nisi
2133 2033 2172 2064 ab
2196 2033 2249 2064 illa
2269 2043 2364 2065 causa
2379 2042 2495 2075 proce-

1389 2110 1390 2114 *
1417 2076 1503 2113 dere,
1527 2076 1697 2117 loquendo
1721 2076 1762 2107 de
1785 2085 1881 2107 causa
1900 2077 2074 2127 completa.
2099 2077 2175 2109 Hoc
2194 2078 2296 2109 modo
2319 2078 2429 2110 Sortes
2447 2084 2496 2110 est

1389 2135 1390 2148 κ
1417 2130 1475 2161 per
1497 2131 1531 2151 se
1555 2131 1651 2152 causa
1675 2121 1833 2152 Platonis:
1859 2122 1936 2162 quia
1958 2131 2027 2153 non
2050 2128 2159 2162 potest
2181 2123 2273 2154 Plato
2289 2124 2351 2155 nisi
2366 2133 2386 2154 a
2400 2123 2494 2156 Sorte

1389 2175 1390 2190 ³
1416 2167 1573 2206 generari.
1597 2165 1649 2197 Ad
1672 2166 1735 2197 hoc
1759 2172 1869 2197 autem
1895 2173 1929 2197 ut
1952 2167 2079 2207 aliquae
2103 2168 2166 2199 sint
2190 2177 2306 2199 causae
2329 2177 2387 2209 per
2409 2178 2443 2200 se
2463 2174 2495 2200 et

1388 2239 1391 2258 l
1417 2210 1628 2242 essentialiter
1651 2210 1816 2242 ordinatae
1846 2217 1995 2253 respectu
2026 2211 2123 2242 unius
2153 2208 2297 2249 effectus,
2321 2213 2495 2254 requiritur

1389 2267 1390 2271 ¹
1418 2255 1507 2296 quod
1527 2254 1669 2286 secunda
1685 2265 1753 2286 non
1770 2261 1880 2286 causet
1896 2256 1957 2287 nisi
1973 2261 2009 2287 ut
2025 2262 2176 2287 movetur
2191 2266 2209 2288 a
2225 2258 2339 2298 prima,
2355 2263 2388 2288 et
2403 2257 2495 2299 quod

1417 2310 1533 2331 omnes
1549 2300 1645 2331 simul
1661 2306 1804 2331 causent.
1830 2300 1966 2342 Propter
1981 2301 2055 2337 hoc,
2072 2301 2097 2331 si
2114 2307 2221 2332 essent
2235 2301 2380 2333 infinitae
2395 2303 2494 2334 unius

1388 2342 1390 2346 ⁴
1418 2354 1532 2376 causae
1557 2344 1690 2375 effectus
1709 2354 1767 2386 per
1790 2354 1823 2376 se
1847 2350 1879 2376 et
1902 2346 2114 2376 essentialiter
2135 2345 2311 2383 ordinatae,
2328 2352 2495 2387 oporteret

1389 2404 1390 2422 ς
1418 2389 1558 2420 infinitas
1582 2390 1727 2421 actiones
1750 2390 1847 2421 simul
1871 2399 1950 2427 esse,
1967 2399 1986 2421 a
2001 2391 2120 2431 quibus
2136 2390 2333 2431 dependeret
2348 2390 2492 2424 effectus.

1389 2436 1390 2440 ’
1418 2435 1492 2465 Hoc
1520 2440 1629 2465 autern
1659 2434 1848 2475 philosophi
1877 2440 2029 2476 reputant
2058 2435 2269 2476 impossibile.
2301 2435 2378 2467 ldeo
2403 2433 2494 2478 'apud

1389 2487 1391 2526 ξ
1417 2480 1506 2520 ipsos
1529 2479 1729 2520 impossibile
1754 2485 1801 2510 est
1824 2478 1947 2520 aliquid
1970 2479 2153 2520 dependere
2177 2479 2216 2510 ab
2241 2479 2374 2512 infinitis
2389 2482 2494 2514 causis

1390 2530 1391 2537 ¹
1418 2524 1628 2555 essentialiter
1652 2523 1816 2554 ordinatis.
2479 2556 2483 2559 ,

1474 2568 1507 2599 Si
1532 2575 1640 2599 autem
1665 2574 1771 2599 essent
1793 2567 1938 2599 infinitae
1962 2577 2076 2599 causae
2101 2577 2240 2609 quarum
2269 2579 2333 2600 una
2360 2568 2494 2611 quidem

1418 2618 1501 2644 esset
1524 2622 1581 2653 per
1604 2622 1638 2644 se
1662 2622 1758 2643 causa
1781 2613 1921 2650 alterius,
1945 2612 2002 2644 sed
2025 2618 2133 2644 tamen
2156 2622 2226 2644 non
2241 2614 2397 2645 haberent
2411 2615 2495 2647 inter

1418 2667 1452 2688 se
1469 2657 1671 2688 essentialem
1687 2657 1836 2688 ordinem
1852 2658 1886 2688 in
1902 2657 2066 2688 causando
2083 2658 2226 2698 aliquem
2242 2658 2404 2696 effectum,
2423 2659 2494 2693 uiis

1419 2701 1558 2733 infinitas
1583 2712 1640 2742 per
1656 2702 1805 2732 accidens
1821 2711 1855 2732 se
1871 2702 2002 2733 haberet
2019 2702 2058 2733 ad
2074 2709 2252 2739 causatum,
2271 2709 2306 2734 ut
2322 2703 2399 2735 dicit
2414 2703 2494 2736 San·

1419 2753 1489 2778 ctus
1505 2747 1662 2778 Thomas.
1687 2746 1728 2777 Et
1749 2746 1823 2778 ideo
1848 2747 1927 2778 nihil
1949 2746 2046 2778 refert
2061 2747 2101 2778 ad
2118 2753 2285 2779 causatum
2305 2747 2495 2780 huiusmodi

1419 2801 1530 2823 causas
1546 2790 1686 2822 infinitas
1699 2800 1779 2822 esse.
1796 2791 1838 2822 Et
1854 2791 1917 2822 hoc
1929 2791 2031 2822 modo
2044 2800 2113 2822 non
2125 2792 2314 2824 inconvenit
2329 2791 2494 2824 infinitum

1419 2846 1488 2867 esse
1512 2837 1545 2866 in
1569 2836 1673 2867 causis
1697 2836 1874 2876 agentibus.
1899 2836 1991 2867 Licet
2014 2837 2102 2867 enim
2119 2846 2203 2867 unus
2219 2837 2321 2868 homo
2337 2846 2494 2878 generans

1419 2882 1533 2912 habeat
1550 2890 1608 2921 per
1622 2890 1656 2911 se
1671 2880 1820 2912 ordinem
1837 2880 1876 2911 ad
1891 2880 1990 2912 alium
2015 2881 2182 2912 hominem
2206 2888 2415 2922 generantem
2439 2882 2495 2914 ab-

1419 2926 1536 2962 solute,
1561 2931 1592 2956 et
1615 2925 1670 2956 ille
1694 2925 1734 2956 ad
1757 2925 1867 2962 alium,
1892 2931 1924 2956 et
1953 2926 1999 2956 sic
2023 2926 2056 2956 in
2080 2925 2255 2963 infinitum,
2280 2927 2306 2958 si
2328 2927 2494 2967 generatio

1420 2970 1515 3001 fuerit
1539 2976 1684 3006 aeterna;
1713 2979 1782 3001 non
1810 2976 1918 3001 tamen
1942 2979 2058 3001 omnes
2081 2971 2232 3002 homines
2262 2972 2318 3011 qui
2349 2980 2495 3012 praeces-

1419 3020 1530 3046 serunt
1551 3015 1671 3046 habent
1691 3024 1749 3055 per
1769 3024 1802 3045 se
1818 3014 1967 3046 ordinem
1987 3015 2070 3046 inter
2094 3025 2128 3046 se
2152 3014 2191 3046 ad
2215 3015 2303 3047 hunc
2326 3016 2495 3049 hominem

1419 3059 1651 3100 generandum.
1676 3059 1751 3090 Non
1777 3059 1863 3090 enim
1889 3069 1973 3090 unus
1997 3060 2098 3090 homo
2115 3065 2247 3100 generat
2262 3065 2299 3091 ut
2319 3066 2367 3092 est
2382 3059 2422 3091 ab
2437 3059 2493 3092 illo

1420 3105 1483 3135 alio
1508 3105 1651 3145 genitus:
1668 3105 1744 3144 quia
1761 3105 1857 3135 etiam
1873 3105 1899 3135 si
1915 3113 1983 3135 non
2000 3109 2083 3135 esset
2101 3104 2140 3135 ab
2156 3103 2214 3135 illo
2229 3105 2368 3146 genitus,
2384 3107 2495 3146 posset

1391 3178 1393 3182 Α
1419 3158 1582 3190 generare.
1606 3149 1675 3179 Nec
1691 3149 1789 3179 etiam
1805 3158 1920 3180 omnes
1935 3149 2086 3180 homines
2109 3149 2166 3189 qui
2189 3153 2432 3190 praecesserunt
2453 3148 2494 3179 si-

1419 3194 1488 3225 mul
1506 3203 1621 3224 omnes
1637 3199 1736 3234 agunt
1755 3193 1796 3224 ad
1811 3194 2055 3234 generationem
2071 3193 2185 3224 huius.
2203 3203 2279 3224 cum
2295 3201 2364 3224 non
2379 3201 2494 3224 omnes

1420 3238 1516 3270 simul
1541 3239 1613 3269 sint.

1475 3283 1528 3314 IV.
1549 3282 1600 3313 Ad
1622 3287 1760 3318 sextum,
1778 3282 1855 3314 dicit
1879 3282 1970 3323 quod
1993 3292 2061 3314 non
2085 3287 2132 3313 est
2155 3266 2295 3312 multum
2311 3280 2397 3312 utilis
2414 3281 2493 3312 haec

1420 3328 1516 3358 ratio:
1539 3327 1612 3358 licet
1637 3328 1676 3358 sit
1700 3326 1846 3363 difficilis,
1864 3332 1896 3358 et
1918 3327 1993 3358 ideo
2018 3324 2233 3358 diversimode
2249 3335 2267 3356 a
2282 3324 2414 3356 diversis
2429 3325 2494 3356 sol-

1420 3373 1513 3403 vitur.
1538 3371 1622 3402 Nam
1647 3371 1779 3412 quidam
1805 3377 1983 3412 posuerunt
2007 3371 2148 3402 animam
2163 3379 2232 3400 non
2247 3379 2316 3400 esse
2333 3375 2407 3410 post
2423 3379 2494 3402 cor·

1392 3432 1394 3446 ι
1421 3426 1491 3458 pus
1517 3416 1659 3454 Quidam
1690 3425 1778 3452 vero,
1810 3416 1902 3456 quod
1931 3425 1999 3447 non
2027 3419 2139 3446 manet
2168 3413 2208 3445 de
2238 3415 2406 3446 animabus
2433 3415 2494 3446 nisi

1392 3456 1394 3491 ἰ
1420 3461 1612 3497 intellectus,
1630 3467 1685 3491 aut
1701 3470 1798 3502 agens
1815 3466 1869 3491 aut
1885 3459 2055 3501 possibilis.
2080 3458 2223 3497 Quidam
2247 3464 2355 3490 autem
2375 3468 2494 3500 posue-

1392 3510 1394 3518 *
1421 3512 1495 3536 runt
1518 3506 1699 3536 animarum
1723 3505 1978 3536 circulationem.
2002 3503 2066 3534 Alii
2089 3512 2166 3534 vero
2195 3513 2263 3534 non
2292 3504 2411 3535 habent
2434 3513 2493 3545 pro

1392 3558 1394 3574 ¹
1421 3551 1663 3581 inconvenienti
1687 3559 1756 3581 esse
1779 3548 1942 3580 infinitum
1966 3548 1998 3578 in
2023 3553 2096 3579 actu
2119 3548 2153 3578 in
2176 3548 2214 3578 iis
2238 3558 2322 3589 quae
2345 3548 2494 3580 ordinem

1421 3605 1488 3625 non
1513 3595 1642 3625 habent.

1477 3638 1627 3674 Adverte,
1651 3647 1726 3669 cum
1750 3637 1856 3678 inquit
1879 3635 2015 3667 Sanctus
2039 3636 2185 3667 Thomas
2209 3637 2311 3677 ipsam
2335 3638 2493 3669 rationem

1422 3682 1461 3714 de
1485 3682 1642 3714 infinitate
1666 3682 1845 3713 animarum
1869 3680 2033 3712 difficilem
2057 3690 2125 3712 esse
2149 3686 2180 3712 et
2203 3687 2311 3712 tamen
2336 3691 2404 3713 non
2425 3691 2494 3713 esse
