2768 4134
857 273 1045 311 SUMMA
1075 272 1296 311 CONTRA
1325 272 1600 324 GENTILES,
1631 275 1742 312 CAP.
1763 276 1847 312 XX.

254 351 346 396 quod
361 364 400 385 ex
415 363 450 385 se
465 359 574 395 potest
588 363 658 386 non
674 363 753 390 esse,
769 354 809 384 ab
825 354 890 384 alio
906 353 1156 394 perpetuitatem
1172 353 1326 392 acquirat.

255 400 450 440 Sequeretur
480 400 568 430 enim
597 398 689 440 quod
717 398 926 439 corruptibile
956 402 1134 427 mutaretur
1163 397 1198 427 in
1220 398 1328 427 incor-

254 445 416 486 ruptibile.

311 489 342 520 3.
367 489 444 520 Ideo
466 488 609 520 secunda
623 494 672 519 est
686 488 787 528 ipsius
803 486 1080 517 Commentatoris
1095 485 1265 525 responsio
1280 485 1330 515 in-

255 534 396 574 quientis
412 534 526 575 quod
518 543 551 564 ιιι
569 533 659 564 caelo
674 542 744 563 non
759 537 808 563 est
822 532 968 572 potentia
983 531 1024 562 ad
1040 539 1119 565 esse,
1131 529 1189 561 sed
1203 535 1330 560 tantum

256 578 296 609 ad
320 579 384 615 ubi,
415 577 598 615 secundum
629 577 877 618 Philosophum,
903 576 973 606 Vlll
998 575 1152 615 Metaph„
1174 580 1250 605 text.
1279 582 1329 604 12.

256 622 333 654 Ideo
356 633 424 655 non
453 629 502 654 est
531 623 628 653 etiam
655 623 690 652 in
723 631 764 652 eo
794 621 941 661 potentia
962 620 1003 651 ad
1031 629 1101 650 non
1124 629 1204 651 esse.
1235 618 1331 650 Unde

254 668 336 698 ratio
358 677 428 699 non
452 666 628 703 concludit,
653 675 737 707 quae
761 666 918 707 supponit
932 666 966 696 in
982 665 1074 696 caelo
1093 665 1275 706 potentiam
1290 662 1331 694 ad

256 721 326 742 esse
347 712 495 743 inveniri.

311 755 436 788 Contra
449 757 534 787 hanc
549 756 797 796 responsionem
813 756 918 796 arguit
933 754 1070 786 Sanctus
1082 753 1227 784 Thomas
1243 754 1330 793 quia,

255 799 396 832 admisso
419 800 511 842 quod
532 801 568 831 in
591 809 729 841 corpore
752 800 881 831 caelesti
895 809 964 830 non
985 799 1026 829 sit
1044 798 1192 839 potentia
1205 798 1331 838 passiva

255 844 296 875 ad
318 854 398 881 esse,
423 850 471 876 est
492 850 602 876 tamen
625 845 659 876 in
683 855 724 876 eo
747 845 893 885 potentia
917 844 1010 884 quasi
1032 842 1145 878 activa,
1170 851 1255 882 quae
1285 848 1333 873 est

255 890 356 920 virtus
381 889 519 921 essendi.
548 889 644 920 Unde
669 890 681 920 1
708 890 801 920 Caeli
822 888 930 929 inquit
951 887 1152 923 Aristoteles,
1176 893 1252 917 text.
1278 896 1331 923 20,

256 933 348 975 quod
371 935 499 966 caelum
521 934 619 965 habet
640 934 793 965 virtutem
816 939 854 964 ut
876 933 917 963 sit
939 941 1077 972 semper.

310 987 343 1018 4.
367 978 613 1010 Advertendum
635 988 697 1019 pro
720 978 774 1009 illa
797 976 1074 1009 Commentatoris
1096 976 1332 1016 propositione,

259 1022 357 1060 Quod
379 1033 422 1055 ex
443 1033 478 1054 se
494 1028 604 1064 potest
626 1032 692 1054 non
715 1032 794 1058 esse,
811 1022 852 1053 ab
867 1022 935 1052 alio
949 1022 1198 1062 perpetuitatem
1222 1022 1334 1062 acqui-

258 1077 332 1099 rere
355 1077 421 1099 non
440 1073 559 1109 potest,
579 1067 671 1108 quod
693 1066 904 1107 corruptibile
919 1072 951 1096 et
966 1065 1210 1106 incorruptibile
1227 1075 1334 1106 oppo-

162 1130 169 1138 -
222 1122 228 1142 :
258 1112 317 1143 sita
338 1118 415 1149 sunt
438 1118 470 1144 et
491 1121 610 1164 genere
632 1111 884 1152 distinguuntun
907 1116 945 1142 ut
967 1110 1085 1141 dicitur
1102 1110 1132 1140 X
1148 1111 1291 1151 Metaph.
1304 1111 1332 1147 ⁴³,

258 1156 392 1198 quando
414 1157 455 1188 ab
477 1157 653 1193 intrinseco
684 1162 717 1187 et
745 1155 907 1187 essentiali
936 1155 1098 1205 principio
1125 1156 1332 1195 proveniunt.

258 1201 300 1232 Et
322 1202 400 1241 quia
420 1210 527 1232 unum
550 1210 654 1241 genus
676 1200 710 1231 in
733 1201 871 1231 alterum
894 1199 1100 1230 transmutari
1122 1209 1191 1230 non
1213 1206 1332 1240 potest,

257 1244 333 1277 ideo
356 1244 448 1286 quod
471 1250 520 1276 est
541 1255 600 1286 per
622 1250 771 1276 naturam
794 1244 1014 1285 corruptibile,
1037 1244 1105 1275 sive
1127 1250 1245 1284 potens
1263 1254 1333 1275 non

258 1299 340 1326 esse,
354 1299 424 1321 non
439 1290 808 1331 potestincorruptibile
831 1289 1041 1321 essentialiter
1058 1288 1138 1319 fieri.
1163 1289 1227 1320 Sed
1243 1289 1334 1330 quod

414 1332 603 1365 secundum
629 1339 778 1365 naturam
809 1334 1018 1386 corruptibile
1047 1339 1243 1374 perpetuum
1276 1344 1335 1376 per

236 1364 392 1420 <alaquod
412 1378 658 1420 mpemdditum
681 1378 747 1415 fiat,
771 1379 836 1410 hoc
865 1379 1100 1410 inconveniens
1123 1388 1191 1409 non
1216 1385 1273 1416 est,
1298 1385 1334 1410 ut

256 1424 364 1465 inquit
385 1423 523 1455 Sancms
539 1423 696 1460 Thomas,
712 1423 740 1454 11
752 1423 851 1459 Sent„
863 1422 894 1454 d.
907 1433 970 1459 xxx,
985 1432 1015 1459 2,
1031 1423 1072 1454 ad
1083 1433 1116 1463 4,
1129 1429 1162 1454 et
1177 1424 1217 1454 de
1228 1425 1332 1461 Malo,

257 1477 291 1509 q.
303 1477 337 1505 v,
354 1468 386 1504 5,
405 1467 447 1500 ad
467 1476 522 1499 10:
546 1477 675 1509 semper
696 1468 785 1499 enim
811 1473 957 1499 remanet
978 1467 1160 1498 secundum
1186 1474 1333 1500 naturam

257 1512 477 1554 oomiptibile.
499 1512 687 1553 Propositio
703 1522 781 1553 ergo
799 1512 1085 1548 Commentatoris‚
1098 1513 1125 1543 si
1140 1513 1335 1554 intelligatur

257 1556 403 1588 adhunc
416 1566 560 1594 sensum,
572 1557 664 1598 quod
678 1557 880 1598 impossibile
901 1563 948 1588 est
964 1562 1001 1588 ut
1016 1556 1108 1598 quod
1123 1566 1161 1587 ex
1177 1567 1213 1588 se
1226 1564 1336 1598 potest

256 1610 412 1639 maesse
434 1602 475 1632 ab
498 1601 564 1632 alio
586 1602 835 1643 perpetuitatem
859 1611 958 1642 super
981 1601 1161 1633 essentialia
1177 1603 1335 1644 principia

257 1645 425 1679 fundatam
445 1646 601 1686 acquirat,
617 1656 692 1677 vera
707 1652 765 1678 est.
790 1646 823 1678 Si
839 1653 948 1677 autem
971 1646 1063 1687 quod
1085 1647 1182 1678 etiam
1205 1657 1263 1688 per
1279 1648 1336 1679 ali-

257 1690 338 1732 quid
359 1690 605 1731 arpen-additum
627 1692 784 1722 essentiae
807 1692 1056 1732 perpetuitatem
1075 1692 1242 1732 acquirere
1266 1702 1335 1724 non

257 1734 377 1776 possit„
393 1734 472 1766 falsa
494 1740 553 1767 est.

276 1804 278 1807 .
307 1779 559 1811 xaavertendum
577 1780 674 1811 etiam
693 1780 727 1811 in
745 1781 870 1811 ratione
893 1785 1006 1811 contra
1031 1779 1336 1813 Commentatorem

257 1823 349 1865 quod
370 1823 508 1855 Sanctus
523 1824 671 1856 Thomas
691 1834 760 1856 non
785 1824 924 1855 admittit
945 1830 1102 1865 tanquam
1126 1825 1207 1857 illud
1222 1836 1336 1858 vemm

256 1873 361 1910 mtet,
372 1869 408 1900 in
423 1869 514 1900 caelo
530 1879 599 1900 non
615 1878 685 1900 esse
699 1869 881 1910 potentiam
897 1869 938 1900 ad
953 1878 1034 1906 esse,
1051 1879 1127 1900 cum
1142 1871 1213 1910 ipse
1228 1876 1337 1902 teneat

209 1924 211 1929 ·
257 1912 384 1944 melum
408 1922 448 1944 ex
470 1915 605 1945 materia
634 1919 667 1945 et
695 1913 800 1945 forma
831 1914 1054 1955 compositum
1085 1923 1165 1951 esse,
1189 1921 1226 1946 ut
1247 1922 1336 1956 patet

155 1978 163 1991 ,
223 1979 239 1990 „
256 1957 331 1989 vill
343 1957 456 1999 Plrys„
472 1957 547 1989 lect.
564 1966 618 1995 21,
641 1964 674 1989 et
695 1964 733 1989 ut
755 1957 898 1989 fortassis
919 1958 1055 1990 inferius
1078 1958 1334 1991 declarabitur·:

17 2983 30 2997 ⁸
42 2983 79 3007 Cf.
87 2989 111 3006 ιι.
120 2990 144 3011 x,
154 2983 204 3006 init.

256 2000 315 2033 sed
323 2006 482 2043 tanquam
492 2003 527 2034 in
539 2003 753 2043 responsione
762 2002 1038 2035 Commentatoris
1050 2012 1110 2044 pro
1122 2013 1200 2034 vero
1212 2013 1336 2035 assum-

256 2051 362 2088 ptum.
386 2046 491 2078 Cuius
513 2048 611 2078 etiam
633 2048 749 2078 veritas
771 2048 798 2078 si
822 2048 1030 2084 concedatur,
1053 2049 1224 2089 responsio
1254 2048 1336 2080 diffi-

258 2090 413 2122 cultatem
435 2101 505 2122 non
528 2097 673 2123 evacuat.

307 2134 409 2166 Circa
431 2135 512 2167 illud
535 2136 628 2177 quod
641 2137 750 2177 inquit
772 2136 910 2168 Sanctus
925 2137 1082 2174 Thomas,
1099 2136 1190 2177 quod
1212 2139 1245 2168 in
1261 2147 1335 2168 cor-

252 2189 343 2221 pot-e⁴
363 2180 497 2211 caelesti
526 2186 575 2211 est
603 2182 698 2222 quasi
718 2181 868 2222 potentia
894 2181 1012 2218 activa,
1039 2191 1125 2223 quae
1154 2186 1203 2212 est
1232 2183 1336 2214 virtus

257 2224 394 2260 mendi,
406 2224 590 2256 notandum
602 2225 694 2266 quod
705 2226 804 2256 virtus
817 2225 944 2256 essendi
959 2226 1000 2257 ad
1014 2227 1195 2267 potentiam
1211 2225 1336 2258 formae

257 2269 408 2310 pertinet,
430 2278 500 2300 non
530 2269 572 2301 ad
599 2271 782 2310 potentiam
811 2271 974 2307 materiae,
998 2277 1035 2302 ut
1063 2271 1171 2311 inquit
1200 2270 1336 2302 Sanctus

258 2313 404 2344 Thomas
421 2313 434 2344 1
452 2313 555 2350 Caeli,
571 2314 645 2345 lect.
663 2314 694 2345 6.
719 2315 838 2345 Forma
854 2315 942 2345 enim
958 2315 1141 2346 secundum
1157 2315 1207 2346 sui
1223 2316 1336 2347 condi-

257 2358 383 2390 tionem
405 2357 460 2389 dat
481 2367 552 2390 esse
574 2359 737 2395 materiae,
757 2365 790 2390 et
807 2359 951 2390 diversae
974 2359 1098 2390 formae
1121 2360 1198 2391 dant
1213 2360 1337 2391 diversa

259 2411 339 2434 esne.
369 2402 465 2434 Unde
493 2402 621 2444 aliquae
650 2403 727 2434 dant
757 2413 826 2435 esse
856 2404 1076 2444 corruptibile,
1101 2404 1228 2445 aliquae
1257 2415 1336 2436 vero

257 2447 518 2488 incorruptibiie3
533 2448 661 2488 aliquae
681 2449 783 2489 magis
798 2448 993 2486 durativum,
1009 2449 1137 2490 aliquae
1152 2450 1271 2486 minus,
1288 2450 1337 2480 lo-

258 2490 393 2532 quendo
423 2491 464 2522 de
495 2501 566 2523 esse
593 2493 747 2523 variabili.
776 2493 884 2524 Huius
914 2499 1024 2524 autem
1055 2493 1150 2524 aliam
1177 2495 1336 2526 rationem

258 2545 414 2577 quaerere
435 2545 506 2567 non
529 2542 660 2578 oportet
682 2538 744 2568 nisi
767 2538 871 2578 ipsam
894 2537 1019 2568 formae
1037 2543 1196 2575 naturam,
1214 2538 1289 2570 licet
1305 2545 1337 2570 et

259 2580 405 2612 conditio
428 2581 580 2612 materiae
604 2587 789 2613 concurrat:
814 2591 899 2623 quae
914 2588 1023 2613 tamen
1039 2588 1174 2624 propter
1187 2589 1336 2615 naturam

259 2631 291 2656 et
314 2625 538 2656 conditionem
561 2625 685 2656 formae
708 2626 780 2657 talis
803 2627 844 2657 sit
865 2636 999 2658 necesse
1021 2633 1079 2664 est,
1095 2637 1163 2658 non
1188 2633 1296 2659 autem
1317 2637 1336 2659 e

259 2674 387 2706 contra;
402 2670 536 2701 materia
547 2671 636 2701 enim
651 2676 785 2711 propter
799 2670 940 2702 formam
955 2677 1013 2707 est,
1026 2681 1094 2702 non
1109 2678 1219 2703 autem
1231 2671 1336 2703 forma

258 2718 392 2755 propter
413 2715 591 2745 materiam.
622 2714 710 2753 Quia
737 2724 815 2756 ergo
844 2715 949 2746 forma
976 2725 1044 2746 non
1069 2722 1116 2747 est
1138 2717 1335 2757 principium

259 2757 446 2790 effectivum
468 2760 611 2799 proprie,
634 2759 691 2790 sed
713 2765 823 2791 tamen
845 2759 887 2790 ad
909 2760 1005 2791 activi
1027 2761 1177 2801 principii
1201 2761 1336 2792 causali—

258 2808 358 2835 tatem
381 2803 632 2844 appropinquat,
657 2813 734 2834 cum
756 2803 925 2835 videamus
948 2813 1048 2835 omne
1074 2814 1172 2845 agens
1198 2815 1256 2845 per
1279 2805 1335 2836 ali—

259 2856 360 2888 quam
382 2847 523 2879 formam
546 2849 688 2888 operar-13
712 2848 788 2879 ideo
810 2849 918 2889 inquit
945 2848 1081 2880 Sanctus
1105 2849 1251 2880 Thomas
1273 2850 1336 2880 vir—

259 2897 364 2924 tutem
387 2892 516 2923 essendi
537 2901 607 2923 esse
629 2892 725 2933 quasi
751 2892 892 2923 activam
915 2894 1109 2933 potentiam,
1133 2903 1201 2924 non
1225 2899 1335 2925 autem

258 2936 450 2977 simpliciter
471 2937 621 2967 activam.

314 2980 371 3011 xl.
394 2980 559 3017 Secundo,
575 2990 668 3011 suam
683 2981 778 3020 ponit
791 2982 1039 3021 responsionem
1055 2983 1082 3011 *.
1107 2982 1148 3012 Et
1163 2981 1240 3012 dicit
1256 2982 1334 3013 duo.

259 3024 369 3056 Primo
393 3024 495 3065 quod,
519 3025 597 3065 quia
618 3030 729 3055 motus
751 3025 932 3056 secundum
956 3026 1006 3056 sui
1029 3026 1188 3057 rationem
1207 3027 1336 3066 quanti-

259 3074 359 3100 tatem
381 3069 478 3100 habet
500 3075 533 3100 et
555 3070 790 3105 extensionem,
805 3069 881 3100 ideo
905 3069 1032 3100 duratio
1049 3070 1118 3100 eius
1133 3069 1259 3101 infinita
1274 3080 1335 3111 po-

259 3114 394 3145 tentiam
423 3119 612 3145 moventem
641 3113 801 3144 infinitam
830 3114 972 3154 requirit.
1000 3132 1024 3136 -
1051 3114 1205 3145 Secundo
1231 3115 1334 3155 quod,

259 3158 335 3190 licet
357 3167 477 3199 corpus
500 3157 630 3189 finitum
645 3158 680 3188 in
695 3157 860 3189 infinitum
876 3158 979 3194 duret,
994 3167 1063 3189 non
1080 3164 1210 3199 oportet
1224 3164 1333 3190 tamen

259 3208 297 3234 ut
318 3203 418 3234 virtus
442 3202 569 3234 essendi
595 3203 636 3233 sit
662 3202 787 3243 infinita
814 3203 847 3233 in
870 3201 964 3233 finito
987 3211 1140 3243 corpore:
1165 3204 1242 3244 quia
1265 3210 1334 3234 esse

260 3247 482 3278 extensionem
507 3247 692 3287 quantitatis
715 3257 784 3277 non
804 3247 910 3283 habet,
938 3247 1112 3287 praecipue
1132 3249 1165 3278 in
1185 3257 1219 3278 re
1241 3249 1334 3278 cuius

260 3301 330 3322 esse
353 3297 401 3322 est
422 3292 620 3328 invariabile,
643 3292 727 3322 sicut
750 3297 798 3322 est
820 3291 957 3326 caelum,
982 3296 1014 3321 et
1036 3291 1111 3322 ideo
1140 3301 1209 3322 non
1239 3293 1333 3323 attin-

259 3336 344 3376 gitur
367 3346 386 3366 a
407 3341 556 3377 tempore
579 3337 642 3367 nisi
663 3345 722 3376 per
737 3335 895 3367 accidens.
919 3335 997 3366 Non
1012 3335 1117 3366 differt
1132 3337 1219 3366 enim
1242 3336 1333 3376 quod

259 3390 317 3420 per
339 3380 491 3412 virtutem
515 3380 642 3412 essendi
665 3380 787 3421 aliquid
807 3380 900 3411 duret
915 3389 974 3420 per
987 3379 1118 3416 instans,
1135 3385 1190 3411 aut
1204 3379 1332 3411 infinito

258 3430 418 3465 tempore.

304 3468 367 3500 ·Ad
389 3470 487 3500 huius
508 3469 731 3510 responsionis
755 3468 949 3499 evidentiam
984 3468 1255 3499 considerandum
1285 3474 1333 3499 est

260 3512 361 3553 quod,
378 3519 502 3554 quanto
522 3514 622 3544 virtus
642 3523 759 3544 causae
783 3514 888 3544 maior
914 3519 962 3544 est
988 3518 1020 3543 et
1042 3512 1225 3553 perfectior,
1241 3518 1331 3544 tanto

260 3556 413 3589 effectum
431 3558 491 3589 sibi
508 3567 568 3598 per
590 3567 626 3589 se
647 3557 958 3598 correspondentem
981 3558 1137 3587 maiorem
1161 3556 1332 3597 perfectio—

259 3611 394 3643 remque
410 3601 500 3638 facit;
525 3608 557 3633 et
576 3611 595 3633 e
610 3608 734 3638 contra,
750 3608 874 3642 quanto
890 3601 1023 3639 effectus
1037 3610 1096 3642 per
1111 3611 1144 3631 se
1159 3600 1333 3641 perfectior

260 3651 318 3683 est,
344 3652 435 3678 tanto
462 3656 593 3678 causam
619 3646 846 3687 perfectiorem
873 3646 1154 3686 efficacioremque
1183 3647 1330 3686 requirit:

1381 359 1511 394 oportet
1534 354 1621 384 enim
1644 363 1754 384 causas
1781 353 1946 384 effectibus
1968 355 2227 396 proportionatas
2254 365 2332 387 esse.
2361 356 2448 387 Cum

1383 407 1459 437 ergo
1482 403 1592 428 motus
1615 398 1654 428 sit
1676 407 1733 437 per
1755 407 1789 428 se
1819 398 1951 430 effectus
1981 401 2121 430 motivae
2151 401 2284 436 virtutis,
2308 401 2361 431 cui
2390 410 2448 442 per

1383 451 1416 471 se
1440 442 1592 471 convenit
1616 443 1758 472 extensio
1777 452 1814 472 ac
1830 443 1955 474 duratio
1979 445 2172 481 suecessiva;
2197 450 2292 485 atque
2314 445 2446 482 idcirco,

1384 491 1506 525 quanto
1527 485 1623 516 fuerit
1645 492 1755 516 motus
1783 488 1913 517 maioris
1937 487 2122 525 durationis,
2148 495 2237 519 tanto
2268 490 2448 521 secundum

1383 529 1466 560 hanc
1487 529 1663 560 durationis
1685 531 1844 561 rationem
1866 530 2037 571 perfectior
2056 533 2179 563 existat:
2202 533 2275 564 ideo
2291 536 2448 566 maiorem

1384 574 1535 605 virtutem
1558 575 1593 605 in
1616 584 1710 605 causa
1733 575 1854 605 motiva
1876 581 1985 606 motus
2010 577 2067 616 qui
2086 576 2181 607 fuerit
2203 579 2332 609 maioris
2355 579 2449 610 dura-

1384 618 1482 649 tionis
1505 620 1664 658 exposcit;
1693 624 1734 654 et,
1761 620 1787 649 si
1810 619 1905 650 fuerit
1928 620 2095 651 duratione
2117 620 2271 658 infinitus,
2291 623 2450 654 infinitam

1384 663 1536 694 virtutem
1551 664 1701 703 requiret,
1714 663 1858 703 alioquin
1871 663 2062 703 perfectioni
2073 665 2204 695 effectus
2219 675 2275 706 per
2291 677 2323 697 se
2336 677 2451 699 causae

1384 707 1540 748 perfectio
1553 717 1622 738 non
1633 707 1851 748 responderet.
1869 709 1991 739 Idcirco
2004 710 2087 739 bene
2096 710 2202 750 inquit
2214 710 2348 742 Sanctus
2360 713 2451 743 Tho-

1384 761 1454 782 mas
1477 752 1681 783 durationem
1703 751 1863 783 infinitam
1877 759 1987 783 motus
2006 755 2185 793 potentiam
2203 762 2387 786 moventem
2402 758 2451 787 in—

1384 796 1509 828 finitam
1531 798 1704 838 requirere.
1719 815 1743 820 -
1758 798 1919 838 Loquitur
1943 803 2051 828 autem
2075 798 2114 828 de
2137 800 2281 838 potentia
2300 807 2452 831 movente

1386 851 1470 882 quae
1486 848 1534 872 est
1552 843 1669 883 prima:
1693 851 1762 873 non
1785 848 1894 873 autem
1918 842 1958 872 de
1980 843 2127 882 potentia
2141 850 2293 873 movente
2309 853 2391 883 quae
2407 851 2454 875 est

1386 887 1543 927 proxima,
1556 893 1588 918 et
1604 887 1695 928 quasi
1710 887 1961 918 instrumentum
1973 888 2095 927 primae
2108 897 2232 924 causae,
2246 894 2280 918 ut
2288 888 2359 918 V111
2367 889 2453 929 Phy-

1385 931 1528 962 sicorum
1545 933 1561 948 *
1584 931 1733 962 declarat.

1443 975 1618 1007 Sciendum
1642 977 1739 1007 etiam
1763 975 1864 1016 quod,
1885 985 1960 1006 cum
1990 982 2119 1016 tempus
2146 977 2252 1016 primo
2281 982 2312 1007 et
2338 987 2395 1018 per
2421 988 2455 1008 se

1387 1021 1427 1050 sit
1446 1030 1597 1052 mensura
1620 1026 1740 1057 motus,
1764 1021 1824 1051 sub
1848 1026 1996 1061 tempore
2020 1020 2104 1051 cadit
2126 1022 2386 1062 unumquodque
2406 1023 2456 1053 in-

1388 1071 1546 1105 quantum
1570 1066 1679 1096 subest
1694 1066 1866 1096 mutationi
1882 1071 1914 1096 et
1929 1066 2105 1096 variationi.
2130 1065 2221 1096 Licet
2237 1076 2313 1106 ergo
2329 1067 2456 1098 nullum

1388 1119 1457 1140 esse
1480 1110 1697 1146 substantiale,
1714 1115 1750 1140 ut
1766 1111 1822 1147 sic,
1839 1119 1878 1140 ex
1893 1119 1927 1140 se
1943 1110 2002 1141 sub
2026 1115 2173 1150 tempore
2189 1110 2290 1147 cadat,
2307 1113 2333 1142 si
2348 1117 2456 1142 tamen

1387 1155 1492 1185 motui
1515 1161 1571 1185 aut
1592 1155 1761 1185 variationi
1780 1155 2005 1195 coniungatur,
2021 1160 2168 1195 tempore
2183 1162 2386 1187 mensuretur
2400 1165 2457 1187 ne·

1388 1208 1476 1230 cesse
1499 1205 1560 1230 est:
1586 1200 1612 1230 si
1635 1205 1744 1230 autem
1767 1199 1952 1230 invariabile
1975 1200 2024 1235 sit,
2048 1200 2140 1230 nullo
2163 1200 2264 1230 modo
2289 1202 2348 1231 sub
2376 1207 2457 1232 tem-

1387 1252 1467 1284 pore
1491 1243 1585 1275 cadit.
1610 1244 1688 1275 Inde
1711 1245 1856 1284 sequitur
1879 1244 1970 1284 quod
1989 1245 2094 1275 maior
2111 1245 2211 1275 virtus
2231 1246 2402 1285 requiritur
2417 1245 2457 1276 ad

1387 1288 1452 1319 hoc
1475 1295 1510 1318 ut
1534 1289 1655 1330 aliquid
1678 1289 1794 1319 maiori
1816 1295 1962 1329 tempore
1985 1289 2018 1319 in
2043 1298 2111 1319 esse
2133 1290 2274 1320 variabili
2295 1290 2401 1321 duret:
2426 1296 2458 1321 et

1387 1333 1414 1363 si
1436 1333 1559 1373 aliquid
1582 1333 1712 1364 deberet
1727 1333 1761 1363 in
1778 1342 1847 1364 esse
1862 1333 2003 1364 variabili
2026 1333 2154 1364 infinito
2170 1339 2317 1374 tempore
2332 1334 2456 1372 durare,

1388 1383 1553 1418 oporteret
1576 1388 1645 1409 esse
1667 1379 1818 1409 virtutem
1841 1377 2000 1408 infinitam
2022 1388 2040 1408 a
2063 1388 2127 1419 qua
2146 1379 2276 1409 haberet
2298 1379 2457 1410 infinitam

1388 1421 1602 1459 durationem,
1626 1423 1709 1454 sicut
1732 1428 1764 1453 et
1785 1428 1895 1453 motus
1918 1422 2062 1454 infinitus
2085 1422 2243 1454 infinitam
2258 1424 2408 1455 virtutem
2423 1425 2457 1455 in

1388 1473 1542 1498 movente
1565 1468 1672 1508 primo
1695 1467 1838 1508 requirit.
1863 1467 1915 1497 Ad
1938 1468 2002 1498 hoc
2017 1473 2126 1498 autem
2142 1473 2178 1498 ut
2193 1468 2314 1508 aliquid
2329 1468 2457 1499 infinito

1389 1517 1536 1552 tempore
1560 1511 1654 1543 duret
1676 1513 1709 1543 in
1733 1521 1802 1542 esse
1825 1512 2012 1548 invariabili,
2035 1521 2104 1543 non
2134 1513 2306 1552 requiritur
2334 1513 2458 1544 infinita

1389 1557 1548 1596 potentia:
1574 1566 1650 1588 cum
1673 1556 1754 1588 illud
1777 1565 1846 1587 esse
1868 1566 1937 1586 non
1961 1557 2053 1587 cadat
2067 1557 2127 1587 sub
2147 1562 2305 1597 tempore,
2330 1563 2361 1588 et
2384 1558 2458 1589 ideo

1388 1600 1530 1632 infinitas
1552 1602 1708 1642 temporis
1730 1601 1811 1631 nihil
1834 1600 1928 1631 faciat
1943 1601 1984 1632 ad
2005 1601 2261 1642 magnitudinem
2284 1603 2458 1643 potentiae.

1390 1645 1473 1676 nlud
1495 1646 1583 1676 enim
1607 1655 1676 1677 esse
1699 1645 1886 1676 invariabile
1908 1655 1927 1676 a
1945 1645 2049 1677 forma
2064 1647 2110 1677 rei
2125 1646 2288 1687 dependet
2303 1647 2459 1683 absolute,

1390 1699 1429 1720 ex
1445 1699 1486 1721 eo
1502 1690 1593 1731 quod
1608 1690 1834 1722 invariabiliter
1857 1691 2065 1731 coniungitur
2087 1692 2266 1732 potentiae;
2283 1697 2314 1722 et
2328 1701 2396 1722 non
2412 1701 2462 1722 re·

1390 1734 1450 1765 fert
1462 1744 1502 1766 an
1514 1744 1572 1775 per
1582 1736 1704 1766 instans
1720 1734 1894 1770 dumtaxat,
1906 1736 1957 1766 vel
1969 1741 2117 1777 tempore
2131 1735 2259 1767 infinito
2271 1735 2372 1773 duret,
2385 1745 2461 1767 cum

1389 1779 1482 1810 nullo
1497 1779 1600 1810 modo
1616 1786 1820 1811 mensuretur
1834 1785 1993 1821 tempore,
2009 1781 2066 1812 sed
2081 1790 2231 1812 mensura
2253 1787 2461 1822 permanente

1390 1829 1422 1855 et
1444 1823 1640 1855 indivisibili.
1664 1824 1759 1856 Unde
1783 1825 1874 1865 quod
1896 1825 2003 1866 inquit
2018 1826 2246 1866 Philosophus,
2263 1827 2387 1857 caelum
2403 1827 2461 1857 ha-

1389 1869 1464 1899 bere
1487 1869 1638 1900 virtutem
1662 1875 1699 1900 ut
1719 1869 1763 1900 sit
1782 1878 1918 1910 semper,
1942 1879 2010 1901 non
2035 1876 2082 1901 est
2103 1871 2347 1911 intelligendum
2370 1873 2461 1912 quasi

1389 1913 1458 1954 ipsa
1480 1915 1582 1944 virtus
1604 1914 1730 1945 essendi
1751 1914 1871 1945 directe
1887 1920 1919 1946 et
1933 1924 1992 1955 per
2006 1925 2041 1946 se
2060 1916 2100 1946 sit
2114 1916 2334 1956 perpetuitatis
2350 1926 2459 1947 causa:

1389 1957 1446 1988 sed
1467 1957 1623 1989 indirecte
1647 1965 1679 1990 et
1701 1960 1921 1996 consecutive,
1945 1960 2139 2001 inquantum
2159 1960 2308 1991 videlicet
2323 1961 2376 1992 dat
2392 1971 2460 1992 esse

1389 2003 1575 2034 invariabile
1598 2009 1630 2034 et
1653 2013 1691 2034 ex
1715 2005 1928 2045 consequenti
1952 2014 2019 2036 non
2045 2005 2161 2036 cadens
2183 2006 2244 2035 sub
2266 2010 2412 2046 tempore
2429 2011 2461 2037 et

1389 2048 1609 2088 corruptione,
1635 2057 1673 2079 ex
1696 2057 1764 2088 quo
1788 2050 1934 2090 sequitur
1956 2055 1992 2080 ut
2015 2050 2140 2081 caelum
2164 2059 2291 2090 semper
2313 2051 2352 2080 sit
2371 2056 2460 2092 post-

1390 2101 1488 2132 quam
1513 2101 1584 2123 eam
1607 2093 1759 2124 virtutem
1783 2094 1909 2125 essendi
1932 2095 2053 2125 habuit.
2078 2094 2172 2126 Unde
2195 2095 2292 2125 habet
2308 2095 2459 2126 virtutem

1389 2142 1426 2211 ἓι
1448 2137 1488 2166 sit
1511 2146 1649 2188 semper,
1673 2139 1833 2178 negative:
1859 2139 1935 2180 quia
1958 2139 2079 2170 scilicet
2101 2139 2228 2170 nullum
2252 2139 2310 2170 sibi
2331 2145 2460 2181 tempus

1412 2181 1591 2212 eterminat.

2482 934 2490 942 ·
2507 933 2568 954 [εει.
2579 938 2615 955 ιι.

1444 2225 1689 2257 Advertendum
1723 2235 1872 2268 quoque,
1904 2237 1980 2259 cum
2012 2229 2117 2269 inquit
2149 2228 2284 2259 Sanctus
2316 2228 2466 2259 Thomas.
2505 2216 2509 2220 ⁵

1389 2270 1481 2310 quod
1503 2279 1572 2301 esse
1596 2271 1789 2302 invariabile
1813 2282 1878 2302 non
1902 2273 2079 2314 attingitur
2102 2282 2122 2303 a
2146 2278 2289 2314 tempore
2312 2273 2376 2303 nisi
2398 2283 2468 2314 per*

1389 2314 1549 2350 accidens,
1575 2315 1666 2355 quod
1695 2316 1786 2346 aliter
1815 2318 1967 2348 convenit
1998 2327 2067 2348 esse
2095 2317 2293 2348 substantiali
2320 2318 2473 2349 variabili*

1390 2359 1501 2399 attingi
1525 2369 1543 2389 a
1566 2365 1715 2400 tempore
1737 2370 1795 2401 per
1822 2361 1970 2392 accidens
2001 2362 2091 2402 (nam
2121 2367 2153 2392 et
2181 2363 2287 2403 ipsum
2315 2363 2469 2403 superius

1391 2403 1530 2435 diximus
1546 2405 1606 2435 sub
1621 2410 1769 2445 tempore
1785 2415 1843 2447 per
1859 2407 2007 2437 accidens
2023 2412 2148 2437 tantum
2166 2407 2303 2447 cadere),
2326 2413 2357 2437 et
2373 2407 2470 2439 aliter·

1391 2457 1460 2478 esse
1483 2449 1669 2480 invariabili.
1704 2449 1786 2480 Nam
1803 2460 1868 2491 per
1890 2451 2041 2482 accidens
2063 2451 2154 2492 quod
2183 2452 2364 2482 attribuitur
2393 2461 2468 2483 esse

1390 2493 1542 2529 variabili,
1567 2494 1724 2534 accipitur
1747 2500 1782 2525 ut
1806 2497 1985 2537 opponitur
2009 2497 2038 2527 ei
2062 2496 2152 2536 quod
2172 2502 2220 2527 est
2230 2497 2350 2537 primo,
2369 2503 2399 2527 et
2415 2503 2462 2527 est

1390 2536 1477 2567 idem
1500 2537 1591 2578 quod
1614 2543 1662 2568 est
1678 2548 1743 2578 per
1765 2539 1875 2570 aliud:
1897 2550 1965 2571 non
1989 2542 2142 2571 convenit
2165 2541 2252 2572 enim
2283 2541 2342 2571 sibi
2370 2551 2461 2572 men-

1390 2582 1489 2612 surari
1504 2587 1652 2622 tempore
1668 2584 1729 2613 nisi
1745 2584 1822 2623 quia
1834 2585 2000 2615 variationi
2017 2585 2135 2622 subest,
2147 2585 2337 2616 variabilitas
2353 2591 2465 2617 tamen

1390 2626 1450 2656 sibi
1473 2627 1626 2657 convenit
1640 2636 1699 2668 per
1713 2636 1758 2663 se,
1774 2628 1850 2658 licet
1867 2638 1935 2659 non
1955 2629 2071 2669 primo.
2095 2630 2159 2660 Per
2181 2629 2330 2660 accidens
2352 2636 2460 2661 autem

1390 2670 1481 2711 quod
1505 2679 1574 2701 esse
1597 2671 1773 2702 invariabili
1796 2674 1959 2709 convenit,
1984 2674 2140 2714 accipitur
2166 2679 2203 2704 ut
2229 2675 2408 2714 opponitur
2430 2675 2461 2706 ei

1390 2714 1480 2755 quod
1497 2720 1545 2745 est
1554 2724 1618 2755 per
1632 2723 1685 2746 se:
1699 2717 1811 2756 attingi
1827 2717 1914 2748 enirn
1930 2717 2046 2748 dicitur
2061 2728 2078 2748 a
2094 2723 2240 2759 tempore
2253 2719 2328 2759 quia
2342 2720 2463 2755 motui,

1390 2759 1447 2799 qui
1470 2768 1528 2800 per
1551 2769 1585 2790 se
1607 2760 1714 2800 primo
1744 2766 1893 2801 tempore
1922 2768 2134 2799 mensuratur,
2159 2768 2206 2793 est
2235 2763 2457 2800 coniunctum,

1389 2804 1465 2834 licet
1486 2809 1596 2834 motus
1619 2804 1742 2835 nullam
1765 2804 1861 2836 faciat
1885 2807 1919 2836 in
1950 2806 2022 2847 ipso
2046 2816 2114 2837 esse
2128 2807 2352 2845 variationem;
2377 2808 2464 2839 sicut

1389 2847 1527 2879 dicimus
1549 2849 1713 2879 musicum
1737 2849 1875 2881 calefieri
1898 2859 1956 2890 per
1979 2850 2126 2882 accidens
2154 2852 2229 2892 quia
2253 2853 2465 2904 coniungitur

1390 2893 1420 2923 ei
1442 2892 1534 2933 quod
1556 2892 1672 2929 calefit,
1695 2894 1771 2924 licet
1794 2895 1937 2925 alteratio
1960 2896 2117 2926 musicam
2140 2905 2208 2926 non
2230 2897 2338 2927 variet.

1444 2936 1497 2967 Ad
1525 2936 1661 2968 dubium
1689 2947 1767 2978 ergo
1796 2939 1965 2979 responsio
1995 2939 2104 2971 Sancti
2127 2940 2275 2972 Thomae
2299 2947 2346 2972 est
2368 2940 2458 2982 quod

1388 2990 1447 3021 per
1468 2982 1649 3032 potentiam
1673 2981 1796 3013 finitam
1820 2993 1888 3014 non
1911 2989 2020 3024 potest
2041 2984 2163 3036 aliquid
2182 2985 2295 3016 durare
2310 2991 2461 3026 tempore

1387 3024 1516 3056 infinito
1540 3026 1566 3056 si
1589 3026 1680 3062 illud,
1705 3033 1760 3057 aut
1782 3028 1889 3068 primo
1911 3033 1966 3058 aut
1988 3038 2056 3059 non
2072 3030 2178 3069 primo
2201 3029 2256 3060 sed
2278 3035 2384 3060 tamen
2401 3040 2461 3071 per

1388 3079 1433 3106 se,
1456 3075 1605 3110 tempore
1627 3066 1840 3108 mensuretur,
1865 3072 2048 3103 cuiusmodi
2072 3078 2119 3103 est
2141 3079 2249 3104 motus
2271 3080 2302 3104 et
2321 3084 2388 3104 esse
2403 3084 2457 3104 va-

1387 3114 1509 3144 riabile.
1540 3114 1603 3145 Sed
1627 3115 1710 3145 bene
1733 3122 1840 3156 potest
1862 3117 1895 3146 id
1919 3117 2008 3157 quod
2038 3117 2134 3147 habet
2163 3127 2231 3148 esse
2261 3119 2459 3154 invariabile,

1388 3159 1471 3189 sicut
1493 3163 1541 3189 est
1564 3159 1701 3195 caelum,
1725 3169 1784 3200 per
1806 3161 1985 3201 potentiam
2008 3160 2132 3192 finitam
2154 3161 2281 3192 infinito
2309 3168 2457 3203 tempore

1388 3203 1596 3233 consecutive
1619 3203 1742 3241 durare,
1767 3214 1808 3235 eo
1832 3205 1922 3245 quod
1946 3206 2081 3236 omnino
2105 3215 2163 3246 per
2185 3205 2333 3236 accidens
2363 3207 2456 3238 attin-

1387 3252 1480 3288 gatur
1503 3256 1520 3277 a
1542 3252 1701 3287 tempore.

1442 3291 1510 3321 Xll.
1531 3291 1660 3327 Quarta
1676 3293 1812 3323 obiectio
1823 3298 1872 3323 est
1878 3294 1905 3329 ',
1918 3294 1994 3334 quia
2006 3303 2073 3324 non
2086 3293 2212 3324 videtur
2222 3294 2456 3326 inconveniens

1387 3335 1478 3376 quod
1509 3345 1645 3366 movens
1674 3337 1731 3377 qui
1760 3337 1925 3368 movendo
1955 3347 2023 3368 non
2054 3338 2211 3374 alteratur,
2239 3340 2385 3379 quamvis
2416 3341 2456 3371 sit

1386 3380 1510 3410 virtutis
1532 3379 1652 3416 finitae,
1669 3387 1799 3411 moveat
1821 3381 1948 3412 infinito
1964 3387 2120 3422 tempore.
2144 3382 2238 3419 Nam,
2255 3392 2331 3414 cum
2345 3390 2455 3415 motus

1385 3424 1466 3454 nihil
1489 3430 1660 3455 consumat
1683 3425 1723 3455 de
1745 3426 1891 3466 potentia
1914 3427 1992 3462 eius,
2016 3427 2134 3466 poterit
2157 3425 2308 3468 deinceps
2322 3437 2455 3460 movere

1387 3469 1470 3499 sicut
1491 3469 1594 3509 prius:
1619 3470 1702 3499 sicut
1723 3471 1823 3500 virtus
1847 3470 1933 3507 solis,
1951 3479 2033 3510 quae
2049 3469 2139 3500 finita
2155 3476 2212 3507 est,
2227 3470 2356 3503 infinito
2373 3478 2454 3504 tem-

1385 3522 1467 3554 pore
1489 3518 1598 3553 potest
1620 3513 1800 3544 secundum
1823 3519 1969 3544 naturam
1999 3515 2033 3544 in
2063 3515 2142 3545 haec
2172 3514 2323 3548 inferiora
2349 3526 2459 3557 agere,

1387 3558 1463 3598 quia
1485 3558 1519 3588 in
1543 3558 1669 3597 agendo
1693 3559 1762 3588 eius
1785 3559 1884 3588 virtus
1908 3558 2009 3588 activa
2032 3568 2100 3589 non
2122 3559 2289 3591 minuitur.

1441 3601 1493 3632 Ad
1515 3602 1599 3632 hanc
1622 3603 1841 3633 obiectionem
1864 3601 2048 3642 respondet,
2071 3603 2188 3643 primo,
2213 3604 2348 3635 Sanctus
2364 3605 2457 3636 Tho-

1386 3655 1469 3682 mas;
1487 3645 1642 3683 secundo,
1659 3652 1805 3677 removet
1821 3646 1985 3686 quoddam
2002 3646 2148 3678 dubium.
2173 3646 2361 3689 Respondet
2377 3659 2457 3690 ergo

2483 3289 2492 3297 ·
2504 3288 2539 3309 ef.
2556 3294 2578 3310 n.
2588 3288 2689 3315 v1‚init..
