2768 4134
0 1532 4 1577 -‹-
0 1514 2 1518 <
0 1324 11 1504 «Ὕψ-η-ηκ-ψμ
0 1270 5 1313 ,η-
0 1250 4 1258 a

32 2456 44 2468 '
57 2454 94 2479 et.
113 2455 248 2478 comment.

34 2487 84 2511 etp.
95 2488 128 2510 vr,
141 2482 194 2505 init.

776 293 965 330 SUMMA
995 295 1217 332 CONTRA
1246 295 1520 341 GENTILES,
1549 297 1644 334 LIB.
1666 298 1706 343 II,
1737 298 1848 335 CAP.
1870 299 1985 336 XXII.

281 383 368 408 eam
398 370 437 407 in
466 379 597 408 aetum
617 372 802 409 reducere
821 381 966 421 posset:
998 385 1090 411 cum
1109 382 1240 411 tamen
1260 374 1355 411 nihil

282 423 327 460 sit
351 423 523 461 otiosum
551 423 590 461 in
620 424 736 462 rebus
765 432 936 462 naturae.
967 427 1015 463 Et
1041 439 1112 476 per
1140 428 1246 465 hunc
1269 440 1354 465 mo—

281 476 378 514 dum
397 477 579 515 videmus
599 478 707 527 quod
736 478 871 516 omnia
889 491 989 528 quae
1010 488 1099 517 sunt
1126 480 1165 517 in
1183 481 1355 530 potentia

281 530 463 567 materiae
482 530 763 578 generabilium
783 539 820 568 et
847 533 1166 582 corruptibilium,
1191 542 1355 583 possunt

281 583 413 620 reduci
442 584 481 620 in
509 591 640 621 actum
668 596 738 633 per
765 584 946 622 virtutem
976 587 1141 623 activam
1169 599 1270 636 quae
1299 594 1356 624 est

281 635 320 672 in
349 648 513 686 corpore
542 637 705 683 caelesti,
743 639 850 687 quod
888 647 942 675 est
975 639 1150 689 primum
1182 640 1354 677 activum

280 689 319 725 in
347 697 496 726 natura.
528 690 634 727 Sicut
662 698 793 728 autem
822 704 964 742 corpus
999 694 1160 730 caeleste
1196 701 1252 730 est
1279 693 1355 743 pri-

280 754 393 779 mum
422 755 540 791 agens
577 752 754 793 respectu
787 757 1000 794 corporum
1035 745 1274 792 inferiorum,
1304 746 1356 783 ita

280 795 387 832 Deus
425 803 481 833 est
517 796 691 846 primum
733 810 850 846 agens
887 807 1063 848 respectu
1105 799 1221 836 totius
1258 799 1355 836 entis

280 848 406 886 creati.
436 849 636 899 Quicquid
655 850 768 899 igitur
787 860 843 888 est
862 851 902 889 in
920 852 1092 902 potentia
1111 852 1208 889 entis
1227 852 1354 899 creati,

279 909 406 939 totum
435 903 512 939 hoc
540 904 647 941 Deus
675 916 745 953 per
773 917 886 942 suam
905 905 1088 942 virtutem
1117 905 1283 942 activam
1302 905 1354 942 fa-

280 966 366 991 cere
401 963 537 1005 potest.
575 958 617 994 In
652 958 823 1006 potentia
858 966 990 995 autem
1026 957 1122 995 entis
1155 958 1271 995 creati
1299 966 1355 996 est

280 1020 398 1045 omne
414 1010 523 1058 quod
539 1010 615 1047 enti
636 1019 764 1048 creato
780 1023 861 1048 non
883 1019 1086 1061 repugnat:
1109 1011 1207 1048 sicut
1226 1011 1266 1048 in
1284 1024 1354 1061 po-

279 1061 396 1099 tentia
423 1070 584 1100 naturae
612 1065 810 1102 humanae
839 1072 928 1101 sunt
952 1064 1086 1101 omnia
1114 1077 1215 1114 quae
1244 1073 1354 1102 natu-

280 1126 365 1152 ram
393 1117 611 1154 humanam
640 1129 721 1154 non
749 1119 897 1154 tollunt.
929 1117 1075 1155 Omnia
1103 1117 1216 1166 igitur
1247 1119 1355 1156 Deus

279 1175 416 1217 potest.

333 1222 546 1260 Praeterea.
568 1223 688 1270 Quod
709 1224 868 1261 effectus
887 1224 1025 1274 aliquis
1044 1237 1125 1262 non
1145 1224 1266 1262 subsit
1284 1237 1354 1275 po-

278 1274 417 1312 tentiae
447 1275 608 1326 alicuius
637 1276 792 1325 agentis,
820 1285 946 1327 potest
975 1290 1020 1315 ex
1057 1278 1179 1315 tribus
1207 1278 1354 1315 contin-

278 1339 377 1375 gere.
407 1329 497 1366 Uno'
525 1330 659 1375 modo,
689 1342 759 1379 per
786 1331 863 1367 hoc
882 1331 990 1380 quod
1018 1343 1099 1368 non
1128 1331 1243 1368 habet
1262 1343 1354 1368 cum

278 1388 413 1428 agente
434 1381 660 1420 affinitatem
680 1385 743 1420 vel
764 1383 1072 1421 similitudinem:
1103 1396 1220 1432 agens
1249 1384 1354 1421 enim

278 1445 396 1470 omne
426 1434 501 1482 agit
529 1434 600 1472 sibi
630 1435 753 1473 simile
779 1436 911 1485 aliquo
935 1437 1069 1474 modo.
1100 1437 1213 1474 Unde
1232 1437 1354 1474 virtus

278 1497 378 1535 quae
407 1495 463 1524 est
491 1487 531 1524 in
560 1488 708 1525 semine
738 1489 920 1535 hominis,
945 1502 1026 1526 non
1054 1497 1181 1539 potest
1208 1491 1353 1539 produ-

277 1550 364 1576 cere
378 1539 539 1577 brutum
554 1542 617 1577 vel
630 1542 820 1590 plantam:
841 1541 1046 1579 hominem
1066 1550 1197 1580 autem
1217 1551 1352 1592 potest,

277 1591 345 1641 qui
363 1600 495 1629 tamen
517 1593 712 1642 praedicta
728 1595 887 1631 excedit.
903 1617 929 1622 -
944 1595 1031 1632 Alio
1046 1595 1180 1641 modo,
1195 1604 1355 1645 propter

277 1646 543 1683 excellentiam
572 1647 744 1693 effectus,
769 1647 837 1696 qui
869 1648 1103 1685 transcendit
1135 1648 1353 1697 proportio-

277 1710 369 1736 nem
387 1699 537 1736 virtutis
557 1699 721 1737 activae:
743 1700 841 1737 sicut
859 1701 981 1738 virtus
1000 1701 1124 1738 activa
1142 1701 1354 1751 corporalis

277 1763 358 1789 non
386 1759 512 1801 potest
540 1753 758 1802 producere
787 1754 1042 1791 substantiam
1071 1762 1299 1804 separatam.
1327 1777 1352 1782 —

277 1805 410 1842 Tertio
429 1806 564 1852 modo,
584 1814 744 1856 propter
763 1807 966 1845 materiam
985 1807 1284 1845 determinatam
1303 1808 1353 1845 ad

277 1858 472 1905 effectum,
492 1859 533 1896 in
552 1872 675 1908 quam
703 1872 819 1908 agens
848 1873 961 1909 agere
984 1873 1066 1898 non
1084 1868 1225 1910 potest:
1256 1860 1353 1898 sicut

2403 300 2474 337 321

1463 376 1584 413 Nullo
1613 384 1744 414 autem
1770 377 1932 414 istorum
1960 378 2174 416 modorum
2196 386 2321 428 potest
2344 379 2481 430 aliquis

1410 428 1570 466 effectus
1589 429 1762 466 subtrahi
1782 430 1935 468 divinae
1950 431 2090 469 virtuti.
2106 433 2247 481 Neque
2267 432 2372 470 enim
2390 445 2480 483 pro-

1408 489 1494 530 pter
1525 481 1877 520 dissimilitudinem
1909 484 2068 521 effectus
2101 485 2244 534 aliquid
2273 486 2308 523 ei
2335 486 2480 536 impos-

1410 533 1516 571 sibile
1541 546 1624 571 esse
1644 542 1786 583 potest:
1812 548 1903 572 cum
1923 549 2041 574 omne
2062 550 2140 584 ens,
2160 538 2393 587 inquantum
2412 540 2479 577 ha-

1377 602 1386 622 s
1410 588 1474 624 bet
1496 599 1589 632 esse,
1615 587 1660 624 sit
1684 587 1719 624 ei
1748 587 1882 634 simile,
1907 597 1949 626 ut
1977 591 2127 639 supra*
2146 599 2346 629 ostensum
2365 601 2432 630 est.
2454 615 2478 619 —

1410 640 1495 676 Nec
1529 640 1645 677 etiam
1677 648 1836 690 propter
1873 642 2032 679 effectus
2069 645 2348 682 excellentiam:
2387 658 2479 683 cum

1411 701 1611 730 ostensum
1634 693 1680 730 sit
1694 693 1714 715 ’¹‘
1742 694 1849 743 quod
1878 695 1986 732 Deus
2005 703 2061 732 est
2085 709 2202 746 supra
2225 698 2358 735 omnia
2378 699 2479 736 entia

1410 746 1450 783 in
1475 746 1645 783 bonitate
1674 754 1711 784 et
1738 747 1982 796 perfectione.
2003 771 2027 775 -
2048 750 2132 786 Nec
2160 749 2299 787 iterum
2323 760 2480 801 propter

1410 799 1604 837 defectum
1622 800 1823 838 materiae:
1852 813 1943 838 cum
1970 801 2051 850 ipse
2080 802 2126 838 sit
2151 814 2267 840 causa
2285 804 2477 851 materiae,

1371 870 1396 884 ιο
1410 864 1511 902 quae
1540 865 1621 890 non
1649 853 1841 903 possibilis
1870 862 1926 891 est
1954 855 2103 892 causari
2131 855 2203 892 nisi
2225 868 2296 905 per
2322 857 2478 894 creatio-

1409 918 1513 943 nem.
1548 907 1633 956 Ipse
1663 906 1778 944 etiam
1808 907 1847 943 in
1875 907 2026 956 agendo
2056 920 2136 945 non
2171 909 2329 958 requirit
2361 918 2479 947 mate-

1410 959 1522 996 riam:
1553 971 1656 1006 cum,
1677 961 1784 997 nullo
1813 960 2101 1010 praeexistente,
2123 973 2206 998 rem
2232 962 2272 998 in
2291 974 2373 999 esse
2392 975 2479 1012 pro-

1410 1013 1525 1050 ducat
1542 1012 1573 1049 ²⁸.
1604 1014 1653 1050 Et
1681 1013 1733 1050 sic
1768 1021 1927 1063 propter
1958 1014 2139 1051 materiae
2173 1015 2364 1052 defectum
2398 1015 2480 1052 eius

1410 1065 1508 1103 actio
1528 1065 1707 1116 impediri
1727 1078 1808 1103 non
1823 1075 1949 1116 potest
1967 1067 2017 1104 ab
2032 1068 2191 1105 effectus
2209 1068 2478 1118 productione.

1370 1134 1393 1154 ις
1463 1120 1595 1156 Restat
1622 1119 1736 1167 igitur
1763 1120 1871 1169 quod
1891 1120 2024 1158 divina
2042 1121 2164 1158 virtus
2192 1133 2273 1158 non
2301 1122 2479 1159 determi-

1410 1179 1522 1209 netur
1540 1173 1590 1209 ad
1609 1172 1779 1222 aliquem
1800 1173 1993 1219 effectum,
2014 1174 2081 1211 sed
2108 1174 2330 1224 simpliciter
2348 1174 2480 1213 omnia

1409 1233 1550 1274 potest:
1581 1226 1690 1275 quod
1718 1233 1779 1263 est*
1802 1238 1894 1263 eum
1923 1239 2005 1263 esse
2034 1229 2334 1277 omnipotentem.

1463 1278 1566 1316 Hinc
1593 1287 1648 1315 est
1676 1279 1784 1328 quod
1814 1279 1928 1316 etiam
1956 1279 2087 1317 divina
2116 1280 2311 1330 Scriptura
2329 1281 2407 1318 fide
2426 1289 2479 1318 te-

1409 1333 1586 1369 nendum
1615 1333 1692 1369 hoc
1719 1332 1841 1370 tradit.
1872 1332 2021 1370 Dicitur
2049 1333 2154 1371 enim
2187 1335 2278 1371 Gen.
2300 1340 2403 1380 xvn¹,
2433 1347 2479 1372 ex

1368 1401 1395 1416 ιο
1410 1397 1477 1421 ore
1506 1385 1596 1422 Dei:
1626 1388 1713 1435 Ego
1745 1387 1847 1423 Deus
1882 1388 2130 1436 omnipotens:
2162 1388 2314 1425 ambula
2348 1400 2478 1425 coram

1409 1450 1470 1474 me
1488 1444 1521 1475 et
1540 1445 1614 1475 esto
1637 1439 1845 1488 perfectus,-
1873 1447 1910 1476 et
1928 1442 1997 1477 Iob
2012 1452 2081 1477 xm
2094 1443 2120 1476 ²:
2142 1442 2226 1477 Scio
2247 1442 2332 1490 quia
2352 1442 2479 1478 omnia

1403 1497 1527 1540 poles;
1556 1499 1591 1528 et
1621 1494 1748 1529 Lucae
1767 1496 1823 1537 13⁷,
1853 1504 1899 1529 ex
1929 1505 1995 1529 ore
2024 1493 2164 1541 angeli:
2195 1494 2284 1530 Non
2316 1495 2384 1530 erit
2411 1496 2478 1530 im-

1403 1545 1580 1592 possibile
1607 1546 1710 1594 apud
1736 1546 1858 1582 Deum
1887 1558 1999 1583 omne
2025 1549 2191 1583 verbum.

1463 1597 1538 1633 Per
1565 1598 1642 1634 hoc
1670 1605 1802 1634 autem
1831 1607 2042 1636 evacuatur
2076 1601 2327 1648 quorundam
2355 1600 2479 1649 philo-

1384 1667 1392 1686 ς
1409 1650 1627 1698 sophorum
1647 1662 1756 1687 error
1774 1651 1841 1699 qui
1870 1660 2085 1701 posuerunt
2104 1665 2126 1689 a
2145 1653 2230 1689 Deo
2259 1653 2480 1690 immediate

1408 1702 1573 1751 produci
1592 1715 1719 1740 unum
1739 1704 1923 1741 effectum
1942 1712 2103 1750 tantum,
2125 1705 2235 1754 quasi
2253 1705 2374 1742 virtus
2398 1705 2481 1742 eius

1409 1755 1458 1792 ad
1495 1755 1596 1792 illius
1633 1756 1932 1805 productionem
1965 1757 2219 1795 determinata
2256 1766 2354 1795 esset
2372 1758 2407 1804 *ς
2446 1766 2482 1795 et

1409 1809 1517 1857 quod
1531 1809 1640 1846 Deus
1660 1821 1741 1847 non
1760 1818 1886 1859 potest
1905 1810 2009 1848 aliud
2029 1811 2151 1848 facere
2172 1811 2244 1848 nisi
2263 1811 2481 1849 secundum

1408 1862 1517 1910 quod
1536 1874 1673 1899 cursus
1694 1875 1825 1900 rerum
1846 1863 2079 1901 naturalium
2100 1877 2140 1901 se
2160 1864 2294 1910 habet;
2324 1865 2371 1902 de
2397 1864 2481 1913 qui-

276 1912 540 1962 carpentarius
569 1924 650 1949 non
679 1920 804 1962 potest
829 1913 954 1951 facere
983 1925 1141 1959 serram,
1161 1914 1254 1963 quia
1281 1926 1353 1951 sua
1368 1932 1394 1952 ιο
1407 1914 1482 1951 bus
1500 1914 1640 1952 dicitur
1672 1918 1742 1953 Iob
1770 1920 1892 1953 xxn¹7:
1929 1918 2047 1959 Quasi
2080 1918 2172 1954 nihil
2200 1924 2323 1967 posset
2355 1918 2482 1955 Omni-

276 1973 356 2002 arte
376 1977 457 2002 non
477 1973 604 2014 potest
629 1977 741 2013 agere
761 1966 800 2002 in
820 1967 977 2012 sermm,
998 1979 1044 2003 ex
1069 1979 1149 2016 quo
1173 1967 1217 2003 fit
1236 1979 1350 2003 serra.

1402 1973 1546 2016 potens,
1577 1970 1820 2006 aestimabant
1848 1982 1944 2006 eum.

332 2087 342 2104 1
365 2085 451 2105 actum
472 2080 603 2109 DGXYZ;
623 2085 690 2105 actu.

330 2123 345 2148 7
366 2115 454 2149 supra]
474 2123 555 2148 super
573 2115 647 2140 DZP.

277 2158 306 2176 ’.ἰ
328 2158 381 2176 xm
401 2151 449 2182 Pc3
468 2158 501 2176 ιι.
519 2150 606 2184 primo
626 2152 676 2183 pA,
695 2158 737 2176 x1.1
755 2152 846 2176 ceteri.

782 2080 881 2113 posset]
902 2081 985 2113 possit
1004 2081 1065 2106 αΡε.

939 2158 970 2176 22
992 2151 1078 2184 potes]
1097 2156 1184 2185 potest
1203 2152 1252 2177 Pa.

1163 2080 1180 2105 6
1200 2081 1323 2114 primum]
1342 2081 1498 2115 principium
1517 2082 1624 2107 addunt
1643 2083 1692 2108 Pd-

750 2122 782 2140 10
802 2116 936 2149 possibilis
955 2115 1005 2149 est]
1023 2116 1149 2149 possibile
1173 2121 1215 2141 est
1239 2117 1291 2148 ΕΖ,
1311 2117 1474 2150 impossibile
1498 2123 1539 2142 est
1557 2118 1587 2142 B.

1786 2091 1818 2117 29
1837 2084 1862 2108 in
1882 2092 1961 2117 quam
1981 2084 2064 2116 GNP;
2084 2085 2110 2110 in
2129 2093 2181 2118 qua
2199 2086 2229 2117 Z,
2248 2087 2274 2111 in
2293 2094 2373 2119 quem
2392 2088 2482 2112 ceteri.

1689 2117 1721 2143 28
1741 2120 1813 2151 quod
1838 2120 1916 2144 etiam
1941 2120 1975 2151 E3
1994 2121 2065 2153 quod
2085 2120 2176 2153 GNW,
2196 2122 2274 2146 etiam
2298 2122 2369 2155 quod
2392 2123 2482 2147 ceteri.

1344 2152 1377 2177 28
1397 2153 1466 2178 aliud
1485 2153 1507 2177 Α
1525 2154 1611 2184 solus;
1630 2154 1737 2186 aliquid.

1042 2258 1378 2291 commentaria
1409 2258 1720 2292 Ferit-ariensis

336 2373 483 2393 OSTQUAM
507 2362 730 2393 determinavit
754 2364 889 2394 Sanctus
916 2364 1061 2395 Thomas
1084 2364 1124 2395 de
1147 2375 1254 2396 rerum
1282 2376 1358 2406 pro-

279 2373 488 2438 pductione
511 2412 671 2447 quantum
695 2407 735 2438 ad
759 2409 827 2438 eius
853 2409 1074 2445 substantiam,
1106 2419 1194 2440 nunc
1226 2409 1265 2440 de
1289 2411 1358 2451 ipsa

276 2457 437 2492 quantum
452 2451 492 2482 ad
508 2452 578 2481 eius
594 2452 782 2491 qualitatem
798 2452 990 2483 determinat
1003 2454 1030 2483 *.
1058 2453 1151 2484 Circa
1167 2454 1231 2484 hoc
1248 2460 1357 2486 autem

276 2495 343 2527 duo
367 2495 586 2536 principaliter
608 2495 701 2527 facit:
726 2497 833 2537 primo
850 2498 938 2528 enim
953 2498 1018 2538 agit
1034 2497 1074 2528 de
1090 2498 1302 2538 amplitudine
1325 2505 1357 2530 et

277 2541 466 2570 extensione
482 2540 609 2571 divinae
624 2542 791 2581 potentiae
808 2541 1002 2582 divinaeque
1023 2543 1175 2579 actionis;
1200 2543 1355 2581 secundo,

277 2585 318 2615 de
341 2584 444 2615 modo
468 2585 615 2621 actionis,
639 2585 672 2616 in
696 2586 802 2626 capite
825 2587 984 2627 sequenti.

332 2629 355 2658 l.
380 2628 550 2666 Quantum
566 2629 607 2660 ad
622 2630 776 2669 primum,
793 2631 927 2671 ponitur
946 2632 1005 2661 ista
1022 2631 1205 2661 conclusio:
1231 2632 1354 2662 Divina

278 2673 379 2703 virtus
403 2682 468 2703 non
493 2674 731 2704 determinatur
753 2675 797 2705 ad
819 2675 960 2715 aliquem
982 2685 1082 2705 unum
1104 2676 1262 2716 effectum.

331 2717 384 2748 Ad
414 2718 507 2748 cuius
538 2717 742 2755 evidentiam,
767 2719 1039 2750 considerandum
1070 2725 1118 2749 est
1147 2720 1252 2759 quod,
1278 2730 1354 2750 curn

275 2762 421 2802 potentia
445 2762 548 2792 activa
570 2763 604 2792 in
627 2772 686 2793 sua
707 2763 832 2793 ratione
855 2763 941 2793 dicat
964 2763 1112 2794 ordinem
1129 2763 1169 2794 ad
1190 2763 1352 2801 effectum,

275 2807 457 2847 habeatque
480 2807 624 2846 speciem
641 2817 680 2837 ex
697 2807 826 2838 obiecto
843 2813 879 2837 ut
893 2808 987 2838 illum
1011 2807 1159 2838 ordinem
1182 2809 1352 2848 importat;

276 2851 316 2881 ab
339 2850 458 2882 eodem
481 2856 590 2881 autem
613 2861 664 2881 res
686 2852 802 2882 habeat
831 2853 974 2891 speciem
999 2857 1030 2882 et
1052 2852 1210 2882 unitatem
1233 2852 1354 2883 forma—

276 2895 358 2926 lem:
382 2905 515 2926 necesse
531 2901 578 2925 est
594 2901 630 2925 ut
645 2896 703 2926 uni
718 2896 884 2935 potentiae
907 2906 1011 2927 unum
1034 2895 1170 2926 formale
1187 2897 1352 2928 obiectum

275 2939 487 2980 respondeat;
512 2939 717 2970 calefactivae
741 2941 829 2970 enirn
855 2941 1022 2980 potentiae
1045 2940 1278 2980 correspondet
1301 2951 1353 2972 ca-

275 2983 457 3021 lefactibile,
483 2990 514 3014 et
545 2983 782 3015 domificativae
813 2984 1040 3021 domificabile‚
1065 2990 1097 3014 et
1127 2986 1172 3015 sic
1203 2985 1242 3016 de
1274 2986 1352 3017 aliis.

276 3028 340 3060 Sed
363 3028 468 3060 differt
497 3030 643 3069 potentia
673 3029 776 3059 activa
806 3029 972 3066 illimitata,
997 3029 1100 3069 qualis
1131 3035 1179 3059 est
1208 3031 1353 3069 potentia

277 3073 393 3110 divina,
418 3083 436 3103 a
459 3074 605 3114 potentia
627 3073 772 3110 limitata,
797 3073 901 3113 qualis
918 3079 965 3103 est
980 3074 1088 3103 omnis
1103 3075 1250 3113 potentia
1265 3084 1352 3105 crea-

276 3124 381 3148 turae:
399 3118 476 3158 quia
487 3118 649 3159 quaelibet
664 3118 812 3158 potentia
826 3118 929 3148 activa
945 3123 1108 3148 creaturae
1123 3117 1353 3149 determinatur

277 3162 317 3193 ad
333 3162 466 3203 aliquod
482 3172 587 3193 unum
602 3172 705 3202 genus
721 3162 984 3202 producibilium,
1001 3167 1193 3192 contentum
1208 3164 1268 3193 sub
1287 3163 1351 3194 hoc

277 3208 446 3238 communi
470 3207 561 3247 quod
584 3207 658 3238 dico
676 3207 900 3247 producibile;
928 3207 1075 3247 potentia
1105 3212 1213 3237 autem
1245 3207 1351 3238 divina

275 3261 345 3282 non
369 3251 599 3282 determinatur
614 3251 654 3282 ad
677 3250 810 3292 aliquod
834 3260 938 3281 unum
960 3260 1063 3291 genus
1087 3251 1350 3291 producibilium,

276 3296 333 3326 sed
355 3297 452 3327 habet
474 3306 535 3337 pro
558 3296 686 3326 formali
710 3297 838 3326 obiecto
863 3296 927 3325 hoc
947 3295 1037 3335 quod
1052 3294 1126 3325 dico
1144 3295 1351 3335 producibile

277 3340 464 3381 simpliciter
488 3347 520 3372 et
543 3341 690 3371 absolute
713 3346 890 3380 sumptum.
916 3339 1002 3371 Cum
1027 3349 1103 3379 ergo
1128 3339 1245 3370 dicitur
1260 3340 1351 3380 quod

277 3384 385 3416 divina
407 3386 554 3425 potentia
576 3395 645 3416 non
669 3385 898 3416 determinatur
922 3384 961 3414 ad
984 3384 1126 3424 aliquem
1147 3394 1251 3414 unum
1275 3384 1350 3415 effe—

278 3435 377 3466 ctum,
401 3439 471 3461 non
495 3436 542 3460 est
564 3439 677 3461 sensus
701 3429 791 3470 quod
820 3439 889 3459 non
919 3429 1034 3459 habeat
1056 3438 1160 3458 unum
1184 3429 1350 3460 obiectum

277 3473 423 3511 formale,
449 3484 525 3505 cum
553 3475 641 3505 enim
672 3475 711 3505 sit
741 3484 806 3505 una
828 3474 982 3513 potentia,
1006 3482 1138 3503 necesse
1161 3478 1208 3503 est
1230 3478 1268 3503 ut
1290 3474 1350 3503 sibi

277 3527 387 3550 unum.
412 3519 578 3549 obiectum
609 3518 744 3549 formale
775 3517 1040 3558 correspondeat:
1070 3517 1125 3547 sed
1158 3522 1205 3547 est
1237 3526 1350 3548 sensus

278 3562 369 3602 quod
383 3572 452 3594 non
467 3564 623 3594 limitatur
639 3563 678 3594 ad
696 3573 795 3593 unum
811 3572 916 3604 genus
925 3562 1190 3602 producibilium,
1204 3562 1247 3591 ita
1259 3561 1350 3602 quod

278 3607 365 3638 aliud
387 3607 568 3648 producere
590 3617 659 3638 non
682 3609 800 3648 possit3
825 3608 938 3643 immo,
963 3615 1061 3636 omne
1092 3605 1293 3645 producibile
1315 3607 1349 3636 in

277 3657 390 3682 natura
413 3652 594 3692 producere
618 3657 734 3692 potest.

422 3713 515 3738 Suum
535 3713 645 3737 Coum
665 3713 797 3737 Gaurrms
817 3713 848 3738 D.
868 3712 983 3736 Tuomst:
1003 3711 1071 3736 Toni.
1090 3711 1108 3736 1.

1467 2366 1519 2397 Ad
1534 2367 1621 2397 hunc
1639 2376 1715 2407 ergo
1732 2377 1874 2403 sensum,
1891 2368 2046 2407 probatur
2061 2369 2229 2399 conclusio
2247 2369 2368 2409 primo.
2385 2369 2481 2400 Nulla

1412 2411 1510 2441 virtus
1534 2411 1718 2450 producens
1742 2411 1927 2442 immediate
1951 2411 2093 2443 diversos
2117 2412 2249 2443 effectus
2271 2423 2339 2443 non
2360 2423 2399 2444 ex
2413 2423 2480 2444 ma—

1410 2456 1499 2490 teria,
1529 2461 1576 2485 est
1603 2455 1813 2486 determinata
1842 2456 1881 2486 ad
1909 2466 2012 2486 unum
2036 2456 2196 2487 effectum.
2222 2457 2285 2488 Sed
2307 2458 2406 2488 virtus
2433 2457 2480 2488 di-

1410 2500 1485 2529 vina
1506 2499 1692 2530 immediate
1715 2500 1866 2540 producit
1888 2500 1996 2540 plures
2023 2500 2155 2531 effeetus
2184 2511 2252 2532 non
2276 2511 2314 2532 ex
2337 2503 2478 2532 materia.

1410 2543 1496 2583 Ergo
1521 2549 1580 2574 etc.
1609 2561 1632 2566 —
1661 2544 1713 2574 Ad
1743 2543 2036 2575 manifestationem
2065 2546 2195 2575 maioris
2224 2551 2316 2576 notat
2345 2546 2480 2576 Sanctus

1409 2587 1554 2618 Thomas
1578 2589 1808 2619 convenienter
1831 2588 1976 2619 additum
1999 2598 2068 2619 esse
2092 2589 2282 2625 immediate,
2300 2595 2332 2620 et
2350 2599 2416 2620 non
2438 2600 2480 2621 ex

1409 2632 1565 2662 materia:
1589 2633 1674 2672 quia,
1699 2633 1725 2662 si
1748 2641 1806 2672 per
1829 2631 1952 2663 diversa
1974 2632 2080 2663 media
2103 2639 2219 2672 ageret,
2242 2639 2354 2673 posset
2377 2633 2479 2664 diver-

1408 2676 1482 2706 sitas
1505 2685 1544 2706 ex
1568 2675 1748 2706 diversitate
1771 2676 1951 2707 mediarum
1981 2686 2149 2707 causarum
2179 2679 2365 2717 provenire;
2390 2678 2478 2708 simi-

1408 2720 1487 2756 liter,
1511 2721 1538 2750 si
1560 2725 1667 2760 ageret
1690 2730 1729 2750 ex
1751 2721 1893 2756 materia,
1917 2726 2050 2760 possent
2072 2722 2242 2761 provenire
2263 2721 2378 2752 diversi
2402 2721 2477 2752 effe-

1407 2769 1477 2795 ctus
1500 2769 1633 2804 propter
1656 2764 1872 2795 diversitatem
1890 2765 2050 2802 materiae,
2067 2765 2149 2796 sicut
2165 2766 2252 2796 calor
2266 2766 2348 2806 ignis
2364 2765 2477 2796 eadem

1407 2809 1534 2839 actione
1547 2808 1675 2839 indurat
1690 2809 1795 2839 lutum
1808 2814 1840 2839 et
1855 2808 2019 2849 liquefacit
2031 2819 2147 2840 ceram.
2157 2827 2180 2833 -
2191 2810 2352 2840 Minorem
2367 2815 2476 2840 autem

1406 2853 1538 2892 probat:
1563 2854 1638 2893 quia
1662 2854 1773 2884 omnia
1796 2863 1880 2894 quae
1895 2862 1964 2883 non
1978 2859 2116 2894 possunt
2130 2855 2192 2884 nisi
2207 2863 2264 2894 per
2280 2855 2476 2885 creationem

1406 2896 1554 2937 produci,
1578 2903 1616 2928 ut
1645 2903 1720 2928 sunt
1749 2907 1864 2928 omnes
1893 2898 2087 2929 substantiae
2117 2904 2278 2938 separatae
2309 2904 2340 2928 et
2370 2899 2476 2928 omnis

1406 2942 1538 2971 materia
1562 2942 1748 2982 corporalis,
1773 2942 1895 2972 scilicet
1911 2943 2032 2982 prima,
2057 2942 2179 2973 diversa
2209 2943 2373 2973 existentia
2400 2952 2476 2982 pro-

1407 2985 1568 3022 ducibssia,
1593 2996 1611 3016 a
1634 2986 1706 3016 Deo
1730 2986 1955 3026 producuntur
1978 2986 2179 3023 immediate;
2204 2996 2279 3017 cum
2298 2987 2360 3016 Dei
2375 2987 2475 3017 solius

1407 3030 1446 3060 sit
1470 3039 1586 3060 creare.

1461 3074 1514 3104 Ad
1546 3074 1739 3105 evidentiam
1772 3075 1868 3105 huius
1900 3075 2042 3111 rationis,
2073 3074 2341 3105 considerandum
2373 3074 2474 3115 quod,

1405 3118 1480 3148 licet
1495 3128 1562 3149 una
1575 3119 1676 3149 virtus
1692 3124 1797 3149 creata
1812 3119 1939 3149 daretur
1951 3128 2034 3159 quae
2050 3119 2151 3159 possit
2167 3118 2351 3149 immediate
2366 3119 2476 3158 plures

1406 3162 1538 3193 effectus
1561 3163 1765 3194 materialiter
1780 3163 1970 3203 producere,
1986 3173 2055 3193 non
2070 3169 2177 3193 tamen
2194 3168 2302 3202 posset
2317 3163 2351 3192 in
2366 3163 2475 3202 plures

1405 3206 1538 3237 effectus
1561 3207 1753 3238 formaliter:
1779 3207 1834 3238 sed
1858 3217 1972 3238 omnes
1994 3208 2027 3237 in
2051 3217 2155 3237 unum
2170 3216 2272 3246 genus
2288 3206 2474 3246 producibi-

1404 3251 1486 3282 lium
1509 3251 1748 3288 reducerentur,
1773 3252 1856 3282 sicut
1885 3257 1917 3281 et
1945 3253 2015 3291 ipsa
2037 3252 2135 3281 virtus
2167 3256 2314 3281 naturam
2343 3251 2474 3281 haberet

1404 3295 1581 3326 limitatam.
1607 3296 1808 3327 Substantiae
1832 3301 1938 3326 autem
1963 3301 2124 3335 separatae
2148 3300 2180 3325 et
2202 3296 2332 3325 materia
2356 3304 2473 3335 corpo-

1404 3340 1476 3370 ralis
1492 3350 1560 3371 non
1576 3341 1775 3371 conveniunt
1797 3341 1831 3370 in
1854 3349 1922 3370 uno
1945 3349 2062 3379 genere
2086 3339 2296 3369 determinato
2320 3338 2473 3379 produci-

1404 3384 1535 3415 bilium:
1561 3394 1635 3415 cum
1660 3394 1728 3415 non
1752 3384 1946 3414 conveniant
1974 3384 2036 3413 nisi
2065 3384 2098 3413 in
2126 3393 2243 3423 genere
2267 3384 2472 3420 substantiae,

1404 3428 1495 3468 quod
1517 3438 1586 3459 non
1609 3428 1686 3459 dicit
1716 3438 1819 3459 unum
1849 3437 1951 3469 genus
1981 3427 2232 3467 producibilium
2262 3436 2320 3467 per
2348 3437 2393 3463 se,
2416 3427 2474 3458 sed

1404 3473 1514 3503 omnia
1537 3482 1595 3512 per
1618 3483 1651 3503 se
1674 3472 1886 3513 producibilia
1909 3471 2164 3512 comprehendit.
2194 3471 2297 3501 Immo
2328 3473 2474 3511 potentia

1404 3526 1487 3557 quae
1512 3522 1559 3547 est
1580 3517 1698 3547 horum
1725 3516 1925 3557 productiva,
1949 3525 2017 3546 non
2041 3515 2269 3546 determinatur
2299 3515 2339 3545 ad
2369 3525 2472 3546 unum

1402 3571 1505 3601 genus
1528 3571 1586 3601 per
1608 3571 1642 3591 se
1666 3561 1927 3601 producibilium,
1951 3559 2008 3590 sed
2030 3559 2070 3590 ad
2098 3560 2189 3599 plura
2216 3569 2343 3599 genera,
2367 3560 2471 3590 immo

1403 3605 1443 3635 ad
1466 3606 1576 3636 omnia
1607 3615 1725 3645 genera
1754 3604 2004 3644 producibilium
2031 3613 2065 3634 se
2094 3603 2244 3634 extendit.
2269 3603 2356 3634 Cum
2384 3605 2472 3635 enim

1403 3650 1513 3680 omnia
1535 3655 1677 3689 separata
1701 3659 1719 3679 a
1742 3649 1873 3679 materia
1903 3654 1934 3679 et
1964 3649 2074 3678 omnia
2102 3648 2275 3678 materialia
2302 3648 2470 3688 producat,

2291 3715 2321 3740 4¹

2507 598 2516 606 '
2533 595 2590 624 Cap.
2608 602 2637 622 νι,
2648 603 2686 618 xv.

2507 703 2515 711 ·
2540 701 2591 723 Lib.
2613 702 2630 728 I,
2655 708 2706 729 cap.

2506 734 2586 755 xxvm,
2603 734 2648 750 xm.

2507 1024 2516 1032 '¹
2531 1022 2587 1050 Cap.
2602 1029 2648 1045 xvt.

2510 1763 2518 1771 '
2534 1761 2569 1783 Cf.
2585 1761 2660 1787 Avic.,
2674 1761 2722 1782 Me-

2510 1788 2582 1836 feph„
2590 1792 2617 1809 tr.
2623 1787 2663 1814 lx,
2671 1793 2721 1815 cap.
