2768 4134
799 287 988 325 SUMMA
1017 291 1238 330 CONTRA
1266 294 1541 345 GENTILES,
1572 298 1682 336 CAP.
1702 300 1940 339 LXXXVIII.

2392 308 2468 356 239

596 442 1078 503 CAPITULUM
1116 449 1704 510 OCTOGESIMUM
1742 457 2139 517 OCTAVUM

1144 567 1173 596 A
1194 568 1260 598 25r
1296 568 1369 599 b18
1400 570 1468 601 sine
1491 572 1597 602 titulo.

741 651 916 704 QUOD
951 654 1012 694 IN
1046 655 1171 697 DEO
1207 658 1322 699 EST
1355 661 1626 704 LIBERUM
1660 663 1997 707 ARBITRIUM

375 821 377 825 .
405 827 409 834 ,
455 814 458 819 ι
478 801 515 841 ιι,
530 789 734 840 praedictis
761 797 893 828 autem
917 793 1068 830 ostendi
1087 802 1212 844 potest
1231 798 1337 846 quod

369 844 390 865 ⁴³
491 842 532 880 in
552 844 637 886 Deo
662 843 830 881 liberum
853 844 1054 883 arbitrium
1079 846 1283 886 invenitur.

394 904 424 947 g
545 897 651 934 Nam
680 896 847 934 liberum
875 898 1076 936 arbitrium
1109 901 1248 939 dicitur
1282 916 1338 940 re-

299 972 303 976 κ
429 952 437 957 '
491 957 626 1000 spectu
663 962 804 988 eorum
841 963 943 1000 quae
989 964 1070 989 non
1117 956 1338 993 necessitate

266 1003 354 1054 quis
382 1004 476 1049 vult,
497 1003 565 1042 sed
594 1003 751 1053 propria
779 1011 933 1054 sponte:
964 1006 1070 1042 unde
1089 1006 1127 1043 in
1153 1008 1265 1045 nobis
1285 1017 1339 1046 est

265 1056 433 1095 liberum
461 1057 663 1095 arbitrium
693 1065 870 1107 respectu
898 1057 981 1095 eius
1013 1060 1121 1108 quod
1155 1063 1339 1100 volumus

265 1122 420 1149 currere
447 1111 511 1148 vel
538 1110 752 1148 ambulare.
782 1110 890 1148 Deus
914 1120 1046 1149 autem
1065 1113 1138 1151 alia
1157 1127 1179 1151 a
1198 1127 1239 1152 se
1258 1128 1339 1153 non

266 1176 313 1202 ex
339 1163 565 1201 necessitate
593 1165 688 1208 vult,
708 1171 752 1201 ut
774 1176 893 1214 supra
906 1165 926 1186 '¹‘
945 1173 1146 1203 ostensum
1166 1176 1233 1205 est.
1254 1170 1338 1206 Deo

264 1216 379 1266 igitur
405 1216 573 1254 liberum
601 1216 804 1255 arbitrium
832 1218 976 1256 habere
1005 1220 1199 1269 competit.

318 1270 472 1308 Adhuc.
501 1271 692 1308 Voluntas
720 1270 851 1308 divina
875 1271 915 1309 in
935 1272 994 1309 his
1014 1273 1063 1310 ad
1083 1285 1184 1323 quae
1203 1287 1338 1312 secun·
1355 1294 1380 1308 ιο

263 1322 495 1376 {grumam
513 1326 696 1362 naturam
719 1336 801 1362 non
829 1325 1118 1374 determinatur,
1138 1327 1340 1366 inclinatur

264 1376 564 1428 quodammodo
590 1389 664 1427 per
691 1390 810 1415 suum
837 1377 1085 1426 intellectum,
1114 1389 1157 1418 ut
1184 1394 1302 1431 supra
1319 1382 1340 1404 ’¹‘

264 1438 467 1468 ostensum
493 1438 560 1468 est.
592 1431 669 1468 Sed
689 1443 736 1468 ex
760 1432 838 1469 hoc
861 1433 984 1469 homo
1010 1433 1149 1471 dicitur
1166 1447 1259 1484 prae
1278 1448 1339 1472 ce—

263 1483 353 1522 teris
380 1483 613 1522 animalibus
641 1484 809 1522 liberum
837 1486 1039 1523 arbitrium
1068 1488 1211 1525 habere
1231 1489 1338 1537 quod

263 1538 314 1576 ad
332 1538 549 1575 volendum
577 1538 721 1576 iudicio
751 1539 908 1576 rationis
932 1539 1146 1587 inclinatur,
1168 1553 1248 1578 non
1268 1541 1338 1579 im-

263 1599 357 1642 petu
380 1599 541 1629 naturae
570 1592 668 1630 sicut
695 1592 819 1630 bruta.
850 1594 953 1642 Ergo
982 1593 1022 1630 in
1051 1594 1135 1631 Deo
1165 1602 1220 1631 est
1249 1594 1339 1632 libe-

229 1687 236 1694 ,
264 1657 355 1683 rum
381 1644 596 1683 arbitrium.

316 1699 424 1736 Item.
455 1699 685 1737 Secundum
714 1698 1012 1749 Philosophum,
1042 1699 1081 1737 in
1106 1701 1153 1737 111
1172 1702 1290 1738 Ethic.
1306 1701 1338 1748 *,

315 1811 330 1838 5
350 1811 430 1846 unde]
449 1817 479 1838 ut
496 1813 526 1838 Z.

261 1852 382 1874 nmirum
400 1856 478 1873 sunm
496 1849 551 1874 «Pe
569 1852 596 1874 et
613 1849 672 1875 sine
690 1857 743 1874 non
762 1849 791 1874 Z.

317 1891 328 1910 ι
351 1884 384 1909 nd
402 1883 483 1909 finem
497 1887 563 1916 post
581 1889 643 1909 sunt
661 1884 798 1910 BDWYZ.

261 1920 347 1954 agens
367 1920 421 1945 uz.

884 1856 917 1882 ¹4
935 1849 1017 1884 quod]
1036 1851 1098 1883 quia
1116 1851 1165 1877 Pd.

514 1927 548 1952 14
566 1920 712 1945 secundum
732 1921 754 1945 Α
773 1921 858 1952 solus3
878 1926 907 1946 ut
925 1926 995 1953 patet
1012 1929 1067 1954 per.

610 1818 651 1838 est
669 1821 721 1838 non
741 1813 856 1839 habebat
874 1815 928 1847 pA;
949 1814 1042 1839 dicitur
1059 1822 1120 1840 esse
1135 1818 1199 1847 post
1218 1815 1352 1841 arbitrium
1367 1816 1395 1846 Z,
1416 1816 1461 1841 ubi
1479 1822 1519 1841 est
1537 1818 1628 1843 ceteri.

889 1885 903 1910 3
924 1885 974 1910 alia
991 1885 1064 1919 vero]
1085 1894 1138 1911 non
1158 1886 1212 1918 EY,
1233 1893 1296 1911 rasa
1315 1887 1365 1919 pG,
1385 1892 1411 1911 et
1429 1895 1481 1911 non
1507 1887 1574 1919 sicut
1592 1895 1661 1920 quae
1686 1888 1718 1913 ad
1744 1887 1823 1914 finem
1847 1894 1908 1914 sunt
1932 1890 1979 1914 alia
1999 1898 2061 1915 vero
2081 1890 2127 1916 Pd.

1393 800 1563 838 voluntas
1597 808 1648 839 est
1671 804 1778 851 finit,
1807 804 1933 841 electio
1968 811 2091 842 autem
2127 819 2256 844 eorum
2291 822 2385 858 quae
2412 813 2463 849 ad

1382 855 1505 900 finem
1533 864 1628 892 sunt.
1660 856 1763 893 Cum
1790 855 1904 905 igitur
1931 858 2037 895 Deus
2069 859 2240 909 seipsum
2274 869 2461 912 tanquam

1394 905 1514 943 finem
1533 908 1635 954 velit,
1655 909 1727 946 alia
1746 921 1840 947 vero
1860 910 1957 947 sicut
1976 923 2077 960 quae
2101 913 2150 950 ad
2174 913 2296 951 finem
2321 924 2410 953 sunt
2427 917 2459 962 *,

1394 960 1567 1008 sequitur
1600 962 1707 1010 quod
1742 971 1918 1012 respectu
1953 964 2012 1001 sui
2048 966 2187 1003 habeat
2221 969 2460 1007 voluntatem

1362 1024 1370 1044 x
1393 1020 1556 1058 tantum,
1577 1023 1751 1064 respectu
1771 1023 1902 1053 autem
1921 1017 2087 1054 aliorum
2117 1019 2354 1058 electionem.
2375 1023 2460 1059 Ele-

1394 1065 1468 1102 ctio
1488 1074 1618 1103 autem
1637 1080 1791 1118 semper
1809 1081 1879 1118 per
1896 1069 2062 1108 liberum
2082 1071 2281 1110 arbitrium
2300 1073 2361 1111 fit..
2375 1076 2460 1113 Deo

1394 1118 1506 1167 igitur
1532 1119 1697 1158 liberum
1725 1121 1924 1160 arbitrium
1953 1124 2147 1173 competit.
2358 1121 2360 1124 ’

1447 1173 1659 1211 Praeterea.
1690 1175 1822 1212 Homo
1841 1187 1911 1224 per
1929 1177 2004 1213 hoc
2024 1178 2132 1226 quod
2151 1178 2267 1215 habet
2294 1179 2459 1218 liberum

1394 1225 1606 1272 arbitrium,
1627 1226 1765 1264 dicitur
1783 1240 1946 1266 suorum
1970 1238 2128 1267 actuum
2157 1231 2351 1270 dominus.
2373 1234 2460 1271 Hoc

1394 1286 1525 1315 autem
1544 1279 1713 1317 maxime
1729 1281 1913 1330 competit
1930 1282 2057 1331 primo
2072 1284 2208 1332 agenti,
2224 1285 2334 1322 cuius
2353 1294 2459 1324 actus

1395 1331 1443 1368 ab
1472 1331 1546 1369 alio
1575 1345 1656 1370 non
1683 1333 1886 1383 dependet.
1915 1336 2000 1384 Ipse
2028 1335 2140 1384 igitur
2158 1338 2266 1375 Deus
2293 1338 2459 1377 liberum

1395 1384 1596 1423 arbitrium
1624 1386 1750 1424 habet.

1448 1439 1535 1475 Hoc
1554 1438 1668 1476 etiam
1689 1451 1735 1476 ex
1755 1439 1837 1489 ipsa
1861 1441 2028 1478 nominis
2051 1442 2195 1480 ratione
2217 1444 2347 1481 haberi
2375 1453 2458 1494 pot·

1394 1499 1461 1528 est.
1478 1492 1582 1528 Nam
1601 1493 1758 1529 liberum
1773 1499 1824 1530 est
1843 1495 1942 1542 quod
1957 1497 2017 1531 sui
2033 1507 2146 1533 causa
2164 1502 2226 1542 est,
2242 1499 2459 1535 secundum

1356 1560 1377 1580 ις
1395 1544 1692 1594 Philosophum,
1722 1545 1762 1582 in
1789 1546 1977 1595 principio
2010 1550 2294 1597 Metaphysicae
2311 1550 2342 1586 ³¹⁸.
2372 1551 2459 1588 Hoc

1395 1597 1638 1687 autemfiiulli
1659 1598 1780 1672 ιῐιεέἰε
1799 1599 1982 1648 competit
2001 1612 2120 1649 quam
2140 1601 2286 1650 primae
2308 1614 2457 1651 causae,

1395 1662 1496 1699 quae
1563 1662 1631 1687 eus
1660 1659 1715 1688 est
1755 1679 1763 1688 .

1716 1824 1749 1842 ιο
1767 1819 1912 1843 secundum
1932 1826 2007 1844 suam
2026 1825 2143 1845 natm-am
2162 1819 2224 1854 non]
2244 1829 2297 1846 non
2316 1822 2460 1846 secundum

2219 1898 2252 1916 ιο
2272 1893 2382 1917 maxime
2396 1895 2461 1924 post

1161 1921 1192 1947 15
1212 1921 1239 1946 in
1258 1922 1392 1955 principio]
1413 1922 1439 1947 in
1458 1923 1545 1955 primo
1563 1923 1708 1954 EGWsNb,
1728 1925 1813 1957 primo
1832 1925 1860 1956 Z,
1879 1932 1922 1950 om
1941 1926 1992 1958 pN.

1026 2009 1361 2043 Commentariis
1393 2009 1703 2043 Fen-ariensis

317 2107 466 2129 osratma
487 2097 712 2129 determinavit
734 2097 870 2129 Sanctus
886 2097 1032 2129 Thomas
1050 2098 1091 2129 de
1107 2099 1274 2129 voluntate
1289 2098 1336 2129 di-

264 2108 393 2174 Pvina
414 2148 451 2174 ut
471 2142 624 2175 voluntas
643 2148 700 2179 est,
716 2152 805 2174 nunc
829 2142 869 2174 de
892 2143 963 2183 ipsa
985 2142 1176 2174 determinat
1191 2149 1227 2174 ut
1241 2143 1338 2174 habet

261 2188 422 2221 rationem
449 2187 542 2218 liberi
568 2187 689 2218 arbitrii
711 2188 737 2218 ’ἃ

317 2231 360 2264 Et
382 2232 516 2275 ponitur
540 2231 710 2262 conclusio
734 2232 827 2262 haec:
854 2231 893 2262 In
917 2231 988 2262 Deo
1013 2232 1147 2263 liberum
1164 2232 1336 2263 arbitrium

262 2276 438 2309 invenitur.

316 2321 341 2352 Ι.
357 2320 524 2352 Probatur
532 2320 644 2361 primo
660 2321 716 2351 sic.
742 2321 831 2351 Deus
848 2321 909 2351 alia
925 2331 944 2351 a
959 2330 992 2351 se
1008 2330 1077 2351 non
1093 2320 1134 2351 de
1149 2322 1338 2351 necessitate
1364 2347 1365 2365 1

261 2366 341 2398 vult.
354 2366 441 2406 Ergo
458 2371 520 2396 etc.
531 2383 555 2388 -
566 2365 724 2396 Probatur
740 2366 984 2406 consequentia.
1001 2365 1088 2403 Quia
1103 2365 1242 2396 liberum
1257 2365 1339 2396 arbi-

261 2411 360 2445 trium
374 2410 493 2443 dicitur
513 2415 663 2450 respectu
687 2419 803 2442 eorum
819 2419 904 2450 quae
919 2420 988 2441 non
1005 2410 1045 2441 de
1061 2411 1250 2441 necessitate
1267 2410 1339 2450 quis
1364 2414 1366 2431 Ξ

1365 2458 1366 2466 ’
1392 2460 1428 2485 ut
1450 2455 1485 2485 in
1508 2455 1580 2486 Deo
1604 2460 1752 2495 respectu
1776 2461 1993 2486 creaturarum
2022 2457 2192 2493 invenitur,
2216 2457 2270 2488 illa
2292 2458 2457 2489 inclinatio

262 2455 341 2493 vult,
365 2455 423 2487 sed
444 2455 577 2496 propria
598 2461 727 2496 sponte.

318 2499 614 2536 Considerandum,
638 2499 678 2530 ad
701 2499 799 2530 huius
821 2499 954 2530 rationis
982 2498 1187 2535 evidentiam,
1215 2509 1253 2529 ex
1279 2497 1338 2530 do-

262 2545 364 2576 ctrina
386 2543 496 2576 Sancti
511 2544 662 2576 Thomae
682 2543 939 2583 Quaestionibus
955 2543 995 2574 de
1010 2544 1115 2580 Malo,
1133 2553 1164 2584 q.
1181 2554 1244 2579 xvi,
1261 2554 1289 2574 a.
1308 2544 1337 2579 5,

262 2587 354 2631 quod
373 2588 497 2630 aliquid
515 2598 550 2620 se
568 2589 665 2619 habet
687 2588 728 2619 ad
748 2589 888 2619 liberum
908 2588 1075 2618 arbitrium
1095 2593 1250 2628 tanquam
1274 2588 1338 2618 exi-

261 2639 349 2665 stem
364 2633 406 2665 de
420 2634 546 2664 ratione
567 2634 651 2670 eius;
675 2633 798 2674 aliquid
814 2643 892 2664 vero
908 2633 1062 2664 convenit
1083 2633 1142 2663 sibi
1158 2632 1338 2663 secundum

262 2678 354 2721 quod
377 2685 426 2710 est
447 2679 481 2709 in
503 2678 612 2719 aliqua
627 2684 750 2709 natura.
775 2678 826 2708 De
846 2679 972 2708 ratione
993 2678 1081 2708 enim
1105 2678 1174 2708 eius
1190 2683 1237 2708 est
1252 2684 1289 2708 ut
1303 2678 1337 2708 in

261 2722 386 2765 diversa
408 2723 512 2764 possit
534 2724 663 2754 obiecta
682 2722 829 2754 ordinata
851 2722 892 2753 ad
915 2722 1026 2763 finem.
1050 2722 1149 2752 Posse
1172 2728 1281 2753 autem
1304 2722 1337 2752 in

260 2767 388 2801 bonum
405 2774 437 2799 et
451 2767 576 2799 malum
591 2777 660 2799 non
676 2773 724 2798 est
740 2766 780 2798 de
796 2768 920 2798 ratione
944 2767 1036 2798 liberi
1059 2767 1188 2803 arbitrii,
1205 2766 1262 2797 sed
1278 2766 1337 2796 sibi

261 2814 417 2845 convenit
439 2813 635 2854 inquantum
658 2813 822 2843 invenitur
844 2812 877 2842 in
901 2817 1014 2842 natura
1040 2812 1166 2851 potenti
1190 2810 1336 2841 deficere.

262 2854 416 2890 Similiter
439 2857 530 2898 quod
553 2867 658 2888 unum
681 2856 759 2888 velit
782 2862 814 2887 et
836 2862 950 2897 postea
974 2857 1043 2886 eius
1067 2856 1257 2896 oppositum
1280 2864 1338 2895 per

261 2894 479 2934 mutationem
501 2902 688 2938 voluntatis,
713 2902 867 2932 convenit
890 2902 950 2931 sibi
973 2901 1153 2932 secundum
1177 2899 1268 2940 quod
1291 2905 1338 2930 est
1363 2912 1365 2922 =

261 2948 297 2979 in
310 2952 425 2979 mum
440 2947 552 2987 aliquo
567 2946 671 2978 modo
687 2946 846 2978 mutabili.
862 2946 984 2976 Volens
1003 2955 1080 2985 ergo
1096 2944 1231 2976 Sanctus
1247 2944 1338 2975 Tho-

261 3001 332 3022 mas
361 2991 532 3022 ostendere
561 2991 596 3022 in
626 2991 698 3022 Deo
732 3000 801 3022 esse
833 2991 972 3021 liberum
1001 2990 1176 3025 arbitrium,
1205 2989 1338 3020 assumit

260 3036 431 3068 dumtaxat
453 3035 546 3078 quod
567 3041 616 3068 est
639 3035 678 3067 de
706 3036 831 3066 ratione
859 3035 951 3065 liberi
973 3034 1101 3070 arbitrii,
1126 3034 1247 3064 sci-licet
1269 3043 1337 3063 non

261 3081 446 3113 necessitati
470 3080 510 3112 ad
533 3080 598 3111 hoc
620 3081 672 3111 vel
696 3080 787 3116 illud,
812 3079 868 3110 sed
890 3088 986 3120 posse
1010 3078 1092 3108 velle
1108 3079 1171 3108 hoc
1188 3083 1243 3108 aut
1257 3078 1337 3108 illud

261 3126 296 3156 in
313 3125 427 3156 ordine
442 3125 484 3156 ad
498 3125 609 3156 finem.
634 3125 711 3156 Hoc
727 3126 814 3155 enim
830 3125 902 3154 Deo
918 3123 1057 3154 maxime
1074 3123 1239 3153 convenit:
1261 3132 1336 3153 cum

262 3169 390 3201 nullum
413 3176 559 3201 creatum
582 3169 623 3200 ad
647 3170 716 3201 eius
739 3170 928 3204 bonitatem,
945 3177 1028 3208 quae
1053 3173 1100 3198 est
1122 3167 1204 3203 finis,
1225 3176 1336 3197 neces-

260 3215 378 3247 sariam
400 3214 625 3246 habitudinem
648 3216 773 3246 habeat.

319 3259 357 3290 11.
374 3259 533 3291 Secundo.
554 3259 715 3290 Voluntas
739 3258 845 3289 divina
868 3258 902 3287 in
924 3257 962 3287 iis
985 3256 1026 3286 ad
1049 3266 1132 3296 quae
1156 3255 1336 3286 secundum

259 3309 411 3336 naturam
440 3314 510 3336 non
540 3304 780 3340 determinatur,
804 3302 975 3333 inclinatur
1005 3300 1251 3341 quodammodo
1279 3309 1337 3340 per

261 3349 473 3385 intellectum,
498 3354 534 3380 ut
558 3348 682 3380 dictum
706 3354 753 3379 est
775 3357 881 3388 supra,
908 3355 978 3386 cap.
1001 3355 1102 3375 Lxxm.
1127 3345 1213 3385 Ergo
1234 3350 1294 3375 etc.
1314 3363 1336 3367 —

262 3393 421 3424 Probatur
444 3394 688 3434 consequentia.
713 3393 799 3431 Quia
823 3402 860 3422 ex
884 3391 947 3420 hoc
971 3390 1072 3420 homo
1089 3389 1204 3419 dicitur
1218 3389 1335 3419 habere

261 3439 400 3469 liberum
423 3439 600 3474 arbitrium,
625 3439 701 3478 quia
725 3437 764 3468 ad
788 3435 964 3466 volendum
987 3434 1108 3465 iudicio
1132 3434 1263 3463 rationis
1286 3434 1335 3463 in-

262 3483 409 3519 clinatur,
433 3493 503 3514 non
525 3484 652 3523 impetu
675 3487 808 3512 naturae
831 3486 867 3511 ut
891 3481 992 3510 bruta.

317 3527 562 3558 Advertendum
587 3527 687 3567 quod,
713 3536 789 3557 cum
813 3526 892 3556 ratio
917 3525 1007 3554 liberi
1035 3523 1154 3553 arbitrii
1184 3523 1335 3552 consistat

262 3573 296 3602 in
318 3573 383 3603 hoc
407 3572 498 3613 quod
521 3573 555 3602 in
579 3572 701 3603 diversa
725 3576 846 3612 potest;
870 3574 1022 3609 sequatur
1046 3573 1153 3598 autem
1174 3567 1334 3607 appetitus

262 3616 409 3648 animalis
424 3617 663 3657 cognitionem:
681 3615 722 3646 ad
738 3616 802 3646 hoc
814 3620 851 3645 ut
865 3614 1026 3655 appetitus
1042 3613 1075 3642 in
1088 3611 1209 3642 diversa
1222 3611 1333 3651 possit,

258 3666 393 3701 oportet
415 3667 452 3691 ut
476 3661 621 3701 cognitio
646 3666 678 3691 et
700 3660 857 3691 iudicium
882 3658 921 3689 de
945 3656 1109 3698 appetibili
1128 3655 1168 3686 ad
1183 3655 1285 3685 multa
1300 3664 1334 3685 se

1391 2099 1515 2129 habeat.
1547 2100 1603 2130 Est
1633 2105 1742 2130 autem
1771 2101 1835 2131 hoc
1862 2102 2030 2141 proprium
2053 2103 2232 2134 intellectus
2257 2109 2288 2134 et
2310 2098 2456 2136 rationis:

1390 2153 1465 2174 nam
1489 2144 1523 2174 in
1546 2144 1645 2175 brutis
1669 2150 1716 2175 est
1739 2144 1987 2176 determinatum
2014 2146 2170 2178 iudicium
2193 2157 2211 2178 a
2233 2153 2355 2179 natura.
2372 2148 2456 2180 *Ideo

1390 2188 1473 2218 bene
1489 2187 1606 2219 dicitur
1621 2189 1685 2219 hoc
1700 2189 1775 2220 loco
1792 2189 1882 2229 quod
1897 2191 1998 2221 homo
2015 2196 2062 2221 est
2077 2191 2167 2222 liberi
2183 2193 2301 2223 arbitrii
2317 2203 2354 2223 eo
2371 2193 2457 2234 quod

1391 2232 1510 2263 iudicio
1536 2233 1674 2263 rationis
1696 2233 1739 2264 ad
1762 2234 1933 2264 volendum
1955 2235 2138 2266 inclinetur.
2163 2236 2267 2273 Unde,
2284 2242 2320 2267 ut
2335 2237 2457 2268 dictum

1392 2282 1439 2307 est
1462 2286 1559 2317 supra
1574 2278 1602 2312 ἡ
1627 2277 1666 2307 de
1690 2283 1798 2308 mente
1822 2278 1929 2309 Sancti
1952 2278 2112 2316 Thomae,
2139 2279 2244 2316 Ver-it„
2268 2290 2300 2321 q.
2323 2291 2396 2312 xxrv
2411 2282 2456 2318 ⁸,

1392 2320 1478 2351 radix
1502 2321 1654 2352 libertatis
1677 2327 1725 2352 est
1747 2322 1780 2351 in
1803 2323 1937 2359 ratione,
1954 2323 2028 2353 licet
2050 2323 2225 2354 formaliter
2239 2325 2327 2355 sitin
2341 2325 2458 2356 volun-

1391 2371 1465 2395 tate.
1490 2366 1553 2396 Ubi
1572 2375 1648 2406 ergo
1664 2366 1830 2396 inclinatio
1847 2367 2020 2397 voluntatis
2043 2368 2190 2408 sequitur
2210 2378 2278 2399 non
2301 2375 2457 2406 naturam,

1392 2410 1448 2440 sed
1464 2410 1621 2441 iudicium
1637 2410 1828 2447 intellectus,
1845 2411 1936 2451 quod
1951 2417 1998 2442 est
2012 2421 2070 2452 per
2085 2412 2284 2444 intellectum
2301 2410 2456 2450 inclinari,

1392 2499 1491 2530 libera
1515 2505 1562 2530 est
1586 2505 1617 2529 et
1640 2499 1680 2530 ad
1703 2499 1840 2530 liberum
1865 2501 2002 2540 pertinet
2025 2501 2198 2532 arbitrium.

1447 2543 1500 2574 111.
1522 2544 1640 2574 Tertio.
1658 2544 1746 2574 Deus
1762 2550 1911 2584 respectu
1927 2545 1976 2575 sui
1995 2545 2090 2575 habet
2105 2545 2305 2576 voluntatem
2320 2551 2455 2583 tantum,

1391 2594 1540 2628 respectu
1571 2594 1680 2619 autem
1710 2588 1847 2619 aliorum
1878 2589 1974 2619 habet
2005 2589 2205 2620 electionem.
2238 2590 2323 2630 Ergo
2352 2595 2411 2620 etc.
2433 2608 2456 2612 -

1364 2648 1366 2677 3
1391 2632 1548 2663 Probatur
1571 2632 1774 2663 antecedens.
1804 2632 1890 2670 Quia
1920 2634 2071 2663 voluntas
2101 2638 2146 2664 est
2165 2634 2258 2675 finis,
2283 2639 2320 2664 ut
2341 2633 2456 2664 dicitur

1364 2679 1366 2688 ³
1391 2677 1432 2707 111
1450 2677 1567 2711 Ethic„
1591 2686 1661 2717 cap.
1681 2687 1724 2707 vu
1739 2678 1766 2713 *‚
1789 2677 1902 2707 electio
1930 2682 2036 2707 autem
2063 2686 2176 2708 eorum
2203 2687 2286 2718 quae
2311 2683 2387 2708 sunt
2411 2677 2455 2708 ad

1380 2722 1496 2762 finem.
1513 2739 1535 2743 -
1559 2720 1802 2762 Consequentia
1825 2722 1921 2752 etiam
1944 2722 2106 2761 probatur.
2131 2721 2217 2760 Quia
2240 2722 2354 2752 electio
2370 2731 2453 2752 sem-

1390 2775 1448 2806 per
1470 2775 1528 2806 per
1550 2765 1688 2796 liberum
1710 2765 1747 2796 fit
1770 2766 1943 2796 arbitrium.

1446 2809 1540 2840 Circa
1574 2810 1662 2840 illam
1695 2810 1953 2851 propositionem
1988 2809 2183 2846 Aristotelis,
2220 2810 2373 2840 Voluntas
2407 2815 2454 2840 est

1379 2855 1473 2896 finis,
1498 2854 1625 2885 adverte
1650 2854 1740 2894 quod
1761 2863 1830 2884 non
1853 2854 2008 2894 accipitur
2034 2854 2185 2884 voluntas
2211 2863 2270 2894 pro
2296 2855 2451 2894 potentia,

1390 2899 1445 2929 sed
1461 2908 1520 2939 pro
1537 2904 1610 2929 actu
1626 2899 1810 2934 voluntatis,
1827 2904 1863 2929 ut
1878 2898 1994 2928 dicitur
2007 2898 2113 2928 Prima
2125 2897 2300 2934 Secundae,
2318 2907 2348 2938 q.
2357 2899 2450 2928 vm':
2479 2897 2488 2906 '

1390 2950 1480 2974 actus
1503 2944 1591 2974 enim
1613 2943 1666 2974 ille
1690 2943 1863 2974 voluntatis
1887 2943 1944 2983 qui
1967 2942 2152 2982 simpliciter
2179 2947 2210 2973 et
2236 2942 2381 2972 absolute
2405 2941 2451 2972 di-

1390 2989 1471 3019 citur
1487 2988 1578 3024 velle,
1596 2993 1643 3018 est
1665 2988 1795 3028 proprie
1817 2993 1966 3028 respectu
1981 2986 2063 3017 finis.
2089 2987 2244 3025 Quamvis
2260 2992 2292 3016 et
2307 2986 2451 3026 quando-

1390 3042 1454 3074 que
1477 3032 1694 3063 indifferenter
1715 3041 1849 3062 omnem
1871 3037 1979 3062 actum
1993 3031 2166 3062 voluntatis
2189 3030 2331 3061 dicamus
2354 3030 2452 3061 velle:

1390 3077 1446 3108 sed
1465 3083 1511 3108 est
1534 3077 1711 3117 impropria
1731 3077 1885 3116 acceptio.
1911 3076 1996 3114 Quia
2015 3081 2104 3106 actus
2120 3074 2343 3105 denominatus
2359 3084 2377 3104 a
2391 3083 2451 3114 po-

1389 3122 1488 3153 tentia
1512 3127 1559 3152 est
1582 3122 1651 3152 eius
1674 3126 1763 3151 actus
1785 3120 1932 3160 simplex.
1947 3120 2048 3150 Actus
2064 3125 2171 3149 autem
2183 3119 2316 3159 simplex
2333 3123 2379 3148 est
2395 3119 2451 3158 qui

1388 3167 1577 3197 terminatur
1592 3166 1632 3196 ad
1647 3175 1705 3206 per
1727 3175 1761 3195 se
1784 3165 1948 3195 obiectum
1971 3165 2143 3204 potentiae.
2172 3163 2258 3193 Finis
2281 3167 2389 3193 autem
2405 3167 2452 3193 est

1362 3230 1364 3232 -
1388 3212 1493 3251 primo
1525 3217 1557 3241 et
1589 3220 1647 3251 per
1672 3220 1705 3240 se
1733 3210 1898 3240 obiectum
1924 3209 2107 3239 voluntatis.
2138 3207 2213 3237 Ideo
2241 3207 2294 3237 ille
2321 3207 2451 3247 proprie

1388 3261 1477 3286 actus
1499 3255 1673 3285 voluntatis
1697 3254 1812 3285 dicitur
1835 3254 1925 3288 velle,
1948 3254 2014 3283 sive
2034 3252 2192 3287 voluntas,
2209 3252 2265 3291 qui
2289 3250 2329 3281 ad
2351 3250 2450 3281 finem

1388 3300 1586 3331 terminatur.

1444 3354 1473 3374 2.
1499 3343 1593 3374 Circa
1607 3343 1694 3373 illam
1714 3342 1980 3383 propositionem,
2003 3340 2127 3370 Electio
2150 3349 2274 3379 semper
2289 3349 2353 3379 per
2375 3339 2451 3369 Iibe-

1389 3399 1461 3418 rum
1485 3388 1656 3418 arbitrium
1669 3388 1724 3428 fit,
1750 3386 1921 3416 dubitatur.
1946 3385 2040 3422 Quia,
2062 3389 2098 3414 ut
2120 3384 2171 3414 hic
2195 3383 2319 3419 dicitur,
2337 3383 2450 3414 electio

1389 3438 1436 3463 est
1459 3442 1570 3463 eorum
1595 3441 1678 3472 quae
1700 3436 1776 3461 sunt
1798 3430 1841 3460 ad
1852 3430 1967 3471 finem.
1993 3427 2055 3458 Sed
2078 3428 2179 3458 multa
2203 3433 2277 3458 sunt
2297 3427 2336 3458 ad
2352 3427 2451 3458 finem

1388 3487 1472 3517 quae
1494 3486 1562 3507 non
1585 3476 1683 3506 libere
1706 3475 1867 3510 volumus,
1884 3473 1939 3503 sed
1963 3471 2074 3502 eadem
2097 3472 2283 3502 necessitate
2306 3481 2371 3512 qua
2393 3481 2452 3502 vo-

1387 3522 1496 3552 lumus
1519 3520 1632 3551 finem:
1657 3521 1740 3550 sicut
1763 3528 1799 3549 ea
1819 3519 1887 3548 sine
1904 3517 2020 3558 quibus
2036 3515 2108 3546 finis
2128 3516 2236 3546 haberi
2251 3525 2319 3546 non
2333 3521 2449 3556 potest.

1387 3566 1474 3606 Ergo
1498 3565 1612 3596 electio
1636 3574 1703 3594 non
1734 3572 1860 3602 semper
1890 3562 2027 3601 pertinet
2049 3560 2089 3591 ad
2111 3560 2248 3591 liberum
2271 3561 2450 3591 arbitrium:

1387 3611 1448 3640 nisi
1472 3609 1615 3640 dicamus
1638 3609 1774 3638 liberum
1798 3606 1961 3637 arbitrium
1977 3606 2010 3636 in
2026 3604 2148 3645 aliquid
2165 3605 2344 3635 necessario
2360 3604 2452 3635 incli-

1387 3655 1470 3691 nari;
1495 3653 1585 3693 quod
1609 3653 1676 3683 eius
1699 3652 1813 3682 rationi
1836 3654 2002 3690 repugnat.

2488 923 2497 931 ·
2513 922 2568 950 Cap.
2579 929 2657 945 Lxxxx.

2485 1550 2558 1605 iC3ap.
2563 1557 2586 1577 ιι,
2593 1557 2617 1579 9;
2626 1557 2644 1573 s.
2651 1550 2696 1574 Th.

2489 1656 2499 1666 ·
2512 1656 2569 1683 Cap.
2580 1662 2630 1677 ¹111.

2484 2283 2494 2293 '¹
2522 2282 2579 2310 cap.
2600 2289 2694 2308 ωιιιι,

2484 2309 2627 2335 Commeat„
2638 2315 2661 2331 n.
2672 2316 2696 2330 x.

2484 2336 2504 2346 ⁸·
2518 2336 2570 2357 Art.
2585 2335 2606 2357 6.

2481 2678 2490 2688 “’
2503 2677 2542 2699 ΑΙ.
2557 2683 2607 2705 cap.
2617 2683 2637 2699 v.
