2716 4302
0 1078 4 1081 ⁵
48 1088 51 1089 ⁷
66 1071 276 1104 311·υ6-ρ.3ο5.

1288 168 1554 206 APPENDIX

315 260 368 278 non
387 254 428 276 est
446 250 524 275 simu!
544 257 605 275 cum
625 254 698 274 motu
718 246 853 287 (factum
883 256 951 277 esse
977 252 1023 277 est
1054 247 1251 287 principium
1276 248 1392 287 quietis

315 305 347 331 et
370 299 527 330 terminus
556 298 690 335 motus.)
725 297 818 329 Unde
851 303 980 338 oportet
1012 307 1144 328 omnem
1176 299 1391 330 mutationem

314 354 421 389 proprie
440 354 535 379 dictam
555 359 624 380 esse
648 348 790 390 (motum
815 350 879 382 vel)
911 350 1085 381 terminum
1115 356 1234 386 motus,
1265 351 1320 390 qui
1345 357 1392 381 est

315 406 465 434 successive
485 401 724 443 (successivus).
750 402 791 432 Et
814 407 946 442 propter
966 402 1039 438 hoc,
1062 402 1151 442 quod
1176 401 1211 431 fit
1235 411 1301 432 non
1327 408 1389 432 est:

316 457 392 497 quia
417 454 563 496 quandiu
595 454 687 484 durat
719 459 828 484 motus
855 454 1002 494 (aliquid)
1029 453 1063 484 fit
1090 454 1134 495 (et
1163 464 1228 484 non
1258 453 1332 495 est),
1357 455 1389 484 in

316 509 388 549 ipso
412 512 522 538 autem
546 506 686 536 termino
715 512 833 540 motus,
859 506 890 535 in
919 515 986 545 quo
1019 506 1132 545 incipit
1165 506 1267 545 quies,
1298 506 1388 546 (iam)

315 569 383 590 non
409 558 445 589 fit
470 556 616 598 (aliquid,
642 556 698 586 sed
724 556 843 587 sactum
862 556 932 598 est.)
958 557 991 586 ln
1010 558 1172 587 creatione
1198 563 1388 587 autemnon

315 617 424 652 potest
448 612 546 646 aliquid
565 612 701 637 duratione
720 612 877 645 praecedere
901 606 977 649 (hoc
995 606 1078 648 esse)
1099 609 1173 648 quia
1197 609 1221 638 si
1247 613 1296 637 hoc
1323 616 1391 637 esset

314 664 384 704 ip‘sa
409 661 528 692 creatio
549 671 618 696 quae
635 659 842 700 praecederet
863 666 897 690 ut
921 666 1030 690 motus
1054 660 1103 690 vel
1129 661 1276 695 mutatio,
1294 669 1390 700 opor-

315 719 396 744 teret
419 713 478 743 sibi
510 712 675 752 praestitui
708 711 840 751 aliquod
869 712 1062 746 subiectum,
1088 711 1177 751 quod
1210 717 1256 741 est
1280 717 1391 741 contra

315 765 474 796 rationem
500 763 680 794 creationis.
708 762 838 793 Creatio
867 763 962 801 igitur
986 772 1051 792 non
1078 768 1124 792 est
1148 768 1256 792 motus
1284 771 1391 802 neque

314 817 464 847 mutatio.

548 920 628 960 Cap.
655 919 766 949 XVlll.
793 919 958 956 QUOMODO
984 928 1165 948 sorvasrca

466 983 503 1002 κΑ
529 982 612 1002 QUAE
644 981 767 1001 coxrtta
799 980 997 1000 ‹nimi-toxam
1031 979 1240 999 onnctuuruit.

359 1076 436 1113 Quo
462 1074 632 1106 modo...
651 1074 860 1103 obiiciuntur.
886 1090 906 1094 —
930 1074 948 1110 ,ξ
967 1072 1011 1101 Ex
1038 1073 1100 1101 hoc
1126 1077 1234 1101 autern
1259 1077 1392 1111 apparet

313 1130 488 1163 †1·nam‘tas†
514 1126 635 1156 vanitas
659 1125 923 1165 impugnantium
948 1124 1145 1154 creationem
1171 1132 1228 1162 per
1252 1123 1392 1152 rationes

313 1184 459 1218 sumptas
476 1187 513 1208 ex
530 1182 644 1207 natura
662 1182 770 1206 motus
791 1185 816 1204 et
838 1173 914 1215 (vel)
934 1175 1133 1209 mutationis,
1152 1179 1187 1204 ut
1208 1179 1284 1213 pote
1302 1172 1391 1213 quod

286 1219 289 1221 -
313 1236 444 1271 oportet
469 1236 569 1258 motum
593 1235 621 1257 et
644 1231 818 1256 mutationem
843 1237 900 1255 esse
927 1226 1124 1257 creationem
1154 1226 1237 1254 sicut
1267 1231 1392 1254 ceteros

79 2522 103 2533 .-

65 2619 90 2644 ³¹
101 2619 113 2636 r
128 2619 142 2635 a
156 2619 220 2642 ηρ.
229 2614 283 2642 308.

63 2770 175 2802 jubi-

67 3959 173 3984 31vai.

313 1289 424 1313 motus
448 1282 498 1313 vel
524 1281 721 1311 mutationes
750 1289 819 1310 esse
849 1280 881 1308 in
914 1279 1025 1318 aliquo
1056 1278 1214 1312 subiecto,
1240 1282 1271 1306 et
1303 1276 1392 1316 quod

313 1339 446 1375 oportet
459 1342 531 1365 non
546 1340 622 1363 ‘esse
646 1331 851 1362 transmutari
869 1332 900 1360 in
925 1339 1004 1366 esse,
1030 1330 1111 1358 sicut
1136 1329 1217 1368 ignis
1233 1334 1392 1358 transmu-

313 1391 398 1416 tatur
427 1386 460 1415 in
493 1393 611 1415 aerem.
636 1384 711 1414 Non
737 1383 823 1413 enim
850 1388 896 1412 est
921 1382 1041 1411 creatio
1071 1379 1219 1414 mutatio,
1243 1378 1300 1409 sed
1325 1379 1392 1418 ipsa

313 1437 530 1478 dependentia
547 1445 616 1466 esse
634 1436 730 1466 creati
756 1434 795 1464 ad
811 1440 886 1463 creat
899 1432 1096 1473 principium
1114 1441 1131 1461 a
1149 1440 1216 1471 quo
1233 1431 1391 1466 statuitur,

311 1492 382 1518 unde
407 1489 453 1529 (et
480 1488 539 1519 sic)
568 1492 616 1517 est
648 1485 688 1516 de
716 1495 834 1525 genere
863 1484 1027 1514 relationis
1052 1493 1119 1519 quae
1143 1485 1219 1510 simul
1245 1492 1305 1510 cum
1330 1484 1392 1509 sub-

312 1546 380 1571 iecto
398 1548 561 1574 concreatur,
581 1550 634 1567 non
654 1549 702 1574 per
720 1541 835 1573 aliquam
859 1540 935 1564 aliam
955 1538 1114 1564 creationem
1142 1538 1257 1571 (quam)
1283 1537 1321 1570 (et
1345 1537 1392 1569 sic)

312 1591 414 1633 (unde
430 1589 459 1632 ⁹)
486 1590 565 1621 nihil
587 1588 737 1630 prohibet
757 1591 783 1616 in
802 1590 920 1616 subiecto
939 1590 1020 1615 etiam
1035 1592 1128 1615 creato
1147 1595 1218 1615 eam
1235 1586 1267 1615 in
1285 1590 1392 1615 creato

312 1651 381 1674 esse
406 1643 489 1674 sicut
515 1642 546 1671 in
575 1640 733 1670 subiecto.
761 1642 858 1666 Dicitur
882 1637 1018 1668 Videtur
1042 1643 1149 1666 tamen
1175 1637 1295 1666 creatio
1323 1646 1392 1666 esse

311 1694 451 1725 mutatio
477 1690 637 1732 quaedam
662 1689 844 1720 secundum
869 1687 1006 1718 modum
1031 1687 1231 1727 intelligendi
1256 1692 1392 1722 tantum,

311 1746 508 1785 inquantum
535 1742 658 1772 scilicet
685 1740 868 1771 intellectus
898 1744 1009 1769 noster
1025 1743 1072 1774 pri
1090 1738 1206 1778 accipit
1236 1747 1333 1768 unam
1362 1743 1394 1767 et
1410 1750 1434 1769 ιο

310 1794 451 1827 eandem
468 1803 536 1824 rem
554 1798 589 1823 ut
607 1801 674 1822 non
691 1793 882 1822 existentem
900 1791 988 1831 prius
1006 1796 1036 1820 et
1054 1796 1166 1830 postea
1191 1790 1392 1820 existentem.

311 1848 330 1887 ξ
346 1847 490 1887 Apparet
514 1850 623 1875 autem
648 1843 672 1872 si
697 1853 750 1876 cre,
765 1846 861 1871 relatio
884 1843 1004 1873 creatio
1030 1842 1141 1871 relatio
1162 1840 1322 1881 quaedam
1347 1846 1393 1870 est

314 1898 419 1940 (quod
442 1907 492 1928 res
517 1895 678 1937 quaedam
707 1903 734 1923 et
753 1901 800 1925 est
829 1894 872 1933 et)
899 1903 1006 1934 neque
1038 1894 1178 1924 increata
1203 1899 1259 1928 est,
1285 1901 1392 1932 neque

311 1950 372 1981 alia
394 1949 550 1981 relatione
567 1953 682 1978 creata.
704 1946 791 1978 Cum
816 1947 901 1976 enim
921 1970 927 1976 .
945 1969 951 1975 .
966 1968 974 1975 .
992 1945 1191 1985 producitur.
1218 1944 1274 1974 Est
1298 1944 1394 1982 igitur

309 2009 404 2032 ereata
426 2001 459 2032 in
485 2009 553 2031 esse
578 2010 595 2030 a
624 2000 695 2029 Deo
721 1998 888 2039 producta,
914 2007 980 2028 non
1005 2003 1112 2027 tamen
1145 1996 1205 2026 alia
1230 1998 1392 2026 creatione

313 2059 418 2085 creata
439 2061 537 2093 quam
558 2052 627 2091 ipsa
648 2055 792 2080 creatura
817 2059 879 2077 nam
899 2049 1001 2089 prima
1019 2057 1102 2087 quae
1128 2057 1184 2087 per
1201 2056 1271 2076 eam
1289 2051 1392 2076 creata

312 2105 439 2140 dicitur,
465 2104 541 2144 quia
567 2101 745 2133 accidentia
769 2107 800 2131 et
826 2100 958 2136 formae,
983 2101 1065 2130 sicut
1084 2108 1140 2139 per
1156 2107 1189 2128 se
1215 2107 1281 2128 non
1306 2102 1391 2133 sunt,

311 2158 355 2188 ita
378 2166 439 2187 nec
466 2165 525 2196 per
548 2165 581 2185 se
606 2159 764 2188 creantur,
789 2162 865 2183 cum
891 2153 1010 2183 creatio
1039 2152 1078 2180 sit
1097 2154 1200 2179 effectio
1218 2149 1391 2190 productio

313 2210 406 2245 entis,
423 2207 479 2238 sed
504 2208 587 2238 sicut
611 2207 643 2236 in
665 2209 720 2234 ¹aliis
740 2206 804 2236 alio
828 2210 913 2240 sunt,
939 2205 981 2234 ita
1005 2204 1073 2233 aliis
1098 2202 1210 2233 creatis
1232 2207 1390 2232 creantur.

310 2261 329 2300 §
347 2260 525 2291 Praeterea.
543 2257 670 2288 Relatio
693 2266 760 2287 non
777 2255 912 2286 refertur
936 2264 993 2294 per
1017 2255 1110 2284 aliam
1136 2253 1325 2284 relationem
1345 2256 1393 2281 sed

309 2323 361 2350 per
382 2315 496 2348 seipsam
521 2310 598 2351 quia
622 2309 667 2339 sic
700 2310 784 2338 esset
806 2307 892 2337 abire
916 2307 948 2336 in
979 2305 1152 2340 infinitum,
1178 2304 1233 2335 sed
1258 2314 1315 2344 per
1343 2315 1391 2335 se-

311 2365 415 2405 ipsam
440 2361 586 2399 refertur,
605 2360 682 2400 quia
699 2357 908 2389 essentialiter
928 2357 1040 2386 relatio
1058 2362 1115 2386 est.
1132 2356 1207 2386 Non
1233 2356 1368 2395 igitur..
1382 2379 1389 2385 .

312 2415 517 2457 procedatur.

388 2520 470 2560 Cap.
495 2518 578 2549 XIX.
605 2517 702 2554 Quor·
728 2525 759 2545 rs*
784 2523 958 2544 CREATIONE
984 2522 1047 2543 NON
1072 2523 1117 2543 sn·
1142 2522 1314 2543 succ-assio.

357 2612 458 2652 Quod
475 2611 536 2651 (in)
554 2610 717 2640 creatione
734 2617 801 2638 non
819 2608 858 2638 sit
875 2607 1048 2637 successio.
1066 2624 1087 2627 -
1102 2606 1120 2646 ξ
1137 2606 1282 2646 Apparet
1301 2612 1391 2634 autem

312 2666 410 2696 etiam
438 2673 476 2694 ex
501 2661 672 2703 praedictis
696 2659 787 2700 quod
811 2659 918 2689 omnis
942 2659 1061 2688 creatio
1086 2661 1174 2686 subita
1197 2663 1237 2686 est
1268 2658 1390 2697 absque

312 2716 519 2748 successione
536 2719 592 2745 est.
614 2713 698 2743 Nam
719 2712 882 2742 successio
900 2710 1031 2750 propria
1048 2716 1095 2740 est
1118 2710 1234 2740 motui.
1259 2709 1390 2740 Creatio

312 2774 422 2800 autem
439 2776 506 2797 non
521 2771 568 2796 est
584 2770 694 2794 motus
707 2773 767 2793 nec
779 2763 936 2793 terminus
953 2762 970 2778 ³*
986 2767 1096 2791 motus
1114 2761 1210 2801 (sicut
1226 2761 1387 2795 mutatio.)
1407 2778 1414 2783 -

312 2820 412 2860 Igitur
434 2817 523 2848 nulla
547 2821 595 2846 est
618 2816 652 2845 in
675 2815 744 2854 ipsa
769 2813 943 2844 successio.
967 2813 984 2850 §
1006 2812 1096 2842 Item.
1123 2811 1157 2841 In
1182 2812 1272 2841 omni
1297 2817 1390 2841 motu

311 2870 497 2902 successivo
516 2893 522 2898 .
539 2892 546 2898 .
562 2891 568 2898 .
587 2867 761 2898 successio.
794 2869 907 2902 Oportet
939 2868 1017 2900 igitur
1044 2867 1202 2892 creationem
1231 2867 1256 2891 in
1285 2867 1390 2891 instanti

312 2933 373 2952 esse
387 2926 454 2951 sicut
469 2924 598 2949 actionem
613 2921 765 2955 perfectam.
777 2919 795 2956 §
810 2917 936 2947 Adhuc.
955 2916 990 2946 ln
1003 2916 1094 2945 omni
1108 2924 1181 2944 motu
1193 2919 1234 2943 vel
1249 2914 1389 2945 factione

311 2975 345 3005 in
365 2977 462 3011 quibus
485 2971 576 3012 (qua)
597 2975 644 3000 est
660 2969 835 3004 successio,
853 2967 922 2998 fieri
939 2974 986 2998 est
1010 2973 1083 2997 ante
1109 2966 1230 2996 factum
1255 2975 1334 2999 esse,
1355 2971 1390 2996 ut

311 3026 468 3066 probatur
491 3025 524 3054 in
548 3032 581 3052 vt
605 3022 686 3062 phis.
719 3020 794 3050 Hoc
825 3025 935 3049 autem
1015 3018 1070 3049 sed
1096 3018 1187 3048 moti.
1213 3018 1390 3057 Relinque-

311 3083 399 3107 retur
421 3076 519 3115 igitur
543 3072 634 3114 quod
657 3076 803 3101 subiectum
823 3070 891 3101 fieri
916 3071 1047 3100 haberet
1074 3079 1134 3109 pro
1163 3070 1309 3099 subiecto
1334 3069 1390 3098 ali-

312 3138 411 3169 quam
444 3126 612 3157 materiam
641 3123 716 3154 facti
740 3127 812 3159 quod
830 3130 871 3152 est
887 3129 984 3152 contra
1004 3126 1149 3151 creationis
1174 3121 1390 3161 praeexisten-

311 3186 388 3215 tem,
406 3176 498 3218 quod
523 3181 569 3207 est
594 3181 706 3206 contra
724 3175 895 3205 creationis
920 3175 1090 3204 rationem.
1117 3171 1319 3212 Impossibile
1343 3176 1390 3200 est

311 3232 408 3272 igitur
431 3231 462 3260 in
486 3229 649 3259 creatione
666 3227 907 3257 successionem
924 3236 1001 3256 esse.
1027 3227 1045 3264 §
1062 3224 1222 3265 Amplius.
1247 3223 1389 3253 Omnem

312 3283 487 3314 factionem
504 3280 718 3311 successivam
736 3279 768 3308 in
786 3285 934 3318 tempore
948 3282 1078 3317 oportet
1095 3286 1178 3307 esse:
1197 3277 1285 3315 prius
1302 3275 1388 3305 enim

311 3340 343 3365 et
367 3333 528 3374 posterius
553 3332 585 3361 in
613 3335 707 3360 motu
727 3341 779 3358 non
806 3334 1018 3360 numerantur
1046 3334 1204 3367 tempore.
1237 3330 1388 3355 Secundum

311 3392 402 3415 autem
421 3388 580 3414 divisionem
601 3385 729 3418 temporis
752 3380 856 3412 Simul
881 3385 989 3410 autem
1005 3403 1011 3409 .
1027 3403 1034 3408 .
1050 3403 1056 3409 .
1071 3379 1103 3408 in
1129 3379 1246 3408 minori
1271 3379 1387 3408 minus.

312 3434 501 3467 Secundum
515 3435 579 3465 hoc
591 3434 688 3473 igitur
700 3437 807 3472 potest
820 3441 888 3461 esse
899 3434 1064 3460 successione
1075 3430 1237 3460 successio
1251 3430 1282 3459 in
1296 3435 1388 3459 motu

312 3487 361 3518 vel
380 3495 595 3527 quacumque
616 3484 757 3514 factione
779 3482 869 3522 quod
886 3482 918 3512 id
942 3481 1122 3512 secundum
1141 3480 1230 3520 quod
1255 3487 1301 3510 est
1318 3489 1388 3510 mo-

312 3544 425 3575 tus,est
438 3537 596 3569 divisibile
609 3536 660 3566 vel
673 3534 854 3566 secundum
868 3534 1080 3574 quantitatem
1099 3537 1139 3561 vel
1154 3533 1237 3562 sicut
1250 3532 1282 3561 in
1296 3537 1388 3561 motu

311 3590 409 3622 locali
425 3595 457 3621 et
473 3590 505 3620 in
522 3594 711 3629 augmento,
728 3587 778 3617 vel
796 3586 976 3617 secundum
993 3585 1210 3615 intensionem
1230 3589 1262 3614 et
1278 3585 1388 3613 remis-

312 3644 450 3677 sionem,
475 3641 558 3671 sicut
574 3641 606 3670 in
635 3639 834 3670 alteratione.
859 3637 934 3668 Hoc
949 3642 1056 3666 autem
1072 3659 1079 3666 .
1095 3635 1177 3665 ..ad
1202 3635 1299 3665 talem
1325 3634 1388 3665 for-

312 3703 411 3724 mam.
425 3693 516 3724 Sicut
532 3691 603 3722 fieri
618 3691 701 3731 ignis
718 3690 938 3720 successivum
953 3693 1000 3718 est
1015 3692 1148 3727 propter
1165 3686 1387 3716 alterationem

311 3744 561 3785 praecedentem
594 3746 741 3772 secundum
773 3740 883 3783 (circa)
913 3739 1142 3779 dispositiones
1169 3737 1207 3768 ad
1239 3737 1386 3767 formam.

312 3796 424 3836 Ipsum
440 3800 551 3825 autem
566 3817 573 3824 .
589 3818 595 3825 .
611 3817 618 3823 .
633 3793 741 3832 aliqua
757 3792 930 3822 successio.
948 3791 965 3829 ξ
978 3790 1152 3819 Praeterea.
1171 3788 1341 3819 Successio
1355 3787 1386 3816 in

311 3855 421 3876 rerum
445 3845 641 3875 factionibus
658 3854 696 3874 ex
713 3842 842 3873 defectu
867 3842 1017 3872 materiae
1042 3839 1200 3880 provenit,
1219 3847 1301 3877 quae
1318 3847 1384 3867 non

312 3897 545 3928 convenienter
555 3901 602 3926 est
615 3905 633 3925 a
645 3895 807 3935 principio
816 3893 856 3923 ad
869 3892 1090 3932 receptionem
1103 3890 1225 3920 formae
1235 3889 1387 3929 disposita

312 3952 415 3986 primus
429 3951 498 3976 enim
512 3955 586 3976 actus
601 3955 643 3975 est
660 3949 761 3983 primae
780 3948 910 3982 potentiae
929 3943 1016 3975 unde
1037 3945 1145 3979 quando
1159 3942 1175 3957 ⁴*
1199 3939 1331 3980 quando
1345 3963 1352 3969 .
1363 3961 1386 3969 ..

311 3999 349 4030 fit
364 4008 524 4040 praesens.
550 3998 586 4028 In
602 3997 765 4028 creatione
782 4002 889 4026 autern
910 3995 988 4025 nihil
1013 3993 1226 4034 praeexigitur
1241 4000 1278 4020 ex
1299 3995 1386 4030 parte

1414 471 1421 488 ἰ

1408 727 1433 741 1⁰

1409 981 1429 999 ¹5

1407 1237 1434 1251 20

1407 1494 1431 1514 ²5

1410 2009 1430 2028 35

1406 2267 1432 2287 4ο

1406 2521 1429 2539 45

1405 3035 1427 3055 55

1403 3283 1430 3302 6⁰

1402 3540 1426 3565 63

1402 3804 1428 3824 70

2445 177 2518 225 43*

1450 253 1564 280 instanti
1581 251 1672 291 quod
1696 258 1808 293 postea
1833 262 1890 293 per
1912 259 2037 285 motum
2060 254 2218 292 adveniat,'
2235 266 2310 287 cum
2334 257 2373 287 sit
2396 257 2516 287 immo-

1449 301 1529 338 bilis,
1554 308 1590 333 ut
1614 303 1646 333 in
1672 304 1777 343 primo
1807 305 1903 334 huius
1932 307 2038 345 operis
2069 312 2235 337 ostensum
2260 313 2316 337 est.
2350 307 2516 347 Relinqui-

1447 359 1499 383 tur
1523 354 1619 394 igitur
1642 354 1732 394 quod
1757 357 1875 386 creatio
1899 357 1939 386 sit
1963 357 1994 386 in
2019 357 2158 387 instanti.
2184 357 2298 388 Unde.
2314 358 2515 389 ..illumina-

1447 409 1516 434 tum
1541 411 1598 434 est.
1623 406 1641 443 ξ
1658 405 1698 435 Et
1722 405 1797 436 inde
1821 412 1867 436 est
1885 430 1891 436 .
1907 431 1912 437 .
1929 431 1935 436 .
1955 408 2117 447 probatur.

1541 550 1620 591 Cap.
1648 552 1715 583 XX.
1741 553 1838 590 Quor)
1864 564 1986 584 Nurum
2013 565 2128 584 ‹zonpcs
2153 565 2266 585 poras'r
2292 565 2420 585 casaur..

1492 660 1591 697 Quod
1625 661 1750 691 nullum
1780 672 1897 702 corpus
1929 669 2032 703 potest
2063 673 2179 694 creare.
2204 683 2222 685 —
2248 667 2265 703 §
2291 665 2335 694 Ex
2368 666 2430 694 hoc
2459 675 2515 694 au-

1447 717 1513 742 tem
1532 712 1716 743 ...faciens
1741 720 1772 744 et
1797 713 1927 744 factum.
1954 715 2054 745 Simul
2078 722 2185 746 autem
2211 723 2284 746 sunt
2309 727 2391 756 quae
2412 718 2442 746 in
2461 726 2516 746 eo-

1447 762 1521 793 dem
1539 764 1612 794 loco
1629 770 1714 800 sunt,
1732 770 1767 794 ut
1780 765 1914 795 habetur
1930 767 1961 796 in
1977 777 1994 795 v
2008 774 2094 802 metap
2118 768 2200 807 phis.
2215 767 2341 797 Locum
2355 774 2461 798 autem

1448 823 1505 854 per
1528 815 1664 845 modum
1689 817 1860 846 creationis
1885 817 2029 856 produci.
2055 819 2073 856 §
2090 818 2265 848 Praeterea.
2289 818 2396 848 Omne
2421 828 2516 859 agens

1448 865 1537 905 quod
1562 866 1624 905 agit
1641 867 1834 906 inquantum
1855 874 2014 903 movetur,
2039 869 2077 899 de
2094 870 2281 899 necessitate
2306 876 2414 908 movet
2438 869 2517 900 illud

1447 917 1478 947 in
1497 917 1587 957 quod
1609 919 1682 958 agit,
1702 923 1846 948 secundum
1866 904 2143 956 cnh'dispositiones
2162 925 2267 958 agentis
2289 925 2410 957 sequitur
2429 925 2517 957 dispo-

1447 971 1508 996 sitio
1528 971 1554 996 in
1568 972 1589 1006 f
1609 968 1730 1000 factum
1755 971 1841 1000 enim
1866 977 1896 1000 et
1922 981 2050 1011 passum
2077 970 2315 1012 (con)sequitur
2335 966 2517 1011 dispositio-

1447 1029 1523 1049 nem
1548 1019 1694 1050 facientis
1718 1028 1749 1051 et
1772 1022 1904 1061 agentiS‚
1930 1031 1969 1052 eo
2001 1022 2091 1062 quod
2119 1032 2216 1053 omne
2242 1032 2338 1062 agens
2367 1023 2429 1062 agit
2458 1023 2518 1052 sibi

1447 1070 1560 1101 simile.
1583 1071 1676 1102 Unde
1694 1073 1718 1102 si
1735 1082 1832 1112 agens
1849 1083 1915 1103 non
1936 1075 1968 1104 in
1986 1074 2098 1104 eadem
2117 1074 2328 1114 dispositione
2349 1083 2381 1103 se
2398 1074 2517 1104 habens

1448 1132 1508 1150 mov
1527 1123 1590 1161 agit
1603 1123 1796 1162 inquantum
1810 1134 1867 1164 per
1878 1131 2003 1155 motum
2018 1125 2164 1161 variatur,
2178 1131 2307 1164 oportet
2320 1124 2409 1164 quod
2423 1125 2517 1154 etiam

1447 1174 1478 1202 in
1505 1174 1645 1212 patiente
1663 1181 1693 1204 et
1718 1173 1802 1204 facto
1819 1175 1978 1214 quaedam
1996 1177 2162 1206 renovatio
2180 1176 2429 1216 dispositionum
2454 1175 2517 1211 fiat,

1448 1224 1538 1264 quod
1569 1225 1637 1255 sine
1671 1232 1763 1256 motu
1796 1236 1864 1256 esse
1888 1224 1955 1257 non
1980 1233 2095 1267 potest.
2123 1228 2229 1258 Omne
2247 1234 2355 1258 autem
2374 1253 2380 1258 .
2396 1253 2402 1259 .
2418 1251 2424 1257 .
2443 1237 2518 1258 cau·

1447 1285 1516 1306 sare
1539 1276 1690 1307 creando.
1715 1279 1733 1316 §
1751 1277 1839 1308 Item.
1866 1277 1952 1308 Cum
1977 1288 2073 1318 agens
2097 1285 2128 1309 et
2152 1278 2292 1310 factum.
2309 1280 2383 1309 ..in
2410 1285 2517 1309 actum

1448 1330 1466 1354 d
1486 1326 1644 1357 educitur.
1662 1328 1795 1359 Nullum
1814 1335 1922 1359 autem
1939 1339 2057 1369 corpus
2075 1335 2140 1359 tota
2164 1340 2220 1360 sua
2245 1331 2419 1360 substantia
2444 1331 2517 1371 agit,

1448 1383 1479 1407 et
1494 1378 1518 1407 si
1537 1384 1642 1408 toturn
1660 1385 1740 1419 agat,
1758 1380 1844 1419 quia,
1869 1390 1944 1410 cum
1962 1390 2060 1411 omne
2085 1390 2181 1420 agens
2206 1387 2276 1421 agat
2301 1391 2356 1421 per
2381 1381 2517 1411 formam

1448 1438 1511 1468 qua
1536 1434 1609 1459 actu
1635 1435 1691 1465 est,
1721 1430 1799 1460 illud
1826 1431 1960 1471 (solum)
1991 1442 2047 1471 per
2074 1437 2176 1462 totam
2200 1442 2291 1462 suam
2309 1433 2518 1463 substantiam

1447 1490 1540 1520 agere
1561 1493 1612 1510 non
1631 1483 1750 1522 poterit
1766 1483 1858 1512 cuius
1878 1495 1929 1511 non
1950 1489 1996 1513 est
2013 1489 2079 1514 tota
2096 1484 2271 1514 substantia
2288 1483 2401 1514 forma.
2419 1484 2519 1522 Quod

1447 1531 1487 1561 de
1511 1532 1603 1562 nullo
1621 1541 1757 1572 corpore
1781 1539 1888 1572 potest
1905 1533 1967 1564 dici
1984 1533 2073 1574 (cum
2098 1544 2197 1564 omne
2214 1544 2332 1574 corpus
2351 1539 2387 1563 sir
2404 1535 2519 1565 habeat

1448 1584 1624 1618 materiam,
1642 1587 1722 1611 aliter
1738 1593 1778 1614 eo
1803 1584 1892 1624 quod
1917 1594 2015 1615 omne
2040 1595 2158 1625 corpus
2175 1591 2221 1615 est
2238 1585 2414 1626 mutabile).
2433 1585 2518 1625 Ergo

1448 1633 1574 1663 nullum
1589 1634 1735 1674 (corpus)
1750 1640 1855 1674 potest
1869 1658 1875 1664 .
1887 1659 1892 1664 .
1905 1658 1911 1664 .
1923 1636 2102 1665 creationis.
2116 1635 2134 1675 ξ
2148 1636 2306 1675 Amplius.
2321 1635 2437 1666 Creare
2451 1646 2518 1666 non

1449 1690 1495 1714 est
1512 1685 1570 1714 nisi
1589 1686 1752 1723 potentiae
1769 1685 1922 1716 infinitae.
1941 1690 1966 1714 Si
1986 1690 2055 1714 enirn
2075 1686 2182 1716 Tanto
2200 1685 2311 1726 (enim)
2328 1693 2374 1716 est
2390 1688 2519 1716 maioris

1449 1737 1613 1774 potentiae
1630 1737 1645 1752 ὅ*
1663 1746 1759 1776 agens
1776 1737 1919 1776 aliquod,
1937 1743 2059 1776 quanto
2078 1739 2255 1777 potentiam
2274 1739 2374 1778 magis
2391 1739 2429 1768 ab
2446 1745 2519 1768 actu

1448 1786 1620 1818 distantem
1645 1789 1676 1818 in
1703 1794 1811 1818 actum
1843 1789 1996 1819 reducere
2026 1794 2142 1828 potest,
2167 1795 2202 1820 ut
2230 1789 2319 1829 quod
2347 1795 2454 1829 potest
2482 1799 2519 1819 ex

1449 1849 1532 1879 aqua
1550 1840 1659 1879 ignem
1677 1839 1781 1870 facere
1799 1850 1896 1880 quam
1914 1841 2003 1881 quod
2021 1851 2058 1871 ex
2079 1851 2160 1877 aere,
2180 1840 2293 1880 (unde)
2311 1842 2365 1871 ubi
2383 1842 2518 1870 omnino

1449 1891 1594 1931 potentia
1625 1892 1840 1931 praeexistens
1864 1893 2068 1928 subtrahitur,
2097 1892 2260 1923 exceditur
2283 1893 2389 1922 omnis
2418 1892 2520 1922 deter-

1448 1943 1588 1973 minatae
1621 1943 1789 1974 distantiae
1820 1945 1999 1984 proportio,
2025 1954 2053 1973 ut
2071 1943 2131 1986 (et)
2163 1946 2207 1975 sic
2238 1954 2368 1975 necesse
2392 1948 2425 1972 sit
2443 1942 2517 1985 (est)

1448 1994 1627 2033 potentiam
1641 1994 1764 2034 agentis
1777 2003 1860 2034 quae
1873 1994 1994 2034 aliquid
2012 1996 2147 2026 instituit
2163 1995 2251 2025 nulla
2267 1995 2410 2035 potentia
2429 2004 2519 2034 prae-

1448 2045 1602 2075 existente
1627 2045 1781 2076 excedere
1798 2055 1930 2076 omnem
1953 2047 2198 2086 proportionem
2217 2057 2299 2087 quae
2317 2052 2424 2086 posset
2441 2056 2519 2076 con-

1450 2095 1580 2126 siderari
1606 2096 1644 2127 ad
1671 2098 1849 2137 potentiam
1867 2098 1988 2137 agentis
2005 2098 2127 2138 aliquid
2144 2108 2181 2128 ex
2205 2099 2337 2128 materia
2363 2097 2516 2128 facientis.

1447 2147 1543 2177 Nulla
1557 2153 1666 2177 autem
1681 2171 1688 2177 .
1705 2171 1712 2178 .
1729 2171 1735 2177 .
1750 2158 1787 2178 ex
1800 2148 1903 2178 nihilo
1917 2148 2037 2188 aliquid
2051 2148 2165 2179 facere.
2183 2148 2338 2189 §Adhuc
2360 2153 2425 2176 Cum
2446 2148 2518 2178 Mo-

1448 2208 1525 2228 vens
1550 2204 1581 2228 et
1605 2205 1742 2235 motum,
1762 2198 1881 2230 faciens
1905 2206 1935 2229 et
1957 2199 2087 2235 factum,
2104 2209 2223 2236 oporteat
2242 2197 2398 2240 (oportet)
2423 2199 2518 2230 simul

1448 2259 1527 2285 esse,
1554 2256 1588 2280 ut
1613 2251 1768 2290 probatur
1790 2252 1822 2280 in
1843 2261 1885 2280 vn
1909 2251 2002 2291 phis.,
2023 2262 2035 2279 s
2054 2262 2101 2279 nec
2117 2260 2236 2290 corpus
2262 2249 2397 2291 (autem)
2422 2260 2518 2290 agens

1449 2300 1529 2341 (non
1556 2300 1675 2341 potest)
1707 2301 1818 2332 adesse
1838 2306 1922 2337 possit
1940 2312 2000 2332 suo
2021 2306 2088 2331 facto
2097 2301 2260 2342 Qeffectui)
2284 2302 2344 2332 nisi
2361 2311 2419 2341 per
2439 2311 2518 2331 con-

1446 2358 1578 2389 tactum,
1596 2363 1664 2393 quo
1681 2354 1880 2393 tangentium
1906 2354 2018 2384 ultima
2035 2353 2117 2384 fiunt
2141 2354 2235 2383 simul
2253 2352 2374 2391 (Unde)
2397 2353 2518 2392 impos-

1434 2403 1538 2433 ·sibile
1555 2409 1602 2433 est
1619 2403 1752 2443 aliquod
1769 2413 1887 2444 corpus
1904 2414 1996 2444 agere
2013 2405 2073 2434 nisi
2089 2403 2252 2443 tangendo
2274 2415 2326 2431 non
2341 2406 2410 2431 enim
2423 2413 2518 2438 corpus

1447 2464 1534 2492 potest
1562 2459 1708 2492 producere
1734 2460 1784 2484 nisi
1811 2467 1915 2493 corpus,
1936 2467 2001 2497 ,cum
2025 2459 2088 2484 nihil
2115 2460 2182 2484 ultra
2206 2466 2280 2484 suam
2309 2458 2422 2491 speciem
2452 2461 2518 2490 agat.

1446 2506 1567 2536 Tactus
1587 2512 1694 2537 autem
1720 2506 1855 2537 alicuius
1879 2506 1918 2536 ad
1942 2507 2077 2537 alterum
2102 2512 2158 2536 est.
2192 2510 2243 2535 Ubi
2267 2510 2296 2543 ig
2319 2505 2360 2535 Et
2383 2506 2438 2540 sic,
2463 2505 2518 2534 ubi

1446 2567 1514 2588 non
1531 2564 1578 2588 est
1596 2558 1718 2598 aliquid
1736 2558 1978 2597 (praeexistens)
2001 2564 2125 2597 praeter
2145 2566 2251 2597 agens,
2270 2557 2351 2586 sicut
2374 2557 2405 2586 in
2431 2565 2517 2586 crea-

1445 2611 1534 2640 tione
1551 2609 1676 2648 accidit,
1692 2615 1795 2640 tactus
1812 2619 1880 2640 esse
1904 2619 1971 2639 non
1988 2614 2104 2649 potest.
2122 2608 2255 2638 Nullum
2281 2608 2376 2647 igitur
2400 2616 2517 2647 corpus

1446 2667 1552 2701 potest
1582 2671 1675 2701 agere
1700 2660 1850 2691 creando.
1875 2665 1891 2698 ᾗ
1912 2664 1984 2689 Item.
2004 2664 2070 2689 illud
2089 2664 2160 2696 quod
2179 2671 2226 2696 per
2244 2663 2401 2688 creationem
2421 2663 2517 2694 produ-

1446 2717 1512 2742 citur
1529 2721 1634 2750 oportet
1651 2724 1712 2741 esse
1731 2716 1818 2749 primo
1836 2716 2002 2748 productum,
2021 2723 2081 2740 cum
2101 2714 2196 2739 creatio
2216 2713 2278 2738 nihil
2292 2713 2317 2738 in
2337 2718 2424 2738 creato
2442 2720 2516 2745 prae-

1446 2773 1585 2801 supponat.
1606 2768 1633 2792 ln
1652 2775 1684 2792 eo
1698 2772 1784 2792 autem
1797 2767 1869 2799 quod
1887 2771 1956 2791 tactu
1976 2765 2012 2795 fit,
2025 2773 2077 2790 non
2090 2755 2176 2798 potest
2189 2765 2268 2798 accipi
2284 2765 2397 2798 primum
2411 2764 2516 2794 factum,

1447 2820 1507 2852 quia
1526 2823 1555 2845 to
1573 2827 1632 2844 cum
1646 2819 1699 2844 duo
1709 2826 1819 2851 corpora
1837 2826 1866 2843 se
1886 2819 2030 2843 secundum
2049 2823 2132 2842 totum
2146 2817 2241 2850 facere
2259 2821 2365 2848 tangere
2385 2823 2435 2840 non
2455 2823 2516 2848 pos-

1445 2871 1505 2900 sint,
1524 2871 1637 2903 tangitur
1655 2875 1738 2895 totum
1757 2869 1857 2894 ratione
1875 2870 1963 2902 partis,
1981 2876 2047 2901 quae
2065 2873 2136 2892 tanto
2157 2868 2244 2900 <prior
2263 2868 2348 2898 tactu>
2369 2867 2427 2899 (per
2444 2866 2515 2899 prius

1444 2921 1522 2955 tacta)
1542 2928 1583 2947 est
1604 2927 1704 2955 quanto
1728 2921 1907 2954 (propinque)
1927 2911 2119 2954 (propinquior)
2140 2924 2180 2944 est
2205 2919 2328 2951 tangenti.
2348 2919 2517 2951 Propinquis-

1445 2976 1511 3000 sima
1530 2979 1617 2999 autem
1642 2974 1719 3006 accipi
1745 2981 1796 2998 non
1820 2978 1913 3005 potest.
1933 2977 2040 3005 propter
2057 2972 2156 2996 nullam
2176 2971 2292 3003 corporis
2305 2975 2405 3003 partem
2425 2970 2515 2994 indivi-

1444 3026 1548 3051 sibilem
1567 3033 1636 3051 esse.
1655 3025 1688 3050 Et
1707 3025 1744 3050 sic
1763 3025 1834 3049 nulla
1852 3029 1938 3057 potest
1957 3031 2016 3048 esse
2036 3023 2121 3056 primo
2140 3027 2214 3053 tacta,
2239 3027 2266 3047 et
2284 3029 2331 3055 per
2349 3029 2514 3054 consequens

1445 3086 1494 3103 nec
1512 3078 1597 3110 primo
1616 3077 1690 3102 facta.
1710 3076 1779 3101 Nihil
1804 3076 1882 3109 igitur
1906 3076 1976 3108 quod
1999 3080 2068 3100 tactu
2093 3073 2120 3099 fit
2145 3079 2232 3107 potest
2255 3081 2314 3098 esse
2339 3078 2463 3098 creatum.
2489 3073 2515 3098 Si

1444 3129 1521 3162 igitur
1535 3135 1629 3160 corpus
1645 3135 1697 3152 non
1713 3132 1771 3158 agat
1783 3127 1831 3151 nisi
1846 3126 1984 3159 tangendo,
1999 3133 2051 3150 non
2066 3130 2152 3157 potest
2166 3132 2225 3149 esse
2244 3124 2315 3156 quod
2328 3131 2374 3156 per
2386 3123 2514 3148 actionem

1445 3180 1560 3214 corporis
1581 3179 1678 3211 aliquid
1697 3182 1807 3203 creetur.
1827 3173 1950 3214 §Patet
1977 3174 2074 3212 igitur
2099 3172 2214 3202 falsitas
2238 3172 2408 3211 positionis
2433 3181 2515 3211 quo-

1444 3226 1580 3257 rundam
1601 3237 1635 3262 qu
1662 3224 1839 3255 dicentium
1874 3224 2083 3253 substantiam
2119 3223 2303 3252 caelestium
2339 3231 2514 3261 corporum

1445 3286 1573 3308 causam
1590 3276 1740 3306 materiae
1758 3275 1993 3304 elementorum
2011 3283 2090 3311 esse,
2108 3283 2182 3303 cum
2200 3273 2329 3302 materia
2346 3284 2366 3307 p
2386 3281 2514 3302 causam

1444 3329 1561 3358 babere
1586 3336 1652 3356 non
1677 3326 1778 3365 possit
1795 3325 1854 3354 nisi
1880 3324 1910 3354 id
1931 3323 2020 3363 quod
2037 3323 2175 3353 creando
2193 3324 2265 3362 agit,
2283 3333 2322 3352 eo
2340 3322 2430 3362 quod
2446 3323 2515 3362 ipsa

1444 3385 1491 3410 est
1515 3380 1656 3419 primum
1685 3383 1794 3407 motus
1823 3382 1854 3406 et
1884 3376 2072 3405 mutationis
2101 3375 2292 3404 subiectum.
2318 3377 2419 3410 §Hinc
2437 3377 2515 3402 etiam

1444 3439 1532 3459 contra
1551 3433 1681 3466 quosdam
1702 3436 1817 3456 errantes
1837 3431 1928 3455 dicitur
1946 3438 2002 3462 sap.
2021 3437 2074 3460 inu,
2093 3430 2185 3462 Neque
2207 3429 2331 3462 operibus
2351 3429 2514 3453 attendentes

1443 3493 1511 3519 cogn
1532 3489 1695 3518 agnoverunt
1713 3483 1773 3516 quis
1793 3488 1863 3507 esset
1882 3489 1974 3506 eorum
1993 3480 2090 3511 artifex,
2110 3481 2156 3505 sed
2175 3485 2219 3504 aut
2237 3480 2323 3513 ignem
2339 3484 2382 3504 aut
2395 3479 2514 3512 spiritum

1444 3541 1488 3561 aut
1507 3536 1611 3560 citatum
1632 3541 1719 3559 aerem
1738 3538 1783 3558 aut
1801 3533 1885 3565 girum
1905 3533 2038 3556 stellarum
2059 3531 2122 3556 deos
2142 3536 2306 3563 putaverunt.

1600 3642 1680 3682 Cap.
1705 3641 1788 3671 XXI.
1815 3640 1910 3678 Qtron
1936 3650 2040 3670 sottus
2065 3639 2126 3669 Dat
2150 3649 2202 3668 t-:s'r
2228 3649 2355 3668 casana.

1487 3735 1587 3773 Quod
1619 3735 1719 3765 solius
1750 3734 1809 3764 Dei
1839 3740 1885 3763 est
1917 3742 2032 3763 creare.
2059 3751 2078 3753 —
2103 3734 2119 3770 §
2144 3732 2191 3762 Ex
2222 3732 2403 3772 praemissis
2428 3739 2512 3759 autem

1443 3785 1567 3827 (etiam)
1585 3785 1711 3816 ostendi
1728 3790 1834 3825 potest
1851 3784 2011 3823 (ulterius)
2030 3782 2119 3823 quod
2144 3783 2263 3813 creatio
2286 3782 2359 3820 (est)
2386 3782 2513 3821 propria

1443 3838 1502 3868 Dei
1527 3838 1622 3873 actio,
1647 3842 1678 3867 et
1702 3835 1792 3876 quod
1817 3835 1885 3865 eius
1909 3835 2008 3865 solius
2033 3839 2080 3865 est
2107 3843 2223 3864 creare.
2249 3834 2335 3864 Cum
2356 3834 2442 3862 enim
2461 3855 2467 3861 .
2483 3855 2511 3861 ..

1442 3889 1581 3929 propria.
1607 3887 1736 3918 Creatio
1761 3892 1868 3917 autem
1898 3892 1944 3916 est
1969 3887 2069 3926 prima
2094 3887 2188 3920 actio,
2215 3895 2254 3915 eo
2279 3883 2367 3924 quod
2391 3883 2513 3913 nullam

1442 3940 1535 3970 aliam
1560 3938 1805 3979 praesupponit,
1831 3946 1945 3968 omnes
1969 3942 2077 3967 autem
2101 3937 2180 3966 aliae
2200 3939 2225 3964 in
2239 3938 2359 3964 exterius
2372 3939 2514 3962 transeunt

1441 3995 1711 4031 praesupponunt
1735 3998 1816 4019 eam.
1835 3989 1891 4018 Est
1914 3988 2010 4028 igitur
2034 3988 2151 4017 creatio
2176 3986 2305 4025 propria
2330 3985 2389 4014 Dei
2413 3984 2512 4013 solius

311 4046 475 4086 materiae,
499 4059 560 4080 nec
591 4047 714 4088 aliquid
743 4047 832 4078 deest
862 4047 969 4086 agenti
994 4045 1033 4076 ad
1063 4043 1223 4084 agendum
1251 4046 1339 4079 Igitur
1359 4045 1385 4069 in
1400 4054 1424 4075 75
1440 4041 1535 4076 actio,
1565 4041 1621 4080 qui
1651 4045 1698 4069 est
1728 4049 1825 4078 agens
1854 4039 2005 4078 primum.
2031 4039 2048 4075 §
2070 4035 2157 4067 stem.
2184 4036 2229 4065 Ex
2255 4036 2317 4064 hoc
2346 4039 2511 4063 ostensum

2544 677 2565 698 ζμ
2581 678 2589 690 x
2609 670 2716 698 nto-pq

2547 1740 2654 1767 31vb1.

2540 3739 2585 3760 3tx
2605 3730 2716 3759 [νβ-μ]
