2768 4134
31 414 41 425 '
55 412 124 435 Liber
138 411 167 433 de
186 411 246 442 Cau-

29 439 144 495 aaa?
167 438 245 491 *5332

30 499 52 522 9.

0 1375 17 1532 v--qu—v„
0 1193 7 1360 -ψ---μὟ-ψ..τ
0 1130 2 1133 .
0 1111 2 1114 v

0 1934 8 1988 -z-
0 1825 7 1914 -v-a—-v-
0 1769 7 1803 -
10 1703 11 1706 „

12 2739 14 2742 ¹
39 2749 50 2761 ¹
64 2747 100 2771 Cf.
121 2747 255 2770 Commem.

40 2780 91 2804 up.
105 2780 151 2802 ΙΝΙ,
165 2780 188 2796 n.
199 2781 220 2795 v.

42 3061 54 3072 ·
65 3059 103 3083 Cf.
117 3065 180 3082 num.
197 3065 230 3082 ιι.

41 3235 186 3287 :fonnem-
192 3241 257 3258 num.

742 274 931 312 SUMMA
959 274 1181 313 CONTRA
1209 275 1484 321 GENTILES,
1512 276 1606 313 LIB.
1627 277 1670 322 ΙΙ,
1700 275 1810 313 CAP.
1830 276 1996 314 LXVIII.

273 350 443 390 lectualis
479 351 618 389 dicitur
654 364 737 389 esse
774 353 886 402 quasi
922 353 1083 403 quidam
1120 355 1272 402 horizon
1308 362 1344 391 et

273 406 478 453 confinium
507 416 789 454 corporeorum
817 413 853 442 et
886 405 1209 455 incorporeorum
1227 407 1258 453 ²⁸,
1287 407 1343 444 in-

273 465 466 507 quantum
481 464 537 494 est
551 457 762 495 substantia
776 457 1015 508 incorporea,
1026 459 1199 509 corporis
1212 467 1343 497 tamen

273 510 409 548 forma.
430 533 456 538 —
475 511 569 548 Non
593 518 725 548 autem
744 510 876 548 minus
899 520 955 548 est
978 511 1122 561 aliquid
1147 524 1273 549 unum
1297 525 1344 550 ex

273 563 485 601 substantia
513 563 756 601 intellectuali
779 572 815 600 et
834 564 994 602 materia
1012 565 1203 614 corporali
1222 577 1343 614 quam

273 629 320 653 ex
347 617 474 654 forma
501 616 598 663 ignis
617 624 654 653 et
682 616 765 653 eius
784 617 954 663 materia,
983 618 1051 655 sed
1078 618 1174 655 forte
1202 618 1342 667 magis:

279 669 373 718 quia
400 676 548 718 quanto
584 669 711 706 forma
747 669 868 718 magis
905 670 1023 707 vincit
1050 671 1263 717 materiam,
1297 683 1343 708 ex

273 734 319 759 ea
346 729 384 759 et
410 721 572 759 materia
599 722 764 759 efficitur
790 723 912 771 magis
940 735 1078 760 unum.

326 774 520 822 Quamvis
539 782 670 811 autem
699 774 746 812 sit
773 787 900 813 unum
919 787 1002 813 esse
1022 776 1168 813 formae
1197 783 1234 813 et
1261 788 1343 814 ma-

271 827 399 873 teriae,
429 839 510 864 non
538 836 669 865 tamen
689 836 842 877 oportet
869 829 978 877 quod
1001 828 1161 867 materia
1189 841 1344 878 semper
1358 847 1384 861 xo

255 880 464 929 ‘adaequet
491 893 575 918 esse
603 881 763 919 formae.
793 883 931 927 Immo,
960 889 1106 930 quanto
1135 881 1260 919 forma
1288 889 1344 918 est

272 932 450 979 nobilior,
470 941 577 971 tanto
596 933 636 970 in
655 946 728 970 suo
745 945 827 970 esse
842 934 1109 983 superexcedit
1127 933 1340 971 materiam.

273 986 393 1032 Quod
421 993 525 1036 patet
544 986 759 1035 inspicienti
778 986 1022 1036 operationes
1050 987 1276 1033 formarum,
1297 999 1343 1024 ex

272 1043 442 1088 'quarum
470 1039 779 1076 consideratione
798 1051 935 1076 earum
963 1046 1119 1076 naturas
1147 1040 1344 1087 cognosci-

272 1103 379 1128 mus:
415 1092 732 1141 unumquodque
765 1091 872 1129 enim
910 1099 1092 1141 operatur
1124 1093 1343 1130 secundum
1360 1108 1368 1122 1

272 1144 380 1193 quod
410 1152 476 1182 est.
506 1145 620 1182 Unde
655 1145 781 1182 forma
809 1144 920 1181 cuius
955 1144 1127 1194 operatio
1164 1157 1344 1194 superex-

273 1196 374 1234 cedit
405 1197 671 1234 conditionem
706 1197 900 1242 materiae,
933 1205 971 1234 et
1005 1197 1089 1247 ipsa
1126 1198 1343 1235 secundum

273 1249 497 1298 dignitatem
525 1250 586 1287 sui
613 1262 696 1287 esse
725 1250 991 1299 superexcedit
1023 1250 1236 1287 materiam.

326 1301 554 1354 Invenimus
581 1302 686 1340 enim
708 1302 855 1352 aliquas
884 1302 1039 1340 infimas
1066 1303 1222 1349 formas,
1245 1315 1345 1352 quae

273 1353 326 1392 in*
341 1357 490 1392 minam
519 1355 787 1405 operationem
808 1363 973 1404 possunt
996 1355 1068 1392 nisi
1088 1355 1138 1392 ad
1161 1368 1283 1404 quam
1305 1368 1346 1393 se
1362 1372 1387 1386 το

274 1408 487 1446 extendunt
515 1407 716 1457 qualitates
735 1419 837 1456 quae
857 1415 953 1444 sunt>
973 1407 1246 1456 dispositiones
1265 1421 1346 1445 ma-

273 1460 402 1506 teriae,
422 1468 465 1497 ut
483 1460 665 1506 calidum,
684 1460 876 1508 frigidum,
896 1460 1108 1497 humidum
1127 1468 1164 1498 et
1188 1460 1346 1506 siccum,

275 1524 420 1559 rarum,
435 1513 614 1558 densum,
634 1524 751 1561 grave
771 1520 808 1549 et
827 1513 923 1558 leve,
944 1520 981 1550 et
995 1511 1055 1549 his
1075 1512 1230 1550 similia:
1252 1512 1348 1550 sicut

273 1565 423 1602 formae
460 1567 756 1603 elementorum.
795 1565 907 1602 Unde
944 1565 1037 1602 istae
1075 1572 1164 1602 sunt
1199 1565 1348 1602 formae

275 1616 440 1656 omnino
460 1617 686 1663 materiales,
701 1625 739 1654 et
752 1617 917 1654 totaliter
930 1616 1137 1654 immersae
1152 1617 1346 1654 materiae.
1363 1635 1374 1649 2

329 1670 458 1719 Super
476 1671 547 1707 has
569 1669 821 1707 inveniuntur
848 1669 996 1707 formae
1025 1669 1237 1706 mixtorum
1265 1681 1348 1706 cor-

273 1733 430 1773 porum,
464 1722 680 1772 quaelicet
712 1734 794 1759 non
826 1734 867 1759 se
899 1722 1107 1759 extendant
1138 1722 1187 1759 ad
1221 1721 1348 1771 aliqua

275 1783 434 1825 operata
448 1787 549 1825 quae
569 1787 651 1812 non
669 1782 834 1825 possunt
854 1774 1041 1824 compleri
1060 1786 1131 1824 per
1149 1774 1349 1824 qualitates

273 1827 500 1879 praedictas,
529 1828 726 1866 interdum
753 1836 885 1865 tamen
909 1835 1120 1878 operantur
1147 1827 1230 1865 illos
1259 1828 1349 1865 effe-

274 1888 360 1919 ctus
379 1881 502 1919 altiori
521 1881 672 1927 virtute,
688 1893 810 1930 quam
829 1879 1041 1918 sortiuntur
1055 1893 1101 1917 ex
1120 1880 1350 1930 corporibus
1366 1899 1391 1918 ,ο

276 1933 521 1979 caelestibus,
558 1946 659 1983 quae
697 1933 949 1983 consequitur
985 1945 1124 1970 eorum
1161 1932 1348 1982 speciem:

276 1986 375 2024 sicut
402 1987 562 2024 adamas
590 1986 704 2024 trahit
731 1987 888 2023 ferrum.

331 2040 459 2090 Super
482 2041 553 2077 has
581 2039 722 2077 iterum
750 2038 1003 2076 inveniuntur
1025 2037 1176 2088 aliquae
1203 2038 1350 2075 formae

277 2104 446 2143 quarum
470 2092 715 2142 operationes
744 2092 1005 2129 extenduntur
1023 2091 1073 2128 ad
1101 2091 1229 2140 aliqua
1258 2103 1350 2140 ope-

2387 291 2459 326 441

1398 362 1559 400 etatum,
1575 354 1754 403 quamvis
1769 354 1968 404 qualitates
1986 355 2202 404 praedictae
2221 356 2399 405 organice
2416 358 2465 395 ad

1398 408 1539 444 harum
1568 407 1811 457 operationes
1830 407 2062 445 deserviant:
2084 408 2181 446 sicut
2200 417 2290 446 sunt
2312 409 2466 447 animae

1397 461 1628 509 plantarum,
1658 472 1758 509 quae
1791 460 1905 497 etiam
1935 460 2192 498 assimilantur
2223 474 2304 499 non
2337 463 2465 506 solum

1398 512 1603 549 virtutibus
1644 524 1856 562 corporum
1897 513 2118 551 caelestium
2160 514 2200 551 in
2241 515 2465 552 excedendo

1398 564 1598 614 qualitates
1618 564 1760 602 activas
1779 573 1815 602 et
1842 566 2025 615 passivaS,
2045 567 2113 604 sed
2131 566 2224 616 ipsis
2247 568 2466 606 motoribus

1398 629 1610 666 corporum
1639 617 1871 664 caelestium,
1899 618 2131 668 inquantum
2163 628 2252 657 sunt
2278 620 2467 671 principia

1398 678 1528 707 motus
1553 670 1669 707 rebus
1692 670 1923 716 viventibus,
1947 683 2047 721 quae
2071 681 2232 709 movent
2253 669 2409 722 seipsas.

1452 724 1580 772 Supra
1603 724 1673 760 has
1692 723 1836 761 formas
1861 723 2112 761 inveniuntur
2131 725 2224 762 aliae
2247 726 2393 763 formae
2417 727 2465 764 si-

1397 775 1508 812 miles
1528 775 1793 824 superioribus
1811 776 2031 814 substantiis
2055 789 2135 814 non
2157 779 2285 815 solum
2314 778 2353 816 in
2381 791 2465 817 mo-

1397 828 1540 874 vendo,
1569 828 1637 865 sed
1666 828 1781 866 etiam
1800 828 2013 878 aliqualiter
2040 829 2080 866 in
2109 831 2400 877 cognoscendo;
2429 840 2467 869 et

1398 881 1452 918 sic
1471 888 1560 918 sunt
1578 889 1754 930 potentes
1774 881 1813 918 in
1833 881 2077 931 operationes
2091 882 2140 918 ad
2155 894 2253 931 quas
2267 894 2340 919 nec
2359 895 2466 931 orga-

1398 933 1483 970 nice
1516 933 1715 982 qualitates
1734 934 1950 983 praedictae
1969 935 2201 981 deserviunt,
2226 943 2356 972 tamen
2375 948 2467 985 ope-

1399 986 1565 1023 rationes
1580 987 1807 1024 huiusmodi
1826 999 1908 1024 non
1923 989 2168 1037 complentur
2181 987 2254 1025 nisi
2272 988 2466 1026 mediante

1400 1051 1546 1087 organo
1575 1039 1784 1088 corpora1i3
1823 1040 1919 1077 sicut
1955 1047 2043 1077 sunt
2075 1040 2228 1078 animae
2262 1040 2468 1079 brutorum

1399 1091 1638 1129 animalium.
1670 1092 1817 1130 Sentire
1842 1092 1948 1129 enim
1971 1100 2008 1129 et
2032 1092 2232 1141 imaginari
2256 1105 2338 1130 non
2361 1106 2467 1131 com-

1399 1147 1525 1194 pletur
1543 1144 1802 1182 calefaciendo
1831 1153 1867 1181 et
1886 1145 2155 1193 infrigidando:
2176 1146 2261 1183 licet
2280 1147 2377 1183 haec
2395 1146 2469 1183 sint

1400 1197 1613 1234 necessaria
1641 1197 1690 1234 ad
1718 1197 1889 1234 debitam
1917 1198 2050 1246 organi
2079 1198 2383 1248 dispositionem.

1455 1251 1583 1299 Super
1597 1261 1734 1286 omnes
1750 1258 1880 1287 autem
1896 1251 1965 1287 has
1979 1251 2123 1288 formas
2138 1251 2331 1288 invenitur
2344 1251 2469 1289 forma

1401 1302 1535 1339 similis
1555 1302 1818 1351 superioribus
1838 1303 2057 1340 substantiis
2076 1303 2191 1341 etiam
2210 1312 2401 1353 quantum
2420 1305 2469 1341 ad

1401 1367 1523 1403 genus
1542 1355 1782 1403 cognitionis,
1811 1356 1918 1404 quod
1947 1364 2003 1392 est
2031 1356 2256 1404 intelligere:
2287 1365 2323 1393 et
2342 1357 2397 1394 sic
2414 1365 2470 1394 est

1402 1416 1541 1457 potens
1569 1408 1607 1444 in
1637 1408 1903 1456 operationem
1939 1420 2039 1457 quae
2073 1411 2290 1458 completur
2322 1409 2469 1458 absque

1403 1472 1549 1508 organo
1578 1461 1768 1509 corporali
1788 1461 1962 1497 omnino.
1983 1462 2032 1498 Et
2060 1462 2155 1498 haec
2182 1470 2237 1498 est
2256 1461 2386 1499 anima
2413 1461 2470 1498 in-

1402 1513 1605 1549 tellectiva:
1643 1525 1735 1550 nam
1773 1513 1978 1561 intelligere
2017 1525 2096 1550 non
2134 1513 2178 1550 fit
2204 1526 2274 1563 per
2310 1514 2468 1563 aliquod

1404 1577 1594 1613 organum
1632 1566 1843 1614 corporale.
1882 1566 1995 1602 Unde
2038 1574 2189 1614 oportet
2225 1567 2332 1615 quod
2377 1566 2470 1604 illud

1403 1617 1637 1666 principium
1657 1629 1738 1666 quo
1767 1618 1889 1654 homo
1918 1617 2096 1665 intelligit,
2121 1619 2229 1666 quod
2258 1627 2314 1655 est
2341 1619 2472 1656 anima

1404 1669 1643 1714 intellectiva,
1663 1677 1700 1706 et
1728 1669 1875 1706 excedit
1893 1669 2157 1707 conditionem
2180 1671 2362 1708 materiae
2389 1683 2472 1708 cor-

1404 1721 1557 1771 poralis,
1586 1733 1666 1758 non
1696 1721 1741 1759 sit
1768 1722 1932 1758 totaliter
1959 1723 2241 1771 comprehensa
2264 1735 2287 1760 a
2314 1723 2474 1760 materia

1405 1782 1471 1812 aut
1506 1774 1541 1811 ei
1576 1774 1770 1820 immersa,
1804 1774 1902 1811 sicut
1933 1774 2028 1811 aliae
2061 1775 2208 1812 formae
2246 1775 2471 1813 materiales.

1405 1827 1527 1874 Quod
1548 1826 1630 1864 eius
1650 1827 1822 1876 operatio
1843 1827 2104 1864 intellectualis
2123 1828 2299 1874 ostendit,
2327 1828 2368 1865 in
2396 1841 2474 1878 qua

1405 1892 1487 1916 non
1515 1879 1780 1917 communicat
1807 1879 1967 1917 materia
1995 1880 2216 1929 corporalis.
2242 1903 2268 1908 —
2289 1880 2393 1927 Quia
2419 1889 2473 1918 ta-

1405 1944 1498 1969 men
1526 1932 1657 1981 ipsum
1690 1932 1895 1980 intelligere
1924 1932 2076 1970 animae
2104 1934 2300 1970 humanae
2332 1933 2474 1982 indiget

1406 1984 1586 2034 potentiis
1615 1997 1715 2034 quae
1750 1997 1820 2034 per
1852 1986 2046 2034 quaedam
2082 1997 2225 2034 organa
2259 1986 2473 2034 corporalia

1406 2044 1627 2087 operantur,
1655 2037 1794 2075 scilicet
1813 2037 2085 2086 imaginatione
2104 2046 2140 2075 et
2164 2050 2291 2086 sensu,
2322 2050 2368 2075 ex
2396 2039 2472 2076 hoc

1405 2090 1491 2140 ipso
1520 2090 1734 2127 declaratur
1768 2091 1876 2140 quod
1909 2090 2129 2128 naturaliter
2161 2091 2292 2128 unitur
2319 2091 2472 2141 corpori

276 2153 358 2183 rata
385 2157 486 2195 quae
515 2145 707 2183 excedunt
734 2144 917 2182 virtutem
945 2143 1174 2194 qualitatum
1201 2143 1351 2193 praedi·
1368 2161 1389 2181 ις
1406 2143 1455 2180 ad
1484 2143 1759 2193 complendam
1788 2143 1957 2193 speciem
1985 2145 2211 2181 humanam.

331 2257 458 2291 7exea]
476 2262 549 2283 tanto
567 2257 696 2282 exeaP.
768 2292 774 2297 .
897 2292 903 2297 ¹

277 2293 378 2319 excedit
395 2293 454 2318 DG.
554 2292 588 2318 16
606 2292 796 2326 superexcedit]
816 2292 916 2317 excedit
933 2292 1002 2318 GPc.

779 2256 796 2282 8
815 2255 924 2282 efficitur
942 2256 1026 2289 magis
1046 2257 1090 2281 Ita
1108 2256 1234 2287 GNYzb;
1252 2257 1337 2289 magis
1355 2255 1464 2281 efficitur
1481 2257 1572 2282 ceteri.

1103 2298 1135 2325 17
1155 2297 1181 2317 et
1199 2292 1300 2325 ipsa...
1318 2290 1372 2325 459
1400 2291 1459 2323 a34
1478 2292 1505 2316 in
1522 2292 1541 2317 l.
1561 2292 1594 2316 de
1611 2292 1706 2317 Anima
1724 2293 1822 2317 lacuna
1841 2292 1867 2317 in
1888 2292 1909 2317 N
1929 2292 1961 2317 ob
1973 2292 2073 2326 solium
2092 2293 2216 2319 recisum.

1646 2263 1678 2281 ιε
1698 2257 1877 2289 superexcedit
1895 2257 1937 2281 Ita
1955 2256 2093 2288 NYZsGb;
2113 2264 2219 2290 semper
2237 2257 2335 2317 excedi³t
2352 2257 2472 2327 aWXPci

2332 2299 2350 2317 ο
2367 2293 2462 2318 virtute

277 2329 406 2362 corporali
423 2334 512 2354 tamen
530 2328 638 2354 addunt
655 2327 776 2358 «DEXQ
794 2328 830 2352 Pe
848 2328 942 2360 legunt
958 2327 1054 2353 virtute
1073 2327 1200 2360 corporali
1218 2335 1298 2360 quam
1317 2331 1406 2352 tamen
1424 2327 1568 2352 sortiuntur
1586 2330 1635 2352 etc.

332 2370 366 2389 η
385 2363 484 2397 tamen]
504 2371 565 2388 cum
583 2363 631 2394 Pc3
660 2369 728 2388 mox
750 2363 931 2396 compleantur
948 2362 978 2387 Ρ.

278 2399 425 2425 tDWXPc.
516 2397 550 2423 26
569 2398 747 2423 conditionem
761 2400 826 2430 post
844 2397 968 2423 materiae
987 2397 1072 2423 αΧΡσ.

1087 2362 1119 2387 15
1139 2362 1294 2395 completur}
1319 2363 1485 2395 complentur
1507 2361 1616 2387 DGch.

1163 2405 1196 2430 ²7
1216 2397 1449 2431 comprehensa...
1468 2396 1602 2431 immersa]
1622 2397 1887 2430 comprehensum...
1906 2397 2061 2423 immersum
2078 2398 2145 2423 WP.

1726 2369 1758 2394 17
1779 2361 1934 2395 necessaria]
1961 2362 2100 2388 necessarii
2119 2370 2145 2388 α.
2179 2359 2183 2362 ”
2254 2362 2286 2388 23
2306 2362 2411 2396 aliquod
2429 2370 2472 2388 om

1049 2510 1385 2544 Commentariis
1407 2511 1719 2543 Fen-ariensis

331 2617 456 2639 xcmsrs
486 2614 518 2639 et
549 2608 720 2639 eliminatis
743 2608 903 2639 erroribus
926 2608 1010 2639 circa
1032 2608 1233 2639 intellectum
1256 2613 1353 2648 atque

285 2619 328 2682 E
347 2653 488 2683 animam
514 2652 753 2689 intellectivam,
777 2653 896 2692 quibus
918 2652 1072 2683 volebant
1099 2652 1250 2683 nonnulli
1273 2651 1352 2683 effu-

281 2705 356 2737 gere
371 2696 583 2727 substantiam
598 2696 797 2736 spiritualem
813 2706 882 2727 esse
898 2697 1045 2736 corporis
1061 2696 1210 2732 formam,
1230 2695 1353 2726 accedit

280 2741 376 2771 tertio
392 2740 469 2771 loco
485 2739 622 2771 Sanctus
637 2740 784 2771 Thomas
800 2740 840 2771 ad
855 2741 994 2771 veritatis
1010 2740 1313 2771 determinationem
1325 2741 1352 2776 ⁴²,

282 2785 418 2825 vultque
444 2783 615 2815 ostendere
641 2784 853 2815 substantiam
879 2784 1083 2824 spiritualem
1109 2784 1259 2824 corporis
1272 2784 1353 2825 for-

282 2837 369 2860 mam
392 2837 461 2859 esse
476 2837 586 2869 posse.

338 2872 434 2904 Circa
455 2873 521 2903 hoc
536 2877 644 2903 autem
660 2871 727 2902 duo
742 2870 828 2902 facit.
849 2871 959 2902 Primo
982 2872 1069 2902 enim
1092 2871 1233 2902 ostendit
1256 2872 1352 2901 talem

282 2916 495 2949 substantiam
501 2925 601 2957 posse
616 2916 749 2956 corpori
761 2916 954 2957 utsormam
967 2916 1065 2946 uniri.
1080 2915 1232 2947 Secundo
1245 2920 1352 2946 osten-

283 2961 330 2993 dit
352 2962 467 3002 ipsam,
491 2961 567 2992 licet
589 2961 718 2991 uniatur
741 2961 881 3000 corpori,
899 2970 964 2991 non
986 2965 1092 2991 tamen
1109 2970 1129 2991 a
1146 2959 1284 2990 materia
1303 2965 1352 2990 to-

284 3006 394 3037 taliter
416 3005 680 3046 comprehensam
703 3014 781 3041 esse,
805 3009 864 3035 aut
879 3004 910 3034 ei
923 3004 1008 3034 sicut
1030 3005 1117 3035 aliae
1123 3005 1262 3045 formae
1284 3013 1352 3034 ma-

284 3050 415 3081 teriales
438 3050 632 3085 immersam,
658 3049 741 3079 circa
763 3047 909 3079 medium
932 3048 1029 3078 huius
1053 3049 1165 3088 capitis
1177 3049 1204 3078 *.

340 3095 363 3125 1.
379 3095 525 3125 Primum
541 3094 656 3134 probat
670 3093 771 3123 tribus
787 3093 974 3123 rationibus.
998 3092 1062 3123 Sed
1085 3097 1260 3132 antequam
1276 3101 1352 3131 pro-

284 3139 377 3169 betur
400 3138 578 3174 conclusio,
602 3136 834 3168 advertendum
859 3135 949 3176 quod
971 3137 1015 3167 ita
1036 3136 1283 3176 intelligendum
1306 3141 1353 3166 est
1371 3155 1373 3157 -

283 3183 494 3214 substantiam
521 3182 719 3222 spiritualem
746 3190 842 3221 posse
869 3181 954 3211 uniri
977 3181 1107 3220 corpori
1134 3185 1171 3211 ut
1202 3179 1351 3216 formam,

284 3236 352 3268 quo
376 3226 477 3258 modo
493 3227 640 3267 superius
657 3231 704 3256 est
719 3231 896 3261 ostensum,
913 3233 983 3264 cap.
995 3234 1056 3254 va
1067 3225 1094 3261 '‚
1107 3225 1246 3255 viventia
1262 3233 1352 3254 com-

283 3272 365 3312 poni
388 3281 427 3302 ex
451 3271 557 3301 anima
581 3276 612 3301 et
635 3278 773 3310 corpore
791 3267 972 3299 secundum
992 3277 1071 3299 rem.
1095 3268 1172 3298 Non
1195 3269 1283 3299 enim
1306 3268 1352 3298 sic

283 3316 442 3356 accipitur
465 3316 558 3356 quasi
573 3314 658 3345 dicta
672 3313 847 3345 substantia
868 3312 1042 3343 informare
1065 3312 1167 3351 possit
1189 3313 1353 3352 composi—

282 3365 356 3390 tum
382 3369 420 3390 ex
443 3360 576 3390 materia
608 3364 639 3390 et
662 3358 767 3389 forma
789 3366 947 3397 corporea
970 3356 1118 3387 distincta
1140 3366 1158 3386 a
1175 3356 1352 3386 substantia

282 3404 450 3444 spirituali,
467 3409 499 3435 et
515 3413 591 3434 cum
606 3404 676 3444 ipsa
691 3403 725 3432 in
745 3401 862 3432 eodem
878 3401 1061 3441 composito
1078 3400 1174 3431 simul
1189 3405 1350 3431 manente.

283 3448 358 3478 Hoc
389 3448 477 3478 enirn
507 3453 555 3478 est
580 3446 790 3487 impossibile,
821 3444 1000 3476 secundum
1031 3444 1211 3475 doctrinam
1243 3444 1352 3475 Sancti

283 3491 443 3528 TImmae,
476 3493 614 3522 tenentis
644 3492 678 3522 in
709 3500 777 3521 uno
808 3489 992 3530 composito
1025 3488 1222 3518 substantiali
1251 3497 1351 3519 unam

283 3535 449 3567 dumtaxat
475 3535 615 3566 formam
641 3534 882 3566 substantialem
906 3542 974 3564 esse
1000 3541 1106 3573 posse.
1131 3531 1194 3563 Sed
1216 3532 1351 3562 nomine

283 3580 434 3620 corporis
450 3580 639 3619 intelligitur
660 3584 715 3610 aut
729 3578 861 3609 materia
876 3578 935 3608 sub
952 3577 1138 3617 quantitate,
1155 3585 1239 3616 quae
1261 3576 1351 3606 intel-

283 3623 392 3665 ligitur
414 3623 606 3665 praecedere
629 3623 768 3654 formam
791 3623 824 3653 in
846 3622 978 3652 materia
1000 3620 1180 3651 secundum
1203 3619 1350 3651 ordinem

428 3685 523 3711 Sinum
542 3685 651 3710 Coum
672 3684 806 3709 Gnunuzs
825 3683 855 3709 D.
874 3683 989 3708 Taomn
1008 3681 1077 3706 Tou.
1096 3681 1114 3706 1.

1408 2617 1523 2638 causae
1552 2608 1739 2643 materialis,
1770 2607 1844 2637 licet
1875 2607 2054 2637 secundum
2085 2606 2231 2637 ordinem
2262 2616 2377 2637 causae
2406 2606 2472 2637 for-

1406 2652 1498 2682 malis
1514 2652 1555 2681 sit
1569 2661 1587 2681 e
1603 2652 1782 2687 cona-arim
1799 2657 1854 2682 aut
1869 2660 1988 2691 corpus
2002 2651 2217 2691 praeexistens
2233 2651 2368 2687 animae,
2381 2651 2472 2691 quod

1406 2701 1515 2726 tamen
1549 2695 1583 2725 in
1613 2695 1754 2726 adventu
1784 2695 1910 2726 animae
1941 2695 2158 2734 corrumpitur
2187 2694 2366 2725 secundum
2396 2695 2471 2725 sub-

1407 2739 1565 2775 stantiam,
1589 2739 1647 2769 sed
1669 2740 1786 2769 virtute
1808 2744 1952 2770 remanet
1975 2739 2007 2769 in
2031 2739 2216 2779 composito
2233 2748 2271 2768 ex
2285 2739 2417 2769 materia
2440 2744 2472 2770 et

1407 2784 1515 2813 anima
1536 2783 1741 2814 intellectiva.

1462 2827 1538 2857 Hoc
1561 2826 1731 2863 declarato,
1756 2827 1912 2868 arguitur
1920 2827 2030 2867 primo
2047 2826 2090 2857 ad
2109 2826 2349 2856 conclusionem
2372 2836 2390 2856 a
2405 2826 2471 2856 suf-

1406 2871 1527 2902 ficienti
1550 2870 1718 2907 divisione,
1741 2872 1797 2901 sic.
1823 2871 2005 2902 Substantia
2027 2870 2249 2901 intellectualis
2270 2879 2339 2900 non
2361 2870 2472 2901 unitur

1407 2916 1537 2956 corpori
1560 2915 1668 2946 solum
1692 2921 1728 2946 ut
1750 2921 1868 2952 motor,
1894 2920 1930 2945 ut
1959 2915 2050 2945 Plato
2078 2915 2198 2955 posuit,
2228 2923 2336 2954 neque
2365 2914 2470 2944 conti-

1406 2965 1525 2990 nuatur
1548 2960 1578 2990 ei
1601 2960 1709 2990 solum
1731 2969 1789 3000 per
1811 2960 2042 2999 phantasmata,
2065 2964 2102 2990 ut
2123 2959 2281 2989 Averroes
2304 2957 2391 2994 dixit,
2415 2957 2471 2988 sed

1406 3009 1444 3034 ut
1467 3003 1581 3034 forma.
1606 3004 1722 3044 Neque
1749 3009 1858 3034 tamen
1888 3003 2068 3034 intellectus
2099 3012 2165 3043 quo
2195 3003 2300 3033 anima
2329 3002 2471 3032 humana

1406 3048 1563 3087 intelligit,
1581 3053 1629 3078 est
1643 3049 1842 3088 praeparatio
1855 3048 1888 3078 in
1899 3053 2011 3078 natura
2025 3048 2176 3083 humana,
2189 3051 2226 3077 ut
2241 3046 2318 3077 dixit
2332 3045 2471 3076 Alexan-

1407 3092 1479 3128 der;
1502 3101 1612 3132 neque
1635 3091 1830 3132 complexio,
1846 3097 1883 3122 ut
1901 3091 2059 3129 Galenus;
2082 3100 2191 3132 neque
2214 3090 2391 3126 harmonia,
2415 3094 2471 3120 aut

1408 3145 1538 3176 corpus,
1565 3142 1621 3166 aut
1647 3145 1770 3172 sensus,
1794 3141 1849 3166 aut
1877 3136 2075 3176 imaginatio,
2099 3141 2135 3166 ut
2161 3135 2285 3175 antiqui
2311 3133 2468 3164 dixerunt.

1406 3180 1493 3220 Ergo
1517 3181 1624 3210 anima
1638 3180 1781 3211 humana
1796 3185 1843 3210 est
1858 3180 2033 3210 substantia
2049 3179 2220 3220 spiritualis
2236 3178 2365 3218 corpori
2379 3178 2470 3208 unita

1406 3229 1443 3254 ut
1465 3223 1580 3255 forma.
1605 3224 1692 3264 Ergo
1711 3229 1772 3255 etc.

1461 3268 1499 3298 11.
1523 3268 1672 3299 Secundo
1689 3269 1716 3298 *.
1741 3268 1922 3298 Substantia
1938 3267 2108 3307 spiritualis
2131 3272 2238 3306 potest
2260 3275 2328 3296 esse
2351 3265 2469 3305 princi-

1404 3313 1497 3352 pium
1521 3311 1656 3343 formale
1673 3312 1798 3342 essendi
1813 3311 2060 3342 substantialiter
2074 3312 2235 3346 materiae,
2260 3315 2291 3340 et
2313 3314 2420 3350 potest
2433 3310 2468 3340 in

1406 3366 1473 3386 uno
1498 3366 1567 3387 esse
1590 3366 1666 3387 cum
1688 3357 1820 3386 materia
1843 3356 2025 3386 convenire.
2042 3355 2128 3395 Ergo
2144 3360 2251 3395 potest
2274 3363 2342 3385 esse
2364 3353 2469 3384 forma

1405 3402 1559 3440 corporis.

1458 3445 1550 3475 Patet
1565 3444 1806 3484 consequentia.
1822 3442 1908 3481 Quia
1922 3443 1976 3473 illa
1995 3442 2062 3473 duo
2084 3443 2290 3482 requiruntur
2313 3447 2468 3482 tanquam

1405 3487 1595 3520 sufficientia
1622 3488 1662 3518 ad
1691 3489 1755 3518 hoc
1781 3486 1871 3527 quod
1901 3486 2022 3526 aliquid
2052 3487 2092 3516 sit
2119 3486 2223 3517 forma
2253 3485 2467 3516 substantialis

1405 3532 1556 3563 alicuius:
1580 3532 1710 3568 scilicet,
1732 3536 1768 3562 ut
1791 3532 1831 3561 sit
1853 3531 2049 3571 principium
2072 3529 2198 3567 essendi
2221 3530 2467 3561 substantialiter

1404 3577 1434 3606 ei
1457 3577 1549 3607 cuius
1573 3581 1620 3607 est
1642 3575 1756 3612 forma,
1779 3575 1976 3615 principium
2002 3573 2150 3605 videlicet
2179 3583 2248 3605 non
2272 3573 2465 3610 effectivum,

1400 3620 1461 3651 ‘sed
1485 3620 1629 3656 formale,
1655 3629 1721 3660 quo
1746 3618 1868 3659 aliquid
1895 3624 1942 3650 est
1966 3624 1997 3650 et
2027 3618 2254 3649 denominatur
2280 3625 2354 3656 ens;
2376 3623 2408 3649 et
2429 3622 2467 3648 ut

2291 3680 2323 3705 56

2495 3272 2505 3281 ·
2515 3270 2551 3293 Cf.
2563 3277 2586 3292 n.
2595 3277 2645 3294 vm.
