2768 4134
30 1638 42 1650 ·
54 1636 67 1660 1
77 1636 214 1666 ronam,
225 1643 245 1660 ι.

31 2065 42 2075 “
49 2062 171 2086 Εἰ.Χ.ῐΜε
213 2062 246 2089 h„

31 2095 85 2144 3¹3:
98 2095 179 2140 1⁸.²=³o.³'

31 2177 43 2190 '
57 2177 116 2206 cap.
130 2183 179 2200 xci.

32 2999 42 3010 '
59 2998 95 3022 Cs-
113 2998 249 3030 Commeat.

33 3030 86 3055 up.
95 3031 182 3054 praec„
195 3029 247 3047 init.

695 239 884 276 SUMMA
913 238 1136 276 CONTRA
1165 240 1440 289 GENTILES,
1467 244 1562 281 LIB.
1583 246 1624 291 11,
1656 246 1766 283 CAP.
1787 246 1900 293 XCII,
1929 247 2058 284 XCIII.

276 317 539 359 apprehenditur,
564 317 655 358 quod
677 322 787 348 tamen
811 317 871 347 sibi
896 322 1056 356 repugnat
1079 317 1260 348 secundum
1284 328 1353 349 esse

276 363 451 394 limitatum
474 362 515 393 ad
538 362 692 402 speciem,
713 361 804 402 quod
827 366 915 392 extra
936 360 1139 391 intellectum
1165 362 1271 392 habet.
1289 362 1353 399 Sic,

277 408 354 448 quia
377 406 560 438 secundum
585 407 713 447 generis
742 405 903 436 rationem
933 414 1003 435 non
1032 411 1193 445 repugnat
1222 412 1258 437 ut
1285 408 1353 437 cui—

276 452 355 483 libet
371 452 476 483 lineae
496 451 606 482 finitae
626 450 730 491 possit
745 449 815 480 fieri
830 449 964 486 additi0‚
979 449 1056 480 licet
1075 455 1235 490 repugnet
1249 450 1354 481 lineae

275 497 413 528 naturali
435 495 618 528 secundum
640 495 807 535 propriam
829 494 991 524 rationem
1018 493 1254 531 consideratae,
1279 494 1354 526 ideo

276 541 458 573 secundum
470 539 766 581 apprehensionem
776 538 959 570 intellectus
971 544 1004 569 et
1018 538 1259 578 imaginationis
1275 548 1355 579 qua—

275 587 355 617 libet
376 586 462 616 linea
484 584 576 616 finita
593 589 703 625 potest
719 583 786 614 dari
801 583 916 619 maior,
933 582 1024 623 quod
1039 588 1149 614 tamen
1170 589 1217 613 est
1232 584 1355 624 impos-

275 631 368 662 sibile
395 629 578 661 secundum
603 634 764 659 naturam.
792 628 835 659 Et
857 628 1004 659 similiter
1032 627 1209 658 dicendum
1237 634 1286 658 est
1314 628 1356 659 de

275 676 402 707 raritate
425 682 603 714 corpomm
627 679 659 704 et
680 673 853 704 velocitate
875 678 1040 709 motuum,
1065 678 1097 703 et
1119 672 1288 703 similibus.

2405 249 2478 287 563

1462 321 1652 353 Excluditur
1675 330 1783 354 autem
1800 334 1858 364 per
1876 326 1958 356 hanc
1983 335 2071 356 error
2093 327 2287 367 ponentium
2306 337 2481 358 numerum

1408 365 1657 397 substantiarum
1687 374 1905 408 separatarum
1928 370 2108 401 secundum
2131 380 2305 402 numerum
2328 377 2481 403 motuum

1409 409 1606 446 caelestium,
1631 417 1667 441 ut
1689 412 1876 443 Aristoteles
1899 414 1957 444 XII
1981 415 2254 456 Metaplyesicae*
2273 417 2400 457 posuit;
2426 422 2481 447 aut

1409 453 1590 484 secundum
1602 464 1776 486 numerum
1788 458 1996 497 sphaerarum
2009 459 2205 497 caelestium,
2219 465 2256 491 ut
2267 461 2388 492 scilicet
2403 461 2480 491 Avi-

1410 505 1513 527 cenna
1535 499 1639 528 tenuit
1662 500 1694 529 in
1719 510 1776 531 sua
1800 502 2025 543 Metaphysica
2042 505 2069 540 ἦ,
2093 510 2130 535 ut
2157 505 2307 536 recitatur
2330 505 2357 535 11
2380 505 2479 542 Sent„

1411 539 1442 570 d.
1458 550 1503 577 m,
1520 550 1551 580 q.
1574 549 1600 578 1,
1620 552 1648 572 a.
1667 543 1696 574 3.

1467 584 1657 616 Excluditur
1688 588 1783 617 etiam
1813 598 1901 619 error
1924 591 2026 621 Rabbi
2050 592 2157 633 Moysi
2184 594 2336 634 ponentis
2365 604 2480 625 nume-

1411 638 1485 659 rum
1509 630 1700 670 angelorum
1722 632 1866 671 positum
1889 634 1922 663 in
1946 634 2109 676 Scriptura
2123 647 2191 668 non
2215 647 2283 669 esse
2306 648 2480 670 numerum

1412 674 1663 705 substantiarum
1687 681 1915 715 separatarum,
1939 679 1995 709 sed
2017 680 2173 712 virtutum
2195 682 2228 712 in
2255 683 2322 713 istis
2348 683 2480 714 inferio-

331 719 386 750 XI.
403 717 626 750 Confirmatur
641 718 811 749 conclusio
827 718 1018 748 auctoritate
1033 717 1165 748 Daniel.
1178 727 1232 754 vu,
1246 717 1356 747 Miltia
1411 718 1516 755 ribus;
1532 724 1564 748 et
1588 719 1685 750 etiam
1700 720 1867 751 hominum
1884 722 1995 753 divina
2011 726 2286 763 annuntiantium,
2302 733 2338 758 ut
2354 727 2481 759 additur

276 764 414 795 millium
438 768 515 800 etc.;
538 769 570 794 et
588 763 749 804 Dionysii,
771 772 825 794 xrv
847 772 918 803 cap.
945 761 1102 793 Caelestis
1125 761 1357 793 Hierarchiae.

1413 763 1446 793 in
1470 762 1577 793 Prima
1599 763 1702 800 Parte,
1726 764 1802 794 loco
1827 765 1963 805 allegato
1976 768 2002 797 ’ἢ

607 1007 1096 1065 CAPITULUM
1131 1007 1188 1063 N
1190 1007 1740 1064 ONAGESIMUM
1777 1008 2156 1067 TERTIUM

276 1138 452 1193 QUOD
486 1137 547 1179 IN
581 1136 982 1180 SUBSTANTIIS
1017 1135 1358 1179 SEPARATIS
1390 1137 1522 1178 NON
1555 1137 1719 1179 SUNT
1753 1137 2011 1179 MULTAE
2043 1139 2226 1181 UNIUS
2255 1140 2482 1184 SPECIEI

485 1263 509 1288 x
538 1250 598 1288 his
634 1258 767 1288 autem
797 1262 899 1300 quae
931 1250 981 1288 de
1016 1249 1096 1288 istis
1131 1250 1354 1288 substantiis

499 1303 713 1355 praemissa
750 1312 852 1351 sunt,
890 1303 1044 1342 ostendi
1080 1311 1208 1354 potest
1244 1304 1355 1354 quod

298 1294 301 1297 “
348 1283 467 1327 ἁᾲῖηῑ

346 1330 349 1347 ζ
388 1331 454 1363 ltu

271 1356 274 1358 ’
348 1356 460 1409 35³2*
500 1369 583 1395 non
611 1366 702 1395 sunt
729 1359 862 1408 plures
890 1356 1126 1395 substantiae
1155 1365 1354 1408 separatae

380 1431 382 1433 ·
404 1406 464 1433 *θ’
501 1411 620 1450 unius
649 1411 803 1462 speciei.

331 1466 546 1504 Ostensum
574 1467 631 1503 est
659 1465 767 1503 enim
795 1477 914 1515 supra
931 1464 953 1486 ‘¹‘
981 1465 1090 1515 quod
1118 1464 1355 1502 substantiae

274 1526 474 1570 separatae
502 1527 593 1557 sunt
611 1518 807 1570 quaedam
834 1517 1068 1569 quidditates
1081 1518 1354 1571 subsistentes.

274 1572 435 1624 Species
463 1580 596 1610 autem
627 1573 684 1610 rei
712 1580 769 1610 est
796 1583 919 1622 quam
952 1571 1141 1620 significat
1168 1571 1355 1618 definitio,

273 1634 377 1676 quae
396 1633 453 1663 est
470 1627 622 1677 signum
638 1625 848 1676 quidditatis
867 1626 925 1662 rei
935 1624 967 1662 *.
990 1625 1103 1663 Unde
1123 1624 1356 1675 quidditates

273 1678 525 1718 subsistentes
545 1686 635 1717 sunt
653 1678 802 1729 species
825 1678 1087 1717 subsistentes.
1109 1679 1245 1716 Plures
1263 1690 1355 1727 ergo

270 1732 509 1778 substantiae
537 1740 737 1783 separatae
764 1745 854 1770 esse
883 1744 965 1771 non
993 1740 1159 1783 possunt
1186 1731 1259 1770 nisi
1282 1731 1357 1769 sint
1372 1750 1380 1764 ι

315 1799 406 1825 ures
435 1799 452 1824 s
505 1798 596 1824 cies.

270 1788 316 1838 Pl
328 1799 503 1878 Adhuc?e
502 1841 792 1890 Quaecumque
807 1846 896 1877 sunt
911 1838 1018 1877 idern
1033 1838 1161 1889 specie
1175 1838 1356 1877 differen-

273 1893 327 1932 tia
344 1901 477 1932 autem
506 1905 687 1940 numero,
716 1892 862 1931 habent
889 1890 1108 1931 materiam:
1139 1892 1357 1931 differentia

274 1946 382 1987 enim
396 1959 498 1998 quae
518 1960 565 1986 ex
584 1947 711 1985 forma
722 1945 911 1997 procedit,
926 1946 1074 1984 inducit
1093 1945 1356 1984 diversitatem

274 2001 436 2053 speciei;
455 2014 558 2052 quae
577 2008 711 2040 autem
730 2013 778 2038 ex
796 1999 970 2046 materia,
992 1999 1140 2038 inducit
1158 1999 1356 2038 diversita-

272 2063 355 2094 tem
369 2055 590 2094 secundum
604 2066 819 2093 numerum
832 2053 864 2091 ²¹¹.
886 2053 1131 2093 Substantiae
1150 2062 1284 2092 autem
1298 2066 1355 2092 se-

240 2105 246 2111 ’
270 2117 431 2160 paratae
445 2120 528 2147 non
541 2108 688 2147 habent
701 2105 867 2147 omnino
882 2107 1098 2155 materiam,
1109 2119 1238 2158 neque
1253 2119 1355 2158 quae

275 2162 323 2201 sit
335 2174 425 2214 pars
435 2174 584 2209 earum,
599 2173 729 2213 neque
744 2161 808 2200 cui
821 2161 1010 2200 uniantur
1021 2169 1065 2200 ut
1078 2162 1227 2200 formae
1237 2161 1269 2200 *.
1280 2162 1355 2199 Im-

273 2216 458 2268 possibile
478 2224 534 2254 est
547 2215 662 2266 igitur
684 2216 793 2266 quod
813 2215 888 2254 sint
909 2217 1042 2266 plures
1059 2214 1178 2254 unius
1199 2215 1353 2266 speciei.

329 2271 522 2321 Amplius.
543 2270 604 2308 Ad
633 2270 711 2308 hoc
734 2277 825 2307 sunt
852 2270 965 2320 plura
993 2269 1196 2308 individua
1214 2269 1255 2307 in
1274 2281 1355 2308 una

274 2324 405 2376 specie
424 2324 465 2362 in
484 2323 602 2362 rebus
620 2322 947 2374 corruptibilibus,
968 2331 1011 2361 ut
1033 2331 1172 2361 natura
1199 2323 1354 2374 speciei,

275 2389 379 2429 quae
398 2390 479 2416 non
506 2385 634 2428 potest
660 2385 853 2428 perpetuo
871 2377 1096 2415 conservari
1124 2377 1165 2414 in
1193 2389 1275 2415 uno
1296 2377 1354 2415 in-

239 2459 247 2470 ,
275 2431 451 2479 dividuo,
480 2439 734 2470 conservetur
764 2430 805 2469 in
838 2426 1017 2480 pluribus
1034 2430 1071 2468 *ε
1101 2430 1208 2468 unde
1237 2430 1354 2469 etiam

209 2485 216 2493 ’
240 2486 246 2493 “
275 2485 316 2524 in
335 2485 566 2536 corporibus
585 2484 943 2536 incorruptibilibus
957 2496 1039 2523 non
1058 2492 1115 2522 est
1134 2484 1207 2523 nisi
1226 2497 1354 2522 unum

1409 1258 1566 1300 paratae
1594 1258 1735 1288 natura
1761 1258 1888 1300 potest
1920 1251 2142 1288 conservari
2170 1251 2210 1289 in
2238 1265 2318 1291 uno
2346 1254 2483 1293 indivi—

1409 1304 1510 1343 duo:
1541 1316 1589 1342 eo
1624 1304 1734 1354 quod
1773 1312 1863 1342 sunt
1900 1303 2219 1354 incorruptibiles,
2253 1314 2295 1343 ut
2329 1319 2446 1358 supra
2463 1309 2483 1330 ‘³‘

1410 1366 1614 1395 ostensum
1643 1365 1710 1396 est.
1740 1358 1833 1395 Non
1863 1357 1977 1407 igitur
2001 1366 2152 1408 oportet
2180 1371 2262 1396 esse
2290 1361 2401 1409 plura
2429 1361 2483 1398 in—

1410 1411 1572 1449 dividua
1599 1411 1640 1449 in
1668 1411 1740 1449 illis
1770 1411 1991 1449 substantiis
2019 1412 2196 1449 eiusdem
2225 1413 2376 1462 speciei.

1465 1466 1573 1503 Item.
1602 1465 1645 1502 Id
1674 1465 1783 1515 quod
1812 1473 1868 1502 est
1895 1464 2037 1515 speciei
2073 1464 2112 1502 in
2146 1478 2399 1516 unoquoque,
2429 1468 2484 1504 di-

1411 1518 1524 1567 gnius
1544 1526 1600 1556 est
1620 1530 1667 1556 eo
1687 1519 1796 1569 quod
1816 1526 1873 1556 est
1898 1518 2216 1556 individuationis
2238 1519 2483 1570 principium,

1410 1580 1564 1622 praeter
1601 1571 1793 1610 rationem
1829 1572 1970 1622 speciei
2006 1572 2183 1610 existens.
2218 1573 2484 1623 Multiplicatio

1411 1625 1526 1674 igitur
1553 1625 1772 1675 specierum
1800 1627 1889 1675 plus
1921 1626 2028 1664 addit
2061 1626 2268 1664 nobilitatis
2302 1627 2483 1665 universo

1411 1691 1534 1728 quarn
1562 1678 1830 1729 multiplicatio
1856 1678 2151 1718 individuorum
2171 1679 2210 1717 in
2238 1693 2318 1718 una
2345 1681 2483 1731 specie.

1384 1750 1398 1764 o
1412 1731 1599 1770 Perfectio
1614 1739 1747 1770 autem
1766 1731 1939 1770 universi
1958 1733 2129 1771 maxime
2149 1734 2319 1772 consistit
2337 1734 2377 1772 in
2396 1735 2485 1772 sub-

1412 1785 1559 1824 stantiis
1587 1785 1783 1836 separatis.
1812 1786 1938 1835 Magis
1965 1786 2079 1836 igitur
2111 1787 2295 1838 competit
2323 1788 2371 1826 ad
2399 1800 2485 1838 per-

1411 1839 1619 1877 fectionem
1647 1839 1821 1878 universi
1856 1840 1966 1889 quod
2001 1840 2076 1878 sint
2108 1842 2239 1891 plures
2267 1842 2484 1880 secundum

1411 1892 1583 1944 speciem
1602 1892 1790 1940 diversae,
1810 1906 1931 1943 quam
1954 1894 2062 1944 quod
2087 1895 2161 1932 sint
2179 1897 2324 1933 multae
2348 1906 2483 1933 secun-

1412 1947 1510 1985 dum
1539 1959 1752 1985 numerum
1780 1947 1820 1984 in
1849 1947 1987 1985 eadem
2016 1947 2155 1998 specie.

1466 2001 1680 2039 Praeterea.
1703 2001 1947 2039 Substantiae
1967 2009 2164 2051 separatae
2179 2010 2268 2039 sunt
2285 2001 2482 2052 perfectio-

1412 2066 1472 2092 res
1501 2067 1623 2104 quam
1655 2067 1821 2105 corpora
1857 2055 2043 2093 caelestia.
2081 2055 2158 2094 Sed
2185 2055 2226 2093 in
2254 2055 2483 2105 corporibus

1411 2108 1652 2155 caelestibus,
1671 2116 1831 2159 propter
1849 2121 1988 2146 eorum
2006 2109 2293 2159 perfectionem,
2321 2121 2402 2147 non
2426 2109 2482 2147 in-

1411 2161 1567 2200 venitur
1594 2161 1668 2199 nisi
1700 2175 1827 2200 unum
1861 2162 2109 2200 individuum
2138 2163 2254 2200 unius
2286 2162 2427 2213 speciei
2445 2163 2480 2200 *ε

1410 2223 1496 2254 tum
1524 2215 1617 2266 quia
1645 2217 1963 2267 unumquodque
1992 2228 2130 2254 eorum
2159 2224 2307 2255 constat
2334 2229 2381 2254 ex
2403 2224 2483 2254 tota

1370 2269 1571 2308 mmateria
1598 2282 1692 2308 suae
1716 2269 1875 2320 speciei;
1904 2279 1988 2308 tum
2008 2270 2101 2320 quia
2119 2270 2158 2308 in
2178 2282 2259 2308 uno
2280 2269 2482 2307 individuo

1410 2331 1467 2361 est
1483 2324 1651 2374 perfecte
1679 2323 1802 2362 virtus
1835 2323 1975 2374 speciei
2004 2324 2053 2362 ad
2082 2323 2361 2374 complendum
2389 2323 2482 2362 illud

1409 2377 1450 2415 in
1469 2376 1656 2415 universo
1675 2378 1726 2415 ad
1754 2378 1863 2428 quod
1889 2377 1951 2416 illa
1971 2377 2118 2428 speeies
2147 2378 2357 2424 ordinatur,
2387 2377 2483 2415 sicut

1408 2430 1619 2481 praecipue
1638 2439 1742 2481 patet
1760 2431 1799 2469 in
1819 2433 1900 2469 sole
1914 2439 1951 2469 et
1967 2433 2070 2469 luna.
2090 2432 2217 2469 Multo
2237 2431 2348 2480 igitur
2362 2430 2482 2479 magis

1409 2484 1450 2522 in
1474 2485 1695 2523 substantiis
1724 2485 1908 2535 separatis
1936 2498 2016 2523 non
2045 2485 2241 2523 invenitur
2260 2484 2333 2522 nisi
2356 2496 2481 2522 unum

274 2538 526 2578 individuum
545 2539 585 2577 in
604 2551 684 2578 una
712 2538 852 2589 specie.
879 2538 1125 2578 Substantiae
1144 2546 1275 2576 autern
1297 2551 1354 2576 se-
1369 2554 1394 2575 ις
1410 2537 1661 2577 individuum
1690 2539 1731 2577 in
1759 2551 1838 2577 una
1867 2539 2005 2589 specie.

329 2662 364 2688 14
380 2653 461 2689 enim]
479 2659 568 2680 autem
581 2654 652 2681 Gi>e.

328 2690 345 2717 8
363 2690 514 2725 nobilitatis]
534 2696 560 2717 et
577 2690 745 2724 perfeetionis
763 2690 871 2716 addunt
889 2690 1052 2716 eowch.

743 2654 777 2680 18
794 2655 919 2681 uniantur
937 2654 980 2681 Ita
997 2654 1117 2685 NYZPc;
1134 2654 1240 2679 uniatur
1253 2654 1336 2679 ceteri
1341 2661 1350 2683 ,·
1364 2661 1420 2687 pro
1437 2654 1547 2686 formae,
1565 2654 1651 2680 forma
1668 2654 1741 2680 EsG.

1144 2697 1177 2715 ια
1196 2689 1278 2724 quod]
1298 2697 1367 2723 quae
1386 2690 1436 2716 ax.

1528 2689 1560 2716 ι5
1580 2689 1759 2725 perfectiores]
1778 2690 1952 2723 perfectiones
1972 2697 1996 2715 α.
2088 2696 2119 2713 22
2139 2687 2192 2722 illa]
2210 2696 2258 2714 sua
2277 2688 2437 2714 aDWXch.

1046 2779 1386 2813 Commentaria
1412 2779 1724 2813 Formi-tensis

278 2873 387 2940 Cim
408 2869 579 2896 ostensum
608 2865 649 2895 sit
677 2864 871 2895 substantias
898 2869 1059 2905 separatas
1086 2874 1155 2896 esse
1178 2864 1212 2895 in
1236 2873 1354 2905 magna

353 2908 575 2946 multitudine,
598 2909 677 2950 quia
699 2908 741 2940 de
771 2909 897 2940 ratione
926 2909 1144 2940 multitudinis
1171 2914 1219 2940 est
1242 2908 1354 2941 distin—

275 2953 353 2991 ctio,
375 2953 735 2985 restatostendendum
751 2953 924 2994 quomodo
947 2954 1032 2985 inter
1047 2963 1081 2984 se
1103 2953 1183 2985 tales
1206 2954 1354 2986 substan-

274 2999 340 3029 tiae
363 2998 602 3038 distinguantur
612 2999 640 3029 *.
669 2998 765 3029 Circa
787 2998 852 3030 hoc
875 3003 987 3030 autem
1013 2997 1081 3030 duo
1110 2997 1186 3030 facit
1216 2997 1354 3030 Sanctus

275 3043 438 3074 Thomas:
454 3043 574 3083 primo,
587 3043 731 3074 ostendit
742 3052 858 3074 omnes
869 3043 954 3074 inter
965 3053 1000 3074 se
1015 3041 1168 3084 specifice
1184 3042 1352 3084 distingui3

275 3087 434 3125 secundo,
449 3087 592 3118 ostendit
606 3087 695 3118 unde
710 3097 814 3128 genus
829 3093 863 3119 et
877 3088 1002 3128 species
1023 3088 1058 3119 in
1073 3088 1152 3128 ipsis
1173 3094 1353 3126 sumantur,

276 3133 382 3173 capite
405 3142 477 3162 xcv.

331 3176 427 3208 Circa
449 3177 594 3217 primum
616 3175 683 3207 duo
707 3175 798 3208 facit:
821 3176 940 3217 prime,
963 3177 1080 3218 probat
1102 3177 1279 3215 intentum;
1302 3187 1353 3209 se-

275 3221 397 3258 cundo,
420 3221 519 3252 infert
540 3231 645 3252 unum
668 3221 888 3259 corollarium,
911 3222 1017 3262 capite
1039 3222 1200 3262 sequenti.

329 3266 354 3298 1.
378 3266 549 3305 Quantum
572 3265 614 3297 ad
628 3265 783 3307 primum,
806 3266 962 3306 probatur
977 3275 1043 3297 non
1063 3276 1132 3298 esse
1147 3266 1264 3307 plures
1279 3266 1352 3297 sub-

274 3310 414 3342 stantius
428 3316 599 3352 separatas
622 3310 721 3342 unius
741 3310 870 3351 speciei.

329 3355 375 3386 Et
399 3355 511 3396 primo
538 3356 596 3386 sic.
625 3355 830 3386 Substantiae
855 3360 1026 3396 separatae
1052 3360 1128 3386 sunt
1158 3354 1353 3396 quidditates

275 3399 494 3431 subsistentes.
518 3400 606 3441 Ergo
629 3410 698 3431 non
720 3405 860 3441 possunt
876 3409 945 3431 esse
960 3399 1069 3441 plures
1086 3400 1150 3431 nisi
1165 3400 1228 3431 sint
1243 3400 1353 3440 plures

275 3444 411 3484 species.
426 3462 449 3466 —
462 3444 623 3476 Probatur
645 3445 891 3486 consequentia.
919 3444 1006 3483 Quia
1031 3443 1226 3485 quidditates
1249 3445 1352 3476 subsi-

275 3493 396 3520 stentes
418 3494 495 3520 sunt
517 3490 652 3530 species.
675 3489 778 3528 Quod
799 3494 905 3531 patet:
930 3489 1008 3530 quia
1027 3489 1153 3530 species
1176 3495 1225 3521 est
1252 3499 1352 3530 quam

275 3532 434 3574 significat
456 3532 615 3572 definitio,
638 3544 723 3575 quae
748 3540 795 3566 est
817 3534 950 3576 signum
972 3533 1163 3575 quidditatis
1187 3534 1245 3565 rei.

328 3576 575 3610 Attendendum
598 3579 651 3610 hic
675 3579 767 3620 quod
788 3580 925 3610 nomine
948 3578 1138 3620 quidditatis
1152 3578 1352 3610 subsistentis

274 3622 424 3663 intelligit
447 3622 583 3654 Sanctus
612 3623 758 3655 Thomas
789 3623 1002 3665 quidditatem
1029 3632 1098 3655 non
1124 3629 1289 3665 receptam
1317 3625 1350 3655 in

1409 2865 1518 2906 aliqua
1539 2865 1673 2896 materia
1696 2864 1897 2900 individuali,
1921 2863 1977 2894 sed
2005 2863 2191 2894 existentem
2213 2871 2271 2902 per
2300 2870 2334 2892 se
2356 2861 2477 2901 absque

1398 2910 1501 2941 omni
1524 2910 1722 2951 susceptivo.
1747 2909 1836 2940 Talis
1859 2914 1967 2940 autem
1984 2907 2143 2949 quidditas
2166 2907 2211 2936 sic
2236 2906 2390 2936 abstracta
2407 2914 2476 2936 non

1406 2960 1516 2995 potest
1539 2964 1608 2985 esse
1632 2955 1694 2985 nisi
1710 2964 1784 2991 una,
1801 2958 2093 2994 quantumcumque
2112 2951 2206 2982 etiam
2221 2951 2263 2981 sit
2285 2949 2475 2986 materialis,

1407 3004 1444 3031 ut
1459 2998 1577 3030 dicitur
1592 2999 1632 3030 de
1647 2999 1830 3041 spiritual„
1847 3008 1875 3028 a.
1893 2997 1929 3028 8:
1948 2998 2040 3033 sicut,
2060 2997 2085 3026 si
2101 3001 2183 3026 esset
2199 2994 2313 3025 albedo
2330 2995 2368 3024 ab
2385 2995 2475 3024 omni

1407 3044 1556 3075 subiecto
1572 3050 1727 3085 separata,
1741 3048 1823 3074 esset
1838 3048 1964 3074 tantum
1980 3051 2058 3077 una;
2076 3046 2107 3071 et
2125 3040 2268 3070 similiter
2283 3039 2474 3074 humanitas,

1407 3088 1435 3120 si
1457 3094 1541 3120 esset
1562 3094 1690 3130 praeter
1713 3088 1822 3119 omnia
1845 3087 2013 3127 supposita
2036 3085 2182 3116 existens.
2204 3083 2298 3115 Unde
2322 3088 2354 3113 et
2371 3082 2474 3119 Plato,

1407 3142 1535 3174 ponens
1558 3133 1751 3164 universalia
1774 3137 1926 3172 separata,
1951 3130 2060 3171 posuit
2087 3129 2228 3169 speciem
2255 3136 2354 3158 unam
2383 3136 2474 3167 sepa-

1407 3183 1509 3210 ratam
1531 3187 1601 3210 non
1617 3179 1734 3210 habere
1751 3176 1964 3208 diversitatem
1980 3173 2231 3209 individuorum,
2248 3171 2304 3202 sed
2320 3181 2388 3202 esse
2403 3176 2474 3202 tan-

1406 3227 1478 3255 tum
1501 3232 1612 3255 unam.
1637 3223 1744 3254 Huius
1767 3226 1876 3251 autem
1899 3220 1980 3250 ratio
1996 3225 2054 3255 est,
2073 3218 2149 3258 quia
2167 3217 2271 3247 forma
2286 3225 2352 3246 non
2377 3215 2474 3246 habet

1407 3267 1614 3299 numeraliter
1637 3266 1789 3306 distingui
1812 3264 1873 3295 nisi
1893 3273 1931 3294 ex
1954 3263 2148 3303 susceptivo.
2165 3261 2252 3297 Ideo,
2276 3265 2404 3291 remoto
2420 3269 2473 3290 su-

1406 3313 1564 3353 sceptivo,
1588 3316 1772 3342 removetur
1794 3307 1956 3339 distinctio
1972 3307 2145 3338 numeralis
2168 3305 2278 3346 ipsius,
2301 3309 2334 3335 et
2355 3304 2402 3335 sic
2423 3313 2474 3335 re-

1406 3362 1516 3388 manet
1541 3362 1667 3388 tantum
1690 3364 1764 3386 una.
1792 3353 1833 3384 Et
1860 3353 1923 3383 hoc
1952 3357 1999 3382 est
2028 3349 2215 3382 huiusmodi
2244 3349 2376 3380 rationis
2399 3347 2474 3379 fun-

1406 3401 1607 3433 damentum.

1462 3446 1501 3477 11.
1518 3444 1667 3476 Secundo
1680 3445 1706 3473 ¹¹⁵.
1722 3441 1923 3473 Substantiae
1939 3443 2102 3480 separatae
2117 3447 2185 3469 non
2200 3437 2320 3469 habent
2335 3437 2472 3468 omnino

1405 3491 1584 3526 materiam,
1599 3497 1707 3528 neque
1723 3495 1806 3527 quae
1826 3485 1865 3515 sit
1886 3493 1960 3525 pars
1984 3492 2104 3519 earum,
2119 3491 2228 3523 neque
2243 3481 2299 3512 cui
2320 3482 2474 3514 uniantur

1405 3540 1443 3566 ut
1465 3535 1598 3566 formae.
1618 3533 1705 3572 Ergo
1721 3536 1782 3561 etc.
1799 3548 1820 3552 -
1836 3529 1994 3560 Probatur
2009 3527 2253 3567 consequentia.
2271 3526 2359 3564 Quia
2370 3535 2473 3566 quae-

1406 3588 1549 3620 cumque
1572 3582 1647 3608 sunt
1669 3575 1755 3606 idem
1779 3574 1887 3614 specie
1903 3571 2080 3603 differentia
2096 3580 2173 3602 vero
2187 3579 2338 3608 numero,
2354 3570 2473 3602 habent

1405 3624 1588 3655 materiam:
1604 3629 1680 3652 nam
1696 3618 1873 3651 differentia
1888 3626 1973 3658 quae
1989 3625 2027 3647 ex
2047 3615 2151 3646 forma
2165 3614 2324 3656 procedit,
2348 3613 2473 3646 inducit

2509 420 2585 451 '‘Loc.
2596 421 2634 442 cit.
2644 421 2668 442 in
2680 420 2723 442 ini-

2508 450 2542 468 tio
2557 451 2614 469 text.

2508 510 2517 518 ·
2527 508 2606 532 Tract.
2614 507 2656 536 lx,
2669 514 2721 536 cap.

2507 541 2534 563 ιι,
2546 541 2582 557 ιιι.

2509 775 2517 783 ·
2534 773 2581 801 Qu.
2599 780 2621 801 L,
2643 778 2684 796 art.
2699 780 2719 803 3.

2511 1317 2520 1325 '¹
2535 1316 2591 1344 Cap.
2602 1323 2639 1339 ιν.

2510 2166 2519 2176 ·
2533 2164 2570 2187 ef.
2583 2163 2721 2192 1de3Caelo,

2509 2197 2617 2246 papbnin
2636 2197 2655 2213 ι.
2675 2190 2722 2213 Th.

2501 3444 2510 3453 ‘
2525 3442 2562 3466 Cf.
2575 3449 2599 3465 n.
2615 3449 2647 3464 iv.
