2768 4134
61 859 71 868 ·
87 857 123 879 Cf.
140 862 200 878 vers.
210 863 234 883 4,
249 862 272 883 5;

61 884 141 910 Levit„
157 889 213 909 xvn,
226 890 259 909 ¹4

61 1024 70 1033 '
85 1023 141 1050 Cap.
152 1028 197 1048 xvi,
208 1027 266 1043 xvn.

60 1234 133 1283 ῐῦιρ.
144 1232 273 1261 n.9;s.Th.

70 1268 108 1288 ,4.

60 1446 70 1454 ·
98 1444 135 1465 Cf.
166 1442 272 1468 Phanio,

59 1477 127 1497 xxm,
142 1476 203 1491 xxxv
212 1459 275 1497 (Did.

59 1504 82 1528 p:
89 1487 128 1524 60,
138 1496 189 1525 66);
195 1496 246 1519 etlo
232 1502 274 1517 oca

60 1523 99 1546 cit.
114 1513 182 1545 iiifra.

222 1823 275 1850 ινδ

60 2351 198 2377 ’,Ρὴαεάω
221 2357 275 2372 xxv

62 2376 123 2405 (Did-
133 2384 155 2406 Ρ
164 2367 221 2406 7¹¹¹)-

68 3200 130 3222 ’.Οἱ
150 3200 278 3227 Theaetet„

68 3230 114 3248 ¹¹¹
124 3226 184 3255 (Did-
196 3234 218 3255 Ρ
222 3229 277 3256 ¹43)

70 3269 126 3291 ’.Εἰ
135 3269 232 3297 Phiteb„

68 3295 162 3350 wat·
167 3276 280 3351 23⁵3&ss

70 3355 94 3376 i>-
101 3339 165 3377 4'49)

311 301 385 346 5¹4

307 384 436 414 autem
460 375 665 410 brutorum
684 370 913 408 animalium
933 381 1071 406 omnes
1091 368 1308 405 referuntur
1326 367 1376 404 ad

305 425 572 466 conservantia
608 436 766 473 corpus:
804 435 885 459 non
922 421 1027 459 enim
1063 421 1301 458 delectantur
1337 419 1376 457 in

305 480 419 525 sonis,
436 478 622 516 odoribus
638 485 674 514 et
688 476 919 525 aspectibus,
935 475 1007 512 nisi
1028 474 1247 511 secundum
1268 474 1375 533 quod

304 541 393 571 sunt
420 531 625 569 indicativa
661 530 839 567 ciborum
876 530 939 565 vel
966 540 1240 574 xenereorum,
1276 527 1377 564 circa

304 598 404 646 quae
423 592 479 622 est
498 584 626 622 omnis
646 595 785 620 eorum
800 582 986 619 delectati
990 595 1012 618 ι.
1030 582 1132 619 Tota
1152 581 1265 629 igitur
1283 593 1375 629 ope·
1399 594 1407 614 ς

303 639 397 677 ratio
427 649 566 675 eorum
603 636 804 674 ordinatur
837 636 886 672 ad
919 635 1257 673 conservationem
1292 646 1374 671 esse

303 691 479 741 corporei
499 691 596 728 sicut
620 690 659 726 in
678 689 812 726 finem.
829 690 923 726 Non
938 689 1052 737 igitur
1067 696 1121 725 est
1142 688 1196 724 eis
1216 687 1373 736 aliquod

303 758 384 783 esse
414 745 561 794 absque
590 755 767 792 corpore

356 797 458 835 Huic
482 805 611 835 autern
637 796 847 834 sententiae
876 795 1051 832 doctrina
1081 794 1301 831 Catholicae
1330 793 1375 830 fi-

301 852 364 890 dei
383 851 603 889 concordat
625 849 774 888 Dicitur
801 849 906 886 enim
930 849 1022 885 Gen.
1053 860 1086 884 ix
1106 847 1137 893 ²¹⁶,
1166 848 1215 884 de
1244 847 1376 884 anima

301 905 414 951 bruti,
443 905 584 942 Anima
613 904 708 940 illius
737 906 773 940 in
802 903 989 952 sanguine
1016 907 1084 938 est:
1111 900 1223 950 quasi
1251 900 1372 937 dicat:

302 961 365 997 Ex
390 960 586 1009 sangui'nzs
602 958 864 1007 permanentia
884 967 960 992 esse
988 955 1084 991 illtus
1112 954 1301 1004 dependet.
1327 954 1375 990 Et

302 1012 341 1050 in
370 1012 489 1050 Libro
525 1012 570 1048 de
604 1011 869 1047 Ecclesiastzcis
902 1009 1150 1058 Dogmatibus
1172 1007 1209 1044 *ε
1245 1008 1374 1045 Solum

302 1067 490 1104 hominem
526 1065 680 1101 di'czmus
715 1075 884 1100 ammam
919 1063 1186 1099 substantivam
1221 1063 1372 1108 habere,

301 1120 397 1157 idest
423 1130 494 1167 per
521 1130 560 1154 se
589 1116 761 1153 vitalem:
789 1118 984 1153 brutorum
1005 1118 1153 1152 animas
1179 1127 1264 1152 cum
1291 1127 1374 1152 cor·
1391 1137 1413 1157 ις

296 1173 454 1223 poribus
481 1172 643 1207 interire.

354 1224 574 1261 Aristoteles
603 1222 730 1268 etiam,
751 1222 790 1259 in
810 1223 839 1258 ΙΙ
869 1222 914 1259 de
940 1223 1083 1259 Anima
1097 1222 1127 1268 ²¹³,
1157 1221 1247 1259 dicit
1266 1222 1374 1271 quod

301 1278 519 1315 intellectiva
534 1289 628 1327 pars
647 1278 799 1314 animae
816 1282 1015 1325 separatur
1034 1278 1082 1313 ab
1103 1276 1186 1313 aliis
1204 1278 1297 1313 sicut
1320 1277 1374 1313 in-

301 1331 539 1382 corruptibile
566 1344 590 1367 a
618 1329 862 1380 corruptzbili.

356 1386 430 1422 Per
449 1386 525 1422 hoc
543 1391 675 1421 autem
694 1381 910 1420 excluditur
934 1381 1076 1432 positio
1104 1382 1286 1429 Platonis,
1307 1383 1375 1432 qui
1391 1404 1417 1419 ,ο

301 1438 431 1489 posuit
459 1437 575 1475 etiam
603 1438 809 1474 brutorum
838 1436 988 1474 animas
1017 1435 1301 1474 immortales&

355 1491 517 1529 Videtur
537 1499 668 1528 tamen
687 1503 802 1540 posse
822 1489 978 1540 probari
998 1490 1206 1527 brutorum
1225 1489 1375 1527 animas

302 1558 384 1583 esse
412 1545 660 1582 immortales.
682 1544 805 1582 Cuius
834 1543 940 1580 enim
960 1551 1016 1581 est
1043 1542 1173 1593 aliqua
1201 1543 1375 1594 operatio

301 1612 371 1649 per
390 1611 430 1636 se
450 1597 668 1648 separatim,
689 1606 725 1635 et
750 1597 879 1648 ipsum
908 1604 963 1634 est
982 1609 1052 1647 per
1080 1610 1121 1634 se
1150 1597 1374 1635 subsistens.

303 1653 381 1690 Sed
400 1652 552 1690 animae
572 1651 775 1688 sensitivae
791 1651 831 1688 in
846 1650 968 1688 brutis
983 1658 1038 1688 est
1053 1650 1183 1700 aliqua
1202 1650 1375 1700 operatio
1393 1672 1415 1692 ,ς

302 1718 372 1756 per
387 1718 426 1742 se
442 1705 481 1742 in
496 1717 575 1754 qua
590 1717 671 1742 non
686 1704 952 1742 communicat
967 1716 1120 1754 corpus,
1137 1704 1277 1741 scilicet
1297 1717 1375 1741 mo-

303 1772 408 1797 vere:
427 1771 519 1796 nam
540 1771 692 1795 movens
715 1760 952 1808 componitur
972 1771 1021 1795 ex
1039 1758 1193 1802 duobus,
1216 1770 1375 1807 quorum

304 1826 420 1850 unum
449 1818 500 1849 est
528 1824 681 1849 movens
710 1818 742 1848 et
770 1813 929 1848 alterum
959 1817 1009 1848 est
1038 1818 1178 1849 motum
1194 1811 1229 1855 *ς
1258 1812 1374 1857 unde,

303 1878 395 1903 cum
415 1878 557 1915 corpus
577 1865 622 1902 sit
652 1873 815 1910 motum,
846 1864 1076 1914 relinquitur
1103 1865 1211 1913 quod
1244 1865 1375 1902 anima

303 1921 384 1956 sola
404 1919 449 1955 sit
469 1930 645 1955 movens.
668 1919 770 1966 Ergo
799 1926 855 1954 est
878 1930 949 1967 per
976 1930 1017 1954 se
1037 1917 1259 1955 subsistens.
1282 1919 1375 1955 Non
1392 1938 1416 1958 ,ο

302 1972 415 2020 igitur
439 1979 565 2021 potest
589 1983 658 2020 per
677 1971 855 2008 accidens
875 1970 1086 2020 corrumpi,
1107 1983 1270 2020 corpore
1291 1983 1374 2008 cor-

302 2033 433 2075 rupto:
452 2024 513 2062 illa
528 2024 634 2061 enim
649 2025 779 2062 solum
793 2036 864 2074 per
877 2023 1056 2061 accidens
1066 2031 1376 2073 corrumpuntur

302 2091 401 2128 quae
421 2091 491 2128 per
519 2090 558 2115 se
588 2090 667 2114 non
687 2077 832 2114 habent
856 2089 950 2114 esse.
978 2078 1052 2114 Per
1075 2090 1115 2114 se
1140 2085 1271 2114 autem
1293 2090 1373 2115 non

301 2139 427 2182 potest
445 2131 660 2180 corrumpi:
682 2143 774 2168 cum
795 2143 924 2180 neque
953 2130 1191 2168 contrarium
1221 2131 1372 2178 habeat,

302 2198 429 2235 neque
467 2185 512 2222 sit
547 2198 592 2222 ex
629 2184 827 2222 contrariis
863 2184 1108 2234 composita„
1129 2184 1413 2234 Relinquitur„

302 2239 414 2288 igitur
441 2239 550 2288 quod
578 2238 625 2275 sit
652 2238 816 2276 omnino
846 2237 1155 2288 incorruptibilis.

355 2293 417 2329 Ad
437 2293 514 2330 hoc
549 2291 663 2329 etiam
693 2291 898 2329 videbatur
926 2291 1050 2329 redire
1080 2291 1249 2330 Platonis
1278 2291 1373 2330 ratio

303 2358 380 2395 qua
403 2346 592 2395 probabat
612 2358 761 2382 omnem
782 2347 951 2383 animam
972 2358 1049 2383 esse
1069 2346 1321 2383 immortalem
1335 2345 1371 2383 *ε

303 2399 395 2448 quia
418 2399 557 2436 scilicet
575 2401 704 2436 anima
724 2405 774 2436 est
794 2412 946 2436 movens
964 2402 1144 2449 seipsum,·
1168 2411 1286 2436 omne
1306 2411 1373 2436 au-

762 292 950 330 SUMMA
980 290 1202 328 CONTRA
1231 288 1506 334 GENTILES,
1536 288 1631 324 LIB.
1652 287 1694 333 11,
1725 287 1837 324 CAP.
1858 287 2048 324 LXXXII.

1434 366 1557 411 Unde,
1587 365 1778 402 definiens
1807 376 1979 411 sensum,
1998 365 2151 402 dicebat
2169 367 2278 415 quod
2303 375 2359 405 est
2386 375 2508 406 motus

1433 421 1585 457 animae
1606 430 1681 468 per
1708 430 1845 468 corpus
1858 417 1889 454 ²⁸.

1486 473 1594 509 Haec
1622 479 1755 508 autem
1783 483 1884 521 quae
1915 470 2015 508 dicta
2043 479 2143 517 sunt,
2167 479 2271 521 patet
2290 485 2373 511 esse
2402 475 2506 512 falsa.

1432 526 1525 563 Non
1545 523 1652 562 enim
1671 524 1811 562 sentire
1831 532 1888 561 est
1907 536 2079 571 movere,
2101 525 2168 562 sed
2189 525 2312 575 magis
2338 528 2506 566 moveri:

2537 429 2545 438 ·
2569 427 2607 449 Cf.
2631 427 2751 455 Timum,

2535 460 2564 482 43
2579 453 2642 482 (Did.
2657 460 2680 482 p.
2695 442 2752 484 υς),-

1431 591 1524 616 nam
1540 591 1587 615 ex
1606 577 1778 627 potentia
1797 577 1984 615 sentiente
2003 577 2048 615 fit
2066 578 2211 616 animal
2229 587 2318 617 actu
2340 581 2508 619 sentiens
2546 621 2548 623 ,

1430 644 1501 682 per
1528 631 1733 677 sensibilia,
1763 643 1786 668 a
1805 631 1949 681 quibus
1972 643 2109 669 sensus
2128 631 2398 671 immutantur.
2418 633 2509 672 Non

1431 693 1563 723 autem
1591 692 1718 735 potest
1746 684 1821 722 dici
1849 684 2023 722 similiter
2045 697 2205 723 sensum
2231 686 2311 736 pati
2339 699 2362 725 a
2390 688 2509 725 sensi-

1430 738 1496 776 bili
1525 739 1623 776 sicut
1650 738 1793 788 patitur
1821 737 2034 776 intellectus
2053 739 2102 776 ab
2130 738 2364 788 intelligibili,
2394 749 2437 778 ut
2456 741 2510 779 sic

1431 792 1570 829 sentire
1598 791 1720 841 possit
1748 804 1832 829 esse
1862 791 2036 842 operatio
2065 792 2219 831 animae
2247 794 2396 844 absque
2425 807 2509 833 cor-

1392 862 1416 876 ιο
1431 858 1553 895 poreo
1582 845 1851 892 instrumento,
1881 845 1979 883 sicut
1998 853 2055 883 est
2083 845 2308 895 intelligere:
2338 860 2433 886 nam
2452 848 2509 886 in-

1430 901 1602 937 tellectus
1622 899 1881 948 apprehendit
1899 911 1960 936 res
1980 898 2020 936 in
2035 899 2292 938 abstractione
2312 913 2335 939 a
2349 902 2510 940 materia

1432 961 1468 990 et
1496 952 1760 990 materialibus
1788 952 2088 999 conditionibus,
2123 965 2225 1003 quae
2254 962 2344 992 sunt
2372 955 2509 993 indivi-

1432 1006 1626 1044 duationis
1663 1005 1869 1056 principia3
1909 1018 1990 1044 non
2028 1014 2161 1044 autern
2199 1020 2348 1045 sensus.
2388 1009 2508 1056 Quod

1431 1061 1570 1098 exinde
1600 1068 1760 1110 apparet
1787 1059 1880 1110 quia
1899 1072 2036 1098 sensus
2055 1068 2111 1097 est
2129 1060 2432 1111 particularium,
2453 1061 2510 1100 in-

1431 1115 1602 1152 tellectus
1617 1126 1712 1151 vero
1728 1113 2019 1151 universalium.
2040 1114 2154 1152 Unde
2173 1122 2278 1164 patet
2296 1115 2406 1165 quod
2424 1128 2509 1154 sen·

1431 1181 1497 1206 sus
1517 1167 1717 1217 patiuntur
1736 1180 1759 1204 a
1778 1167 1895 1205 rebus
1909 1168 2129 1205 secundum
2144 1169 2253 1218 quod
2268 1177 2358 1206 sunt
2373 1169 2412 1207 in
2428 1182 2510 1208 ma-

1431 1221 1540 1259 teria:
1570 1233 1651 1258 non
1676 1228 1809 1258 autem
1828 1220 2052 1268 intellectus,
2073 1222 2142 1259 sed
2161 1222 2382 1260 secundum
2401 1224 2509 1273 quod

1431 1283 1522 1313 sunt
1536 1275 1759 1313 abstractae.
1776 1275 1910 1313 Passio
1930 1274 2044 1324 igitur
2062 1274 2275 1313 intellectus
2290 1284 2346 1314 est
2361 1276 2510 1328 absque

1432 1328 1593 1367 materia
1621 1328 1824 1378 corporali,
1845 1341 1927 1366 non
1946 1337 2078 1366 autem
2098 1329 2227 1379 passio
2252 1341 2400 1368 sensus.

1486 1383 1639 1420 Adhuc.
1669 1381 1823 1420 Diversi
1850 1395 1988 1420 sensus
2024 1391 2114 1420 sunt
2142 1383 2351 1433 susceptivi
2383 1383 2509 1422 diver·

1432 1449 1568 1474 sorum
1597 1436 1856 1474 sensibilium:
1887 1436 1985 1474 sicut
2004 1436 2112 1474 visus
2139 1438 2330 1484 colorum,
2355 1437 2511 1476 auditus

1432 1502 1636 1529 sonorum.
1653 1491 1761 1528 Haec
1776 1498 1908 1528 autem
1928 1489 2129 1528 diversitas
2149 1490 2349 1528 manifeste
2369 1503 2416 1528 ex
2435 1491 2510 1528 dis-

1432 1543 1625 1594 positione
1654 1543 1808 1582 diversa
1834 1556 2072 1594 organorum
2092 1544 2295 1594 contingit:
2326 1557 2420 1583 nam
2449 1556 2510 1582 or-

1431 1609 1578 1646 ganum
1606 1597 1714 1635 visus
1743 1605 1896 1648 oportet
1924 1610 2006 1635 esse
2027 1598 2066 1635 in
2094 1598 2266 1649 potentia
2295 1599 2344 1637 ad
2371 1610 2511 1637 omnes

1432 1653 1594 1697 colores,
1624 1663 1815 1699 organum
1851 1651 2007 1689 auditus
2043 1651 2092 1689 ad
2128 1664 2268 1690 omnes
2303 1664 2434 1691 sonos.
2469 1651 2511 1691 Si

1433 1713 1566 1742 autem
1584 1705 1681 1742 haec
1701 1705 1871 1755 receptio
1894 1704 2005 1742 fieret
2023 1705 2172 1755 absque
2201 1718 2350 1754 organo
2369 1717 2510 1756 corpo-

1432 1758 1512 1805 rali,
1533 1758 1671 1795 eadem
1690 1758 1863 1808 potentia
1877 1765 1977 1796 esset
1991 1758 2173 1797 omnium
2189 1759 2431 1797 sensibilium
2445 1771 2509 1797 su·

1433 1811 1618 1861 sceptiva:
1641 1824 1733 1849 nam
1749 1812 1871 1849 virtus
1890 1811 2153 1850 immaterialis
2173 1825 2213 1850 se
2232 1813 2349 1851 habet
2368 1825 2510 1864 aequa-

1432 1865 1525 1910 liter,
1555 1873 1748 1914 quantum
1776 1865 1826 1902 de
1854 1878 1895 1902 se
1928 1874 1995 1911 est,
2025 1866 2074 1903 ad
2110 1878 2250 1904 omnes
2282 1866 2511 1905 huiusmodi

1431 1918 1648 1967 qualitates;
1670 1918 1776 1955 unde
1796 1918 2020 1964 intellectus,
2040 1918 2108 1968 qui
2128 1931 2210 1956 non
2229 1919 2349 1957 utitur
2363 1931 2510 1968 organo

1431 1970 1634 2021 corporali,
1651 1971 1785 2008 omnia
1800 1971 1994 2009 sensibilia
2008 1972 2215 2021 cognoscit.
2233 1973 2383 2010 Sentire
2398 1972 2512 2022 igitur

1431 2036 1511 2062 non
1540 2024 1584 2061 fit
1611 2024 1760 2074 absque
1789 2036 1939 2074 organo
1966 2037 2171 2075 corporeo.

1485 2078 1698 2115 Praeterea.
1731 2078 1878 2116 Sensus
1911 2078 2175 2129 corrumpitur
2202 2079 2252 2118 ab
2288 2079 2510 2118 excellentia

1430 2131 1688 2169 sensibilium:
1718 2143 1800 2170 non
1829 2139 1960 2170 autem
1989 2132 2214 2180 intellectus,
2243 2132 2335 2183 quia
2364 2135 2429 2184 qui
2453 2135 2509 2172 in-

1430 2186 1560 2235 telligit
1574 2186 1711 2222 altiora
1731 2186 2030 2236 intelligibilium,
2048 2199 2123 2224 non
2140 2188 2263 2225 minus
2276 2188 2415 2237 poterit
2433 2188 2510 2226 alia

1423 2239 1628 2290 speculari,
1657 2239 1723 2276 sed
1749 2241 1874 2290 magis
1887 2239 1919 2277 *.
1949 2239 2116 2278 Alterius
2140 2239 2255 2289 igitur
2274 2240 2426 2291 generis
2453 2248 2511 2281 est
2537 2249 2547 2259 ·

1430 2292 1559 2343 passio
1589 2305 1726 2330 sensus
1749 2305 1773 2331 a
1795 2269 1976 2340 sensibili,
2002 2301 2039 2331 et
2066 2293 2278 2333 intellectus
2302 2293 2352 2332 ab
2374 2292 2510 2351 intelli-

1430 2346 1545 2396 gibili.
1563 2347 1780 2384 Intellectus
1798 2346 1961 2397 quidem
1979 2346 2111 2398 passio
2130 2346 2175 2385 fit
2192 2342 2342 2399 absque
2360 2346 2509 2398 organo

1387 2400 1639 2450 corporali:
1670 2399 1800 2450 passio
1828 2413 1924 2439 vero
1953 2413 2090 2439 sensus
2123 2414 2215 2440 cum
2249 2413 2397 2451 organo
2424 2413 2509 2440 cor-

302 2460 382 2489 tem
420 2464 585 2490 movens
621 2452 791 2502 seipsum
830 2460 982 2502 oportet
1017 2465 1099 2490 esse
1143 2452 1373 2490 immortale.
1389 2454 1565 2504 wporali,
1602 2453 1714 2492 cuius
1742 2454 1949 2493 harmonia
1977 2454 2140 2493 solvitur
2171 2467 2241 2506 per
2268 2451 2510 2495 sensibilium

305 2506 457 2556 Corpus
487 2506 591 2543 enim
620 2518 699 2543 non
726 2506 892 2544 moritur
916 2506 986 2543 nisi
1017 2507 1249 2544 abscedente
1275 2519 1323 2544 eo
1353 2520 1374 2544 a

302 2572 383 2609 quo
412 2559 659 2606 movebatur;
687 2559 791 2597 idem
812 2568 943 2597 autem
972 2573 995 2597 a
1023 2560 1152 2610 seipso
1180 2573 1262 2598 non
1289 2569 1374 2610 pot-

302 2621 358 2651 est
385 2613 600 2658 discedere;
628 2613 733 2651 unde
763 2613 946 2663 sequitur,
980 2615 1199 2652 secundum
1233 2614 1374 2674 ipsum,

302 2667 409 2716 quod
439 2679 604 2704 movens
633 2666 806 2717 seipsum
834 2680 916 2705 non
945 2667 1065 2718 possit
1094 2667 1206 2706 mori.
1238 2669 1286 2706 Et
1321 2667 1375 2706 sic

1431 2507 1709 2546 excellentiam.

1486 2561 1607 2610 Quod
1635 2569 1769 2600 autem
1797 2562 1907 2599 Plato
1927 2560 2031 2608 dixit,
2051 2564 2222 2600 animam
2251 2574 2330 2600 esse
2357 2574 2510 2601 moven-

1431 2621 1504 2653 tem
1531 2617 1706 2666 seipsam,
1736 2622 1886 2653 certum
1916 2627 2000 2654 esse
2029 2615 2184 2654 videtur
2216 2628 2262 2654 ex
2295 2617 2374 2655 hoc
2395 2615 2510 2677 quod

1431 2668 1532 2707 circa
1560 2681 1727 2719 corpora
1755 2676 1927 2730 apparet.
1957 2669 2123 2708 Nullum
2154 2669 2258 2708 enim
2283 2682 2429 2720 corpus
2456 2663 2510 2709 vi·

302 2720 591 2770 relinquebatur
619 2721 727 2770 quod
762 2720 893 2759 anima
929 2721 1059 2759 omnis
1094 2721 1243 2759 motiva
1277 2729 1376 2759 esset
1391 2743 1415 2764 ις
1433 2723 1546 2761 detur
1564 2735 1726 2761 movere
1741 2721 1876 2760 nisisit
1894 2730 2063 2761 motum.
2081 2723 2195 2762 Unde
2210 2723 2319 2762 Plato
2339 2723 2512 2774 ponebat

302 2773 540 2820 immortalis,
570 2773 686 2812 etiam
715 2775 980 2812 brutorum.—
1001 2776 1092 2813 ldeo
1112 2783 1246 2813 autem
1275 2777 1377 2813 hanc

1433 2788 1552 2814 omne
1573 2789 1740 2815 movens
1759 2775 1923 2816 moveri.
1954 2777 2003 2815 Et
2030 2776 2123 2828 quia
2142 2789 2223 2815 non
2252 2777 2328 2816 itur
2355 2777 2396 2816 in
2423 2776 2510 2816 infi-

303 2827 492 2865 rationem
521 2828 559 2865 in
580 2828 684 2866 idern
706 2828 829 2866 redire
849 2828 1019 2866 diximus
1039 2841 1132 2866 curn
1150 2829 1375 2879 praemissa,
1433 2830 1560 2868 nitum
1575 2838 1617 2868 ut
1632 2830 1950 2880 unumquodque
1966 2838 2122 2869 motum
2137 2831 2186 2869 ab
2202 2830 2277 2869 alio
2292 2838 2510 2878 moveatur,

303 2881 394 2930 quia
423 2893 526 2927 cum,
555 2882 774 2919 seeundum
804 2882 975 2920 Platonis
1004 2882 1252 2932 positionem,
1282 2882 1377 2921 nihil
1433 2884 1604 2934 ponebat
1631 2883 1807 2934 primum
1835 2896 2003 2922 movens
2031 2883 2072 2922 in
2099 2896 2345 2936 unoquoque
2373 2881 2511 2925 ordine

303 2942 460 2972 moveat
488 2934 560 2972 nisi
589 2943 754 2995 motum,
775 2935 869 2974 illud
889 2936 997 2996 quod
1017 2945 1074 2974 est
1097 2936 1272 2986 seipsum
1293 2949 1377 2974 mo·
1434 2950 1596 2975 movere
1616 2937 1802 2998 seipsum.
1823 2938 1873 2976 Et
1892 2949 1938 2975 ex
1962 2938 2041 2976 hoc
2065 2938 2302 2988 sequebatur
2324 2938 2510 2986 animam,

304 3000 409 3034 vens,
448 2996 504 3026 est
535 3001 605 3038 per
639 2989 813 3039 seipsum
847 2989 1055 3036 motivum,
1094 2998 1130 3027 et
1169 2990 1222 3028 sic
1262 2991 1420 3031 habetes
1406 3003 1536 3042 oquae
1556 2999 1612 3028 est
1631 2991 1806 3042 primum
1826 3003 1993 3029 movens
2012 2991 2052 3029 in
2071 2991 2246 3030 motibus
2268 2991 2510 3039 animalium,

305 3018 474 3091 aliquam
503 3042 771 3092 operationem
799 3055 870 3104 per
898 3055 950 3081 se.

358 3095 450 3132 Non
479 3097 606 3133 solum
637 3104 769 3134 autem
798 3097 837 3134 in
867 3097 1080 3144 movendo,
1106 3097 1173 3134 sed
1203 3096 1320 3135 etiam
1340 3097 1379 3135 in

306 3148 506 3186 sentiendo
534 3149 704 3198 ponebat
724 3151 832 3188 Plato
853 3150 1026 3188 animam
1047 3150 1271 3188 sensitivam
1290 3163 1380 3201 pro-

1435 3057 1519 3083 esse
1547 3045 1708 3095 aliquod
1737 3057 1904 3083 movens
1931 3044 2118 3096 seipsum.

1490 3099 1577 3136 Hoc
1595 3106 1729 3136 autem
1748 3106 1851 3149 patet
1870 3110 1953 3136 esse
1974 3098 2124 3146 falsum,
2141 3096 2354 3150 dupliciter.
2376 3097 2510 3140 Primo

1436 3151 1610 3202 quidem,
1639 3151 1733 3203 quia
1759 3151 1970 3203 probatum
1999 3160 2055 3191 est
2068 3153 2089 3175 ¹³
2116 3153 2226 3203 quod
2254 3165 2374 3192 omne
2401 3150 2510 3213 quod

305 3201 429 3261 priam
449 3202 716 3251 operationem
744 3204 889 3242 habere
904 3204 935 3241 ²¹⁸.
957 3203 1119 3242 Dicebat
1146 3204 1252 3242 enim
1272 3205 1381 3255 quod
1437 3213 1620 3244 movetur
1647 3218 1718 3256 per
1745 3219 1798 3252 se,
1827 3213 1884 3244 est
1911 3217 2066 3256 corpus.
2099 3206 2226 3267 Unde,
2258 3218 2351 3244 curn
2379 3203 2510 3266 anirna

266 3254 444 3292 sentire
460 3263 515 3292 est
530 3264 660 3293 motus
680 3257 864 3306 quidam'
856 3257 977 3307 ipsius
993 3257 1147 3295 animae
1166 3257 1379 3296 sentientis:
1398 3276 1420 3297 55
1437 3271 1518 3297 non
1538 3258 1585 3296 sit
1603 3271 1758 3310 corpus,
1778 3258 2018 3310 impossibile
2037 3268 2094 3298 est
2117 3259 2244 3310 ipsam
2267 3257 2419 3297 moveri
2438 3257 2511 3297 nisi

307 3316 343 3344 et
357 3308 450 3358 ipsa,
465 3308 518 3346 sic
533 3317 649 3356 mota,
666 3311 849 3348 movebat
864 3323 1007 3362 corpus
1022 3311 1071 3350 ad
1087 3310 1334 3350 sentiendum
1348 3312 1379 3349 *.
1437 3325 1507 3363 per
1535 3312 1725 3351 accidens.

363 3447 376 3464 ἰ
396 3441 574 3465 conservantia
595 3441 700 3475 corpus]
733 3443 941 3468 conservantiam
966 3443 1084 3476 corpori·
1104 3443 1154 3472 Pe,-
1178 3443 1297 3476 corpori·
1315 3443 1397 3469 etiam
1416 3444 1451 3470 X.
1552 3444 1569 3470 6
1587 3445 1723 3470 ordinatur
1743 3445 1786 3470 Ita
1805 3444 1880 3475 02⁶3

311 3481 342 3499 10
362 3475 394 3500 de
412 3476 498 3501 anima
514 3476 582 3502 bruti
603 3477 645 3502 Ita
664 3477 1007 3511 NYZ;(Levit.XV11.P)
1026 3478 1060 3504 de
1078 3478 1234 3504 animalibus
1258 3479 1340 3504 brutis
1359 3479 1404 3511 ὸΡ,
1424 3480 1457 3505 de
1477 3480 1615 3506 animabus
1634 3480 1703 3506 bruti
1721 3480 1812 3506 aeteri.

308 3511 429 3540 praeced.
535 3511 566 3536 15
586 3512 732 3546 brutorum]
758 3521 821 3538 vero
839 3514 945 3539 addunt
964 3514 1029 3540 de.
1134 3520 1166 3546 ¹7
1186 3513 1212 3539 in
1231 3514 1323 3539 11.1ta
1343 3514 1375 3544 P·
1404 3515 1429 3540 in
1450 3515 1467 3541 1.
1486 3515 1518 3547 X,
1538 3516 1564 3541 in
1587 3515 1628 3543 ΠΙ.
1647 3516 1739 3542 ceteri.
1842 3521 1871 3540 ιι
1895 3513 2067 3548 immortales]
2088 3521 2148 3539 ense
2166 3514 2245 3540 addit
2264 3515 2294 3547 E,
2309 3514 2464 3548 praemittit
2482 3514 2512 3540 P.

312 3544 343 3569 26
363 3553 408 3577 per
427 3546 464 3580 se]
486 3547 630 3572 subsistens
649 3548 755 3573 addunt
775 3549 818 3574 rc.
891 3550 1007 3583 movere]
1033 3557 1062 3575 se
1086 3557 1193 3575 movere
1213 3550 1255 3575 Pc.
1347 3549 1380 3575 36
1399 3551 1516 3585 omnino]
1544 3559 1597 3576 non
1620 3551 1676 3582 EG,
1701 3559 1754 3577 non
1776 3549 1974 3584 (corruptibilis)
1995 3549 2048 3575 ΝΖ.
2131 3549 2163 3583 37
2182 3550 2223 3575 Ad
2247 3549 2306 3583 hoc]
2330 3549 2423 3576 Adhuc
2441 3549 2512 3576 YbP.

313 3579 344 3612 39
363 3581 487 3615 seipsum]
508 3583 620 3614 seipsam
642 3584 669 3607 Z.
741 3591 772 3614 4¹
796 3593 847 3609 non
866 3592 909 3610 om
930 3586 989 3616 EG;
1009 3585 1059 3610 nisi
1078 3593 1121 3610 om
1141 3585 1174 3610 G.
1264 3592 1298 3617 42
1319 3593 1333 3610 a
1352 3586 1449 3619 seipso}
1469 3587 1558 3620 seipso
1577 3587 1661 3613 aXcd.
1751 3585 1787 3618 48
1806 3593 1866 3612 cum
1886 3592 1929 3611 om
1949 3585 1985 3616 D;
2005 3586 2151 3611 necandum
2170 3593 2213 3611 om
2234 3587 2305 3612 αΕΧ.

364 3614 380 3638 6
399 3616 575 3656 immutantur}
595 3623 726 3643 mutantur
739 3620 792 3650 GZ,
812 3626 869 3645 actu
889 3621 1041 3646 immutatur
1052 3621 1085 3646 Y.
1160 3626 1188 3646 ιι
1211 3628 1227 3646 ι
1245 3620 1361 3654 materia]
1381 3627 1452 3647 amnt
1470 3622 1500 3653 E,
1519 3627 1623 3648 amatus
1636 3622 1670 3648 G.
1744 3629 1777 3654 ¹4
1795 3621 1865 3655 quin}
1885 3621 1957 3654 quod
1970 3620 2080 3646 erx.
2155 3629 2188 3647 20
2207 3621 2357 3656 susoepdvil
2371 3620 2415 3648 Iu
2426 3621 2512 3651 EGY:

311 3651 432 3683 receptivi
452 3652 503 3682 NZ,
528 3654 666 3687 perceptivi
685 3656 775 3680 ceteri.
867 3656 899 3681 23
919 3656 1022 3682 divers·
1040 3659 1105 3682 ante
1123 3656 1294 3689 dispositione
1312 3656 1368 3687 DE,
1387 3660 1451 3689 post
1468 3665 1628 3691 organorum
1647 3657 1768 3684 «wxrc.
1862 3655 1894 3690 39
1914 3656 2047 3689 passio...
2068 3658 2196 3690 corporali
2216 3658 2277 3683 hom
2296 3665 2340 3683 om
2358 3656 2514 3683 DEGHNY.

312 3693 347 3716 44
366 3686 430 3710 circa
451 3687 491 3710 Ita
511 3687 567 3718 NZ;
588 3696 648 3720 erga
665 3690 756 3716 cereri.
848 3691 880 3716 5ο
900 3691 925 3716 in
945 3691 1069 3725 motibus}
1090 3691 1205 3717 motibus
1225 3692 1276 3717 ax.

1907 3448 1950 3469 eut
1966 3442 2009 3474 W,
2028 3448 2147 3469 vet-tmi-
2165 3443 2213 3473 Pd,
2232 3448 2403 3470 con-ervenit
2420 3444 2511 3471 aeteri.

1899 3486 1927 3505 ιι
1949 3478 2028 3512 illius]
2048 3477 2118 3504 enim
2137 3479 2224 3504 omnis
2242 3479 2327 3504 carnis
2347 3479 2380 3511 1²3
2398 3480 2435 3513 ff.
2453 3487 2511 3505 var.

2537 2281 2569 2304 ΙΥ,
2578 2281 2600 2305 5.

2538 3157 2607 3180 'le-
2613 3157 2631 3185 1,
2639 3162 2691 3186 οιρ.
2700 3161 2753 3180 xm.
