2716 4302
49 552 60 562 ·
75 555 119 580 35¹*
132 556 173 572 ιι.

51 601 61 610 ·
75 605 125 628 3⁴V
139 599 154 620 b
170 603 210 625 mg
225 597 265 619 inf.

51 808 153 832 „ru-

1271 154 1531 191 APPENDIX

292 233 394 264 derari
411 238 528 274 potest.
547 232 616 273 Ipsa
635 235 722 264 enim
740 233 847 264 divina
864 234 990 264 bonitas
1007 234 1170 275 praecedit
1186 240 1222 265 ut
1242 234 1314 264 finis
1339 240 1370 264 et

291 284 435 325 primum
463 295 571 313 movens
602 285 763 315 motivum
792 284 831 315 ad
861 288 947 313 creati
974 285 1160 322 creandum,
1189 284 1369 315 secundum

292 339 365 372 quod
384 339 539 372 augustinus
564 327 787 377 (augustinum
816 335 886 376 qui)
911 335 998 372 dicit,
1026 336 1112 374 Quia
1145 336 1233 366 Deus
1263 337 1370 366 bonus

293 390 340 415 est
357 394 479 415 sumus,
497 385 638 416 Scientia
654 393 763 416 autern
777 387 846 417 eius
865 390 942 422 dispo
962 393 993 417 et
1012 387 1161 417 voluntas
1173 386 1371 427 praecedunt

293 436 375 466 sicut
401 445 437 466 ea
462 437 581 477 quibus
604 447 654 467 res
677 438 709 467 in
735 447 804 468 esse
829 438 1063 478 producuntur.
1090 438 1123 468 Si
1147 439 1243 478 igitur
1267 439 1369 478 ipsam

294 487 435 518 divinam
461 489 639 518 bonitatem
663 490 810 520 absolute
836 490 1089 526 consideremus,
1115 500 1292 518 creaturarum
1312 502 1370 526 pro-

294 542 390 573 ductio,
411 543 427 559 *
447 544 479 567 ad
499 544 585 575 ipsam
600 550 759 576 comparata,
779 545 941 569 necessitatis
961 546 1076 569 debitum
1096 545 1192 569 habere
1212 553 1264 570 non
1284 550 1372 578 potest

293 587 464 631 *(nullum
488 588 635 619 debitum
658 590 692 619 in
717 591 880 620 creatione
904 601 1010 621 rerum
1034 591 1228 622 invenimus.
1247 591 1371 621 Dicitur

295 641 383 670 enim
407 650 474 670 uno
499 640 600 670 modo
625 641 747 681 aliquid
764 641 858 672 alicui
881 641 1026 672 debiturn
1044 652 1081 672 ex
1107 643 1218 673 ordine
1244 643 1373 672 alterius

294 690 335 721 ad
358 691 477 732 ipsum,
503 691 594 731 quod
618 692 737 722 scilicet
762 693 794 722 in
820 693 927 732 ipsum
952 693 1047 723 debet
1076 692 1192 723 referre
1218 693 1308 733 quod
1334 694 1372 722 ab

293 742 365 782 ipso
389 742 526 782 accepit.
544 741 634 772 Sicut
652 742 798 772 debitum
816 766 823 772 .
839 766 844 772 .
861 766 867 772 .
885 745 1087 784 praeexistat.
1111 744 1186 774 Alio
1203 743 1305 774 modo
1327 744 1374 773 di-

295 794 378 823 citur
393 792 515 833 aliquid
532 793 628 823 alicui
643 793 789 824 debiturn
805 794 986 825 secundum
1003 797 1062 835 se.)
1087 796 1102 811 a
1120 795 1193 825 Hoc
1218 795 1305 825 enim
1323 801 1370 825 est

295 853 334 874 ex
349 845 539 875 necessitate
556 845 652 876 alicui
666 845 811 876 debitum
829 847 919 887 quod
935 846 975 877 ad
991 847 1060 877 eius
1076 846 1311 887 perfectionem
1325 856 1374 877 re-

295 889 443 936 quir'itur,
460 897 543 926 sicut
559 898 713 938 (homini)
739 898 885 928 debitum
902 905 948 928 est
964 899 1081 928 habere
1102 907 1218 928 manus
1242 899 1292 928 vel
1313 899 1374 927 vir-

294 954 410 984 tutem,
424 949 500 988 quia
516 949 584 978 sine
601 949 650 979 his
665 947 828 989 perfectus
841 959 908 980 esse
922 959 989 979 non
1003 956 1119 990 potest.
1134 949 1250 979 Divina
1267 956 1375 980 autem

296 1000 423 1030 bonitas
446 1000 539 1030 nullo
564 1001 714 1031 exteriori
738 1000 860 1041 indiget
883 1001 922 1031 ad
946 1002 994 1031 sui
1023 1000 1268 1041 perfectionem.
1294 1000 1369 1031 Non

296 1058 344 1082 est
367 1052 464 1092 igitur
486 1061 544 1092 per
567 1052 706 1082 modum
733 1053 931 1083 necessitatis
954 1060 1029 1082 creat
1056 1053 1085 1083 ei
1114 1052 1220 1083 debita
1248 1058 1372 1083 creatu-

297 1111 405 1133 rarum
435 1103 621 1143 productio.
650 1103 812 1142 §Adhuc.
846 1104 933 1134 Deus
962 1114 1019 1135 sua
1050 1104 1217 1134 voluntate
1237 1127 1243 1134 .
1260 1127 1267 1133 .
1284 1127 1290 1133 .
1308 1104 1375 1133 vult

296 1154 367 1184 alia.
392 1154 491 1194 igitur
507 1164 576 1185 non
594 1165 632 1185 ex
648 1157 838 1186 necessitate
862 1156 996 1186 debetur
1021 1155 1147 1186 divinae
1172 1160 1296 1184 voluntati
1316 1157 1375 1186 bo-

296 1206 388 1236 nitati
405 1213 624 1237 creaturarum
640 1207 825 1248 productio.
850 1209 867 1246 §
884 1209 1046 1248 Amplius.
1063 1208 1242 1238 Ostensum
1259 1214 1306 1238 est
1322 1231 1328 1238 .
1345 1231 1351 1237 .
1367 1231 1374 1238 .

297 1266 407 1298 neque
439 1258 589 1288 iustitiae.
624 1258 723 1288 Nullo
755 1259 852 1299 igitur
882 1259 985 1289 modo
1018 1259 1215 1289 necessitatis
1248 1259 1374 1289 divinae

298 1309 584 1360 votunfflnitati
601 1315 647 1339 est
665 1309 811 1339 debitum
827 1309 919 1349 quod
934 1319 984 1339 res
1008 1310 1040 1339 in
1058 1319 1126 1339 esse
1143 1308 1365 1349 producantur

261 1359 442 1399 ἓ’ξὶῖοτεεεῑῐ
457 1367 566 1391 tamen
591 1362 654 1392 dici
679 1371 747 1392 esse
772 1362 831 1392 sibi
856 1361 1002 1391 debitum
1026 1370 1083 1401 per
1106 1362 1244 1391 modum
1269 1361 1375 1391 cuius-

299 1413 374 1443 dam
394 1413 637 1443 condecentiae.
667 1413 788 1443 lustitia
816 1420 925 1443 autem
955 1414 1088 1453 proprie
1119 1412 1202 1443 dicta
1231 1412 1376 1443 debiturn

298 1466 496 1495 necessitatis
512 1466 662 1505 requirit:
684 1469 775 1494 reddit
794 1464 885 1506 quod
901 1465 987 1495 enim
1005 1474 1043 1494 ex
1060 1465 1179 1495 iustitia
1196 1464 1291 1494 alicui
1308 1464 1378 1494 red-

299 1516 395 1553 ditur,
413 1527 452 1547 ex
476 1518 665 1547 necessitate
681 1517 759 1548 iuris
775 1518 804 1547 ei
822 1517 967 1547 debetur.
991 1516 1082 1546 Sicut
1106 1516 1201 1555 igitur
1219 1539 1225 1545 .
1241 1539 1247 1545 .
1263 1539 1270 1544 .
1288 1517 1312 1545 si
1330 1516 1374 1545 iu-

299 1569 383 1598 stitia
395 1570 527 1609 proprie
540 1569 728 1608 accipiatur.
742 1569 845 1611 Large
857 1575 965 1598 tamen
979 1567 1098 1598 iustitia
1111 1573 1253 1607 accepta,
1270 1573 1380 1607 potest

301 1620 364 1651 dici
388 1631 518 1658 quantuni
537 1631 571 1649 aa
589 1625 640 1648 'noc
659 1632 719 1649 esse
738 1625 764 1648 in
784 1622 815 1650 in
848 1621 1012 1649 creatione
1042 1628 1149 1649 rerum
1181 1619 1300 1648 iustitia
1331 1619 1381 1648 in·

301 1677 462 1713 quantum
478 1671 621 1702 divinam
646 1671 806 1702 condecet
826 1672 1018 1707 bonitatem,
1038 1675 1106 1699 sicut
1129 1681 1155 1699 et
1178 1676 1289 1699 anselm.
1312 1675 1381 1704 ait-it,

301 1729 371 1754 Cum
389 1729 475 1761 parcis
494 1729 685 1760 peccatoribus,
703 1728 803 1752 iustum
828 1734 877 1757 est,
903 1728 979 1752 decet
998 1727 1067 1751 enim
1087 1732 1122 1751 te.
1140 1722 1158 1760 ξ
1175 1721 1207 1752 Si
1233 1731 1310 1752 vero
1335 1721 1382 1751 di·
1400 1742 1406 1747 -

301 1774 411 1806 vinam
435 1774 687 1816 dispositionem
715 1773 960 1804 consideremus
978 1797 984 1803 .
999 1797 1005 1804 .
1021 1797 1028 1803 .
1043 1774 1190 1804 creantis.
1222 1771 1377 1803 Eiusdem

302 1833 413 1858 autem
437 1827 478 1857 ad
501 1828 645 1867 seipsum
669 1836 737 1857 non
762 1833 809 1856 est
832 1826 952 1856 iustitia
969 1826 1099 1867 proprie
1124 1825 1218 1860 dicta,
1237 1830 1271 1854 ut
1295 1830 1383 1864 patet

302 1888 361 1920 per
383 1879 622 1919 philosophum
646 1879 679 1909 in
695 1889 715 1909 v
732 1879 796 1909 eth.
822 1879 897 1909 Non
923 1878 1019 1918 igitur
1042 1878 1173 1918 proprie
1190 1876 1253 1906 dici
1277 1882 1384 1916 potest

280 1955 283 1960 .
304 1930 396 1972 quod
421 1931 511 1961 Deus
531 1940 568 1960 ex
594 1931 704 1960 debito
729 1931 744 1946 ἃ
762 1931 900 1961 iustitiae
918 1939 967 1960 res
986 1930 1019 1959 in
1037 1938 1106 1959 esse
1129 1927 1327 1968 produxerit,
1346 1936 1382 1957 ea

303 1983 428 2014 ratione
442 1983 518 2023 quia
535 1986 607 2024 (per
623 1982 789 2012 scientiam
805 1988 836 2012 et
849 1981 1064 2020 voluntatem)
1081 1990 1114 2011 se
1131 1979 1293 2019 disposuit
1309 1988 1384 2019 pro-

305 2035 491 2067 ducturum.
512 2039 528 2071 S*
548 2040 575 2063 ln
595 2046 683 2062 rerum
703 2043 792 2063 autem
811 2038 999 2070 propagatione
1017 2044 1047 2061 ex
1071 2036 1159 2060 debito
1178 2036 1279 2060 divinae
1298 2034 1386 2066 dispo—

305 2091 407 2117 sitionis
435 2091 584 2124 implendae
603 2090 700 2115 iustitia
720 2095 806 2123 potest
832 2090 948 2114 inveniri.
970 2089 1005 2114 lbi
1025 2090 1094 2113 enim
1118 2088 1169 2113 iam
1190 2096 1242 2112 non
1262 2088 1319 2112 sola
1339 2086 1385 2111 Dei

304 2143 422 2176 operatio
441 2142 579 2171 invenitur,
598 2142 645 2166 sed
665 2141 742 2166 etiam
763 2146 850 2166 motus
877 2141 1057 2173 creaturaevin
1083 2140 1184 2164 divinae
1208 2138 1386 2172 dispositionis

305 2194 488 2228 impletionem
507 2194 627 2222 tendens,
647 2198 673 2218 et
691 2193 741 2218 hoc
761 2201 791 2218 ex
811 2193 965 2218 necessitate
985 2192 1062 2216 debet
1081 2197 1196 2216 creatura
1217 2191 1272 2215 Deo
1299 2191 1386 2223 dispo-

306 2247 386 2273 nenti.
401 2248 418 2264 *
433 2244 452 2282 g
471 2243 503 2274 Si
529 2248 636 2274 autem
660 2246 844 2271 consideratio
867 2241 1003 2272 alicuius
1027 2246 1190 2271 creaturae
1214 2239 1387 2280 productio

279 2317 283 2322 =
307 2296 540 2332 consideretur,
557 2295 675 2336 poterit
689 2295 732 2324 ibi
750 2294 894 2324 debitum
912 2294 1050 2323 iustitiae
1067 2292 1202 2322 inveniri
1220 2295 1324 2319 rati-me
1336 2295 1388 2318 ord

307 2357 346 2379 ex
375 2348 619 2388 comparatione
647 2346 835 2387 posterioris
866 2352 1029 2376 creaturae
1054 2344 1092 2374 ad
1124 2345 1276 2384 priorem.
1303 2343 1386 2373 Dico

307 2404 417 2430 autern
449 2399 591 2439 priorem
624 2408 690 2428 non
723 2403 794 2435 quod
827 2388 962 2436 (solum)
995 2403 1142 2436 tempore
1181 2395 1238 2425 sed
1273 2401 1386 2424 natura

307 2456 406 2489 (omnis
427 2455 548 2487 (autem)
570 2454 660 2487 [enim]
675 2438 754 2478 causa
773 2453 925 2479 naturaliter
945 2458 984 2476 est
1003 2452 1074 2484 prior
1093 2451 1194 2479 ellectu,
1214 2451 1289 2474 etiam
1308 2448 1387 2483 finis.)

309 2508 387 2538 Quod
401 2508 471 2532 enim
485 2508 511 2531 in
524 2507 666 2532 intentione
680 2506 781 2539 agentis
794 2506 866 2539 prius
884 2510 933 2534 est,
947 2504 1097 2530 naturaliter
1109 2503 1182 2537 prius
1197 2510 1256 2528 esse
1270 2507 1375 2535 oportet
1380 2509 1388 2533 ;

309 2560 431 2592 quamvis
445 2560 522 2584 etiam
536 2558 697 2592 quandoque
716 2558 848 2590 contingat
867 2557 938 2582 idem
957 2557 1089 2590 posterius
1102 2561 1222 2588 tempore
1237 2555 1307 2580 idem
1326 2561 1388 2579 esse

310 2611 353 2643 <in
366 2619 420 2636 uno
431 2616 457 2635 et
471 2611 566 2635 eodem
575 2610 708 2635 individuo
721 2610 792 2643 quod
804 2610 836 2635 de
851 2609 1004 2643 imperfecto
1014 2609 1165 2641 perducitur
1174 2608 1206 2632 ad
1217 2607 1386 2640 perfectum.)

309 2664 348 2689 Ea
366 2666 436 2689 enim
456 2671 524 2697 quae
545 2663 691 2697 posteriora
709 2663 735 2688 in
754 2663 898 2688 intentione
921 2668 982 2687 sunt
1001 2662 1033 2687 ab
1058 2661 1108 2686 illis
1133 2661 1258 2685 rationem
1284 2658 1389 2684 trahunt

310 2723 378 2748 quae
405 2716 491 2748 primo
514 2715 692 2744 intenduntur.
710 2714 920 2747 unumquodque
939 2713 1008 2738 enim
1028 2713 1098 2746 quod
1119 2713 1151 2736 ad
1170 2710 1249 2736 finem
1269 2715 1317 2739 est,
1337 2710 1388 2734 tale

310 2775 371 2792 esse
386 2767 464 2792 debet
473 2766 552 2800 quale
566 2771 692 2798 congruat
706 2764 759 2796 fini,
774 2765 840 2789 sicut
854 2765 886 2789 ad
902 2764 1044 2789 secandum
1058 2762 1085 2788 fit
1100 2770 1172 2787 serra
1187 2762 1286 2787 ferreos
1300 2762 1390 2786 dentes
1408 2774 1414 2778 -

310 2818 419 2848 habens,
438 2822 464 2842 et
483 2818 515 2842 ad
530 2817 683 2842 incisionem
703 2816 751 2841 cibi
767 2814 832 2840 fiunt
851 2815 943 2839 dentes
963 2814 1104 2839 anteriores
1127 2814 1202 2838 acuti.
1226 2813 1283 2837 Non
1303 2818 1390 2837 autem

311 2869 378 2904 (res)
404 2870 498 2894 eodem
525 2869 606 2893 modo
632 2868 658 2892 in
682 2866 761 2892 finem
787 2867 940 2892 ordinantur
958 2872 1073 2890 creatum
1094 2873 1148 2898 quo
1167 2870 1300 2890 creaturae
1318 2863 1391 2888 ordi-

312 2927 407 2947 nantur
425 2921 451 2946 in
471 2921 591 2945 ultimum
607 2919 696 2944 finem.
715 2919 781 2944 Nam
796 2917 854 2943 finis
867 2918 985 2948 ultimuS‚
1005 2918 1049 2950 qui
1066 2917 1137 2941 Deus
1151 2922 1198 2946 est,
1213 2924 1266 2940 non
1285 2916 1390 2948 indiget,

312 2980 400 3006 neque
423 2977 452 2998 ut
475 2972 508 2997 sit
527 2979 614 3004 neque
639 2976 668 2996 ut
693 2969 878 3002 congruentius
898 2969 939 2998 sit,
959 2976 990 2993 eo
1010 2968 1082 3000 quod
1102 2972 1208 3000 propter
1231 2967 1319 2999 ipsum
1343 2971 1391 2995 est,

313 3033 374 3051 curn
393 3025 419 3049 in
435 3032 464 3049 se
484 3025 541 3056 ipso
554 3023 684 3048 contineat
700 3029 807 3046 omnem
823 3020 1010 3054 plenitudinem
1026 3019 1162 3043 bonitatis:
1182 3017 1241 3042 finis
1255 3022 1341 3042 autem
1364 3017 1390 3041 in

313 3079 392 3104 rebus
412 3083 514 3103 creatus
530 3084 560 3101 ex
575 3076 615 3100 liis
629 3082 696 3108 quae
716 3079 777 3099 sunt
796 3078 904 3106 propter
914 3073 1001 3105 ipsum
1013 3071 1180 3104 consequitur
1191 3070 1391 3102 congruentiam

313 3130 428 3162 aliquam
448 3129 490 3153 vel
510 3127 671 3152 nobilitatem
690 3125 803 3155 essendi,
823 3130 848 3149 et
867 3124 1026 3157 quandoque
1046 3122 1123 3147 etiam
1143 3123 1228 3154 ipsum
1249 3129 1316 3145 esse.
1337 3121 1391 3145 Etsi

313 3181 391 3214 igitur
409 3181 512 3206 nullum
532 3181 633 3205 divinae
652 3177 772 3203 bonitatis
792 3177 825 3201 sit
844 3175 961 3200 debitum
978 3174 1134 3208 (secundum
1154 3176 1194 3205 se)
1214 3178 1242 3196 ut
1262 3176 1392 3196 creaturae

315 3234 499 3268 producantur,
524 3240 538 3256 a
558 3231 654 3264 quibus
680 3229 741 3254 nihil
762 3228 878 3261 acquirit,
897 3233 937 3252 est
956 3233 1043 3251 tamen
1066 3227 1109 3250 uni
1123 3230 1256 3250 creaturae
1275 3223 1392 3248 debitum

314 3292 344 3312 ut
361 3286 417 3318 aliq
436 3285 485 3310 alia
500 3288 616 3309 creatura
635 3282 669 3307 sit
688 3289 756 3315 quae
775 3281 800 3305 in
820 3280 903 3312 ipsam
922 3278 1065 3307 ordinatur,
1085 3285 1099 3301 a
1118 3284 1169 3309 qua
1188 3277 1243 3300 eius
1263 3275 1392 3308 dependet

315 3337 441 3372 perfectio
467 3343 576 3368 quoquo
602 3334 692 3359 modo.
717 3332 771 3357 Nec
795 3335 922 3364 quantum
948 3330 980 3354 ad
1004 3329 1053 3353 hoc
1077 3328 1154 3353 refert
1180 3335 1211 3351 an
1235 3327 1300 3351 illud
1319 3326 1392 3351 cuius

315 3388 440 3421 perfectio
460 3386 590 3418 dependet
609 3385 641 3409 ab
666 3384 756 3411 altero,
775 3383 808 3406 sit
831 3381 888 3405 eius
912 3379 972 3405 finis
991 3379 1031 3403 vel
1052 3378 1253 3410 qualiscumque
1273 3375 1392 3401 effectus:

317 3439 434 3464 debitum
453 3438 524 3463 enim
550 3442 590 3461 est
615 3435 685 3460 enim
705 3434 737 3459 ad
756 3441 815 3458 esse
834 3432 942 3457 alicuius
969 3431 994 3455 id
1019 3430 1075 3454 sine
1099 3437 1152 3461 quo
1179 3429 1242 3453 illud
1261 3435 1322 3452 esse
1341 3434 1392 3450 non

313 3494 412 3524 potest.
433 3488 492 3520 <Sic
506 3488 584 3521 igitur
604 3486 676 3520 quod
695 3485 809 3518 primum
829 3483 854 3508 in
873 3482 966 3507 divinis
989 3480 1113 3513 operibus
1139 3479 1251 3504 occurrit
1276 3478 1393 3502 debitum

318 3550 378 3567 esse
404 3549 457 3566 non
482 3545 577 3573 potest,
597 3546 657 3564 cum
681 3537 743 3562 nihil
762 3536 899 3570 praecedat
922 3534 995 3567 quod
1012 3533 1070 3558 sine
1089 3533 1145 3564 ipso
1165 3538 1221 3556 esse
1244 3530 1314 3563 quod
1338 3530 1392 3554 sine

319 3595 364 3619 illo
376 3601 437 3618 esse
449 3600 502 3617 non
516 3592 622 3625 posset>
637 3586 689 3617 Sic
707 3586 801 3626 igitur
818 3585 851 3615 in
875 3586 958 3620 prima
970 3593 1057 3610 rerum
1078 3583 1247 3617 productione
1267 3577 1393 3618 (primis

319 3642 434 3673 divinis
459 3639 626 3671 effectibus
652 3629 882 3679 producendis)
900 3634 1044 3665 debiturn
1068 3641 1134 3663 non
1160 3631 1331 3661 invenitur.
1358 3629 1393 3658 In

319 3694 538 3735 posteriorum
562 3701 639 3722 vero
664 3689 882 3732 productione
905 3686 1067 3716 invenitur
1095 3683 1251 3717 debitum,
1281 3679 1394 3710 ordine

319 3753 428 3777 tamen
456 3745 594 3775 diversa
623 3743 706 3773 Nam
735 3742 760 3771 si
789 3741 842 3771 illa
870 3749 952 3779 quae
977 3744 1051 3767 sunt
1075 3737 1181 3777 priora
1209 3732 1394 3764 naturaliter

320 3799 383 3828 sint
407 3798 503 3828 etiam
536 3796 642 3836 priora
667 3795 699 3824 in
732 3803 811 3830 esse,
836 3797 980 3830 posteriora
1004 3801 1055 3817 non
1080 3797 1140 3816 sunt
1167 3790 1252 3815 debita
1278 3789 1309 3813 ad
1336 3795 1394 3812 esse

321 3856 448 3888 priorum,
467 3855 514 3879 sed
534 3864 548 3878 e
568 3860 706 3882 converso,
726 3851 841 3876 debitum
863 3856 902 3874 est
921 3849 999 3877 enim,
1019 3847 1039 3871 si
1055 3853 1097 3870 res
1116 3845 1202 3877 aliqua
1215 3842 1281 3876 fieri
1299 3842 1317 3866 d
1337 3848 1393 3865 esse

321 3907 423 3936 debeat,
443 3906 615 3939 praeexistere
642 3902 782 3928 efficientes
805 3909 896 3927 causas
919 3899 1065 3924 materiales
1085 3902 1110 3921 et
1129 3896 1253 3921 formales
1276 3890 1395 3931 (poste-

1392 1226 1417 1239 20

2422 156 2497 205 47*

1427 234 1510 264 riora
1534 244 1570 264 ex
1597 235 1757 275 prioribus
1781 235 1925 266 debitum
1950 236 2098 267 trahunt:
2124 236 2267 267 debitum
2285 237 2372 267 enim
2389 243 2435 267 est
2451 243 2496 273 ut,

1428 286 1540 326 positis
1569 287 1682 323 causis,
1707 287 1843 317 habeant
1864 288 2007 318 actiones
2030 298 2087 328 per
2111 298 2190 328 quas
2215 288 2399 328 producunt
2423 288 2497 318 effe-

1428 337 1522 377 ctus.)
1548 337 1581 368 Si
1606 348 1683 368 vero
1700 347 1783 378 quae
1808 345 1882 368 sunt
1906 339 2011 378 priora
2035 339 2219 369 naturaliter
2235 339 2297 369 sint
2321 340 2498 379 posteriora

1428 389 1460 418 in
1486 398 1565 424 esse,
1586 394 1664 419 tunc
1689 398 1705 418 e
1730 398 1887 419 converso
1908 394 2053 426 posteriora
2071 400 2132 418 sunt
2151 394 2236 419 debita
2255 395 2287 419 ad
2306 402 2365 419 esse
2384 394 2499 426 priorum

1395 457 1404 476 ς
1429 439 1549 479 (priora
1566 438 1711 470 debitum
1735 440 1863 470 trahunt
1888 450 1904 470 a
1930 440 2174 481 posterioribus)
2200 442 2282 471 sicut
2305 441 2499 472 medicinam

1429 488 1572 519 debitum
1591 495 1638 519 est
1662 490 1853 530 praecedere
1877 490 1916 520 ad
1941 491 2004 521 hoc
2029 491 2117 531 quod
2137 492 2252 521 sanitas
2270 498 2498 532 consequatur.

1429 540 1609 580 Utrobique
1627 547 1732 570 autem
1751 541 1814 571 hoc
1831 551 2006 572 commune
2031 543 2134 572 existit
2153 542 2243 582 quod
2267 543 2409 573 debitum
2434 544 2500 573 sive

1429 591 1601 620 necessitas
1630 591 1766 621 sumitur
1791 592 1830 621 ab
1860 601 1900 622 eo
1925 592 2015 632 quod
2039 599 2085 623 est
2116 597 2142 622 in
2162 606 2222 622 esse
2242 598 2371 630 posterius
2400 594 2501 634 (prius

1430 648 1542 672 natura
1574 642 1657 672 circa
1692 642 1723 672 id
1759 642 1848 682 quod
1878 649 1924 673 est
1955 649 2066 674 natura
2101 645 2286 684 posterius.)
2321 644 2502 675 Necessitas

1431 700 1538 724 autem
1564 703 1647 734 quae
1673 701 1719 724 est
1744 698 1878 731 (Debitum
1898 705 1985 723 autem
2005 699 2060 724 sive
2079 701 2221 724 necessitas
2241 708 2308 733 quae
2326 704 2377 733 est)
2401 707 2419 726 a
2441 706 2502 737 po-

1431 746 1555 775 steriori
1580 746 1612 775 in
1638 755 1706 776 esse
1731 745 1819 785 (licet
1850 746 1889 776 sit
1921 747 2008 787 prius
2032 746 2156 788 natura)
2186 757 2252 778 non
2284 754 2330 778 est
2357 748 2503 778 absoluta

1431 797 1614 832 necessitas,
1639 796 1694 827 sed
1711 796 1949 834 conditionalis,
1967 804 2002 827 ut
2018 799 2042 828 si
2059 799 2122 828 hoc
2140 799 2254 829 debeat
2278 798 2356 836 fieri,
2372 808 2503 829 necesse

1431 854 1478 877 est
1503 848 1565 877 hoc
1597 849 1685 888 prius
1714 857 1792 878 esse.
1815 851 1828 865 ‘
1844 851 1933 883 (Quae
1956 855 2046 877 autem
2069 856 2109 877 est
2127 859 2165 877 ex
2183 860 2213 877 eo
2232 854 2304 886 quod
2321 857 2360 878 est
2378 854 2459 886 prius
2478 853 2504 878 in

1431 910 1486 928 esse
1501 907 1527 928 et
1545 904 1691 928 secundum
1711 906 1847 933 naturam,
1875 906 1917 928 est
1943 903 2084 928 necessitas
2107 904 2238 935 absoluta,
2259 905 2328 930 sicut
2346 912 2450 930 necesse
2467 907 2507 930 est

1431 955 1536 980 anima!
1554 962 1610 980 esse
1628 954 1805 987 corruptibsse
1823 955 1847 980 si
1865 958 1905 979 est
1925 962 1963 980 ex
1980 954 2127 980 contrariis
2150 956 2334 988 compositum.
2359 956 2404 982 Sit:
2423 956 2509 990 igitur

1432 1007 1459 1031 in
1475 1014 1496 1039 p
1517 1013 1608 1031 rerum
1622 1006 1803 1038 productione
1823 1006 1969 1031 secundum
1991 1009 2134 1039 utrumque
2153 1007 2261 1032 modum
2281 1007 2445 1033 necessitatis
2464 1007 2509 1032 de-

1432 1057 1515 1082 bitum
1536 1056 1653 1082 inveniri
1668 1059 1767 1089 potest,
1786 1056 1932 1082 secundum
1953 1056 2059 1089 quidem
2074 1057 2224 1082 absolutam
2239 1058 2428 1086 necessitatem,
2441 1058 2511 1083 sicut

1432 1108 1549 1134 debitum
1563 1108 1623 1142 suit
1642 1108 1714 1140 quod
1734 1109 1808 1134 Deus
1823 1108 1991 1140 produceret
2008 1108 2100 1141 aliqua
2119 1108 2228 1133 mobilia
2241 1109 2266 1134 si
2278 1109 2419 1134 materiam
2435 1109 2511 1134 rebus

1391 715 1415 729 to

1431 1160 1593 1191 concreavit,
1609 1160 1753 1186 secundum
1769 1160 1884 1192 <etiam>
1899 1159 2012 1193 (autem)
2025 1160 2232 1186 conditiona1em
2244 1161 2424 1186 necessitatem
2438 1160 2454 1177 '¹‘
2463 1160 2511 1185 Est
2537 1163 2543 1170 ¹

1433 1212 1518 1245 igitur
1541 1212 1555 1227 ‘⁸
1577 1212 1604 1237 ln
1624 1217 1799 1237 creaturarum
1819 1211 1896 1244 igitur
1914 1211 2086 1244 productione
2105 1212 2221 1237 debitum
2240 1220 2292 1237 non
2315 1212 2444 1237 invenitur
2461 1211 2509 1237 nisi

1432 1272 1462 1289 ex
1472 1264 1619 1290 conditione
1629 1270 1655 1289 et
1664 1264 1714 1290 hoc
1724 1265 1831 1298 quidem
1842 1263 1982 1297 tripliciter.
1997 1259 2015 1278 *
2027 1258 2226 1302 (Secundum
2243 1261 2338 1301 igitur
2354 1261 2437 1291 hanc
2453 1270 2509 1291 ne-

1433 1313 1613 1343 cessitatem
1627 1314 1643 1329 ³*
1667 1313 1699 1343 in
1717 1319 1934 1344 creaturarum
1952 1314 2167 1354 productione
2188 1312 2332 1342 debitum
2349 1312 2510 1342 invenitur

1433 1364 1622 1406 tripliciter.)
1650 1365 1757 1395 Primo
1783 1372 1817 1396 ut
1849 1372 1994 1396 sumatur
2025 1365 2285 1396 conditionatum
2317 1363 2462 1394 debitum
2492 1373 2511 1393 a

1439 1422 1505 1446 tota
1530 1427 1637 1447 rerum
1663 1418 1867 1448 universitate
1891 1418 1931 1448 ad
1955 1417 2130 1458 quamlibet
2148 1417 2216 1447 eius
2232 1422 2354 1456 partem
2372 1425 2455 1455 quae
2471 1414 2512 1445 ad

1410 1484 1417 1489 -
1435 1467 1667 1508 perfectionem
1703 1469 1874 1508 requiritur
1898 1469 2047 1499 universi.
2073 1468 2105 1499 Si
2130 1469 2215 1498 enim
2239 1467 2302 1497 tale
2326 1467 2511 1497 universum

1436 1518 1503 1549 fieri
1523 1531 1540 1547 a
1570 1523 1628 1548 Deo
1651 1523 1741 1548 debuit
1780 1520 1868 1550 Deus
1897 1520 2009 1556 voluit,
2039 1519 2183 1549 debitum
2209 1518 2267 1548 fuit
2293 1524 2327 1548 ut
2354 1518 2456 1548 solem
2481 1523 2512 1547 et

1437 1570 1546 1599 lunam
1564 1570 1580 1585 ³*
1606 1568 1733 1605 faceret,
1759 1576 1788 1600 et
1808 1570 1997 1601 huiusmodi
2021 1571 2089 1600 sine
2107 1571 2224 1610 quibus
2242 1570 2426 1600 universum
2444 1578 2512 1599 esse

1440 1630 1507 1650 non
1533 1627 1649 1660 potest,
1671 1626 1791 1657 quamvis
1810 1626 1963 1659 simpliciter
1976 1632 2002 1650 et
2015 1626 2135 1650 absolute
2149 1625 2264 1650 debitum
2277 1633 2329 1649 non
2343 1624 2418 1649 fuerit
2430 1624 2514 1657 (quod

1440 1680 1510 1704 Deus
1530 1680 1681 1704 huiusmodi
1700 1680 1806 1713 faceret)
1826 1681 1872 1705 sed
1887 1688 1917 1705 ex
1937 1682 1992 1705 sola
2013 1681 2147 1705 voluntate
2161 1680 2246 1705 divina
2260 1679 2394 1712 processit,
2408 1679 2476 1704 sicut
2489 1684 2516 1704 et

1438 1732 1525 1764 ipsum
1547 1733 1624 1757 etiam
1650 1732 1813 1758 universum.
1835 1733 1908 1757 Hanc
1932 1738 2019 1758 autem
2045 1733 2226 1758 necessitatem
2251 1740 2266 1757 a
2292 1731 2344 1757 fine
2371 1732 2514 1764 (necesse)

1440 1782 1629 1817 (manifestum)
1657 1789 1697 1807 est
1723 1783 1806 1808 sumi:
1825 1784 1857 1808 ad
1877 1783 1975 1808 bonum
1995 1785 2063 1808 enim
2083 1784 2196 1808 universi
2215 1783 2333 1816 singulae
2352 1787 2438 1816 partes
2460 1783 2516 1807 eius

1439 1835 1591 1860 ordinantur
1617 1835 1683 1859 sicut
1702 1835 1728 1859 in
1746 1833 1834 1864 finem,
1858 1840 1886 1859 ut
1909 1835 1985 1860 etiam
2006 1834 2179 1868 philosophus
2205 1833 2282 1859 tradit
2305 1834 2330 1858 in
2358 1841 2383 1858 xi
2404 1833 2516 1866 metaph.

1440 1882 1592 1914 Secundo
1610 1889 1646 1912 ut
1662 1888 1807 1913 sumatur
1830 1883 2027 1913 conditionis
2051 1882 2195 1913 debitum
2222 1892 2260 1912 ex
2285 1891 2348 1912 una
2373 1887 2515 1912 creatura

1441 1935 1480 1965 ad
1496 1935 1601 1970 aliam,
1618 1941 1650 1964 ut
1675 1935 1699 1964 si
1725 1934 1873 1964 animalia
1891 1941 1922 1964 et
1946 1935 2069 1974 plantas
2094 1935 2182 1964 Deus
2196 1939 2291 1972 facere
2310 1943 2378 1964 esse
2403 1933 2515 1969 voluit,

1442 1987 1585 2017 debitum
1625 1986 1683 2017 fuit
1724 1993 1757 2016 ut
1797 1983 1944 2016 caelestia
1984 1995 2120 2026 corpora
2160 1985 2288 2022 faceret,
2324 1995 2362 2015 ex
2398 1985 2516 2025 quibus

1442 2049 1533 2066 eorum
1551 2049 1611 2066 esse
1626 2041 1755 2073 dependet
1768 2037 2024 2077 (conservantur)
2043 2036 2087 2078 (et
2100 2037 2125 2067 si
2141 2038 2307 2067 hominem
2321 2045 2389 2066 esse
2402 2036 2515 2072 voluit,

1442 2089 1587 2129 oportuit
1611 2100 1726 2117 nec-non
1741 2099 1766 2117 ei
1779 2100 1866 2117 creare
1893 2087 2024 2130 [facere]
2043 2089 2165 2128 plantas
2189 2094 2219 2118 et
2244 2088 2392 2118 animalia
2409 2093 2440 2118 et
2456 2087 2516 2117 alia

1441 2139 1628 2171 huiusmodi
1643 2141 1760 2180 quibus
1774 2141 1875 2170 homo
1889 2140 2009 2180 indiget
2025 2140 2064 2170 ad
2082 2150 2150 2170 esse
2163 2138 2356 2180 perfectum)
2370 2138 2516 2179 quamvis

1443 2199 1473 2222 et
1489 2192 1566 2222 haec
1590 2198 1619 2221 et
1636 2191 1688 2222 illa
1714 2201 1751 2222 ex
1768 2201 1855 2222 mera
1872 2191 1961 2222 Deus
1979 2190 2088 2221 fecerit
2104 2191 2280 2221 voluntate.
2303 2190 2414 2220 Tertio
2432 2195 2467 2220 ut
2483 2190 2515 2219 in

1443 2251 1640 2282 unaquaque
1657 2249 1800 2272 creatura
1817 2248 1961 2272 sumatur
1978 2242 2195 2272 conditionale
2221 2241 2364 2272 debitum
2390 2250 2427 2271 ex
2451 2240 2516 2270 suis

1444 2305 1489 2329 per
1508 2305 1537 2321 se
1557 2293 1699 2333 partibus
1716 2299 1748 2323 et
1769 2297 1951 2322 accidentibus
1974 2293 2223 2333 proprietatibus
2241 2298 2272 2322 et
2287 2291 2516 2327 accidentibus,

1444 2353 1481 2374 ex
1499 2344 1617 2384 quibus
1635 2343 1796 2384 dependet
1814 2349 1957 2374 creatura
1981 2350 2139 2384 quantum
2156 2343 2196 2374 ad
2213 2352 2281 2373 esse
2292 2343 2343 2373 vel
2359 2348 2516 2382 quantum

1444 2396 1483 2426 ad
1501 2396 1642 2435 aliquam
1667 2396 1715 2426 sui
1741 2394 1984 2435 perfectionem.
2010 2395 2099 2426 Sicut
2123 2395 2292 2435 supposito
2311 2417 2318 2423 .
2333 2418 2339 2424 .
2355 2417 2362 2424 .
2380 2394 2517 2434 implen-

1444 2447 1513 2477 dae.
1549 2449 1567 2486 §
1592 2447 1754 2478 invenitur
1773 2471 1778 2476 .
1798 2470 1804 2476 .
1825 2471 1831 2476 .
1850 2447 2065 2477 necessarium
2089 2446 2245 2476 absolute.
2271 2445 2363 2483 Quae
2382 2469 2409 2475 ..
2427 2469 2432 2474 .
2451 2444 2518 2475 effi-

1445 2499 1604 2529 cientibus
1627 2499 1693 2529 sive
1718 2499 1934 2528 moventibus.
1961 2498 2023 2528 Sed
2046 2498 2104 2528 iste
2129 2497 2246 2528 modus
2270 2496 2465 2527 necessitatis
2483 2496 2517 2526 in

1445 2551 1546 2590 prima
1564 2559 1670 2580 rerum
1688 2550 1849 2579 creatione
1866 2550 1977 2580 locum
1994 2549 2110 2579 habere
2126 2559 2192 2578 non
2210 2554 2317 2588 potest
2339 2555 2468 2584 quantum
2480 2551 2518 2575 ad

1444 2607 1516 2639 ipsas
1538 2605 1703 2630 substantias
1722 2607 1880 2641 quantum
1897 2601 1936 2631 ad
1950 2610 2060 2631 causas
2073 2599 2256 2630 efficientes.
2271 2600 2317 2629 lbi
2330 2600 2416 2630 enim
2429 2599 2517 2629 solus

1445 2654 1533 2684 Deus
1551 2663 1646 2684 causa
1670 2652 1811 2683 efficiens
1837 2651 1906 2688 fuit,
1931 2652 2023 2682 cuius
2047 2658 2094 2682 est
2118 2651 2217 2681 solius
2236 2660 2353 2686 creare,
2371 2657 2406 2681 ut
2422 2660 2518 2690 supra

1445 2712 1612 2736 ostensum
1638 2710 1698 2735 est:
1724 2705 1792 2744 ipse
1816 2710 1924 2734 autem
1941 2713 2008 2733 non
2034 2702 2220 2732 necessitate
2241 2708 2372 2732 naturae
2388 2701 2443 2732 sed
2460 2711 2518 2731 vo·

1447 2758 1567 2788 luntate
1600 2762 1751 2796 operatur
1783 2754 1948 2797 (creando)
1987 2761 2020 2784 ut
2052 2764 2145 2794 supra
2182 2760 2348 2784 ostensum
2384 2759 2440 2783 est.
2471 2753 2518 2783 Ea

1446 2819 1522 2839 vero
1541 2833 1547 2839 .
1565 2833 1570 2838 .
1588 2833 1594 2838 .
1612 2808 1798 2848 pervenitur
1821 2807 1859 2837 ad
1885 2805 1993 2836 finem.
2016 2805 2078 2836 Sed
2095 2811 2252 2845 quantum
2271 2804 2310 2835 ad
2327 2814 2437 2835 causas
2454 2803 2518 2834 for-

1446 2860 1546 2890 males
1564 2860 1611 2889 vel
1630 2859 1808 2889 materiales
1833 2858 1910 2887 nihil
1937 2857 2085 2897 prohibet
2110 2857 2205 2886 etiam
2229 2856 2260 2885 in
2286 2856 2387 2895 prima
2412 2864 2519 2885 rerum

1447 2913 1610 2942 creatione
1621 2914 1790 2946 praedictam
1810 2909 2032 2939 necessitatem
2045 2908 2222 2937 absolutam
2238 2907 2382 2936 inveniri.
2396 2906 2443 2936 Ex
2456 2906 2519 2936 hoc

1447 2964 1534 2993 enim
1552 2961 1641 3002 quod
1658 2962 1764 3002 aliqua
1782 2970 1919 3000 corpora
1937 2970 1973 2989 ex
1991 2960 2158 2990 elementis
2179 2958 2309 2988 fuerunt
2328 2958 2519 2997 composita,

1447 3014 1663 3044 necessarium
1683 3012 1747 3043 fuit*
1758 3017 1784 3041 in
1805 3017 1842 3041 eis
1860 3017 1975 3041 calorem
2001 3021 2037 3041 ea
2061 3010 2161 3040 calida
2179 3015 2232 3039 aut
2253 3008 2364 3048 frigida
2381 3018 2464 3044 esse;
2489 3013 2521 3039 et

1448 3076 1484 3096 ex
1509 3066 1572 3095 hoc
1591 3064 1681 3105 quod
1705 3064 1812 3104 aliqua
1831 3075 1911 3099 super
1930 3061 2115 3103 superficies
2140 3060 2296 3102 producta
2318 3066 2365 3091 est
2379 3061 2520 3100 triangu-

1448 3117 1518 3148 laris
1536 3116 1667 3157 figurae,
1686 3116 1900 3146 necessarium
1919 3114 1978 3145 fuit
1996 3113 2085 3154 quod
2102 3118 2128 3142 in
2151 3124 2182 3142 eo
2193 3117 2288 3150 anguli
2309 3118 2370 3142 tres
2385 3111 2520 3151 angulos

1448 3167 1598 3207 aequales
1615 3167 1744 3196 duobus
1768 3166 1860 3196 rectis
1885 3166 2023 3195 haberet.
2049 3165 2138 3194 Haec
2155 3169 2263 3194 autem
2279 3163 2450 3193 necessitas
2468 3185 2474 3191 .
2489 3184 2497 3190 .
2513 3185 2519 3191 .

1449 3217 1628 3248 formalem.
1655 3216 1749 3247 Unde
1773 3216 1953 3246 secundum
1982 3216 2064 3245 hanc
2095 3215 2183 3244 Deus
2211 3214 2336 3244 debitor
2363 3212 2425 3247 dici
2453 3221 2521 3242 non

1448 3275 1565 3310 potest,
1583 3269 1638 3299 sed
1655 3269 1756 3308 magis
1768 3275 1910 3297 creaturae
1935 3267 1980 3306 (in
2006 3266 2196 3304 creaturam)
2221 3264 2416 3295 necessitatis
2433 3262 2521 3293 debi-

1448 3329 1517 3352 tum
1535 3321 1628 3351 cadit.
1657 3320 1689 3350 In
1716 3328 1822 3350 rerum
1839 3324 1946 3348 autem
1964 3317 2207 3358 propagatione,
2226 3317 2280 3346 ubi
2297 3316 2360 3345 iam
2378 3320 2520 3345 creatura

1450 3372 1590 3402 efficiens
1614 3371 1785 3406 invenitur,
1810 3376 1916 3410 potest
1941 3378 2008 3399 esse
2032 3369 2203 3398 necessitas
2227 3371 2346 3396 absolute
2376 3365 2521 3410 absoluta

1450 3435 1466 3453 a
1491 3434 1585 3454 causa
1615 3422 1771 3453 efficiente
1809 3421 1939 3462 (creata)
1964 3430 2107 3456 assumpta,
2127 3420 2210 3450 sicut
2245 3428 2282 3449 ex
2317 3424 2410 3448 motu
2445 3416 2521 3447 solis

1448 3480 1568 3511 sequitur
1592 3474 1741 3504 inferiora
1767 3483 1903 3513 corpora
1919 3472 2099 3502 necessario
2116 3472 2337 3501 immutantur.
2362 3470 2380 3507 ἓ
2395 3467 2448 3499 Sic
2463 3468 2522 3508 igi-

1408 3534 1432 3557 «ὸς
1449 3533 1500 3556 tur
1517 3535 1553 3556 ex
1572 3525 1741 3566 praedictis
1758 3524 1855 3554 debiti
1873 3524 2050 3553 rationibus
2067 3522 2183 3553 iustitia
2203 3521 2355 3551 naturalis
2370 3521 2404 3550 in
2427 3520 2522 3549 rebus

1450 3578 1611 3607 invenitur
1636 3582 1666 3606 et
1692 3582 1849 3616 quantum
1867 3575 1906 3604 ad
1923 3584 2029 3604 rerum
2047 3574 2242 3604 creationem
2260 3578 2291 3602 et
2307 3576 2466 3611 quantum
2483 3569 2523 3599 ad

1451 3638 1558 3659 earum
1573 3629 1589 3644 ἦ
1607 3627 1886 3668 propagationem.
1904 3626 1944 3656 Et
1961 3626 2034 3656 ideo
2050 3649 2056 3655 .
2072 3648 2078 3654 .
2094 3649 2100 3654 .
2114 3625 2303 3664 gubernare.
2325 3626 2357 3641 **
2371 3626 2387 3658 g
2402 3625 2468 3650 Hinc
2483 3630 2523 3650 est

1450 3685 1521 3716 quod
1537 3684 1628 3708 dicitur
1641 3691 1697 3716 sap.
1710 3691 1744 3713 xi,
1759 3683 1856 3707 Omnia
1875 3684 1899 3706 in
1919 3688 2030 3706 numero
2049 3680 2164 3712 pondere
2182 3685 2208 3704 et
2226 3686 2338 3703 numero
2356 3682 2382 3702 et
2401 3684 2522 3702 mensura

1451 3735 1611 3768 disposuisti.
1635 3732 1652 3769 §
1665 3731 1717 3762 Sic
1733 3731 1830 3770 igitur
1845 3739 1902 3770 per
1918 3727 2078 3770 praedicta
2095 3726 2274 3758 excluditur
2290 3725 2408 3766 duplex
2425 3732 2521 3759 error,

1411 3796 1436 3815 :a
1451 3793 1502 3812 tam
1525 3794 1637 3814 eorum
1664 3782 1784 3812 scilicet
1809 3782 1875 3820 qui,
1900 3780 2040 3810 divinam
2065 3779 2244 3819 potentiam
2269 3777 2451 3811 innitentes,
2477 3774 2522 3804 di-

1452 3837 1565 3867 cebant
1591 3836 1698 3864 Deum
1724 3842 1790 3862 non
1815 3842 1910 3872 posse
1938 3830 2042 3861 facere
2066 3831 2126 3860 nisi
2155 3839 2238 3870 quae
2263 3828 2347 3864 facit,
2380 3827 2454 3866 quia
2478 3826 2522 3855 sic

1452 3887 1555 3918 facere
1574 3887 1679 3921 debet,
1707 3896 1785 3922 quam
1808 3883 1865 3922 (et)
1884 3892 1997 3913 eorum
2017 3905 2044 3911 ..
2061 3905 2067 3911 .
2086 3880 2284 3920 assignanda.

1402 2001 1423 2021 ³5

1404 2260 1428 2279 40

1404 2516 1426 2536 45

1409 3027 1430 3046 55

1407 3280 1434 3298 60

395 4011 411 4035 b
424 4018 433 4035 ι
442 4011 456 4035 3
472 4010 576 4041 Quae..
585 4016 632 4043 .19
643 4007 838 4039 necessitatem]
855 4007 948 4038 Quoad
958 4013 1066 4039 passum
1080 4005 1157 4028 istum
1173 4004 1204 4027 de
1217 4001 1373 4026 necessitate
1385 3999 1513 4028 absoluta,
1524 4005 1607 4030 marg.
1617 3995 1728 4021 inferiori
1743 3995 1869 4020 insertum
1880 3999 1905 4018 et
1916 3994 2031 4018 deletum
2045 3997 2103 4017 ante
2116 3990 2324 4023 completionem.
2337 3987 2368 4037 cf.
2382 3988 2400 4012 Ι.
2409 3994 2445 4019 44
2454 3993 2523 4019 sqq..

322 4062 348 4081 et
358 4064 379 4081 c.
388 4063 444 4088 seq.
451 4069 462 4073 —
473 4054 547 4084 Quae
557 4054 706 4078 immediate
716 4059 772 4084 seq.
782 4052 858 4077 valde
867 4051 979 4083 implexa
990 4055 1050 4074 sunt
1061 4049 1086 4073 in
1097 4050 1200 4079 Auiog„
1207 4052 1235 4071 ut
1246 4053 1275 4070 ex
1288 4044 1356 4069 notis
1367 4043 1462 4068 nostris
1474 4043 1499 4066 in
1510 4049 1563 4074 mg.
1573 4045 1688 4073 apparet.
1699 4039 1761 4065 ltem
1773 4046 1794 4064 c.
1802 4046 1844 4072 sq.
1851 4038 1997 4064 deletorum
2008 4037 2112 4068 interpr.
2121 4041 2242 4067 magnam
2252 4033 2329 4058 habet
2339 4030 2523 4078 difficultatem.

2531 859 2554 881 35
2571 853 2603 874 rb
2619 858 2658 878 mg
2672 851 2714 873 inf.

2559 1161 2678 1189 35Η>49ν

2537 1210 2544 1218 ·
2560 1215 2584 1237 35
2599 1214 2633 1229 va
2650 1215 2668 1230 ι.

2537 1260 2544 1268 ·
2560 1264 2608 1287 34r
2623 1258 2686 1286 ¹³49-

2538 1313 2546 1322 '
2561 1317 2610 1340 35v
2626 1317 2638 1332 a
2655 1318 2671 1333 ι,

2541 1576 2548 1582 ·
2567 1573 2618 1595 Vid.
2634 1573 2662 1594 ad
2680 1574 2716 1593 loc

2552 3628 2559 3636 ·
2575 3626 2626 3647 vid.
2644 3626 2672 3647 ad
2688 3625 2716 3645 lo:

2550 3659 2569 3667 ⁸·
2585 3663 2608 3685 35
2618 3663 2629 3677 v
2645 3657 2658 3677 b
2673 3663 2690 3677 ι.
