2768 4134
52 3287 64 3298 ”
77 3285 114 3309 cf.
133 3285 267 3316 Commeat.

52 3317 104 3341 np-
119 3318 200 3339 xxnx,
215 3311 267 3334 init.

774 283 962 321 SUMMA
992 284 1213 323 CONTRA
1241 286 1515 332 GENTILES,
1544 287 1638 324 LIB.
1659 288 1699 332 ΙΙ,
1731 287 1841 324 CAP.
1864 289 1991 326 XLIII.

283 364 369 402 Deo
388 370 515 400 creata
535 363 693 411 angelus
722 362 858 412 aliquis
887 364 1061 402 caelestia
1089 377 1253 415 corpora
1281 366 1354 403 for-

283 423 458 454 maverit.

338 469 528 520 Amplius.
559 468 747 507 Caelestia
775 482 939 520 corpora
968 479 1033 509 aut
1062 471 1101 509 in
1134 473 1239 509 nulla
1274 485 1355 509 ma-

283 522 377 560 teria
396 523 636 560 conveniunt
654 535 746 560 cum
766 523 995 573 corporibus
1015 524 1270 571 inferioribus,
1289 534 1355 563 aut

283 589 366 614 non
384 576 624 614 conveniunt
642 575 682 613 in
701 576 830 626 aliqua
846 579 1004 616 materia
1019 578 1091 615 nisi
1110 578 1252 628 prima:
1274 591 1354 618 non

283 630 390 668 enim
417 631 571 667 caelum
599 637 655 667 est
683 642 730 667 ex
759 631 957 668 elementis
984 632 1259 681 compositum,
1284 644 1355 669 1100

284 691 444 721 naturae
464 683 724 729 elementaris3
750 685 858 733 quod
886 685 968 722 eius
988 693 1118 723 motus
1137 685 1313 731 ostendit,
1333 697 1356 722 a

284 736 456 774 motibus
475 736 656 774 omnium
675 738 958 776 elementorum
978 738 1165 776 diversus.
1195 738 1356 776 Materia

284 798 416 828 autem
445 789 571 839 prima
600 803 679 827 non
708 799 833 840 potest
854 792 1064 841 praefuisse
1092 803 1162 841 per
1189 791 1356 841 seipsam

284 851 373 881 ante
402 843 536 880 omnia
568 856 733 894 corpora
765 845 945 883 formata:
980 857 1072 882 cum
1101 857 1181 882 non
1210 844 1256 882 sit
1284 844 1356 881 nisi
1373 864 1397 878 ω

284 897 456 947 potentia
483 905 652 942 tantum3
682 910 801 935 omne
830 898 935 936 enim
964 911 1047 936 esse
1067 898 1107 936 in
1126 906 1213 936 actu
1233 906 1288 935 est
1307 898 1356 935 ab

283 950 414 1000 aliqua
432 951 569 988 forma.
599 951 839 1001 Impossibile
867 959 923 989 est
951 951 1063 1000 igitur
1082 951 1190 1002 quod
1210 964 1256 988 ex
1276 963 1357 988 ma-

284 1004 378 1042 teria
406 1004 514 1054 prius
542 1017 564 1042 a
593 1005 678 1042 Deo
707 1012 832 1042 creata
867 1005 1003 1055 aliquis
1038 1006 1196 1053 angelus
1224 1004 1357 1042 omnia

282 1057 449 1095 visibilia
477 1070 643 1107 corpora
670 1058 903 1096 formaverit.

339 1112 492 1149 Adhuc.
523 1112 654 1149 Omne
683 1112 792 1161 quod
820 1111 875 1158 fit,
904 1111 953 1149 ad
983 1113 1059 1149 hoc
1086 1111 1129 1148 fit
1157 1112 1264 1161 quod
1293 1111 1355 1148 sit:

284 1173 341 1202 est
369 1165 475 1202 enirn
503 1165 587 1203 fieri
615 1165 680 1203 via
706 1165 747 1203 in
775 1177 870 1202 esse.
908 1165 971 1203 Sic
1006 1165 1119 1215 igitur
1146 1164 1357 1215 unicuique

285 1226 443 1256 causato
472 1218 655 1256 convenit
687 1218 771 1256 fieri
806 1218 904 1256 sicut
938 1218 1010 1256 sibi
1044 1218 1226 1256 convenit
1261 1231 1355 1256 esse.

286 1273 381 1310 Esse
400 1280 532 1310 autern
551 1284 633 1310 non
651 1271 834 1309 convenit
851 1272 1000 1310 formae
1014 1280 1166 1310 tantum
1186 1284 1258 1310 nec
1277 1284 1357 1309 ma-

284 1326 592 1375 101130433111111,
612 1326 681 1363 sed
700 1325 938 1375 composito:
968 1325 1129 1364 materia
1147 1326 1252 1363 enim
1276 1338 1358 1363 non

285 1388 342 1417 est
370 1379 443 1417 nisi
471 1379 511 1416 in
539 1379 728 1429 potentia;
757 1379 883 1416 forma
902 1391 996 1416 vero
1023 1388 1079 1417 est
1107 1392 1186 1429 qua
1213 1378 1359 1428 aliquid
1374 1394 1400 1408 2⁰

285 1441 352 1479 est,
381 1441 438 1470 est
465 1432 571 1470 enim
600 1441 719 1470 actus.
749 1433 861 1470 Unde
889 1440 1004 1470 restat
1031 1433 1140 1482 quod
1165 1431 1358 1482 composi-

284 1493 370 1523 tum
398 1486 554 1535 proprie
583 1485 640 1522 sit.
671 1485 766 1523 Eius
798 1485 911 1534 igitur
937 1486 1056 1523 solius
1080 1494 1136 1523 est
1163 1485 1259 1530 fieri,
1278 1497 1359 1523 non

245 1542 248 1545 '
285 1539 468 1576 materiae
497 1546 649 1589 praeter
675 1538 854 1576 formam.
894 1539 987 1576 Non
1020 1546 1076 1576 est
1111 1539 1224 1587 igitur
1255 1538 1359 1576 aliud

284 1603 403 1640 agens
430 1603 566 1630 creans
594 1591 797 1629 materiam
824 1593 961 1637 solam,
981 1599 1017 1628 et
1045 1591 1150 1629 aliud
1170 1591 1359 1629 inducens

284 1644 466 1683 formam.

339 1699 446 1736 Item.
463 1697 594 1735 Prima
608 1697 786 1735 inductio
805 1697 1020 1735 formatum
1041 1697 1080 1734 in
1099 1698 1259 1735 materia
1279 1710 1360 1735 non

284 1759 412 1802 potest
430 1763 513 1789 esse
533 1751 582 1789 ab
602 1750 734 1800 aliquo
754 1758 889 1799 agente
908 1763 979 1801 per
1006 1758 1160 1789 motum
1188 1759 1357 1789 tantum:

284 1805 415 1843 omnis
435 1805 541 1842 enim
561 1813 692 1842 motus
721 1805 771 1842 ad
798 1805 966 1842 formam
991 1812 1047 1842 est
1075 1817 1121 1842 ex
1150 1805 1274 1843 forma
1294 1805 1359 1846 de.-

284 1859 487 1897 terminata
507 1858 547 1896 in
566 1859 734 1896 formam
753 1857 1068 1903 determinatam;
1089 1858 1181 1908 quia
1200 1858 1359 1896 materia

285 1925 367 1950 non
394 1919 521 1962 potest
548 1924 632 1949 esse
660 1912 809 1961 absque
838 1911 947 1949 omni
966 1911 1102 1957 forma,
1122 1920 1159 1949 et
1177 1912 1230 1950 sic
1249 1924 1358 1961 prae-

285 1966 520 2016 supponitur
547 1965 676 2015 aliqua
703 1965 827 2003 forma
857 1964 896 2002 in
925 1965 1096 2003 materia.
1133 1966 1210 2003 Sed
1239 1977 1358 2002 omne

285 2031 403 2068 agens
422 2019 472 2056 ad
490 2019 658 2056 formam
678 2019 803 2056 solam
822 2018 1060 2056 materialem
1080 2026 1231 2068 oportet
1250 2018 1357 2068 quod

285 2073 333 2110 sit
360 2085 477 2122 agens
505 2085 577 2122 per
604 2080 773 2109 motum:
804 2084 896 2109 cum
924 2072 1030 2109 enim
1061 2071 1210 2109 formae
1239 2079 1358 2109 mate-

286 2126 398 2164 riales
417 2138 498 2164 non
517 2126 592 2164 sint
610 2138 681 2175 per
699 2138 739 2163 se
760 2125 1020 2171 subsistentes,
1036 2126 1103 2163 sed
1124 2138 1259 2163 earum
1275 2138 1357 2163 esse

285 2180 333 2218 sit
360 2180 486 2217 inesse
514 2179 709 2225 materiae,
730 2191 810 2216 non
838 2186 1003 2228 possunt
1030 2179 1195 2228 produci
1215 2179 1254 2216 in
1274 2192 1357 2217 esse
1374 2193 1396 2212 π

286 2233 359 2271 11151
378 2235 441 2271 vel
468 2245 539 2283 per
566 2233 803 2271 creationem
830 2232 946 2270 totius
971 2232 1188 2282 compositi,
1208 2234 1271 2270 vel
1289 2245 1359 2283 per

285 2287 650 2325 transmutationem
669 2286 851 2324 materiae
872 2287 920 2323 ad
935 2287 1051 2323 talem
1069 2287 1131 2323 vel
1150 2288 1266 2324 talem
1284 2287 1358 2324 for-

285 2353 406 2379 mam.
436 2340 677 2400 Impossibile
705 2348 761 2377 est
784 2339 896 2400 igitur
914 2339 1023 2389 quod
1041 2339 1168 2389 prima
1187 2340 1358 2378 inductio

285 2395 503 2432 formarum
531 2394 571 2431 in
600 2393 761 2431 materia
789 2393 834 2430 sit
862 2393 911 2431 ab
939 2393 1072 2442 aliquo
1103 2402 1257 2431 creante
1284 2395 1359 2431 for-

286 2460 394 2486 mam
422 2455 593 2485 tantum:
622 2447 691 2484 sed
719 2447 768 2484 ab
797 2459 845 2484 eo
874 2446 942 2496 qui
977 2454 1034 2484 est
1060 2455 1210 2484 creator
1242 2448 1400 2485 totiuso
1374 2464 1400 2484 40
1415 2460 1547 2485 rerum
1561 2447 1740 2485 formatio
1760 2447 1808 2484 ad
1828 2446 1947 2484 alium
1966 2446 2153 2496 pertineat
2167 2458 2287 2495 quam
2302 2446 2350 2484 ad
2368 2446 2481 2483 Crea-

287 2514 379 2540 com
408 2501 506 2538 ositi.

341 2514 506 2592 Atlihuc.
514 2555 648 2591 Motus
667 2553 716 2591 ad
735 2554 904 2591 formam
924 2561 980 2590 est
999 2553 1190 2602 posterior
1207 2562 1360 2591 natura-

287 2608 372 2646 liter
389 2615 502 2645 motu
520 2607 739 2645 secundum
759 2609 906 2645 locum:
935 2619 1028 2644 cum
1048 2606 1095 2644 sit
1113 2615 1220 2644 actus
1240 2607 1360 2656 magis

2402 290 2476 338 367

1410 374 1541 403 motus
1569 367 1618 404 ad
1647 367 1812 404 formam
1833 368 1875 404 fit
1895 368 2087 405 mediante
2107 377 2218 406 motu
2237 370 2399 407 caelesti.
2421 371 2478 407 Ea

1411 419 1523 468 igitur
1541 431 1642 469 quae
1663 432 1742 456 non
1762 429 1925 470 possunt
1943 421 2027 458 fieri
2047 422 2242 459 mediante
2262 431 2372 460 motu
2392 436 2476 461 cae*

1411 472 1503 518 lesti‚
1525 485 1606 509 non
1626 482 1789 532 possunt
1812 473 1895 515 fieri
1925 474 1973 511 ab
2002 474 2131 524 aliquo
2152 484 2285 524 agente
2305 477 2372 526 qui
2397 489 2477 514 non

1411 534 1536 575 potest
1555 538 1666 574 agere
1686 525 1758 562 nisi
1778 539 1848 575 per
1862 536 2032 564 motum:
2054 530 2210 588 qualem
2224 538 2375 579 oportet
2394 543 2476 567 esse

1410 586 1588 626 agentern
1617 578 1684 627 qui
1713 591 1791 616 non
1821 588 1945 628 potest
1973 592 2083 628 agere
2104 581 2174 618 nisi
2203 582 2384 620 inducere
2404 584 2478 620 for-

1411 644 1519 669 mam
1547 631 1586 668 in
1615 632 1785 678 materia,
1806 641 1848 669 ut
1867 642 2066 671 ostensum
2095 635 2194 671 est*.
2225 637 2298 673 Per
2325 645 2477 673 motum
2508 644 2673 670 'Arg-mec-

1411 693 1542 722 autem
1579 686 1781 722 caelestem
1820 698 1900 723 non
1938 695 2100 736 possunt
2136 688 2299 736 produci
2335 691 2478 727 multae

1411 739 1557 776 formae
1593 738 1790 776 sensibiles
1823 739 1895 776 nisi
1928 740 2188 777 mediantibus
2220 739 2478 780 determinatis

1411 791 1606 841 principiis
1625 792 1856 842 suppositis:
1875 792 1972 830 sicut
1991 793 2172 830 animalia
2185 795 2379 842 quaedam
2398 808 2478 833 non

1411 845 1511 882 fiunt
1530 845 1601 882 nisi
1622 857 1668 882 ex
1688 845 1848 883 semine.
1865 846 1996 883 Prima
2015 846 2127 894 igitur
2141 846 2323 884 institutio
2338 849 2478 885 harum

1411 899 1638 944 formarum,
1659 899 1707 936 ad
1727 911 1896 948 quarum
1924 899 2223 949 productionem
2242 913 2322 937 non
2342 901 2479 938 sufficit

1412 960 1542 989 motus
1571 951 1740 989 caelestis
1768 953 1850 990 sine
1877 953 2169 1002 praeexistentia
2196 953 2381 991 similium
2406 955 2479 991 for-

1412 1018 1568 1043 marum
1588 1005 1627 1043 in
1647 1005 1785 1056 specie,
1806 1014 1957 1056 oportet
1976 1007 2084 1056 quod
2105 1006 2150 1043 sit
2169 1019 2192 1043 a
2211 1008 2294 1044 solo
2314 1015 2477 1044 creante.

1467 1061 1571 1097 Item.
1603 1059 1709 1097 Sicut
1736 1060 1832 1096 idem
1862 1067 1912 1097 est
1940 1066 2059 1097 motus
2087 1060 2215 1097 localis
2237 1062 2357 1110 partis
2376 1067 2409 1097 et
2427 1067 2479 1099 to-

1373 1129 1381 1142 1
1412 1116 1492 1159 tius,
1514 1119 1552 1150 ut
1570 1116 1677 1150 totius
1704 1119 1828 1151 terrae
1854 1120 1887 1150 et
1916 1115 2024 1150 unius
2051 1113 2227 1163 glebae*‚
2248 1113 2298 1151 ita
2317 1114 2478 1151 mutatio
2507 1120 2672 1175 '¹¹r¹1¹''¹(³9’1v
2679 1127 2715 1148 4,

1412 1166 1668 1215 generationis
1703 1175 1758 1203 est
1793 1167 1931 1204 eadem
1966 1166 2081 1204 totius
2118 1174 2154 1204 et
2187 1166 2315 1216 partis.
2350 1168 2479 1204 Partes

1413 1229 1544 1258 autem
1572 1221 1716 1257 horum
1740 1220 2019 1269 generabilium
2038 1227 2074 1257 et
2092 1220 2399 1270 corruptibilium
2417 1232 2479 1269 ge-

1413 1282 1596 1312 nerantur
1614 1273 1854 1323 acquirentes
1869 1273 2040 1311 formas
2033 1286 2071 1310 1n
2090 1281 2177 1311 actu
2196 1286 2219 1311 a
2232 1274 2365 1311 formis
2379 1286 2479 1323 quae

1413 1335 1502 1365 sunt
1530 1327 1569 1364 in
1597 1327 1768 1373 materia,
1797 1339 1878 1364 non
1906 1335 2036 1364 autem
2065 1340 2087 1365 a
2115 1327 2247 1364 formis
2275 1335 2380 1364 extra
2398 1340 2479 1364 ma-

1413 1381 1548 1418 teriam
1576 1380 1834 1425 existentibus,
1863 1393 1954 1418 cum
1984 1388 2157 1430 oporteat
2184 1393 2371 1429 generans
2397 1393 2479 1418 esse

1414 1434 1537 1472 simile
1557 1442 1754 1482 generato:
1771 1442 1813 1471 ut
1832 1435 1970 1483 probat
1989 1434 2250 1484 Philosophus
2265 1433 2303 1470 in
2318 1435 2384 1471 VII
2394 1436 2479 1471 Me-

1414 1489 1630 1538 taphysicae
1646 1487 1678 1524 ³¹².
1709 1488 1849 1536 Neque
1882 1487 1994 1536 igitur
2027 1487 2150 1525 totalis
2178 1486 2378 1537 acquisitio
2405 1487 2479 1524 for·
2507 1496 2670 1544 bigvfigiuh
2689 1503 2717 1544 ⁷⁶²

1415 1553 1570 1578 marum
1590 1540 1629 1577 in
1649 1540 1807 1577 materia
1831 1548 1956 1590 potest
1978 1540 2062 1577 fieri
2086 1553 2155 1590 per
2174 1548 2327 1578 motum
2346 1540 2395 1577 ab
2415 1540 2479 1577 ali·
2554 1539 2559 1544 '
2596 1539 2602 1549 ’
2654 1529 2689 1551 '⁵'
2712 1538 2718 1544 ”

1415 1607 1494 1643 qua
1522 1593 1733 1631 substantia
1760 1602 1944 1643 separata,
1974 1593 2194 1630 cuiusmodi
2223 1601 2279 1631 est
2306 1595 2478 1642 angelus:

1374 1660 1386 1674 ²
1415 1647 1483 1684 sed
1511 1648 1573 1683 vel
1600 1654 1752 1696 oportet
1779 1647 1887 1696 quod
1915 1647 1991 1683 hoc
2018 1646 2085 1683 fiat
2119 1647 2312 1684 mediante
2347 1655 2480 1693 agente

1414 1711 1624 1750 corporeo3
1653 1701 1715 1736 vel
1743 1712 1766 1736 a
1793 1707 1956 1744 creante,
1985 1699 2052 1748 qui
2081 1699 2154 1748 agit
2182 1699 2263 1736 sine
2291 1707 2413 1736 motu.

1469 1753 1622 1791 Adhuc.
1653 1753 1760 1790 Sicut
1792 1765 1874 1790 esse
1907 1760 1963 1790 est
1994 1752 2166 1802 primum
2199 1753 2238 1790 in
2271 1752 2480 1798 effectibus,

1415 1807 1465 1844 ita
1485 1807 1692 1856 respondet
1713 1802 1861 1856 primae
1882 1818 2021 1844 causae
2043 1814 2084 1843 ut
2107 1806 2286 1855 proprius
2310 1806 2479 1843 effectus.

1414 1861 1509 1898 Esse
1537 1868 1669 1898 autern
1698 1868 1754 1897 est
1781 1872 1852 1909 per
1878 1860 2055 1905 formam,
2085 1868 2122 1896 et
2155 1872 2236 1897 non
2264 1872 2334 1909 per
2362 1867 2479 1896 mate-

1386 1914 1523 1951 Ω113111.
1554 1913 1683 1951 Ρ111113
1712 1913 1824 1961 igitur
1850 1913 2050 1950 causalitas
2079 1913 2292 1951 formarum
2312 1913 2480 1950 maxime

1413 1974 1470 2004 est
1495 1967 1644 2017 primae
1673 1979 1812 2004 causae
1841 1966 2093 2004 attribuenda.

1466 2020 1656 2070 Amplius.
1688 2020 1790 2057 Cum
1825 2032 1943 2056 omne
1976 2031 2092 2068 agens
2125 2027 2209 2068 agat
2241 2019 2311 2056 sibi
2345 2018 2479 2065 simile,

1413 2074 1462 2111 ab
1482 2073 1545 2111 illo
1566 2073 1727 2123 acquirit
1746 2073 1904 2110 effectus
1932 2073 2099 2110 formam
2127 2073 2189 2110 cui
2218 2084 2288 2122 per
2313 2072 2479 2109 formam

1413 2126 1640 2176 acquisitam
1665 2126 1869 2164 similatur:
1899 2126 1996 2164 sicut
2015 2127 2156 2163 domus
2184 2126 2223 2163 in
2252 2125 2412 2162 materia
2430 2126 2478 2162 ab

1413 2189 1503 2226 arte,
1519 2193 1620 2230 quae
1636 2188 1691 2217 est
1710 2179 1856 2230 species
1871 2180 2014 2217 domus
2034 2179 2072 2216 in
2092 2180 2232 2217 anima.
2255 2179 2331 2216 Sed
2347 2179 2479 2216 omnia

1414 2233 1630 2271 similantur
1653 2235 1749 2279 Deo,
1771 2233 1839 2283 qui
1867 2241 1922 2270 est
1950 2241 2056 2270 actus
2084 2245 2217 2282 purus,
2246 2232 2479 2282 inquantum

1414 2288 1558 2324 habent
1576 2287 1730 2332 formas,
1751 2299 1821 2336 per
1839 2299 1936 2336 quas
1955 2286 2081 2323 fiunt
2073 2299 2111 2323 111
2132 2294 2236 2323 30111;
2262 2293 2298 2322 01
2316 2285 2479 2334 inquan-

1413 2349 1499 2378 tum
1518 2341 1662 2378 formas
1681 2348 1878 2390 appetunt,
1898 2339 2071 2377 divinam
2100 2336 2390 2379 similitudinem
2414 2351 2479 2388 ap-

1414 2403 1544 2444 petere
1559 2394 1780 2431 dicuntur*.
1796 2393 2022 2430 Absurdum
2037 2401 2093 2431 est
2107 2393 2219 2441 igitur
2231 2392 2358 2430 dicere
2373 2391 2518 2445 quod
2509 2434 2533 2456 3
2533 2400 2570 2422 Cf
2553 2399 2712 2452 ¹Tss⁶y1⁸35¹¹
2715 2413 2721 2425 .

1414 2509 1540 2538 1010111
1569 2500 1748 2538 omnium
1778 2501 1919 2537 Ι)011111.

1470 2555 1518 2591 Ε1
1546 2554 1636 2591 inde
1655 2562 1711 2591 est
1729 2553 1848 2603 quod,
1869 2553 1918 2590 ad
1937 2552 2224 2590 excludendum
2243 2551 2360 2588 istum
2379 2563 2482 2588 erro-

1417 2620 1511 2653 rem,
1536 2608 1628 2644 Gen.
1650 2619 1670 2652 1,
1690 2608 1858 2656 Moy‚ses
1879 2614 2087 2655 postquam
2113 2605 2259 2642 dixerat
2286 2605 2415 2641 Deum
2444 2606 2481 2641 in

194 2669 231 2690 ν
231 2705 237 2710 ,
254 2661 516 2711 imperfecti,
545 2669 588 2698 ut
622 2661 761 2710 probat
795 2660 1060 2710 Philosophus
1082 2660 1113 2696 ²¹⁸.
1145 2660 1362 2697 Posteriora
1412 2662 1600 2711 principio
1628 2661 1773 2697 caelum
1801 2666 1835 2696 et
1861 2665 2002 2696 terram
2022 2671 2177 2698 creasse
2198 2657 2367 2695 subdidit
2386 2670 2483 2706 quo-

289 2724 421 2753 autem
440 2715 479 2751 in
499 2714 652 2752 entibus
671 2714 834 2751 naturali
850 2713 985 2751 ordine
1001 2722 1244 2751 causantura
1259 2713 1361 2763 prio·
1376 2730 1400 2750 41
1417 2714 1538 2751 modo
1567 2713 1700 2751 omnia
1733 2713 1771 2750 in
1803 2712 1979 2762 proprias
2012 2711 2158 2761 species
2190 2710 2395 2748 formando
2428 2710 2483 2747 di-

289 2769 408 2806 ribus.
438 2769 572 2805 Motus
600 2767 713 2816 igitur
740 2767 790 2804 ad
818 2767 984 2804 formam
1010 2775 1191 2804 causatur
1209 2780 1232 2804 a
1251 2775 1361 2804 motu

290 2822 510 2860 secundum
543 2822 686 2858 locum.
725 2820 879 2857 Primus
906 2828 1038 2857 autem
1067 2828 1197 2857 motus
1226 2832 1362 2857 secun-

290 2877 388 2913 dum
425 2876 557 2912 locum
595 2882 651 2911 est
687 2881 818 2911 motus
855 2873 1036 2911 caelestis.
1071 2873 1214 2911 ‘Omnis
1251 2873 1364 2922 igitur

348 2974 361 3000 3
381 2974 407 2999 in
425 2973 505 3007 nulla]
526 2973 598 2998 nulla
616 2973 667 2998 αΧ.

292 3009 347 3036 fieri
367 3010 416 3036 Pd.
508 3017 540 3043 29
560 3008 621 3042 quia
639 3007 774 3033 materia..

348 3045 362 3071 5
381 3053 460 3079 agere
477 3046 501 3070 Α
518 3045 601 3074 solim
623 3051 675 3069 om.

761 2971 774 2996 5
795 2971 887 3005 prima]
908 2971 935 2996 in
953 2972 1036 3004 prima
1055 2971 1165 2997 aDXPc.

775 3043 823 3068 nisi
841 3045 904 3075 post
923 3043 1046 3068 inducere
1064 3042 1117 3068 NZ.

293 3118 346 3143 cies
365 3124 408 3142 om
428 3117 478 3142 ax.
569 3114 714 3140 distinxerit
731 3114 764 3145 P;
784 3114 934 3139 distinxerat
950 3121 1010 3139 cum
1030 3114 1071 3147 pA
1089 3114 1180 3138 ceteri.

1258 2977 1286 2996 11
1309 2971 1341 2996 ab
1361 2971 1447 3004 aliqua
1467 2971 1535 3001 WP;
1554 2971 1649 3003 aliqua.

781 3006 842 3032 ‚30
862 3007 946 3032 forma
966 3006 1060 3039 (supra
1080 3006 1229 3040 marginem
1249 3010 1275 3031 et
1293 3013 1332 3031 ex
1349 3007 1427 3040 signo
1448 3007 1520 3031 inser
1521 2989 1618 3032 εἠάιιηι
1637 3009 1701 3030 ante
1719 3012 1745 3030 et
1764 3006 1811 3036 sic)
1831 3007 1852 3030 A
1872 3006 1956 3033 solus:
1974 3009 2036 3038 post
2055 3010 2080 3030 et
2099 3005 2144 3030 sic.

1218 3048 1251 3074 14
1269 3041 1349 3076 sicut]
1370 3042 1462 3067 dicitur
1481 3042 1506 3067 in
1524 3049 1561 3068 111.
1576 3042 1631 3074 Phy
1634 3041 1747 3066 sicorum
1767 3042 1874 3066 addunt
1893 3041 1935 3066 Pe.

292 3086 397 3124 oportet
408 3081 459 3106 hoc
470 3081 512 3106 vel
526 3079 572 3105 fiat
586 3087 610 3110 α,
624 3084 730 3113 oportet
741 3079 813 3111 quod
827 3078 868 3103 vel
887 3078 936 3103 hoc
951 3078 996 3103 fiat
1009 3077 1077 3109 WY,
1089 3083 1192 3110 oportet
1204 3078 1276 3111 quod
1288 3078 1338 3103 hoc
1350 3076 1395 3102 fiat
1406 3079 1448 3103 vel
1462 3078 1516 3104 ΧΡ.

1271 3121 1304 3146 47
1325 3113 1438 3146 Christo]
1459 3114 1517 3146 ipso
1538 3113 1580 3138 Pe.

1417 2766 1598 2804 stinxerit.
1628 2767 1676 2803 Et
1704 2767 1914 2816 Apostolus
1942 2765 2042 2810 dicit,
2067 2765 2205 2802 Coloss.
2226 2762 2283 2809 1¹⁶,
2309 2763 2416 2825 quod
2445 2765 2482 2800 in

1421 2822 1567 2858 Christo
1595 2820 1743 2857 condita
1770 2826 1854 2856 sunt
1881 2831 2073 2857 universa
2099 2820 2175 2855 sive
2202 2830 2297 2867 quae
2315 2819 2351 2854 in
2372 2817 2484 2854 caelis

1417 2879 1502 2911 sunt
1514 2875 1590 2910 sive
1613 2886 1708 2923 quae
1728 2875 1765 2910 in
1781 2875 1899 2918 terris,
1915 2874 1991 2910 sive
2012 2872 2166 2909 visibilia
2186 2873 2262 2908 sive
2276 2870 2481 2907 invisibilia.

1743 2969 1772 2995 15
1793 2971 1866 3003 quod
1884 2971 1917 2995 sit
1935 2971 1956 2995 A
1971 2970 2057 3000 solus3
2076 2975 2104 2994 ut
2117 2970 2156 2994 sit.
2250 2975 2280 2993 22
2301 2967 2364 3001 fieri]
2385 2968 2488 3000 proprie

2036 3040 2066 3065 25
2086 3041 2128 3065 vel
2145 3044 2249 3072 oportet
2271 3038 2342 3071 quod
2366 3037 2416 3062 hoc
2434 3036 2486 3070 fiat]

1603 3077 1636 3102 26
1656 3085 1671 3102 a
1689 3083 1793 3102 creante
1810 3077 1910 3104 132<th
1930 3082 2022 3110 agente
2041 3076 2070 3105 Ζ
2089 3081 2191 3101 creante
2203 3075 2294 3100 ceteri.
2378 3073 2411 3104 45
2427 3080 2487 3105 5ρο-

1671 3111 1801 3145 universa]
1821 3112 1909 3138 omnia
1928 3113 2049 3137 universa
2068 3111 2115 3136 Pd.

1059 3169 1396 3226 Commentaria
1427 3194 1737 3226 Ferrariensis

375 3286 471 3307 11115111
487 3274 655 3306 conclusio
669 3274 753 3304 esst:
774 3272 873 3303 Falsa
891 3277 938 3302 est
949 3272 1059 3312 opinio
1077 3271 1250 3302 dicentium
1267 3271 1372 3302 Deum

299 3282 521 3367 Qomnium
539 3318 710 3350 visibilium
727 3327 854 3348 creasse
870 3317 1048 3351 materiam,
1073 3315 1130 3346 sed
1147 3325 1210 3356 per
1233 3316 1373 3356 aliquem

298 3366 457 3408 angelum
477 3374 538 3405 per
561 3364 707 3394 diversas
721 3363 857 3404 formas
870 3362 981 3403 fuisse
1004 3361 1198 3391 distinctam.

357 3411 380 3441 1.
404 3410 579 3440 Probatur.
603 3408 756 3458 Corpora
776 3407 923 3437 caelestia
946 3415 1013 3436 non
1037 3411 1172 3445 possunt
1189 3414 1227 3435 ex
1243 3405 1373 3435 materia

299 3455 388 3486 fieri·
413 3464 490 3485 curn
513 3463 580 3484 non
606 3453 645 3483 sit
668 3453 701 3482 in
730 3452 775 3482 eis
804 3451 1019 3482 contrarietas.
1050 3449 1136 3489 Ergo
1169 3459 1236 3479 non
1267 3455 1374 3489 potest

301 3500 434 3540 angelus
458 3508 496 3529 ex
515 3498 648 3528 materia
672 3507 690 3527 a
714 3496 785 3527 Deo
816 3501 919 3526 creata
948 3496 1017 3535 ipsa
1047 3503 1184 3534 corpora
1207 3493 1371 3524 formasse.

359 3543 519 3574 Secundo.
544 3542 692 3582 Corpora
717 3540 863 3571 caelestia
886 3549 953 3570 non
978 3539 1176 3569 conveniunt
1204 3538 1237 3567 in
1267 3538 1373 3578 aliqua

301 3589 436 3619 materia
460 3597 536 3618 curn
560 3586 750 3627 corporibus
774 3584 987 3620 inferioribus,
1012 3584 1072 3614 nisi
1096 3582 1200 3613 forte
1194 3592 1226 3612 m
1241 3583 1374 3613 materia

302 3634 417 3684 prima.
442 3631 507 3663 Sed
530 3631 662 3661 materia
686 3631 788 3671 prima
812 3639 880 3660 non
904 3629 1010 3669 potuit
1034 3627 1207 3668 praefuisse
1238 3636 1295 3667 per
1324 3637 1373 3657 se-

301 3678 408 3718 ipsam
425 3682 497 3707 ante
514 3676 625 3706 omnia
641 3684 778 3715 corpora
794 3673 944 3704 formata:
971 3682 1046 3703 cum
1062 3673 1101 3702 sit
1117 3681 1197 3712 pura
1218 3672 1372 3711 potentia,

1429 3277 1459 3302 et
1483 3281 1581 3302 omne
1606 3281 1673 3302 esse
1697 3273 1729 3302 in
1754 3277 1827 3302 actu
1851 3272 1890 3301 sit
1913 3281 1950 3301 ex
1974 3270 2080 3310 aliqua
2104 3270 2216 3300 forma.
2242 3270 2326 3309 Ergo
2348 3279 2415 3299 non
2431 3278 2491 3309 po-

1427 3317 1489 3347 tuit
1512 3316 1643 3356 angelus
1668 3325 1705 3346 ex
1729 3316 1860 3346 materia
1884 3325 1901 3345 a
1925 3315 1995 3345 Deo
2020 3320 2123 3345 creata
2147 3315 2256 3345 omnia
2272 3313 2406 3344 visibilia
2422 3323 2492 3344 cor-

1427 3371 1507 3401 pora
1531 3360 1695 3391 formasse.

1487 3405 1606 3435 Tertio.
1633 3405 1715 3435 Fieri
1739 3405 1868 3444 proprie
1892 3404 2043 3434 convenit
2067 3404 2249 3442 composito
2273 3407 2408 3438 tantum,
2425 3411 2493 3432 non

1428 3455 1537 3480 autem
1561 3449 1683 3480 formae
1708 3458 1764 3489 per
1787 3459 1819 3479 se
1844 3454 1898 3478 aut
1921 3448 2070 3478 materiae
2087 3456 2144 3487 per
2159 3456 2206 3477 se:
2231 3447 2313 3477 sicut
2336 3455 2396 3476 nec
2414 3456 2492 3477 esse.

1427 3494 1514 3534 Ergo
1531 3503 1598 3524 non
1615 3499 1662 3524 est
1678 3493 1765 3523 aliud
1789 3502 1883 3533 agens
1908 3501 2017 3522 creans
2041 3492 2206 3521 materiam
2230 3491 2343 3527 solam,
2360 3496 2391 3521 et
2407 3490 2494 3521 aliud

1428 3538 1585 3569 inducens
1610 3537 1759 3568 formam.

1485 3582 1623 3619 Quarto.
1638 3582 1743 3612 Prima
1755 3580 1898 3611 inductio
1917 3580 2093 3610 formarum
2108 3580 2142 3610 in
2158 3580 2289 3610 materia
2304 3589 2372 3610 non
2388 3584 2496 3619 potest

1428 3636 1496 3657 esse
1520 3627 1558 3657 ab
1583 3632 1696 3667 agente
1721 3635 1777 3666 per
1800 3631 1927 3656 motum
1950 3630 2085 3654 tanturn.
2103 3624 2196 3664 vErgo
2220 3633 2287 3654 non
2303 3630 2410 3664 potest
2427 3633 2495 3654 esse

1427 3672 1465 3701 ab
1490 3677 1603 3711 agente
1627 3676 1681 3700 aut
1705 3676 1830 3700 creante
1855 3669 1957 3699 solam
1982 3668 2130 3698 formam.
2146 3687 2169 3690 —
2189 3668 2346 3698 Probatur
2369 3674 2496 3698 antece-
