2768 4134
63 1953 71 1961 ·
85 1950 155 1972 Num.
167 1956 203 1972 ιιι.

59 3247 69 3257 ”
83 3246 154 3268 Num.
169 3252 204 3274 ιιι,
216 3247 272 3269 Pro-

56 3275 111 3301 pter
125 3274 196 3302 quod.

60 3381 146 3405 ‘Num
153 3389 178 3410 ιι,
185 3383 271 3405 Pn'mo.

319 309 396 355 452

811 304 1000 341 SUMMA
1029 303 1253 340 CONTRA
1281 302 1558 349 GENTILES,
1586 304 1682 341 LIB.
1702 305 1744 350 Il,
1775 304 1887 342 CAP.
1908 306 2028 343 LXX.

375 396 411 416 2.-
430 384 497 416 Sed
517 389 629 414 contra
652 383 735 413 hanc
758 383 918 413 radonem
949 382 1060 412 instari
1092 386 1216 422 posset:
1248 382 1335 422 quia,
1367 382 1393 412 si
1442 392 1507 423 per
1529 388 1652 414 motum
1677 384 1761 414 caeli
1782 384 1812 415 si
1835 384 1886 415 illi
1909 385 2048 415 uniatur
2068 386 2246 417 secundum
2269 397 2347 424 esse,
2374 399 2471 430 quam
2494 389 2524 420 si

317 430 391 461 ideo
416 429 542 459 caelum
566 427 683 458 dicitur
697 436 831 457 movere
854 427 999 466 seipsum
1023 426 1100 467 quia
1123 427 1335 467 componitur
1354 436 1393 457 ex

316 471 443 504 motore
479 478 511 503 et
543 471 658 502 mobili
692 471 791 502 unitis
826 470 1008 501 secundum
1043 475 1232 502 contactum
1255 471 1391 507 virtutis,

315 517 429 549 eadem
444 517 568 547 ratione
587 516 707 556 poterit
722 515 786 546 dici
802 514 893 555 quod
908 515 1088 555 plaustrum
1109 521 1222 546 movet
1237 516 1390 556 seipsum,

315 563 392 603 quia
414 561 475 592 sibi
497 561 657 591 uniuntur
671 560 772 590 boves
788 569 846 600 per
861 559 1001 591 modum
1017 561 1168 597 motoris;
1191 566 1223 591 et
1246 560 1391 591 similiter

314 606 405 647 quod
435 606 525 636 navis
555 610 666 635 movet
695 605 844 645 seipsam,
875 606 951 644 quia
981 604 1027 635 illi
1055 606 1265 646 coniungitur
1292 610 1391 635 nauta

314 651 370 692 qui
393 651 497 691 ipsam
520 654 642 680 movet.

367 693 597 735 Respondetur
621 692 712 734 quod
735 702 804 724 non
828 699 876 724 est
899 693 1014 724 eadem
1037 694 1118 725 ratio
1143 694 1183 724 de
1206 694 1274 724 istis
1297 699 1329 724 et
1349 692 1390 724 de

312 740 413 776 caelo,
438 741 573 780 propter
596 738 675 769 duo.
699 738 820 775 Primo,
845 739 923 779 quia
953 738 1135 770 secuudum
1168 738 1388 774 Aristotelem,

311 784 488 815 substantia
511 783 685 824 spiritualis
712 792 797 824 quae
820 788 932 814 movet
955 783 1092 820 caelum,
1117 783 1214 813 habet
1236 783 1389 813 virtutem

311 829 351 860 ad
374 829 444 859 talis
468 829 616 869 corporis
638 833 768 859 motum
792 827 1051 863 determinatam
1077 832 1109 858 et
1131 828 1240 868 ipsum
1268 836 1388 868 corpus

311 874 391 905 caeli
414 874 512 904 habet
533 873 714 904 naturalem
737 872 953 914 aptitudinem
976 871 1016 902 ad
1040 872 1104 902 hoc
1127 877 1164 903 ut
1191 882 1210 902 a
1232 872 1288 902 tali
1311 872 1388 903 sub-

310 919 426 950 stantia
448 918 605 959 spirituali
633 919 678 948 sic
708 922 888 948 moveatur.
920 916 995 947 Hoc
1025 922 1135 947 autem
1166 916 1201 947 in
1228 917 1387 947 instantiis

310 963 457 995 adductis
480 972 549 994 non
572 963 744 993 invenitur.
759 980 784 985 —
799 960 962 997 Secundo,
987 962 1064 1001 quia
1093 961 1127 991 in
1150 960 1211 991 illis
1235 966 1284 992 est
1307 970 1387 992 con·

309 1014 414 1039 tactus
438 1008 679 1048 quantitativus,
704 1007 761 1046 qui
785 1005 821 1036 fit
844 1004 1025 1036 secundum
1049 1011 1200 1036 extrema.
1226 1005 1311 1036 Inter
1336 1006 1386 1036 in-

309 1053 519 1094 telligentiam
544 1056 653 1082 autem
678 1056 709 1081 et
732 1060 851 1091 corpus
876 1050 1014 1081 caeleste
1038 1056 1084 1081 est
1115 1055 1243 1080 tantum
1273 1055 1385 1081 conta-

310 1103 380 1129 ctus
395 1097 530 1127 virtutis.
549 1095 661 1132 Modo,
679 1100 847 1125 ostensum
859 1100 907 1125 est
922 1095 1080 1136 superius,
1093 1095 1126 1125 in
1142 1095 1207 1125 hoc
1219 1094 1384 1131 Secundo,

309 1152 379 1183 cap.
404 1152 465 1177 ινι,
495 1140 586 1181 quod
610 1140 642 1170 in
667 1144 819 1170 contactu
849 1140 1066 1180 quantitativo
1094 1144 1222 1180 oportet
1245 1144 1385 1180 tangens

308 1196 377 1218 esse
399 1186 616 1216 extrinsecum
633 1184 663 1215 ei
678 1184 766 1225 quod
789 1184 948 1226 tangitur,
970 1190 1002 1215 et
1024 1194 1090 1215 non
1109 1189 1220 1225 potest
1235 1183 1386 1215 incedere

302 1242 366 1273 per
389 1231 502 1271 ipsum,
519 1229 576 1260 sed
598 1229 638 1259 ab
658 1229 727 1269 ipso
745 1229 936 1270 impeditur:
951 1229 984 1259 in
1004 1234 1092 1260 tactu
1111 1234 1220 1259 autem
1245 1228 1383 1264 virtutis,

307 1276 362 1317 qui
385 1274 537 1306 convenit
557 1274 745 1305 substantiis
768 1273 1003 1315 spiritualibus,
1028 1283 1102 1304 cum
1124 1274 1168 1304 sit
1190 1273 1234 1304 ad
1258 1273 1382 1310 intima,

305 1319 486 1352 substantia
501 1324 642 1360 tangens
657 1323 705 1349 est
721 1319 810 1349 intra
827 1318 860 1349 id
875 1319 963 1359 quod
978 1319 1139 1360 tangitur,
1156 1323 1188 1349 et
1199 1328 1264 1359 per
1280 1318 1384 1359 ipsum

306 1366 425 1406 absque
449 1364 517 1395 ullo
541 1363 766 1404 impedimento
791 1363 919 1394 incedit.
943 1381 967 1386 —
990 1363 1038 1394 Ex
1064 1364 1103 1394 iis
1122 1363 1253 1394 duobus
1277 1363 1384 1394 evenit

306 1409 397 1452 quod
419 1409 522 1449 magis
545 1407 581 1439 fit
604 1417 709 1439 unum
733 1417 771 1438 ex
795 1408 1009 1448 intelligentia
1029 1413 1061 1439 et
1084 1417 1224 1448 corpore
1243 1407 1382 1444 caelesti,

304 1455 381 1486 licet
403 1464 442 1485 ex
465 1453 527 1484 illis
543 1462 613 1483 non
629 1452 685 1483 fiat
700 1462 805 1483 unum
825 1453 1025 1493 simpliciter,
1042 1452 1100 1483 sed
1115 1458 1242 1484 tantum
1258 1453 1293 1483 in
1309 1461 1382 1483 mo-

304 1499 423 1536 vendo,
448 1507 547 1539 quam
563 1506 602 1528 ex
625 1503 725 1528 nauta
748 1503 780 1528 et
802 1498 887 1533 navi,
907 1503 964 1528 aut
987 1507 1025 1528 ex
1044 1497 1150 1528 bobus
1170 1503 1203 1528 et
1224 1497 1380 1538 plaustro.

303 1545 414 1585 Atque
437 1543 558 1574 idcirco
583 1543 832 1573 convenientius
854 1547 963 1582 potest
979 1541 1043 1573 dici
1066 1541 1158 1583 quod
1181 1542 1309 1573 caelum
1331 1551 1381 1573 se-

303 1590 412 1630 ipsum
434 1593 547 1618 movet
570 1596 670 1627 quam
693 1587 783 1617 navis
806 1592 862 1618 aut
884 1587 1065 1627 plaustrum
1081 1587 1296 1618 coniunctum
1320 1587 1380 1618 bo-

303 1635 374 1665 bus.
391 1633 444 1665 Sic
460 1633 548 1663 enim
564 1641 684 1672 corpus
700 1631 837 1662 caeleste
853 1632 964 1662 unitur
979 1632 1101 1662 motori
1116 1631 1177 1662 sibi
1192 1631 1380 1669 intrinseco,

304 1684 336 1709 et
359 1677 399 1709 ad
422 1677 492 1708 eius
514 1682 644 1707 motum
668 1676 805 1707 naturali
827 1676 945 1706 virtute
964 1675 1195 1707 determinato:
1212 1675 1303 1716 quod
1318 1676 1380 1707 illis

303 1723 372 1754 aliis
395 1731 465 1753 non
487 1722 652 1752 convenit.
669 1739 692 1743 —
707 1721 822 1751 Posset
845 1721 943 1751 etiam
973 1720 1110 1751 concedi
1139 1720 1230 1761 quod
1261 1720 1380 1752 eodem

303 1766 406 1798 modo
422 1766 487 1797 dici
502 1771 610 1807 potest
625 1765 806 1806 plaustrum
825 1775 864 1796 ex
880 1775 914 1796 se
939 1766 1074 1802 moveri,
1092 1766 1118 1796 si
1134 1766 1270 1796 nomine
1280 1765 1379 1806 plau-

302 1812 364 1843 stri
387 1811 585 1852 accipiamus
607 1815 830 1852 aggregatum
853 1819 896 1840 ex
913 1810 1067 1850 plaustro
1091 1815 1122 1840 et
1143 1810 1253 1841 bobus.

360 1856 390 1887 3.
415 1856 449 1887 Si
471 1861 581 1886 autem
605 1860 794 1895 quaeratur:
819 1853 929 1892 Quare
961 1864 1038 1895 ergo
1067 1854 1204 1885 Sanctus
1231 1855 1379 1886 Thomas

303 1906 415 1932 contra
437 1900 616 1931 Averroem
639 1900 704 1930 hoc
727 1899 803 1930 loco
826 1900 987 1930 rationem
1010 1898 1162 1930 formavit
1186 1908 1285 1939 quam
1309 1899 1378 1939 ipse

301 1945 475 1976 solubilem
490 1941 640 1975 videbat?
655 1961 678 1967 -
693 1943 820 1979 dicitur,
833 1949 870 1973 ut
884 1944 948 1974 iam
964 1943 1088 1974 dictum
1105 1948 1152 1974 est
1163 1944 1191 1979 *,
1207 1943 1298 1984 quod
1313 1943 1378 1974 hoc

300 1999 369 2020 non
393 1989 469 2020 facit
492 1989 584 2029 quasi
599 1989 683 2019 hanc
702 1989 862 2018 rationem
879 1988 1070 2028 simpliciter
1084 1987 1295 2018 insolubilem
1312 1987 1378 2018 exi-

300 2035 452 2070 stimaret,
476 2033 533 2064 sed
546 2033 634 2074 'quia
656 2033 761 2074 ipsam
784 2032 950 2063 efficacem
974 2038 1087 2063 contra
1113 2032 1293 2063 Averroem
1316 2041 1378 2072 pu-

300 2080 396 2115 tabat,
421 2078 479 2119 qui
503 2088 541 2109 ex
564 2077 746 2108 Aristotelis
776 2077 891 2113 verbis,
916 2082 952 2108 ut
975 2077 1008 2108 in
1032 2076 1239 2118 praecedenti
1272 2077 1377 2117 capite

299 2124 413 2165 patuit,
437 2123 649 2154 substantiam
672 2121 925 2153 intellectualem
941 2131 1010 2152 non
1025 2131 1122 2163 posse
1139 2122 1224 2152 uniri
1248 2122 1377 2162 corpori

299 2174 336 2199 ut
359 2168 508 2205 formam,
533 2176 666 2208 arguere
690 2167 829 2198 volebat.
855 2166 889 2198 Si
917 2167 1005 2198 enim
1038 2166 1078 2197 ad
1109 2166 1207 2197 verba
1234 2172 1377 2198 tannim-

298 2213 402 2244 modo
425 2212 693 2254 superficietenus
715 2212 875 2252 respicere
902 2211 1114 2248 voluerimus,
1137 2221 1206 2242 non
1233 2211 1274 2243 ad
1304 2220 1377 2242 sen-

299 2268 382 2295 sum,
407 2258 509 2298 magis
538 2267 577 2288 ex
607 2257 713 2288 verbis
743 2262 775 2287 et
805 2257 985 2287 rationibus
1009 2257 1089 2292 eius,
1120 2257 1240 2296 quibus
1267 2262 1377 2297 aperte

298 2303 369 2334 vult
391 2302 520 2333 caelum
543 2302 723 2333 animatum
746 2310 826 2338 esse,
851 2301 1032 2332 ostenditur
1047 2301 1259 2332 substantiam
1282 2301 1376 2332 intel-

298 2347 472 2379 lectualem
494 2347 580 2377 uniri
603 2355 700 2387 posse
724 2346 855 2386 corpori
878 2352 915 2377 ut
941 2346 1091 2382 formam,
1116 2355 1215 2386 quam
1245 2355 1282 2376 ex
1306 2346 1376 2376 eius

299 2393 369 2423 aliis
385 2392 490 2422 verbis
513 2396 665 2432 appareat
686 2391 792 2431 ipsam
815 2391 947 2431 corpori
970 2390 1056 2421 uniri
1079 2399 1148 2421 non
1171 2400 1283 2431 posse:
1303 2391 1376 2421 ani-

299 2441 388 2468 mata
412 2437 500 2467 enim
523 2436 630 2467 dicere
653 2436 883 2467 consuevimus
908 2445 1050 2476 quorum
1075 2435 1181 2466 forma
1204 2435 1283 2466 dans
1306 2445 1376 2467 esse

299 2487 347 2513 est
370 2482 487 2512 anima.

355 2525 456 2564 Quod
480 2530 589 2556 autem
612 2525 694 2556 haec
716 2524 813 2556 fuerit
836 2534 930 2556 mens
946 2525 1055 2556 Sancti
1071 2524 1232 2561 Thomae,
1250 2530 1377 2556 constat

299 2581 338 2601 ex
361 2570 521 2612 principio
546 2570 643 2600 huius
667 2570 791 2610 capitis,
807 2570 863 2600 ubi
883 2570 941 2600 ait:
957 2569 1002 2600 Et
1024 2569 1103 2610 quia
1122 2570 1285 2600 Averroes
1308 2579 1376 2600 ma-

297 2616 386 2646 xime
410 2615 527 2646 nititur
547 2624 641 2645 suam
671 2614 856 2655 opinionem
892 2615 1091 2656 confirmare
1119 2624 1184 2654 per
1219 2614 1316 2645 verba
1346 2619 1377 2645 et

298 2660 606 2691 demonstrationem
631 2659 825 2694 Aristotelis,
843 2658 1076 2690 ostendendum
1094 2664 1196 2690 restat
1216 2659 1305 2700 quod
1321 2669 1376 2690 ne-

298 2705 475 2736 cessarium
511 2709 559 2735 est
588 2703 706 2739 dicere,
742 2704 919 2735 secundum
955 2703 1143 2744 opinionem
1177 2704 1373 2740 Aristotelis,

299 2748 443 2792 (supple)
468 2754 628 2790 quantum
653 2750 748 2779 verba
771 2754 888 2779 sonant
911 2747 1180 2789 superficietenus
1201 2748 1374 2785 intellecta,

299 2795 496 2826 intellectum
526 2793 703 2824 secundum
738 2803 833 2824 suam
863 2793 1077 2824 substantiam
1109 2793 1211 2823 alicui
1241 2793 1376 2834 corpori

299 2840 389 2870 uniri
413 2844 449 2870 ut
469 2839 626 2879 formam.
646 2838 694 2869 Ex
718 2838 756 2868 iis
775 2839 863 2869 enim
879 2843 1013 2879 apparet
1036 2837 1192 2869 Sanctum
1209 2838 1375 2869 Thomam

297 2885 403 2915 verbis
431 2889 462 2915 et
489 2883 759 2914 demonstrationi
782 2882 964 2913 Aristotelis
987 2891 1045 2923 per
1069 2881 1374 2914 Commentatorem

298 2928 455 2965 adductis,
484 2927 627 2959 voluisse
658 2927 719 2958 alia
742 2927 924 2958 Aristotelis
956 2927 1054 2957 verba
1083 2926 1314 2964 manifestiora,
1343 2933 1375 2959 et

298 2974 375 3005 alias
399 2974 469 3004 eius
492 2972 787 3004 demonstrationes
811 2981 991 3013 opponere.

353 3018 407 3050 Sic
435 3027 512 3058 ergo
541 3017 659 3048 rationi
686 3017 739 3047 hic
771 3026 829 3057 per
858 3017 980 3047 Divum
1010 3016 1175 3047 Thomam
1204 3015 1373 3054 adductae,

298 3062 441 3094 tenendo
465 3061 556 3103 quod
580 3061 708 3092 caelum
732 3061 915 3093 secundum
939 3066 1084 3092 mentem
1099 3061 1282 3092 Aristotelis
1304 3071 1374 3093 non

298 3108 338 3138 sit
360 3108 492 3148 proprie
515 3107 705 3142 animatum,
729 3106 912 3137 secundum
928 3105 1110 3136 doctrinam
1127 3106 1196 3137 eius
1220 3106 1295 3137 alibi
1312 3111 1374 3138 tra-

299 3152 408 3189 ditam,
432 3150 699 3193 respondendum
723 3157 780 3182 est.

355 3198 393 3227 V.
419 3196 452 3228 Si
476 3202 586 3228 autem
609 3197 797 3237 oppositam
821 3201 944 3236 partem
976 3195 1134 3225 sustinere
1161 3196 1373 3233 voluerimus,

299 3247 335 3272 ut
358 3242 494 3273 sustinet
509 3241 647 3272 Sanctus
663 3241 810 3272 Thomas
825 3241 859 3271 in
875 3240 941 3279 Qu.
959 3239 999 3270 de
1014 3239 1142 3275 Anima,
1160 3240 1216 3271 ubi
1237 3250 1334 3281 supra
1345 3241 1373 3277 ³,

300 3286 442 3318 dicentes
465 3286 677 3317 substantiam
700 3285 965 3320 intellectualem,
989 3283 1172 3315 secundum
1193 3285 1374 3316 Aristotelis

299 3336 453 3367 mentem,
471 3330 546 3362 dare
562 3339 631 3361 esse
646 3329 825 3361 formaliter
841 3329 972 3370 corpori
988 3328 1134 3359 caelesti:
1159 3330 1374 3370 respondetur

300 3375 339 3406 ad
363 3376 499 3416 primam
525 3376 684 3406 rationem
699 3376 733 3406 in
750 3375 942 3416 oppositum
966 3372 1139 3404 adductam
1148 3375 1175 3411 ³,
1192 3374 1373 3406 secundum

300 3419 480 3451 doctrinam
513 3419 622 3451 Sancti
646 3420 797 3451 Thomae
826 3420 861 3450 in
886 3419 912 3450 11
939 3417 1041 3454 Caeli,
1073 3418 1147 3449 lect.
1180 3418 1210 3455 3,
1241 3424 1273 3449 et
1297 3419 1373 3450 loco

300 3464 486 3495 immediate
509 3464 657 3505 allegato,
680 3464 771 3505 quod
794 3463 1005 3505 intelligentia
1021 3464 1132 3494 unitur
1155 3464 1284 3504 corpori
1301 3473 1374 3495 cae-

301 3508 371 3538 lesti
394 3514 430 3539 ut
453 3508 559 3539 forma
582 3514 715 3550 propter
737 3514 867 3540 motum
890 3514 922 3540 et
945 3509 1119 3544 actionem,
1147 3517 1215 3538 non
1240 3507 1373 3548 quidem

302 3553 498 3592 simpliciter,
522 3554 599 3594 quia
630 3558 661 3584 et
692 3554 814 3594 absque
844 3553 899 3584 tali
930 3554 1054 3584 unione
1083 3557 1194 3593 posset
1217 3562 1309 3592 agere
1343 3558 1374 3583 et

302 3605 444 3633 movere,
468 3602 503 3627 ut
529 3598 730 3637 arguebatur,
756 3597 812 3629 sed
831 3603 969 3639 propter
991 3597 1131 3629 actionis
1162 3597 1372 3628 nobilitatem.

302 3640 386 3670 Nam
401 3641 581 3672 substantia
596 3642 776 3682 spiritualis
791 3651 875 3683 quae
890 3642 1106 3673 determinata
1122 3646 1171 3673 est
1192 3641 1236 3672 ad
1251 3646 1374 3672 motum

304 3684 396 3720 caeli,
420 3695 513 3725 quem
536 3686 606 3716 sine
629 3686 741 3717 labore
763 3692 879 3722 movet,
905 3687 1046 3718 nobilius
1069 3690 1227 3727 operatur
1249 3691 1281 3717 et
1302 3687 1375 3728 agit

1447 428 1490 458 sit
1512 427 1553 458 ab
1577 437 1615 458 eo
1639 433 1808 469 separata:
1828 430 2015 471 perfectior
2036 430 2123 460 enim
2146 431 2232 461 actio
2260 437 2309 463 est
2330 442 2428 473 quam
2451 434 2524 475 quis

1447 472 1520 514 agit
1536 481 1602 513 per
1617 472 1868 504 instrumentum
1891 474 2111 511 coniunctum,
2129 483 2168 505 ea
2183 485 2281 516 quam
2304 477 2378 518 agit
2394 487 2459 518 per
2474 478 2523 508 in-

1446 522 1662 547 strumentum
1685 522 1883 558 separatum.

1502 561 1555 592 Ad
1578 562 1717 602 primam
1740 562 1979 602 probationem,
2004 568 2093 603 patet
2116 573 2155 594 ex
2179 562 2283 594 dictis.

1502 605 1555 637 Ad
1587 605 1776 643 secundam,
1808 606 1926 637 dicitur
1955 608 2080 648 primo,
2113 608 2204 649 quod
2233 618 2367 639 movere
2397 609 2523 640 intelle-

1446 651 1560 681 ctualis
1583 651 1782 682 substantiae
1806 660 1864 691 per
1886 651 2024 683 modum
2048 652 2187 693 imperii,
2211 658 2260 684 est
2289 658 2416 684 tantum
2439 653 2523 685 velle

1446 701 1478 726 et
1500 695 1692 736 intelligere:
1710 705 1779 727 non
1803 700 1914 727 autern
1929 705 2064 728 movere
2079 706 2138 738 per
2153 697 2292 729 modum
2307 698 2521 729 executionis.

1446 740 1551 771 Immo
1575 741 1645 781 ipse
1667 746 1778 771 motus
1803 746 1953 771 causatus
1976 742 2011 772 in
2034 741 2125 773 caelo
2150 743 2190 773 ab
2213 742 2436 783 intelligentia,
2453 752 2521 784 quo

1444 784 1608 816 mediante
1631 790 1742 816 causat
1756 785 1836 816 haec
1859 784 2023 822 inferiora,
2040 786 2223 817 secundum
2242 787 2334 828 quod
2358 793 2406 818 est
2429 797 2447 818 a
2462 797 2521 818 vo—

1443 830 1566 860 luntate
1590 830 1707 870 angeli,
1724 835 1772 860 est
1796 830 1956 860 executio.
1972 847 1995 852 -
2011 830 2138 861 Dicitur
2153 831 2299 863 secundo
2318 831 2419 872 quod,
2436 841 2521 873 quo-

1442 874 1679 915 modocunque
1703 875 1880 915 accipiatur
1906 884 2046 910 movere,
2071 875 2194 906 scilicet
2220 881 2276 906 aut
2301 885 2360 917 per
2382 877 2522 908 modum

1442 920 1571 960 imperii
1595 925 1650 950 aut
1665 929 1724 960 per
1746 919 1885 950 modum
1909 920 2121 956 executionis,
2145 929 2214 951 non
2236 921 2371 961 ponitur
2394 922 2428 952 in
2451 922 2521 962 ipsa

1442 964 1654 1005 intelligentia
1675 965 1821 1005 potentia
1842 965 1965 995 motiva
1988 969 2045 995 aut
2066 965 2170 995 activa
2192 963 2342 996 distincta
2363 965 2404 996 ab
2426 966 2521 997 intel-

1441 1009 1529 1040 lectu
1553 1015 1585 1040 et
1607 1009 1786 1040 voluntate.
1810 1009 1852 1040 Et
1874 1008 1950 1039 ideo
1975 1008 2099 1040 dictum
2123 1008 2400 1041 Commentatoris
2421 1011 2520 1041 veris-

1441 1055 1559 1085 simum
1577 1059 1634 1084 est.
1646 1072 1670 1077 -
1681 1054 1808 1085 Dicitur
1822 1054 1918 1084 tertio
1934 1053 2035 1094 quod,
2051 1053 2127 1084 licet
2141 1063 2274 1084 movere
2289 1053 2520 1095 intelligentiae

1441 1108 1498 1139 per
1513 1098 1652 1130 modum
1664 1099 1865 1129 executionis
1877 1099 1918 1129 sit
1928 1108 1947 1128 a
1958 1098 2126 1129 voluntate
2139 1104 2171 1129 et
2185 1098 2366 1134 intellectu;
2379 1104 2412 1129 et
2426 1099 2528 1130 intel-¹

1440 1143 1571 1183 ligentia
1593 1153 1662 1174 non
1678 1143 1795 1174 habeat
1809 1143 1962 1174 virtutem
1977 1143 2137 1173 motivam
2160 1143 2200 1173 ab
2223 1142 2391 1174 intellectu
2413 1148 2447 1174 et
2460 1152 2519 1174 vo·

1440 1187 1564 1219 luntate
1577 1187 1760 1219 distinctam
1771 1187 1907 1224 realiter,
1921 1187 1978 1218 sed
1993 1192 2120 1218 tantum
2132 1188 2270 1218 ratione:
2283 1188 2395 1218 unitur
2409 1193 2520 1219 tamen

1439 1232 1650 1273 intelligentia
1673 1232 1803 1273 corpori
1819 1232 1948 1263 caelesti
1963 1237 2000 1263 ut
2022 1231 2128 1263 forma
2142 1237 2277 1273 propter
2292 1232 2520 1263 executionem

1439 1278 1564 1309 virtutis
1588 1278 1727 1313 activae;
1744 1277 1867 1308 scilicet
1881 1281 1919 1307 ut
1932 1276 1987 1307 illa
2001 1277 2042 1307 sit
2056 1275 2231 1317 perfectior
2246 1277 2407 1308 executio.
2423 1276 2520 1308 Unde

1439 1322 1675 1363 consequentia
1697 1321 1783 1352 illius
1813 1321 1947 1352 rationis
1974 1330 2043 1352 non
2070 1326 2170 1358 tenet,
2194 1320 2358 1352 videlicet:
2383 1321 2520 1352 Movere

1440 1366 1686 1409 intelligentiae,
1711 1365 1834 1396 scilicet
1856 1374 1915 1406 per
1937 1364 2076 1397 modum
2098 1366 2287 1406 imperantis
2309 1371 2450 1402 motum,
2471 1371 2520 1397 est

1438 1413 1508 1443 eius
1531 1411 1717 1453 intelligere
1739 1415 1772 1441 et
1793 1410 1884 1446 velle,
1908 1410 2004 1452 Ergo
2022 1419 2088 1441 non
2106 1410 2221 1441 unitur
2235 1410 2370 1451 corpori
2379 1415 2520 1452 propter

1438 1461 1572 1487 motum.
1596 1456 1689 1487 Licet
1705 1456 1793 1486 enim
1809 1455 1988 1495 intelligere
2011 1460 2043 1486 et
2065 1455 2158 1491 velle,
2175 1463 2261 1495 quae
2276 1460 2352 1486 sunt
2373 1455 2519 1487 actiones

1437 1503 1663 1537 immanentes,
1687 1506 1724 1531 ut
1753 1500 1810 1536 sic,
1842 1509 1911 1530 non
1940 1499 2107 1540 indigeant
2135 1508 2274 1540 corpore
2303 1499 2358 1530 cui
2386 1500 2519 1532 uniatur

1436 1546 1649 1586 intelligentia
1671 1550 1708 1576 ut
1730 1543 1851 1581 forma;
1876 1545 1947 1586 ipsa
1968 1549 2078 1575 tamen
2095 1544 2242 1585 operatio
2265 1544 2434 1581 transiens,
2449 1545 2518 1576 sive

1437 1591 1586 1622 executio
1610 1589 1735 1621 virtutis
1755 1589 1889 1626 activae,
1905 1598 1991 1629 quae
2006 1599 2025 1619 a
2042 1588 2212 1620 voluntate
2227 1589 2388 1630 provenit,
2407 1587 2449 1620 ad
2465 1589 2518 1620 sui

1435 1635 1672 1676 perfectionem
1694 1633 1818 1674 indiget
1840 1638 1878 1664 ut
1899 1633 2112 1673 intelligentia
2135 1634 2176 1664 sit
2190 1634 2339 1674 corporis
2354 1632 2469 1665 forma.

1491 1679 1546 1710 Vl.
1570 1678 1621 1710 Ad
1643 1678 1822 1710 secundum
1836 1679 1854 1695 ⁴*
1877 1677 1996 1709 dicitur
2017 1678 2125 1718 primo
2149 1677 2252 1719 quod,
2283 1687 2360 1709 cum
2390 1678 2516 1709 Aristo-

1434 1724 1514 1755 teles
1537 1725 1633 1765 ponit
1656 1732 1725 1754 esse
1755 1723 1899 1763 aliquam
1926 1722 2138 1753 substantiam
2165 1722 2337 1753 moti-icem
2368 1723 2515 1763 corporis

1435 1769 1580 1800 caelestis
1603 1777 1688 1808 quae
1711 1777 1780 1798 non
1803 1772 1955 1798 movetur
1977 1776 2087 1808 neque
2110 1776 2168 1808 per
2190 1775 2225 1798 se
2248 1776 2358 1808 neque
2379 1776 2440 1808 per
2460 1776 2515 1798 ac-

1435 1813 1556 1850 cidens,
1581 1811 1661 1844 illud
1684 1812 1833 1852 intelligit
1855 1811 1896 1842 de
1919 1811 2097 1842 substantia
2119 1816 2274 1843 movente
2294 1820 2353 1852 per
2375 1810 2515 1843 modum

1434 1857 1521 1888 finis:
1547 1863 1583 1888 ut
1606 1862 1694 1897 patet
1718 1866 1757 1887 ex
1780 1857 1850 1887 eius
1873 1865 2029 1896 processu
2052 1855 2111 1886 XII
2127 1856 2282 1896 Metaph„
2298 1855 2366 1892 ubi,
2385 1865 2514 1896 ponens

1433 1901 1677 1933 multitudinem
1692 1901 1943 1931 substantiarum
1966 1905 2196 1940 separatarum,
2215 1900 2311 1940 ponit
2332 1900 2514 1932 multitudi-

1432 1955 1508 1977 nem
1532 1955 1643 1977 earum
1659 1954 1744 1985 quae
1759 1950 1835 1976 sunt
1850 1944 1942 1981 fines,
1958 1950 1995 1976 ut
2019 1953 2168 1985 expresse
2183 1945 2320 1975 habetur
2334 1949 2412 1976 text.
2427 1945 2472 1984 48
2484 1946 2512 1976 ⁹.

1432 1991 1507 2022 Hoc
1530 1995 1620 2031 patet
1642 1998 1712 2020 esse
1735 1988 1775 2020 de
1799 1994 1910 2020 mente
1932 1989 2042 2020 Sancti
2066 1988 2228 2025 Thomae,
2251 1988 2384 2026 ibidem,
2414 1994 2448 2020 et
2473 1989 2515 2021 de

1432 2034 1675 2076 Spiritualibus,
1699 2039 1756 2065 art.
1783 2034 1812 2064 5.

1490 2079 1616 2110 Dicitur
1638 2077 1783 2110 secundo
1807 2078 1909 2120 quod,
1933 2078 2011 2119 quia
2033 2079 2068 2109 in
2084 2077 2157 2109 vm
2171 2078 2271 2120 Phys.
2295 2077 2446 2110 nondum
2461 2078 2512 2110 in-

1431 2125 1642 2165 vestigaverat
1668 2123 1880 2155 substantiam
1906 2123 2160 2155 intellectualem
2188 2132 2273 2164 quae
2303 2123 2344 2154 sit
2373 2123 2511 2155 omnino

1432 2174 1586 2210 separata,
1610 2177 1748 2200 movens
1771 2177 1830 2208 per
1852 2167 1991 2199 modum
2007 2167 2081 2199 finis
2105 2173 2138 2199 et
2159 2167 2353 2209 appetibilis,
2368 2166 2426 2199 sed
2447 2167 2512 2200 hoc

1433 2219 1499 2245 erat
1521 2214 1555 2244 in
1578 2213 1637 2244 ΧΠ
1654 2213 1798 2254 Metaph.
1817 2212 2093 2254 investigandum3
2117 2211 2194 2243 ideo
2209 2211 2250 2244 de
2265 2213 2337 2253 ipsa
2359 2221 2446 2253 quae
2463 2217 2514 2244 eat

1431 2268 1504 2300 pars
1527 2259 1690 2290 moventis
1713 2258 1867 2299 seipsum,
1883 2263 2040 2299 tanquam
2055 2256 2096 2288 de
2110 2257 2216 2298 prima
2230 2257 2422 2298 simpliciter
2435 2257 2512 2288 sub-

1431 2303 1547 2334 stantia
1570 2309 1602 2334 et
1627 2303 1765 2334 omnino
1789 2303 1946 2334 abstracta
1968 2302 2125 2343 loquitur,
2155 2307 2188 2333 et
2215 2302 2277 2333 sibi
2305 2301 2512 2333 conditiones

1430 2349 1555 2389 primae
1578 2348 1776 2379 substantiae
1799 2347 1953 2384 attribuit,
1980 2352 2018 2378 ut
2045 2346 2170 2378 dictam
2199 2352 2247 2378 est
2277 2346 2311 2377 in
2340 2346 2449 2387 primo
2471 2345 2510 2378 li-

1431 2393 1490 2424 bro
1504 2394 1531 2423 *.
1562 2393 1604 2423 Et
1634 2393 1711 2433 quia
1741 2393 1865 2433 primus
1894 2397 2014 2428 motor,
2045 2397 2078 2423 et
2107 2391 2214 2423 omnis
2245 2391 2306 2422 alia
2333 2391 2511 2422 substantia

1430 2447 1568 2469 movens
1592 2437 1719 2468 caelum
1750 2447 1808 2478 per
1836 2436 1975 2469 modum
2003 2435 2087 2473 finis,
2116 2441 2165 2467 est
2186 2435 2363 2467 immobilis
2392 2440 2426 2466 et
2452 2444 2511 2477 per

1431 2492 1466 2513 se
1489 2487 1522 2513 et
1544 2491 1603 2522 per
1625 2481 1784 2518 accidens,
1807 2481 1854 2512 illi
1870 2482 2066 2513 substantiae
2082 2490 2168 2522 quae
2183 2486 2232 2512 est
2253 2489 2327 2521 pars
2348 2480 2511 2512 moventis

1430 2527 1585 2568 seipsum,
1609 2527 1754 2558 attribuit
1776 2527 1841 2557 hoc
1866 2525 1958 2567 quod
1985 2531 2034 2557 est
2062 2535 2132 2557 non
2159 2525 2286 2556 moveri
2315 2533 2425 2566 neque
2452 2533 2511 2566 per

1431 2581 1464 2602 se
1487 2580 1598 2612 neque
1620 2580 1678 2612 per
1702 2571 1868 2602 accidens:
1893 2580 1970 2602 cum
1993 2576 2103 2602 tamen
2134 2570 2195 2601 sibi
2226 2570 2261 2601 in
2283 2569 2417 2601 veritate
2438 2577 2511 2601 non

1431 2617 1614 2647 conveniat.
1639 2615 1727 2647 Cum
1744 2617 1832 2647 enim
1856 2616 1897 2646 sit
1911 2615 2018 2647 forma
2034 2615 2191 2656 corporis,
2207 2619 2240 2646 et
2255 2614 2295 2645 sit
2310 2622 2416 2645 unum
2438 2622 2509 2646 esse

1430 2662 1532 2702 ipsius
1547 2666 1580 2691 et
1602 2661 1750 2701 corporis
1773 2660 1929 2697 caelestis,
1950 2669 2083 2691 necesse
2107 2664 2156 2690 est
2170 2664 2207 2690 ut
2229 2658 2270 2690 ad
2292 2664 2423 2690 motum
2437 2667 2510 2690 cor-

1430 2706 1518 2747 poris
1541 2714 1600 2746 per
1622 2704 1772 2736 accidens
1787 2710 1967 2736 moveatur.
1983 2722 2007 2727 —
2023 2703 2118 2736 Unde
2134 2703 2175 2735 ad
2189 2709 2429 2744 argumentum,
2451 2711 2509 2734 ne-

1430 2756 1524 2791 gatur
1547 2750 1782 2790 consequentia
1797 2749 1839 2780 de
1861 2759 1902 2781 eo
1919 2749 1977 2790 qui
1999 2758 2074 2780 vere
2091 2754 2139 2779 est
2156 2748 2280 2789 primus
2298 2753 2419 2785 motor,
2435 2756 2510 2779 mo-

1429 2805 1508 2826 vens
1531 2794 1654 2826 scilicet
1676 2803 1735 2835 per
1760 2793 1900 2826 modum
1927 2793 2110 2835 appetibilis
2137 2793 2248 2834 primi:
2273 2793 2349 2824 licet
2371 2792 2412 2824 sit
2433 2801 2510 2824 vera

1430 2839 1471 2871 de
1494 2849 1535 2871 eo
1560 2839 1651 2880 quod
1674 2839 1720 2870 ibi
1743 2839 1899 2880 accipitur
1921 2844 2078 2879 tanquam
2101 2838 2225 2879 primus
2247 2842 2368 2868 motor.

1485 2883 1573 2915 Cum
1597 2889 1707 2915 autem
1730 2884 1887 2925 probatur
1910 2883 1987 2924 quia
2007 2882 2124 2914 dicitur
2138 2881 2260 2914 ibidem
2283 2882 2317 2912 in
2332 2881 2406 2912 vm
2420 2881 2510 2923 1²19·-

1428 2929 1572 2960 sicorum
1589 2930 1616 2965 “,
1634 2927 1726 2969 quod
1735 2928 1866 2969 primus
1881 2932 1992 2959 motor
2014 2937 2080 2958 non
2103 2931 2254 2958 movetur
2276 2935 2380 2967 neque
2395 2935 2461 2967 per
2473 2935 2510 2958 se

1430 2983 1533 3014 neque
1549 2982 1614 3014 per
1636 2973 1808 3004 accidens:
1830 2972 1948 3004 dicitur
1970 2971 2062 3013 quod
2084 2971 2166 3003 illud
2189 2971 2379 3011 intelligitur
2401 2969 2443 3002 de
2465 2979 2508 3002 eo

1429 3019 1487 3059 qui
1503 3027 1578 3049 vere
1602 3023 1650 3048 est
1672 3018 1797 3059 primus
1812 3022 1932 3054 motor,
1949 3017 2006 3058 qui
2026 3016 2148 3048 scilicet
2164 3021 2212 3047 est
2235 3015 2373 3047 omnino
2397 3024 2416 3046 a
2437 3023 2508 3047 ma-

1429 3063 1508 3094 teria
1523 3067 1704 3103 separatus;
1721 3071 1790 3093 non
1805 3067 1916 3093 autem
1931 3061 1972 3093 de
1988 3066 2078 3102 parte
2100 3061 2263 3092 moventis
2278 3060 2434 3101 seipsum,
2449 3059 2508 3101 qui

1428 3117 1497 3138 non
1514 3112 1562 3138 est
1584 3116 1659 3138 vere
1675 3107 1799 3148 primus
1817 3112 1937 3143 motor,
1953 3106 2029 3137 licet
2051 3104 2132 3137 illud
2147 3106 2207 3136 sibi
2223 3105 2415 3146 attribuatur
2429 3113 2507 3145 sup-

1428 3152 1567 3193 positive
1591 3157 1623 3183 et
1645 3152 1844 3192 permissive,
1868 3151 2063 3192 inquantum
2078 3149 2160 3181 illud
2182 3149 2306 3181 ibidem
2327 3147 2507 3180 admittitur

1428 3206 1489 3238 pro
1513 3197 1620 3237 primo
1643 3201 1773 3227 motore
1796 3195 1994 3236 simpliciter.

1485 3240 1590 3278 Unde,
1615 3241 1692 3281 quia
1714 3240 1915 3281 impossibile
1939 3239 2088 3271 absolute
2111 3244 2160 3270 est
2181 3243 2218 3270 ut
2240 3246 2313 3279 pars
2342 3237 2505 3268 moventis

1427 3286 1572 3326 seipsum
1588 3286 1628 3316 sit
1643 3286 1767 3326 primus
1782 3290 1893 3316 motor
1908 3284 2085 3316 immobilis
2101 3292 2160 3324 per
2173 3292 2209 3314 se
2224 3287 2256 3313 et
2271 3290 2329 3322 per
2343 3279 2504 3318 accidens,

1428 3330 1503 3361 ideo
1527 3331 1561 3360 in
1585 3329 1643 3360 ΧΠ
1671 3329 1814 3370 Metaph.
1838 3329 2047 3370 investigatur
2076 3328 2201 3368 primus
2227 3330 2337 3356 motor
2365 3326 2503 3357 omnino

1427 3380 1592 3415 separatus
1627 3384 1646 3405 a
1681 3383 1829 3415 corpore,
1864 3373 1919 3405 cui
1952 3382 2027 3404 vere
2057 3371 2269 3403 attribuantur
2299 3369 2504 3402 conditiones

1428 3420 1525 3460 primi
1548 3419 1694 3455 motoris,
1719 3427 1803 3459 quae
1828 3427 1867 3449 ex
1882 3416 2110 3458 suppositione
2133 3419 2166 3446 et
2179 3414 2393 3455 permissione
2417 3415 2504 3446 attri-

1428 3464 1525 3495 butae
1549 3468 1639 3494 erant
1661 3463 1782 3494 motori
1805 3462 1902 3503 primi
1923 3460 2055 3493 mobilis
2077 3459 2171 3490 unito
2201 3458 2248 3489 illi
2278 3467 2336 3499 per
2365 3458 2504 3491 modum

1428 3507 1562 3539 formae.

1484 3552 1553 3583 VII.
1578 3552 1629 3583 Ad
1652 3551 1811 3583 tertium*
1838 3549 2014 3581 dicendum
2042 3546 2134 3588 quod
2161 3557 2280 3588 corpus
2307 3548 2503 3589 organicum

1429 3596 1601 3638 dupliciter
1625 3596 1729 3637 accipi
1751 3599 1869 3636 potest.
1893 3593 1970 3625 Uno
1992 3591 2106 3629 modo,
2123 3601 2183 3632 pro
2208 3602 2346 3633 corpore
2365 3592 2504 3623 habente

1429 3641 1552 3672 diversa
1575 3650 1706 3681 organa,
1730 3638 1968 3679 complexione,
1985 3637 2049 3667 situ
2072 3641 2104 3667 et
2122 3635 2224 3677 figura
2245 3636 2403 3668 distincta.
2426 3636 2503 3668 Alio

1428 3685 1540 3722 modo,
1564 3694 1624 3726 pro
1659 3692 1797 3724 corpore
1829 3681 1869 3713 ad
1901 3682 2043 3712 animam
2078 3686 2110 3712 et
2142 3682 2346 3722 operationes
2377 3681 2504 3712 animae

2542 1687 2645 1737 Qni-
2670 1694 2696 1715 n,
2717 1687 2758 1711 Se-

2539 1952 2595 2002 1213:
2605 1952 2708 2007 ἐῐῗκὲῑ,
2718 1959 2768 2004 ’.ἱὶὶ

2537 2397 2613 2447 :ffl-
2621 2396 2754 2447 2133»..-

2536 2933 2546 2944 ·
2559 2932 2617 2982 (ἡ).
2634 2938 2667 2958 vr,
2685 2937 2709 2955 n.
2725 2931 2768 2964 ae]

2535 2965 2556 2981 ι.
2605 2959 2686 2982 ,1.ιι.
2766 2966 2768 2987 !

2532 3559 2542 3569 ·
2549 3557 2747 3586 Νωιι.ιι,’1“σ·ϋο.
