2768 4134
9 1366 22 1417 :
24 1364 88 1422 ⁵131:
103 1365 142 1395 ¹³8
157 1364 227 1394 (ναι.

10 1854 23 1867 ·
64 1853 228 1882 ideam,

10 1881 114 1906 loedr-

10 2606 23 2617 ”
37 2605 46 2627 1
62 2606 95 2632 P..
110 2612 157 2633 ιη,
169 2612 190 2634 a,
200 2606 228 2628 ad

13 2638 37 2658 a:
51 2632 100 2654 vid.
116 2638 141 2655 n.
150 2639 214 2656 uvr.

12 2659 33 2670 ¹·
46 2659 119 2682 Num.
133 2665 184 2688 seq.

0 2993 24 3025 ἓ·
37 3011 110 3034 Num.
123 3019 141 3040 4
161 3012 230 3034 huius

0 3042 94 3088 gur-a·

0 3785 3 3794 ψ
0 3689 5 3768 »ψῃ-ψ.
0 3643 5 3676 .-2
0 3482 7 3632 fimf-..mv
0 3319 5 3468 ,μνην-μ-Γ
0 3289 2 3305 Ν
0 3243 3 3269 .-,
0 3196 3 3207 ἡ.
0 3155 3 3173 s„

732 252 921 289 SUMMA
950 255 1172 294 CONTRA
1201 257 1475 305 GENTILES,
1504 260 1598 296 LIB.
1619 261 1661 305 ΙΙ,
1692 260 1803 298 CAP.
1824 261 1989 299 XCVIII.

257 331 354 370 Ergo,
371 330 397 359 si
413 329 594 360 intellectus
609 329 805 360 substantiae
821 336 983 370 separatae
999 333 1097 363 habet
1112 334 1254 374 aliquam
1276 345 1332 365 na-

255 380 362 405 turam
386 373 426 404 de
449 383 588 405 numero
613 373 864 404 substantiarum
880 381 1109 414 separatarum,
1133 387 1201 408 non
1225 385 1333 419 potest

256 419 332 450 alias
347 423 477 449 naturas
495 423 655 459 separatas
670 417 859 458 intelligere.
876 418 941 449 Sed
955 429 1172 462 unaquaeque
1191 423 1333 462 ipsarum

255 464 353 494 habet
375 472 477 494 unam
499 462 597 493 talem
620 466 770 503 naturam
793 461 1048 495 determinatam.
1070 465 1156 506 Ergo
1181 476 1246 497 una
1265 477 1333 498 non

255 513 365 548 potest
388 507 484 538 aliam
506 506 694 547 intelligere.
718 506 823 537 Cuius
846 508 1038 547 oppositum
1062 515 1109 540 est
1132 510 1265 541 dictum.

311 551 515 593 Responderi
530 555 639 592 potest
650 550 742 591 quod
754 550 808 581 illa
820 551 998 583 similitudo
1014 558 1103 584 tenet
1119 561 1278 594 quantum
1294 555 1334 586 ad

255 597 320 628 hoc
344 595 444 637 quod,
468 596 552 626 sicut
573 594 736 636 quidditas
764 595 811 626 rei
833 597 1006 627 materialis
1033 604 1080 628 est
1106 601 1333 639 proportiona-

255 648 327 673 tum
351 641 516 672 obiectum
531 639 714 670 intellectus
729 639 874 677 humani,
898 641 941 671 ita
958 641 1118 682 quidditas
1139 643 1333 675 substantiae

255 684 474 717 immaterialis
497 689 545 715 est
567 684 856 724 proportionatum
877 690 909 715 et
932 687 1141 718 connaturale
1166 688 1333 719 obiectum

255 730 451 762 substantiae
467 733 641 769 separatae.
658 728 735 759 Non
750 733 860 760 autem
874 733 964 769 tenet
979 737 1139 771 quantum
1155 731 1196 762 ad
1212 733 1332 763 omnia.

255 773 351 806 Unde
373 774 490 810 Prima,
508 782 540 814 q.
557 783 619 810 LVI,
635 783 664 803 a.
679 782 709 809 2,
726 772 767 804 ad
787 781 814 810 ι,
830 779 927 814 negat
942 774 1079 806 Sanctus
1092 776 1238 806 Thomas
1254 786 1333 807 con-

254 819 476 860 sequentiam:
500 818 586 858 quia,
604 817 679 848 licet
701 827 768 848 una
782 823 897 849 natura
911 820 1084 850 materialis
1101 821 1238 851 existens
1254 831 1333 851 con-

254 863 408 895 naturalis
434 862 613 894 intellectui
643 861 816 903 impediret
845 863 981 894 aliarum
1009 865 1243 905 cognitionem,
1268 875 1333 896 una

254 914 364 940 tamen
393 913 507 939 natura
529 907 702 948 spiritualis
733 907 868 938 aliarum
898 913 1087 939 naturarum
1118 909 1333 950 spiritualium

254 953 479 994 cognitionem
493 961 563 983 non
577 950 724 992 impedit,
736 957 874 992 propter
891 962 1006 983 earum
1030 953 1225 994 affinitatem
1249 955 1335 985 inter

254 1007 299 1034 se,
323 1007 396 1029 cum
420 1006 486 1028 non
503 996 760 1038 ‘distinguantur
774 997 838 1027 nisi
861 997 978 1028 ordine
1000 998 1142 1039 quodam
1166 1004 1198 1029 et
1218 1008 1333 1030 secun-

254 1043 332 1074 dum
354 1042 483 1084 gradus
505 1041 653 1072 diversos
675 1041 819 1072 eiusdem
835 1042 1063 1083 perfectionis.

310 1086 440 1118 XXVII.
465 1085 529 1118 Sed
544 1087 625 1116 haec
640 1087 820 1126 responsio,
844 1086 920 1117 licet
940 1088 980 1118 sit
1003 1097 1088 1125 vera,
1111 1097 1263 1128 magnam
1286 1092 1332 1118 ta-

253 1141 332 1163 men
354 1132 475 1172 patitur
497 1129 729 1161 difficultatem.
754 1130 891 1162 Videtur
909 1133 997 1163 enim
1014 1132 1096 1164 velle
1111 1132 1203 1173 quod
1226 1133 1260 1163 in
1275 1142 1333 1163 na-

253 1177 333 1208 turis
348 1176 543 1217 propinquis
561 1180 593 1206 et
616 1174 765 1206 affinibus
781 1185 848 1206 una
861 1176 998 1208 aliarum
1021 1177 1245 1218 cognitionem
1263 1186 1331 1208 non

253 1219 401 1262 impedit.
425 1220 501 1251 Hoc
525 1225 634 1251 autem
658 1219 699 1250 ad
730 1225 875 1251 mentem
898 1221 1090 1263 Philosophi
1113 1231 1183 1253 non
1206 1221 1333 1253 videtur

254 1275 334 1297 esse.
350 1265 472 1302 Primo,
485 1265 754 1309 quiapropositio
767 1265 878 1296 dicens
888 1266 977 1307 quod
989 1267 1148 1307 recipiens
1162 1266 1254 1298 debet
1265 1276 1333 1298 esse

253 1309 453 1342 &nudatum
469 1319 491 1340 a
506 1315 628 1340 natura
643 1310 772 1350 recepti,
789 1315 825 1340 ut
839 1310 947 1351 inquit
962 1311 1132 1348 Averroes,
1146 1311 1187 1342 111
1202 1312 1331 1348 Anima,

255 1360 432 1387 comment.
445 1363 468 1393 4
479 1355 507 1391 *‚
523 1354 722 1396 intelligitur
736 1364 757 1385 a
773 1360 894 1386 natura
908 1357 1042 1397 generis
1055 1357 1206 1397 proximi
1222 1366 1331 1387 rerum

255 1404 469 1440 nceptarum.
498 1399 540 1430 Et
563 1399 608 1429 sic
636 1409 675 1429 ex
699 1408 740 1430 eo
764 1399 856 1440 quod
885 1406 999 1431 natura
1025 1402 1170 1432 intranea
1195 1401 1332 1432 alicuius

253 1445 352 1476 habet
366 1453 443 1475 cum
455 1449 605 1474 extranea
620 1443 807 1475 affinitatem
827 1449 859 1475 et
873 1445 1161 1486 propinquitatem,
1185 1455 1254 1477 non
1270 1446 1332 1477 tol-

254 1490 330 1521 litur
353 1489 434 1530 quin
457 1498 523 1519 una
547 1489 771 1528 cognitionem
795 1488 926 1520 alterius
948 1489 1113 1531 impediat.

310 1532 474 1569 Secundo,
500 1533 578 1573 quia
600 1532 641 1563 ad
664 1533 824 1564 rationem
847 1533 1028 1566 Aristotelis
1052 1540 1164 1576 posset
1187 1535 1332 1566 similiter

254 1578 319 1610 dici
343 1577 444 1619 quod,
467 1577 544 1608 licet
565 1577 749 1608 intellectus
773 1577 935 1609 humanus
958 1580 1091 1610 haberet
1112 1579 1255 1620 aliquam
1275 1589 1331 1610 na-

254 1629 361 1654 turam
376 1621 588 1658 sensibilium,
605 1627 684 1662 puta
699 1627 849 1653 naturam
864 1624 954 1660 aeris,
972 1633 1040 1655 non
1056 1630 1165 1655 tamen
1182 1634 1200 1655 a
1219 1625 1331 1665 cogni-

253 1668 345 1698 tione
361 1667 500 1698 aliorum
516 1666 758 1707 prohiberetur:
780 1667 857 1707 quia
875 1674 1009 1708 possent
1024 1669 1097 1700 illae
1112 1675 1246 1700 naturae
1262 1678 1332 1701 esse

254 1712 470 1754 propinquae,
491 1716 523 1741 et
545 1709 699 1751 distingui
719 1710 833 1742 ordine
853 1711 997 1752 quodam
1021 1713 1202 1744 secundum
1226 1714 1331 1755 perfe-

255 1758 338 1788 ctius
361 1761 394 1787 et
415 1754 648 1796 imperfectius.

309 1800 435 1832 Tertio.
448 1800 677 1841 Propinquitas
687 1801 748 1831 ista
759 1805 791 1830 et
803 1800 938 1832 affinitas
954 1811 1022 1832 non
1038 1808 1184 1833 removet
1200 1813 1331 1834 causam

255 1854 355 1888 quare
379 1846 467 1876 intus
489 1845 632 1876 existens
648 1845 824 1886 prohibeat
849 1851 1043 1877 extraneum
1060 1848 1088 1877 *.
1113 1847 1200 1888 Ergo
1223 1853 1284 1878 etc.
1308 1866 1331 1871 -

254 1891 413 1922 Probatur
436 1889 640 1921 antecedens.
660 1890 744 1921 Nam
768 1899 864 1920 causa
888 1891 985 1922 huius
1009 1897 1056 1922 est
1080 1893 1156 1932 quia
1179 1891 1330 1923 determi-

254 1941 369 1967 natum
391 1944 431 1966 ex
455 1943 489 1966 se
513 1933 553 1965 ad
577 1939 697 1965 certam
719 1940 868 1966 naturam
891 1936 925 1966 in
948 1941 1032 1973 actu,
1062 1945 1130 1967 non
1160 1942 1268 1977 potest
1291 1937 1331 1968 ad

254 1980 332 2012 alias
354 1985 483 2011 naturas
506 1978 720 2011 determinari.
748 1980 855 2011 Habet
878 1981 965 2010 enim
988 1981 1159 2018 Averroes,
1184 1981 1196 2012 1
1219 1982 1329 2022 Plgrs„

255 2029 433 2056 comment.
457 2023 511 2060 66,
535 2023 637 2064 quod,
661 2024 690 2055 si
713 2025 852 2055 materia
868 2025 981 2065 prima
1004 2026 1137 2056 haberet
1151 2036 1193 2056 ex
1209 2031 1330 2057 natura

254 2079 315 2101 sua
338 2069 484 2110 aliquam
491 2068 655 2110 formam,
673 2078 740 2099 non
757 2069 915 2110 reciperet
930 2079 1042 2101 omnes
1055 2071 1193 2112 formas
1199 2078 1211 2107 ;
1234 2075 1266 2102 et
1287 2071 1330 2102 si-

254 2114 385 2150 militer,
415 2114 446 2145 si
476 2113 609 2144 haberet
639 2113 786 2155 aliquam
811 2115 1044 2154 privationem,
1077 2125 1143 2145 non
1175 2115 1332 2156 reciperet

255 2167 367 2190 omnes
378 2158 593 2199 privationes.
611 2158 675 2189 Sed
686 2168 783 2189 causa
795 2159 874 2190 haec
887 2165 1032 2190 remanet
1047 2160 1080 2190 in
1097 2161 1217 2191 naturis
1234 2161 1330 2191 etiam

255 2203 404 2236 affinibus
427 2209 459 2234 et
481 2203 692 2243 propinquis:
719 2204 876 2243 quoniam
901 2213 1079 2235 commune
1102 2210 1149 2235 est
1179 2206 1330 2236 omnibus

253 2249 376 2281 naturis
399 2246 560 2289 specificis
584 2247 762 2278 actualibus
786 2248 877 2288 quod
901 2248 1014 2279 ultima
1033 2248 1210 2280 differentia
1234 2251 1330 2281 unius

253 2302 322 2325 non
345 2298 454 2335 potest
476 2301 535 2333 per
557 2292 706 2323 ultimam
729 2292 858 2323 alterius
883 2292 1095 2324 differentiam
1115 2293 1329 2325 determinari.

253 2338 283 2370 E
367 2342 427 2368 etc.

283 2347 455 2413 ι,εὶῗΧΧῙῙΙᾙ
479 2380 532 2412 Ad
556 2380 752 2411 evidentiam
775 2381 904 2418 horum,
934 2381 1001 2412 duo
1030 2388 1105 2412 sunt
1129 2382 1328 2414 declaranda.

254 2427 401 2457 Primum
417 2431 474 2462 est,
499 2434 584 2465 quae
600 2425 640 2455 sit
664 2434 761 2455 causa
783 2426 817 2455 in
837 2425 1004 2457 intellectu
1027 2433 1139 2457 nostro
1164 2427 1255 2467 quod
1273 2438 1329 2459 na-

255 2477 327 2502 tura
350 2469 508 2501 sensibilis
535 2470 596 2500 sibi
626 2470 844 2500 connaturalis
874 2471 1023 2507 existens,
1055 2477 1237 2502 extraneam
1264 2473 1330 2503 sive

256 2516 394 2546 alienam
417 2520 567 2545 naturam
590 2514 776 2544 sensibilem
799 2514 985 2554 prohiberet
1008 2521 1040 2546 et
1062 2515 1255 2547 excluderet.

312 2559 476 2598 Secundo,
501 2557 673 2599 quomodo
696 2558 750 2588 illa
782 2558 890 2589 Sancti
913 2559 1062 2590 Thomae
1093 2562 1263 2600 responsio
1290 2560 1330 2591 de

256 2604 311 2636 illa
332 2609 520 2635 naturarum
544 2603 787 2643 propinquitate
800 2604 827 2640 *,
851 2604 891 2634 sit
913 2604 1122 2644 intelligenda
1133 2605 1178 2634 *ἦ

314 2658 353 2679 2.Δ
369 2648 539 2687 Quantum
558 2647 599 2678 ad
614 2648 766 2687 primum,
784 2649 861 2687 quia
876 2647 1047 2688 dupliciter
1066 2654 1175 2689 potest
1197 2649 1331 2689 intelligi

256 2693 355 2724 talem
370 2698 518 2724 naturam
533 2693 759 2723 inexistentem
782 2692 859 2722 alias
874 2698 1003 2723 naturas
1019 2693 1059 2723 ab
1074 2693 1240 2724 intellectu
1256 2702 1331 2734 pro—

256 2738 367 2768 hibere
383 2743 415 2768 et
430 2736 618 2768 excludere:
635 2737 766 2772 scilicet,
782 2741 939 2777 quantum
956 2737 1001 2767 ad
1015 2738 1230 2777 receptionem
1247 2738 1331 2778 ipsa-

257 2791 330 2812 rum
359 2782 392 2812 in
417 2781 582 2812 intellectu
604 2790 669 2821 per
696 2781 832 2820 speciem
865 2781 1111 2822 intelligibilem,
1143 2787 1180 2812 ut
1207 2781 1332 2813 videtur

257 2825 518 2862 Commentator,
543 2825 585 2855 111
601 2825 641 2855 de
664 2825 792 2860 Anima,
810 2831 987 2856 comment.
1005 2835 1036 2865 4,
1061 2827 1276 2867 interpretari;
1300 2832 1332 2857 et

256 2875 414 2911 quantum
438 2870 482 2900 ad
511 2870 671 2900 actualem
696 2869 841 2909 ipsarum
869 2870 1104 2911 cognitionem,
1133 2876 1170 2901 ut
1196 2870 1332 2901 Sanctus

257 2915 413 2951 Thomas,
444 2914 527 2945 ultra
558 2913 835 2945 Commentatoris
865 2915 1113 2954 expositionem,
1145 2915 1332 2955 interpreta-

257 2965 323 2990 tur:
339 2977 363 2981 -
386 2959 503 2999 primo,
527 2958 706 2989 videndum
733 2963 781 2988 est
804 2957 844 2989 de
868 2967 964 2989 causa
987 2960 1146 2999 propositi
1172 2965 1332 2999 quantum

257 3004 299 3035 ad
321 3004 464 3044 primum
495 3012 640 3039 sensum;
669 3002 826 3039 secundo,
854 3009 1013 3043 quantum
1041 3003 1082 3034 ad
1109 3003 1290 3034 secundum
1304 3005 1331 3034 ἢ.

315 3048 344 3079 3.
370 3048 540 3086 Quantum
563 3047 604 3078 ad
627 3047 769 3087 primum
788 3056 930 3084 sensum,
952 3057 1051 3088 quem
1070 3048 1216 3088 sequitur
1231 3047 1332 3079 Com-

257 3098 430 3129 mentator,
454 3091 623 3123 sciendum
639 3091 730 3132 quod
745 3093 814 3132 ipse
830 3092 926 3122 huius
943 3102 1073 3123 causam
1096 3093 1235 3132 assignat
1256 3102 1332 3133 pro-

257 3138 457 3178 positionem
473 3137 570 3168 etiam
588 3145 657 3166 non
673 3136 946 3176 cognoscentibus
965 3146 1187 3173 communem,
1212 3137 1333 3168 scilicet

259 3181 351 3222 quod
375 3181 534 3221 recipiens
562 3181 654 3211 debet
683 3190 751 3211 esse
781 3180 982 3211 denudatum
1012 3191 1032 3211 a
1057 3185 1179 3211 natura
1203 3182 1331 3222 recepti.

258 3227 353 3258 Hanc
365 3231 475 3257 autem
487 3226 748 3266 propositionem
760 3225 898 3266 ipsemet
914 3226 1058 3266 exponit,
1075 3227 1226 3266 inquiens
1242 3225 1333 3266 quod

259 3271 448 3311 intelligitur
472 3270 563 3311 quod
589 3270 769 3301 substantia
799 3270 956 3310 recipiens
987 3280 1052 3300 non
1084 3270 1127 3300 sit
1151 3270 1332 3301 substantia

261 3315 380 3355 recepti
401 3315 578 3346 secundum
605 3315 751 3355 speciem.
783 3315 878 3345 Ratio
910 3319 1019 3345 autem
1049 3315 1145 3345 huius
1173 3320 1230 3351 est,
1254 3315 1332 3355 quia

259 3359 359 3390 aliter
381 3364 459 3390 tunc
482 3369 534 3390 res
557 3359 717 3400 reciperet
730 3368 773 3394 se,
799 3364 830 3389 et
852 3368 984 3389 movens
1002 3363 1085 3389 esset
1107 3363 1239 3389 motum.
1265 3359 1333 3389 No-

259 3403 349 3434 mine
372 3409 482 3434 autem
505 3404 623 3445 speciei
645 3403 822 3443 intelligere
839 3403 964 3434 videtur
979 3413 1046 3433 non
1063 3403 1166 3433 solam
1190 3403 1332 3443 speciem

260 3448 534 3489 specialissimam,
547 3449 640 3489 quasi
655 3447 792 3479 sufficiat
803 3448 1023 3479 universaliter
1038 3452 1075 3478 ut
1089 3447 1248 3488 recipiens
1263 3457 1331 3478 non

260 3493 302 3523 sit
325 3491 470 3523 eiusdem
493 3493 614 3533 speciei
630 3493 877 3533 specialissimae
894 3502 970 3523 cum
986 3497 1133 3532 recepto:
1158 3493 1330 3532 cumipse,

261 3546 354 3568 suam
377 3537 617 3577 expositionem
640 3536 845 3573 declarando,
871 3537 924 3568 det
948 3537 1133 3577 exemplum
1149 3535 1190 3567 de
1213 3537 1284 3566 visu
1300 3542 1332 3567 et

261 3581 372 3612 auditu
397 3587 546 3622 respectu
563 3582 681 3612 coloris
706 3588 737 3612 et
760 3582 846 3617 soni;
872 3587 997 3612 constat
1012 3581 1110 3617 enim,
1131 3580 1222 3621 quod
1243 3582 1330 3612 visus

260 3635 330 3657 non
352 3626 461 3657 solum
484 3632 532 3657 est
555 3626 737 3657 denudatus
761 3637 779 3657 a
808 3626 974 3667 nigredine
998 3635 1097 3666 quam
1127 3626 1250 3665 recipit,
1274 3625 1330 3656 sed

2384 264 2454 312 591

1388 337 1484 366 etiam
1507 347 1526 367 a
1548 343 1618 368 toto
1642 348 1760 379 genere
1784 340 1917 378 coloris;
1946 347 1978 372 et
2001 342 2101 383 quod,
2133 344 2158 374 si
2190 344 2371 376 albedinem
2398 346 2459 377 sibi

1388 382 1630 413 connaturalem
1661 384 1802 421 haberet,
1833 395 1901 416 non
1933 393 2044 426 posset
2073 388 2275 428 nigredinem
2303 390 2458 431 recipere,

1388 430 1691 467 quantumcumque
1717 434 1800 459 esset
1829 429 1979 469 specifice
2010 441 2028 461 a
2060 433 2153 472 nigro
2184 432 2361 465 distinctus.
2395 434 2459 466 Sed

1386 468 1512 499 videtur
1535 472 1669 502 nomine
1692 473 1810 512 speciei
1827 474 2004 514 intelligere
2027 482 2174 507 naturam
2191 479 2284 508 cuius
2299 480 2458 519 recipiens

1387 517 1435 542 est
1458 514 1564 552 primo
1589 521 1620 545 et
1642 525 1700 555 per
1723 527 1757 547 se
1780 519 1990 558 receptivum,
2015 525 2046 550 et
2069 520 2109 552 ad
2133 531 2232 561 quam
2255 523 2288 553 in
2312 524 2458 563 potentia

1388 565 1421 586 se
1438 556 1543 594 habet,
1561 565 1590 588 et
1615 569 1632 589 a
1649 569 1713 600 qua
1735 562 1929 601 inquantum
1953 564 2141 596 huiusmodi
2164 566 2374 606 specificatur,
2391 569 2457 598 sive

1366 620 1370 624 Α
1388 600 1428 630 sit
1450 606 1563 632 natura
1578 605 1726 643 generice
1742 606 1808 636 sive
1826 608 1866 637 sit
1889 613 2002 639 natura
2017 609 2181 649 specifica:
2206 612 2251 641 sic
2268 613 2364 651 enim,
2382 614 2458 652 quia

1387 644 1474 674 visus
1498 651 1545 676 est
1568 649 1674 687 primo
1705 655 1736 679 et
1765 659 1823 690 per
1854 661 1888 681 se
1918 654 2099 693 receptivus
2122 655 2250 692 coloris,
2275 662 2306 686 et
2329 656 2457 687 auditus

1388 689 1470 728 soni,
1495 689 1568 720 ideo
1586 698 1616 722 et
1641 693 1725 723 visus
1747 695 1883 725 omnino
1903 706 1920 725 a
1944 698 1993 727 sui
2008 704 2121 729 natura
2137 699 2281 730 colorem
2306 701 2455 737 excludit,

1389 733 1570 782 erauditus
1593 746 1722 768 sonum.
1738 738 1836 769 Hunc
1859 749 1990 771 sensum
2014 742 2154 773 insinuat
2176 744 2235 774 ista
2250 746 2341 781 ratio,
2366 745 2457 786 quod

1388 777 1486 807 aliter
1508 778 1591 809 idem
1615 782 1772 821 reciperet
1793 793 1837 814 se.
1855 801 1877 805 —
1893 784 2036 816 Insinuat
2059 788 2155 818 etiam
2179 789 2286 828 ipsum
2310 789 2342 820 id
2366 790 2457 830 quod

1387 820 1520 871 inferius
1543 824 1576 854 in
1600 825 1717 856 eodem
1737 834 1925 859 commento
1950 830 2055 870 inquit
2070 831 2239 868 Averroes,
2256 833 2346 873 quod
2369 834 2457 865 vide-

1386 864 1462 896 hcet
1486 866 1682 909 intelligitur
1697 877 1849 911 oportere
1872 873 2030 914 recipiens
2046 885 2114 906 esse
2137 876 2333 907 denudatum
2353 888 2373 908 a
2398 889 2456 909 na·

1388 913 1463 940 tura
1485 912 1602 951 speciei
1626 916 1755 955 recepti,
1773 926 1838 946 non
1858 923 1966 948 autem
1985 929 2005 949 a
2023 925 2144 950 natura
2158 922 2299 962 generis,
2316 924 2458 954 maxime

1388 956 1513 991 remoti,
1531 962 1608 987 etc.:
1633 958 1770 990 intendit
1790 962 1875 991 enim
1893 963 1992 1002 quod,
2011 965 2069 995 etsi
2084 965 2241 1006 recipiens
2260 965 2374 997 debeat
2389 976 2457 998 esse

1388 997 1588 1049 denudatum
1604 1011 1622 1031 a
1638 1009 1750 1034 natura
1766 1014 1863 1044 quam
1880 1008 2021 1046 primum
2045 1014 2077 1039 et
2093 1018 2150 1049 per
2165 1019 2198 1040 se
2222 1011 2360 1051 respicit,
2386 1017 2416 1042 et
2441 1022 2457 1041 a

1389 1051 1455 1082 qua
1466 1050 1664 1093 inquantum
1680 1048 1869 1080 huiusmodi
1884 1052 2095 1091 specificatur,
2116 1064 2183 1084 non
2200 1060 2330 1095 oportet
2348 1061 2456 1086 tamen

1389 1092 1426 1137 ut
1448 1093 1488 1118 s1t
1510 1087 1711 1122 denudatum
1734 1102 1752 1122 a
1774 1103 1892 1133 genere
1914 1096 1999 1127 illius
2022 1104 2164 1129 naturae.
2189 1099 2345 1137 Quamvis
2369 1101 2457 1131 enim

1389 1140 1475 1162 v1sus
1499 1132 1614 1164 debeat
1643 1144 1711 1166 esse
1744 1147 1762 1167 a
1792 1139 1903 1169 colore
1933 1140 2112 1172 denudatus
2143 1144 2186 1173 ita
2216 1144 2306 1183 quod
2330 1145 2456 1176 nullum

1388 1176 1504 1207 habeat
1526 1178 1682 1216 colorem,
1706 1190 1773 1211 non
1798 1188 1905 1213 tamen
1930 1184 2024 1216 debet
2042 1196 2111 1217 esse
2132 1187 2312 1219 denudatus
2336 1199 2354 1219 a
2376 1199 2456 1230 qua-

1389 1221 1496 1267 litate,
1512 1222 1603 1263 quod
1624 1229 1671 1254 est
1693 1234 1795 1265 genus
1811 1227 1939 1265 coloriS,
1955 1229 1998 1260 ita
2021 1231 2142 1262 scilicet
2157 1232 2247 1272 quod
2262 1233 2385 1264 nullam
2401 1234 2456 1265 ha-

1388 1265 1462 1296 beat
1485 1267 1683 1306 qualitatem.
1699 1287 1721 1291 —
1738 1270 1922 1303 Ostendant
1945 1275 2040 1304 etiam
2058 1275 2198 1306 eundern
2214 1286 2345 1308 sensum
2360 1279 2457 1309 verba

1387 1310 1489 1350 ipsius
1509 1310 1785 1345 Commentatoris
1801 1323 1978 1348 comment.
1999 1320 2014 1350 5
2025 1320 2052 1355 ὕ,
2069 1329 2155 1356 cum,
2172 1330 2338 1362 exponens
2354 1323 2457 1362 ipsam

1387 1355 1658 1395 propositionem,
1679 1358 1722 1388 ait
1745 1368 1816 1390 eam
1840 1360 1956 1392 debere
1979 1364 2024 1393 sic
2050 1365 2183 1405 intelligi
2208 1366 2298 1405 quod
2322 1376 2387 1396 non
2411 1372 2459 1397 est

1388 1409 1518 1430 necesse
1540 1405 1576 1431 ut
1598 1402 1756 1442 recipiens
1780 1414 1844 1434 non
1869 1406 1911 1436 sit
1933 1407 2057 1448 aliquid
2080 1409 2112 1439 in
2137 1414 2211 1440 actu
2234 1411 2377 1446 omnino,
2401 1412 2458 1442 sed

1389 1449 1425 1474 ut
1448 1454 1514 1475 non
1537 1445 1581 1475 sit
1603 1446 1636 1476 in
1661 1452 1736 1477 actu
1760 1449 1885 1489 aliquid
1907 1460 1949 1481 ex
1972 1461 2009 1481 eo
2034 1453 2121 1492 quod
2144 1454 2266 1494 recipit.

1444 1488 1541 1520 Istam
1556 1495 1666 1521 autem
1682 1494 1940 1532 propositionem
1957 1497 2002 1526 sic
2018 1497 2213 1528 intellectam
2229 1498 2306 1529 dicit
2321 1499 2456 1530 Sanctus

1389 1533 1535 1564 Thomas
1564 1535 1671 1571 Verit„
1697 1545 1818 1576 q.xx11,
1836 1548 1864 1568 a.
1887 1547 1913 1575 1,
1935 1540 1975 1570 ad
1995 1540 2025 1576 8,
2049 1551 2118 1572 non
2146 1551 2214 1572 esse
2238 1543 2458 1575 universaliter

1388 1587 1498 1609 veram
1520 1579 1554 1609 in
1574 1581 1729 1620 potentiis
1752 1584 1990 1622 cognoscitivis,
2007 1585 2062 1615 sed
2079 1586 2170 1626 quod
2184 1587 2275 1626 fallit
2290 1588 2322 1618 in
2339 1588 2457 1619 haben-

1388 1622 1472 1653 tibus
1496 1623 1654 1655 obiectum
1679 1626 1872 1663 universale,
1897 1630 2068 1660 continens
2092 1630 2212 1661 scilicet
2232 1633 2357 1663 omnia:
2381 1642 2457 1663 nam

1387 1667 1554 1699 obiectum
1570 1669 1751 1701 intellectus
1767 1677 1813 1701 est
1829 1672 1999 1712 quidditas‚
2017 1680 2048 1704 et
2064 1680 2173 1705 tamen
2189 1675 2370 1707 intellectus
2389 1677 2458 1717 ipse

1387 1721 1456 1742 non
1473 1719 1520 1743 est
1535 1714 1574 1743 ab
1599 1715 1690 1745 omni
1707 1715 1885 1755 quidditate
1905 1717 2096 1755 denudatus,
2114 1718 2169 1749 sed
2186 1719 2344 1760 quidditas
2361 1731 2458 1761 quae-

1387 1756 1462 1787 dam
1482 1764 1539 1788 est.
1556 1758 1643 1789 Dicit
1666 1760 1763 1790 etiam
1778 1761 1882 1801 ipsam
1897 1771 1965 1792 non
1981 1763 2098 1794 habere
2117 1764 2282 1795 veritatem
2305 1765 2339 1795 in
2362 1774 2459 1796 sensu

1387 1806 1501 1838 tactus,
1526 1812 1564 1833 eo
1580 1804 1668 1844 quod
1683 1805 1753 1835 eius
1777 1805 1900 1836 obiecta
1930 1807 1997 1837 sint
2018 1807 2058 1838 de
2085 1809 2273 1839 necessitate
2295 1810 2456 1841 animalis.

1443 1846 1530 1884 Quia
1553 1848 1649 1888 igitur
1671 1850 1831 1889 recipiens
1854 1850 1951 1881 debet
1973 1861 2042 1882 esse
2066 1852 2266 1883 denudatum
2297 1863 2315 1884 a
2345 1860 2457 1885 natura

1387 1900 1486 1930 quam
1501 1893 1608 1931 primo
1625 1898 1657 1923 et
1679 1902 1737 1933 per
1759 1903 1794 1924 se
1810 1895 1939 1934 respicit
1955 1901 1987 1926 et
2002 1896 2042 1926 ad
2058 1906 2156 1936 quam
2173 1903 2220 1928 est
2236 1898 2268 1927 in
2293 1900 2454 1938 potentia;

1386 1935 1569 1968 intellectus
1592 1942 1701 1968 autem
1724 1944 1834 1969 noster
1863 1945 1910 1969 est
1939 1940 1974 1970 in
2004 1942 2150 1980 potentia
2177 1941 2217 1972 ad
2245 1942 2455 1981 quidditatem

1386 1981 1595 2018 materialem,
1620 1987 1652 2012 et
1675 1987 1723 2012 est
1752 1983 1853 2023 ipsius
1876 1984 1982 2024 primo
2008 1990 2039 2015 et
2066 1995 2124 2025 per
2153 1995 2186 2016 se
2210 1987 2382 2026 receptiva,
2413 1997 2453 2018 eo

1387 2024 1478 2064 quod
1501 2034 1634 2056 omnem
1659 2026 1870 2066 quidditatem
1894 2028 2090 2059 materialem
2115 2039 2311 2070 cognoscere
2335 2033 2453 2072 possit:

1386 2068 1462 2099 ideo
1486 2069 1582 2100 debet
1604 2071 1644 2100 ab
1675 2072 1766 2101 omni
1793 2071 1970 2112 quidditate
1994 2074 2135 2104 sensibili
2163 2074 2343 2106 denudatus
2374 2085 2452 2107 esse.

1387 2114 1428 2144 Et
1450 2120 1631 2154 propterea,
1655 2116 1681 2145 si
1704 2121 1787 2146 esset
1810 2116 1869 2146 sibi
1893 2126 1957 2147 una
1980 2123 2093 2148 natura
2116 2119 2272 2150 sensibilis
2296 2126 2454 2151 connatu-

1386 2158 1469 2197 ralis,
1493 2159 1547 2189 illa
1570 2160 1756 2200 prohiberet
1784 2170 1826 2191 ne
1856 2161 1936 2191 aliae
1967 2167 2099 2193 naturae
2129 2164 2294 2194 sensibiles
2321 2165 2355 2195 in
2382 2166 2453 2205 ipso

1386 2204 1615 2243 reciperentur.
1632 2204 1726 2242 Nam,
1743 2205 1769 2235 si
1785 2205 1876 2245 quod
1891 2211 1938 2236 est
1954 2208 2153 2247 receptivum
2173 2208 2307 2239 alicuius
2323 2215 2455 2240 naturae

1387 2247 1482 2278 debet
1505 2257 1574 2279 esse
1598 2259 1616 2279 a
1638 2249 1693 2279 tali
1717 2255 1830 2280 natura
1857 2249 2067 2288 denudatum,
2097 2253 2221 2292 optime
2249 2254 2403 2294 sequitur,
2428 2256 2455 2284 si

1386 2302 1454 2322 non
1479 2298 1526 2323 est
1549 2303 1567 2323 a
1590 2293 1644 2324 tali
1668 2299 1781 2324 natura
1797 2293 2008 2332 denudatum,
2026 2296 2116 2336 quod
2132 2296 2216 2327 illius
2239 2303 2371 2328 naturae
2387 2308 2454 2329 non

1387 2343 1434 2367 est
1457 2338 1671 2378 receptivum:
1697 2339 1790 2376 sicut,
1815 2340 1892 2379 quia
1908 2339 1998 2379 quod
2013 2345 2061 2370 est
2077 2341 2259 2372 coloratum
2274 2351 2342 2372 non
2359 2348 2406 2373 est
2420 2344 2455 2374 in

1386 2382 1532 2421 potentia
1548 2382 1587 2412 ad
1604 2383 1749 2413 colorem
1765 2383 1821 2414 sed
1846 2389 1919 2414 actu
1943 2384 2088 2415 colorem
2112 2385 2217 2422 habet,
2242 2385 2316 2417 ideo
2335 2387 2455 2418 nullius

1386 2426 1516 2457 alterius
1539 2427 1659 2457 coloris
1683 2433 1731 2457 est
1754 2429 1986 2468 susceptivum,
2018 2430 2044 2459 si
2074 2439 2178 2460 unum
2208 2436 2364 2471 tanquam
2395 2433 2455 2462 sibi

1386 2471 1629 2502 connaturalem
1653 2471 1758 2502 habet.

1440 2515 1686 2546 Attendendum
1709 2522 1818 2547 autem
1834 2515 1925 2555 quod
1947 2517 2006 2547 iste
2023 2527 2135 2548 sensus
2150 2519 2383 2559 propositionis
2400 2519 2455 2550 de-

1387 2559 1522 2590 claratae
1545 2569 1613 2590 non
1637 2565 1684 2590 est
1714 2560 1754 2591 ad
1783 2561 1990 2601 propositum
2021 2561 2110 2592 dubii
2133 2563 2225 2593 moti.
2257 2563 2352 2601 Quia,
2378 2560 2454 2594 curn

1386 2604 1568 2642 intellectus
1591 2604 1786 2635 substantiae
1816 2610 1979 2645 separatae
2008 2615 2076 2636 non
2107 2606 2147 2636 sit
2177 2607 2210 2637 in
2240 2608 2384 2647 potentia
2415 2608 2455 2639 ad

1387 2657 1484 2679 suum
1514 2649 1679 2679 obiectum
1708 2654 1863 2689 tanquam
1894 2655 2011 2689 potens
2039 2651 2107 2680 eius
2137 2652 2278 2691 speciem
2301 2652 2454 2692 recipere,

1387 2692 1444 2723 sed
1467 2693 1526 2723 sibi
1542 2694 1692 2723 omnium
1708 2694 1747 2724 ab
1766 2694 1838 2733 ipso
1862 2694 2048 2724 naturaliter
2064 2695 2314 2735 intelligibilium
2330 2697 2453 2727 innatas

1387 2738 1503 2768 habeat
1525 2738 1665 2778 species;
1690 2737 1805 2779 frustra
1821 2744 2027 2778 quaereretur
2043 2749 2094 2776 an,
2111 2740 2137 2769 si
2153 2749 2252 2770 unam
2267 2746 2454 2772 naturarum

1388 2791 1406 2812 a
1422 2791 1455 2812 se
1470 2782 1722 2822 intelligibilium
1734 2783 1978 2813 connaturalem
1990 2783 2105 2814 habeat
2120 2789 2275 2824 tanquam
2291 2786 2454 2825 propriam

1389 2825 1610 2866 quidditatem,
1635 2836 1692 2867 per
1715 2827 1803 2857 illam
1830 2826 2026 2868 impediatur
2055 2838 2072 2858 a
2102 2829 2288 2869 receptione
2320 2829 2454 2861 aliarum

1387 2876 1585 2901 naturarum.
2335 2893 2358 2905 .-

1443 2924 1474 2954 4.
1499 2915 1668 2953 Quantum
1692 2914 1732 2945 ad
1755 2915 1935 2946 secundum
1959 2925 2100 2955 sensum,
2124 2917 2245 2948 scilicet
2261 2917 2351 2957 quod
2368 2919 2455 2949 intus

1388 2969 1549 2999 apparens
1559 2960 1749 3000 prohiberet
1763 2961 1913 2991 extranei
1928 2961 2148 3002 cognitionem
2159 2969 2170 2991 .·
2185 2962 2454 2993 considerandum

1389 3010 1435 3034 est
1451 3004 1542 3044 quod
1557 3005 1616 3035 iste
1632 3013 1745 3035 sensus
1761 3004 1887 3035 videtur
1902 3014 1971 3035 esse
1987 3006 2205 3046 principaliter
2220 3016 2238 3036 a
2253 3006 2454 3048 Philosopho

1387 3049 1541 3079 intentus.
1566 3048 1653 3087 Quia
1671 3048 1813 3079 fortassis
1829 3059 1897 3080 non
1920 3056 2079 3090 repugnat
2094 3050 2185 3090 quod
2203 3050 2324 3092 aliquid
2339 3051 2455 3082 habeat

1388 3093 1530 3133 aliquam
1553 3093 1650 3124 unius
1673 3099 1805 3124 naturae
1829 3099 1884 3124 aut
1907 3094 2004 3124 unius
2033 3096 2158 3134 generis
2189 3095 2331 3135 speciem
2355 3101 2387 3126 et
2408 3102 2455 3126 ta-

1387 3146 1464 3167 men
1487 3138 1527 3167 sit
1550 3138 1751 3178 receptivum
1775 3138 1910 3168 aliarum
1932 3139 2115 3178 specierum
2141 3139 2226 3170 illius
2250 3145 2382 3171 naturae
2406 3150 2455 3171 se-

1388 3181 1532 3212 cundum
1557 3191 1625 3212 esse
1649 3182 1870 3213 intentionale.
1898 3182 2054 3213 Videmus
2082 3184 2169 3214 enim
2200 3183 2300 3224 quod,
2328 3186 2354 3215 si
2382 3191 2455 3216 ante

1388 3226 1503 3256 oculos
1530 3232 1671 3267 ponatur
1699 3227 1817 3257 vitrum
1847 3226 1958 3263 viride,
1983 3237 2041 3267 per
2070 3229 2189 3258 vitrum
2218 3228 2279 3259 alia
2307 3228 2456 3260 videntur

1388 3270 1541 3301 colorata.
1558 3271 1633 3302 Hoc
1645 3277 1754 3301 autem
1770 3281 1837 3301 non
1854 3276 1962 3311 potest
1973 3281 2042 3302 esse
2057 3273 2118 3302 nisi
2133 3272 2310 3303 similitudo
2325 3273 2455 3304 illorum

1387 3315 1561 3346 visibilium
1577 3316 1748 3356 recipiatur
1770 3315 1803 3346 in
1822 3316 1904 3346 vitro
1921 3321 2076 3356 tanquam
2095 3317 2129 3347 in
2150 3316 2276 3347 medio:
2301 3327 2377 3348 cum
2401 3327 2456 3348 co-

1386 3360 1489 3399 gnitio
1501 3359 1571 3390 fieri
1586 3369 1655 3390 non
1668 3361 1768 3400 possit
1778 3361 1840 3390 nisi
1854 3360 1978 3390 visibile
1993 3370 2052 3400 per
2062 3370 2155 3391 suam
2170 3362 2311 3401 speciem
2328 3363 2457 3393 uniatur

1387 3403 1518 3443 videnti,
1542 3409 1574 3435 et
1596 3410 1705 3435 tamen
1729 3404 1820 3435 color
1850 3404 1959 3435 viridis
1989 3410 2036 3435 est
2059 3404 2239 3436 secundum
2266 3415 2363 3436 suum
2386 3415 2455 3437 esse

1386 3449 1530 3479 naturale
1546 3450 1580 3479 in
1596 3450 1688 3479 vitro.
1713 3449 1770 3479 Est
1786 3458 1862 3489 ergo
1879 3458 1991 3479 sensus
2007 3450 2240 3490 propositionis
2256 3450 2347 3490 quod
2369 3451 2456 3482 intus

1387 3501 1544 3533 apparens
1574 3493 1768 3533 prohiberet,
1800 3502 1869 3523 non
1900 3493 2033 3533 quidem
2063 3503 2197 3524 omnem
2232 3495 2456 3534 cognitionem

1387 3538 1537 3573 extranei,
1562 3537 1618 3567 sed
1642 3537 1824 3567 distinctam
1850 3538 1938 3568 illius
1961 3547 2001 3568 ac
2022 3539 2202 3579 perfectam
2224 3539 2455 3580 cognitionem.

1386 3581 1544 3619 Quamvis
1560 3582 1647 3612 enim
1663 3591 1721 3622 per
1735 3582 1854 3612 vitrum
1867 3581 1967 3612 viride
1979 3582 2039 3612 alia
2051 3582 2186 3613 visibilia
2198 3582 2375 3620 videantur,
2388 3593 2458 3614 non

1386 3625 1535 3656 videntur
1558 3631 1666 3656 tamen
1691 3625 1839 3657 distincte
1867 3631 1900 3656 et
1928 3626 2069 3667 perfecte
2097 3626 2278 3658 secundum
2308 3628 2458 3668 proprios

2484 1329 2493 1338 '
2508 1328 2557 1351 1³0¹.
2572 1335 2615 1357 ¹52.
