2768 4134
0 1024 2 1026 -
33 989 248 1042 ffiss'sszffizzf

0 1054 3 1064 2
33 1045 44 1055 ·
57 1042 203 1070 s.‘1·h.1.9‚
213 1047 248 1064 22.

9 1096 11 1098 ,
33 1071 54 1082 ··
62 1069 98 1093 Cf.
105 1069 149 1092 111
159 1068 189 1091 de
197 1068 248 1091 civ.

33 1097 88 1124 Del,
101 1102 154 1125 σιμ.
168 1101 202 1118 vi.

37 2749 259 2778 *capuanum

777 282 966 319 SUMMA
995 284 1217 323 CONTRA
1245 287 1520 338 GENTILES,
1551 291 1661 328 CAP.
1683 292 1818 340 XCVI,
1836 290 1983 330 XCVII.

277 363 414 394 alicuius
430 368 563 403 propter
579 363 704 393 bonum
723 363 872 398 iustitiae,
889 369 944 392 aut
960 367 1202 404 corruptionem
1219 368 1353 399 alicuius

277 414 411 449 propter
433 408 560 439 bonum
583 408 734 443 universi,
751 417 819 438 non
840 406 956 437 dicitur
979 410 1110 449 proprie
1133 410 1252 442 odisse:
1278 414 1354 452 quia

276 463 346 484 non
370 453 439 483 vult
462 453 585 484 malum
609 453 678 483 eius
702 457 739 483 ut
762 457 810 482 est
832 452 955 482 malurn
980 453 1059 483 eius.
1091 455 1215 486 Dicitur
1244 462 1352 487 tamen

276 497 535 529 similitudinarie
550 497 668 532 odisse,
685 497 762 538 quia
785 496 855 527 vult
877 497 947 527 eius
970 498 1107 528 malum:
1133 509 1207 530 nam
1232 507 1262 530 et
1279 510 1353 541 pro-

277 543 347 584 prie
370 543 491 574 habens
515 542 594 574 odio
617 541 750 582 aliquid,
774 541 844 571 vult
867 541 936 572 eius
959 542 1092 572 malum.

333 587 421 618 Cum
445 586 671 627 ergodictum
701 591 749 617 est
778 586 884 616 Deum
917 595 982 616 non
1009 596 1107 627 posse
1135 588 1254 619 habere
1277 590 1352 620 odio

277 632 412 674 aliquid,
436 630 684 672 intelligendum
701 636 749 661 est
762 631 910 671 proprie,
935 630 1117 662 secundum
1133 633 1223 672 quod
1240 633 1352 664 odium

277 683 325 708 est
347 677 562 712 subsistentis;
594 681 626 706 et
657 674 696 706 de
727 675 815 706 malo
847 676 917 706 eius
948 681 983 706 ut
1013 676 1082 706 eius
1112 682 1159 706 est
1188 678 1274 717 quod
1297 679 1354 708 ha-

275 721 370 752 betur
393 721 480 752 odio.
504 734 507 735 ⁷

331 766 372 803 V.
396 764 649 796 Seddubitatur
664 765 749 796 circa
773 766 846 796 hoc.
872 765 959 803 Quia
981 765 1008 795 si
1030 764 1106 795 ideo
1130 765 1219 796 Deus
1239 766 1355 797 dicitur

275 810 356 842 nihil
379 810 498 840 habere
521 809 599 840 odio
623 810 700 850 quia
722 809 804 840 nulli
828 809 874 840 rei
896 809 1083 840 subsistenti
1106 809 1175 840 vult
1190 819 1258 840 non
1275 820 1354 847 esse,

275 860 308 886 et
323 855 392 886 aliis
411 863 480 885 non
495 854 566 886 vult
587 854 712 885 malum
735 855 797 885 nisi
820 855 946 885 ratione
969 854 1051 885 boni
1070 853 1224 890 adiuncti,
1242 855 1355 886 eadem

275 900 401 931 ratione
415 899 498 930 nihil
513 899 615 930 homo
635 900 755 940 poterit
778 899 896 930 habere
919 898 1012 930 odio:
1039 899 1115 939 quia
1131 899 1282 930 voluntas
1297 901 1356 930 ho-

275 944 373 977 minis
388 944 470 975 nihil
486 944 556 975 vult
571 945 632 975 nisi
648 945 709 975 sub
725 945 852 975 ratione
867 944 962 979 boni;
988 949 1024 974 ut
1046 944 1080 974 in
1097 943 1260 984 plerisque
1276 944 1357 974 locis

276 989 508 1020 dicitSanctus
523 989 671 1020 Thomas
685 990 714 1025 ',
738 995 771 1019 et
793 994 841 1020 est
864 988 904 1020 de
927 994 1038 1019 mente
1062 988 1222 1029 Dionysii,
1239 999 1269 1018 ιν
1286 998 1356 1029 cap.

275 1033 316 1066 de
329 1034 407 1065 Diu.
424 1034 522 1064 Nom.
535 1035 563 1070 ⁵,
588 1039 620 1065 et
642 1034 817 1074 Augustini
831 1034 878 1064 fl.

332 1078 385 1110 Ad
407 1079 504 1110 huius
527 1078 734 1115 evidentiam,
758 1077 1031 1109 considerandum
1055 1077 1146 1118 quod
1170 1078 1202 1108 in
1227 1077 1358 1109 obiecto

276 1124 476 1165 operationis
491 1124 658 1164 potentiae
673 1123 794 1164 duplex
809 1128 918 1164 potest
933 1123 1069 1154 inveniri
1092 1123 1174 1153 ratio
1198 1121 1357 1153 formalis:

276 1178 342 1200 una
365 1169 564 1205 communis,
580 1169 648 1199 -sub
672 1174 738 1209 qua
761 1177 861 1199 omne
884 1168 1052 1198 obiectum
1074 1166 1211 1198 refertur
1235 1167 1276 1198 ad
1298 1177 1358 1208 po-

275 1214 428 1250 tentiam;
458 1213 520 1244 alia
549 1214 760 1253 particularis,
785 1212 967 1244 secundum
991 1221 1091 1253 quam
1115 1222 1181 1243 una
1211 1213 1359 1252 operatio

277 1259 443 1300 potentiae
466 1258 506 1288 ab
529 1258 590 1288 alia
613 1257 766 1299 specifice
789 1257 1006 1298 distinguitur.
1036 1257 1142 1287 Prima
1165 1262 1273 1297 potest
1296 1257 1359 1288 dici

276 1304 359 1335 tatio
374 1302 520 1333 formalis
534 1312 593 1344 per
606 1302 747 1334 modum
770 1303 949 1333 moventis:
972 1302 1049 1343 quia
1069 1302 1149 1332 nihil
1165 1307 1272 1342 potest
1288 1311 1360 1332 mo-

276 1357 365 1380 vew
375 1348 558 1387 potentiam
581 1348 644 1378 nisi
667 1348 727 1379 sub
750 1348 804 1378 illa
827 1348 961 1378 ratione.
986 1347 1058 1378 Alia
1073 1355 1151 1377 vero
1172 1352 1280 1387 potest
1295 1347 1359 1377 dici

245 1412 247 1415 -
276 1393 360 1424 natio
371 1391 518 1423 formalis
529 1401 589 1432 per
599 1391 738 1423 modum
750 1392 976 1423 terminantis:
991 1392 1068 1432 quia
1080 1391 1120 1422 ad
1136 1392 1240 1432 ipsam
1254 1392 1360 1432 primo

276 1437 469 1478 terminatur
479 1437 629 1477 operatio
645 1443 682 1468 ut
697 1436 883 1478 specificata
899 1443 931 1468 et
946 1442 984 1468 ut
998 1436 1070 1467 talis
1083 1437 1242 1477 operatio.
1259 1436 1360 1472 Sicut,

278 1491 357 1515 cnm
370 1481 500 1513 videtur
514 1481 636 1517 album,
652 1482 734 1512 ratio
751 1482 937 1513 communis
960 1491 1019 1522 per
1041 1480 1186 1512 modum.
1199 1482 1362 1512 moventis

278 1533 331 1560 est
349 1527 452 1563 color,
477 1527 555 1567 quia
577 1526 688 1557 album
712 1537 779 1557 non
808 1532 921 1557 movet
943 1527 1049 1557 visum
1077 1527 1138 1556 nisi
1164 1527 1360 1566 inquantum

278 1577 329 1605 eu:-
341 1572 537 1607 coloratum,
554 1581 572 1601 a
587 1581 656 1612 quo
673 1572 743 1612 ipsa
758 1572 905 1612 potentia
924 1572 1024 1602 visiva
1047 1570 1263 1611 specificatur,
1279 1571 1362 1601 sicut

249 1645 252 1647 Α
277 1617 387 1649 omnis
409 1617 558 1658 potentia
580 1617 706 1657 passiva
728 1615 934 1657 specificatur
952 1625 1010 1656 per
1025 1625 1120 1646 suum
1138 1616 1279 1646 activum
1297 1615 1363 1646 for-

277 1662 364 1695 male
387 1667 420 1693 et
441 1660 673 1702 adaequatum:
698 1662 780 1692 ratio
804 1667 914 1692 autem
938 1660 1148 1701 particularis,
1165 1670 1183 1690 a
1204 1669 1269 1701 qua
1289 1669 1363 1701 spe-

279 1705 426 1739 cificatur
440 1707 522 1738 visio
543 1706 607 1737 albi
630 1712 667 1737 ut
682 1712 731 1737 est
745 1706 828 1737 visio
845 1706 909 1736 albi
928 1705 1076 1736 distincta
1093 1715 1112 1736 a
1127 1706 1252 1736 visione
1268 1706 1361 1746 nigri,

279 1757 329 1784 at
346 1751 430 1783 ratio
453 1751 532 1787 albi;
555 1750 761 1792 specificatur
784 1751 872 1782 enim
892 1751 1039 1791 operatio
1056 1760 1074 1781 a
1089 1749 1217 1781 formali
1237 1751 1362 1781 ratione

278 1797 400 1829 oh'ecti
423 1795 466 1828 ad
488 1805 589 1837 quam
618 1797 727 1837 primo
757 1797 948 1827 terminatur
978 1801 1015 1826 ut
1037 1801 1086 1826 est
1109 1795 1180 1826 talis
1203 1795 1362 1835 operatio,

169 1854 175 1867 ¹
215 1851 223 1858 ·’
247 1849 251 1853 ’
279 1841 363 1875 thio
385 1846 496 1873 autem
519 1841 594 1878 albi,
618 1847 655 1872 ut
678 1841 760 1877 talis,
784 1842 891 1882 primo
916 1846 948 1871 et
971 1850 1029 1881 per
1052 1850 1086 1871 se
1109 1840 1299 1871 terminatur
1323 1839 1362 1870 ad

278 1887 441 1919 rationem
463 1886 539 1921 albi,
562 1886 647 1922 licet,
671 1887 867 1927 inquantum
891 1886 973 1916 visio
990 1885 1148 1921 absolute,
1172 1885 1364 1916 terminetur

280 1931 506 1963 mirationem
529 1931 676 1962 colorati.
701 1931 854 1962 Similiter
868 1931 902 1961 in
919 1931 1010 1961 omni
1030 1931 1160 1961 obiecto
1176 1930 1363 1965 voluntatis,

2398 298 2468 334 261

1408 376 1566 410 quantum
1582 371 1622 401 ad
1638 378 1746 402 actum
1768 374 2014 412 prosecutionis,
2039 380 2085 404 est
2108 375 2267 415 quaedam
2291 380 2475 409 communis

1406 415 1486 445 ratio
1503 414 1646 446 formalis
1662 426 1719 456 per
1734 417 1870 448 modum
1894 419 2069 449 moventis:
2094 425 2125 450 et
2147 420 2206 450 ista
2221 426 2268 451 est
2282 422 2363 452 ratio
2380 423 2474 459 boni;

1407 459 1485 490 nihil
1502 460 1588 490 enim
1604 466 1710 500 potest
1725 470 1856 493 movere
1873 463 2082 499 voluntatem,
2095 469 2126 494 et
2143 466 2360 497 universaliter
2375 477 2474 508 appe-

1407 504 1511 539 titum,
1524 505 1596 535 >nisi
1620 506 1678 536 sub
1702 507 1825 537 ratione
1849 507 1936 537 boni.
1961 507 2130 545 Quaedam
2145 518 2221 539 vero
2238 515 2286 540 est
2300 512 2380 541 ratio
2401 521 2474 552 par-

1407 548 1545 578 ticularis
1569 558 1626 589 per
1648 550 1784 581 modum
1808 552 2016 587 terminantis,
2040 562 2058 582 a
2081 562 2145 593 qua
2168 554 2226 584 ista
2249 557 2395 595 operatio
2415 566 2472 587 vo-

1407 591 1547 629 luntatis,
1561 599 1595 623 ut
1611 594 1681 624 talis
1694 601 1741 625 est
1753 596 1792 626 ab
1805 596 1865 626 alia
1881 597 2070 636 operatione
2082 598 2238 634 distincta,
2255 599 2471 639 specificatur:

1407 642 1438 666 et
1461 637 1520 667 ista
1544 643 1590 667 est
1613 640 1692 669 ratio
1717 639 1859 670 formalis
1890 641 2009 671 obiecti
2041 640 2081 671 ad
2109 651 2207 682 quam
2234 643 2304 674 talis
2318 646 2472 684 ,operatio

1407 682 1595 712 terminatur
1619 689 1653 713 ut
1677 684 1747 714 talis
1771 690 1832 720 est;
1856 685 1939 715 sicut
1962 685 2074 715 volitio
2093 687 2233 717 sanitatis
2249 688 2354 727 primo
2371 695 2402 719 et
2417 699 2474 729 per

1407 734 1440 755 se
1464 726 1651 757 terminatur
1674 728 1713 758 ad
1736 729 1893 759 rationem
1917 730 2059 759 sanitatis
2075 735 2110 760 ut
2126 736 2173 761 est
2187 732 2299 763 volitio
2323 734 2472 770 sanitatis,

1408 769 1482 799 licet
1505 771 1621 801 sanitas
1643 781 1710 802 non
1733 779 1863 804 moveat
1878 773 2078 804 voluntatem
2097 775 2157 804 nisi
2173 776 2231 806 sub
2247 777 2369 807 ratione
2385 778 2472 809 boni.

1465 814 1587 844 Dicitur
1611 825 1686 856 ergo
1711 818 1816 857 primo
1841 818 1940 858 quod,
1965 818 1991 848 si
2014 818 2188 858 loquamur
2211 819 2250 850 de
2274 819 2399 851 formali
2427 832 2474 852 ra—

1409 858 1498 888 tione
1522 868 1580 898 per
1602 860 1738 892 modum
1762 863 1933 898 moventis,
1957 862 2107 893 voluntas
2130 863 2209 894 nihil
2231 864 2300 894 vult
2322 871 2395 895 actu
2418 876 2475 906 per

1410 901 1544 932 modurn
1574 906 1808 943 prosecutionis
1837 907 1898 937 nisi
1928 907 1987 937 sub
2018 907 2141 938 ratione
2171 908 2259 944 boni,
2283 909 2475 949 inquantum

1409 946 1530 977 scilicet
1553 949 1612 978 sub
1635 950 1757 980 ratione
1781 952 1860 981 boni
1883 951 2144 992 apprehenditur.
2175 952 2209 983 Si
2232 958 2340 983 autem
2363 954 2476 994 loqua-

1411 1000 1484 1020 mur
1507 991 1546 1021 de
1570 994 1750 1032 particulari
1766 996 1889 1026 ratione
1913 1005 1970 1036 per
1992 996 2130 1027 modum
2152 998 2362 1033 terminantis,
2379 1008 2397 1028 a
2413 1008 2477 1038 qua

1411 1037 1557 1075 operatio
1580 1037 1791 1076 specificatur,
1816 1041 1860 1070 sic
1884 1046 1991 1080 potest
2012 1041 2095 1072 velle
2118 1041 2240 1071 malum
2257 1042 2402 1073 absolute
2417 1043 2476 1073 sub

1411 1080 1535 1110 ratione
1551 1081 1636 1111 mali.
1661 1082 1701 1112 Et
1724 1084 1768 1113 sic
1792 1084 1928 1115 dicimus
1951 1085 2042 1126 quod
2065 1085 2177 1116 odium
2192 1085 2292 1116 fertur
2306 1087 2340 1117 in
2355 1087 2477 1118 malum

1412 1124 1548 1155 alicuius
1571 1126 1715 1157 absolute
1736 1129 1795 1158 sub
1811 1130 1934 1160 ratione
1956 1130 2046 1160 mali:
2071 1131 2147 1170 quia
2170 1136 2258 1161 actus
2282 1130 2348 1161 odii
2370 1132 2476 1171 primo

1413 1173 1444 1198 et
1461 1178 1518 1209 per
1533 1179 1576 1205 se,
1594 1176 1630 1200 ut
1652 1171 1721 1201 talis
1744 1178 1843 1209 actus,
1867 1175 2055 1205 terminatur
2077 1175 2116 1205 ad
2139 1176 2297 1206 rationem
2317 1176 2393 1206 mali
2409 1177 2478 1206 eius

1413 1213 1503 1253 quod
1519 1215 1592 1254 quis
1608 1214 1690 1251 odit;
1711 1216 1785 1246 licet
1807 1217 1885 1248 illud
1908 1219 2030 1249 malum
2046 1229 2113 1250 non
2133 1225 2263 1250 moveat
2277 1220 2477 1251 voluntatem

1412 1258 1474 1288 nisi
1497 1263 1532 1288 ut
1555 1260 1805 1299 apprehenditur
1828 1263 1886 1292 sub
1910 1264 2033 1294 ratione
2056 1264 2144 1294 boni.
2170 1264 2205 1294 In
2228 1273 2295 1304 quo
2319 1264 2423 1295 differt
2438 1265 2477 1295 ab

1412 1303 1468 1338 ira,
1485 1312 1579 1343 quae,
1596 1303 1670 1334 licet
1687 1304 1804 1335 feratur
1818 1306 1851 1336 in
1867 1314 2102 1338 nocumentum
2120 1309 2270 1348 proximi,
2286 1318 2353 1339 non
2369 1314 2477 1339 tamen

1413 1348 1494 1378 ratio
1518 1349 1709 1379 nocumenti
1732 1355 1778 1379 est
1801 1350 1853 1380 illa
1876 1350 1915 1381 ad
1939 1361 2036 1391 quam
2065 1353 2171 1392 primo
2201 1354 2400 1389 terminatur,
2423 1353 2479 1384 sed

1413 1392 1495 1422 ratio
1518 1393 1593 1422 iusti
1616 1393 1813 1424 vindicativi:
1838 1397 1959 1435 appetit
1982 1397 2067 1426 enim
2092 1397 2189 1427 iratus
2210 1396 2383 1428 vindictam
2409 1403 2479 1428 tan-

1414 1446 1513 1477 quam
1537 1437 1653 1467 iustam
1677 1438 1888 1469 existimatam
1912 1446 2043 1480 propter
2065 1441 2183 1471 illatam
2206 1442 2364 1472 iniuriam.

1470 1481 1597 1512 Dicitur
1619 1482 1775 1518 secund0,
1792 1484 1881 1523 quod
1896 1484 1984 1514 Deus
2000 1484 2120 1524 aliquid
2139 1485 2244 1516 odisse
2267 1487 2396 1526 proprie
2411 1495 2478 1516 non

1414 1531 1533 1566 potest,
1550 1526 1606 1557 sed
1630 1527 1712 1556 bene
1735 1527 1846 1558 homo.
1871 1528 1966 1566 Quia,
1991 1539 2066 1561 cum
2090 1530 2216 1559 bonitas
2231 1529 2338 1560 divina
2353 1531 2393 1560 sit
2408 1531 2479 1561 Deo

1414 1571 1496 1601 ratio
1521 1570 1651 1602 volendi
1680 1572 1789 1602 omnia
1819 1573 1878 1602 alia
1902 1583 1919 1602 a
1943 1583 1986 1608 se,
2010 1574 2089 1603 nihil
2118 1579 2223 1613 potest
2245 1574 2327 1604 velle
2349 1575 2410 1604 nisi
2432 1576 2481 1605 in-

1415 1621 1574 1656 quantum
1591 1617 1624 1646 in
1641 1616 1712 1655 ipso
1729 1616 1948 1647 manifestatur
1962 1618 2088 1648 bonitas
2103 1627 2171 1648 sua.
2187 1618 2228 1648 Et
2250 1619 2295 1648 sic
2314 1619 2435 1649 malum
2451 1625 2483 1649 et

1415 1669 1570 1691 non-esse
1593 1660 1684 1701 quod
1707 1660 1776 1691 vult
1797 1661 1902 1697 alicui,
1921 1662 1987 1692 vult
2010 1663 2069 1692 sub
2094 1663 2217 1692 ratione
2240 1662 2373 1693 alicuius
2388 1663 2482 1693 boni:

1415 1705 1499 1735 sicut
1522 1705 1636 1735 volens
1666 1704 1788 1745 aliquid
1820 1711 1855 1736 ut
1884 1706 2028 1736 medium
2051 1706 2090 1737 ad
2113 1707 2292 1742 sanitatem,
2314 1706 2383 1737 vult
2404 1707 2484 1737 illud

1415 1750 1540 1780 ratione
1571 1750 1725 1786 sanitatis,
1753 1756 1784 1780 et
1811 1750 1923 1780 volitio
1954 1751 2007 1780 illa
2038 1760 2075 1781 ex
2107 1751 2240 1781 sanitate
2266 1756 2420 1791 tanquam
2447 1761 2484 1781 ex

1416 1793 1480 1825 fine
1503 1794 1718 1835 specificatur.
1745 1795 1856 1825 Homo
1881 1800 1989 1825 autem
2019 1801 2127 1835 potest
2153 1795 2235 1826 velle
2261 1795 2382 1825 malum
2409 1795 2485 1825 alte-

1415 1840 1481 1870 rius
1505 1840 1565 1870 sub
1588 1840 1713 1870 ratione
1733 1839 1809 1870 mali
1833 1845 1865 1870 et
1888 1841 2077 1870 nocumenti
2104 1840 2173 1870 eius
2200 1840 2356 1874 absolute,
2380 1840 2413 1870 in
2437 1850 2485 1870 ra-

1416 1885 1506 1915 tione
1529 1885 1740 1919 terminantis,
1765 1889 1801 1914 ut
1823 1884 1945 1915 dictum
1970 1890 2025 1915 est.
2057 1885 2097 1915 Et
2120 1884 2193 1915 ideo
2217 1890 2323 1924 potest
2345 1884 2485 1924 aliquem

1416 1929 1535 1960 habere
1559 1929 1648 1960 odio.

1379 749 1382 791 i

1366 2036 1443 2080 ,affl

592 2196 1081 2286 CAPITULUM
1117 2195 1724 2252 NONAGESIMUM
1761 2194 2188 2251 SEPTIMUM

1154 2316 1183 2347 A
1216 2315 1256 2347 28
1270 2326 1288 2345 v
1327 2316 1398 2346 b12
1429 2316 1498 2346 sine
1521 2315 1627 2346 titulo.

910 2408 1115 2461 QUOD
1168 2407 1362 2450 DEUS

498 2546 522 2571 x
557 2532 616 2571 his
654 2540 786 2571 autem
820 2545 921 2583 quae
960 2531 1038 2569 iam
1072 2539 1227 2569 ostensa
1259 2538 1359 2577 sunt,

511 2587 561 2626 de
581 2587 808 2635 necessitate
838 2586 1004 2624 habetur
1031 2585 1140 2636 quod
1170 2586 1278 2622 Deus
1306 2592 1362 2622 est

289 2537 496 2740 ἐξ
512 2641 662 2679 vivens.

568 2695 782 2733 Ostensum
811 2702 868 2732 est
894 2694 1001 2732 enirn
1030 2694 1161 2731 Deum
1194 2705 1278 2730 esse
1307 2692 1362 2729 in-

283 2747 519 2796 telligentem
552 2756 589 2786 et
625 2750 824 2786 volentem
846 2748 878 2785 *.
918 2747 1129 2796 Intelligere
1167 2754 1297 2784 autem
1327 2753 1363 2782 et

285 2802 383 2839 velle
412 2813 494 2839 non
522 2801 595 2840 nisi
623 2802 788 2840 viventis
823 2810 890 2839 est.
926 2803 994 2840 Est
1026 2801 1140 2850 igitur
1172 2801 1279 2838 Deus
1308 2798 1362 2835 vi-

285 2867 395 2894 vens.

339 2909 494 2947 Adhuc.
509 2909 652 2948 Vivere
667 2910 887 2948 secundum
902 2911 980 2947 hoc
999 2908 1193 2958 aliquibus
1207 2906 1363 2944 attribu-

286 2970 372 3000 tum
391 2971 448 3000 est
470 2963 580 3014 quod
600 2964 683 3001 visa
706 2972 797 3001 sunt
820 2976 891 3013 per
918 2976 971 3007 se,
993 2975 1074 3001 non
1102 2962 1151 2999 ab
1180 2960 1255 2998 alio
1279 2972 1364 2997 mo-

286 3016 381 3054 veri.
403 3018 451 3055 Et
469 3025 630 3068 propter
647 3018 724 3055 hoc
742 3018 805 3056 illa
823 3029 925 3068 quae
940 3017 1122 3054 videntur
1135 3027 1206 3066 per
1224 3026 1264 3051 se
1279 3026 1364 3050 mo-

286 3070 382 3114 veri,
409 3083 582 3122 quorum
616 3078 788 3109 motores
815 3073 956 3120 vulgus
989 3083 1070 3108 non
1095 3067 1266 3119 percipit,
1295 3079 1365 3116 per

287 3124 582 3174 similitudinem
600 3125 768 3164 dicimus
786 3125 934 3163 vivere:
965 3124 1063 3161 sicut
1082 3135 1220 3173 aquam
1240 3123 1364 3159 vivam

287 3178 402 3216 fontis
437 3179 605 3225 fluentis,
634 3191 717 3217 non
754 3187 886 3217 autem
925 3178 1111 3215 cisternae
1147 3178 1209 3213 vel
1244 3174 1364 3223 stagni

287 3233 438 3279 stantis3
467 3241 506 3270 et
533 3239 734 3284 argentum
765 3236 903 3279 vivum,
923 3232 1033 3281 quod
1061 3238 1214 3268 motum
1243 3240 1364 3278 quen-

287 3286 381 3324 dam
410 3287 553 3324 habere
582 3287 746 3325 videtur.
775 3286 934 3336 Proprie
964 3285 1069 3323 enim
1096 3284 1157 3320 illa
1187 3283 1268 3320 sola
1296 3293 1366 3331 per

289 3351 330 3377 se
358 3348 570 3378 moventur
597 3353 698 3391 quae
723 3348 885 3378 movent
911 3339 1048 3388 seipsa,
1074 3335 1289 3386 composita
1318 3347 1364 3371 ex

289 3401 442 3432 motore
471 3403 507 3432 et
535 3403 657 3441 mot0,
677 3395 776 3433 sicut
803 3394 984 3432 animata.
1016 3391 1128 3429 Unde
1158 3391 1254 3427 haec
1283 3389 1364 3425 sola

289 3448 594 3497 proprievivere
610 3449 792 3486 dicimus:
814 3447 887 3485 alia
906 3459 1001 3484 vero
1021 3443 1154 3482 omnia
1168 3443 1218 3480 ab
1232 3442 1363 3490 aliquo

289 3502 467 3539 exteriori
501 3511 722 3549 moventur,
738 3504 800 3540 vel
819 3507 1036 3551 generante,
1057 3499 1119 3534 vel
1138 3503 1363 3533 removente

1413 2407 1546 2448 EST
1595 2405 1868 2447 VIVENS

1416 2529 1639 2581 prohibenS‚
1656 2530 1716 2566 vel
1731 2528 1960 2577 impellente.
1978 2528 2026 2564 Et
2040 2526 2131 2575 quia
2145 2525 2387 2575 operationes
2398 2538 2482 2563 sen-

1417 2583 1544 2621 sibiles
1562 2595 1655 2620 cum
1674 2590 1784 2620 motu
1804 2589 1903 2627 sunt,
1924 2579 2081 2617 ulterius
2109 2592 2226 2617 omne
2255 2579 2347 2616 illud
2374 2579 2481 2628 quod

1418 2637 1491 2686 agit
1510 2649 1550 2674 se
1569 2637 1619 2673 ad
1638 2635 1813 2685 proprias
1827 2633 2082 2683 operationeS‚
2103 2632 2282 2682 quamvis
2307 2644 2388 2669 non
2407 2632 2481 2669 sint

1417 2703 1509 2728 cum
1529 2697 1651 2734 motu,
1672 2689 1809 2726 dicitur
1827 2687 1973 2724 vivere:
2001 2686 2105 2723 unde
2127 2685 2342 2733 intelligere,
2363 2697 2478 2734 appe-

1385 2762 1394 2782 5
1418 2753 1496 2781 tere
1524 2751 1560 2781 et
1588 2742 1725 2779 sentire
1745 2741 1913 2779 actiones
1932 2740 2031 2777 vitae
2051 2747 2150 2776 sunt.
2172 2739 2248 2776 Sed
2268 2739 2374 2775 Deus
2398 2750 2478 2774 ma-

1418 2798 1519 2835 xime
1549 2809 1629 2834 non
1658 2796 1706 2834 ab
1735 2795 1822 2840 alio,
1852 2794 1919 2831 sed
1949 2807 1970 2830 a
1999 2792 2124 2842 seipso
2159 2800 2356 2841 operatur:
2387 2803 2477 2828 cum

1419 2852 1464 2888 sit
1492 2851 1620 2900 prima
1640 2862 1755 2887 causa
1784 2860 1899 2897 agens
1913 2847 1944 2884 ³1⁶.
1974 2846 2143 2884 Maxime
2172 2845 2283 2893 igitur
2310 2844 2344 2882 ei
2371 2856 2477 2881 com-

1419 2904 1511 2955 petit
1538 2904 1680 2942 vivere.

1473 2959 1578 2995 Item.
1608 2956 1796 2994 Divinum
1824 2967 1905 2992 esse
1934 2966 2093 2992 omnem
2121 2952 2391 3002 perfectionem
2419 2962 2477 2986 es-

1380 3030 1405 3044 ιο
1419 3012 1528 3049 sendi
1565 3009 1869 3060 comprehendit,
1908 3016 1950 3045 ut
1987 3006 2135 3056 supra*
2171 3013 2367 3042 ostensum
2408 3010 2474 3039 est.

1420 3066 1559 3103 Vivere
1584 3072 1714 3102 autem
1734 3070 1789 3100 est
1807 3061 2007 3112 quoddam
2027 3072 2108 3097 esse
2127 3059 2351 3108 perfectum:
2372 3056 2475 3092 unde

1421 3118 1588 3156 viventia
1616 3118 1655 3154 in
1683 3116 1817 3154 ordine
1846 3114 1993 3152 entium
2021 3125 2100 3150 non
2124 3110 2340 3149 viventibus
2367 3121 2475 3158 prae-

1419 3174 1603 3210 feruntur.
1642 3169 1828 3208 Divinum
1857 3167 1968 3216 igitur
1994 3179 2076 3203 esse
2104 3174 2159 3202 est
2186 3165 2314 3201 vivere
2332 3162 2362 3198 *.
2392 3163 2475 3211 Ipse

1420 3226 1532 3274 igitur
1559 3233 1614 3262 est
1642 3224 1788 3260 vivens.

1381 3296 1403 3316 ις
1475 3280 1560 3316 Hoc
1579 3278 1693 3315 etiarn
1713 3274 1932 3314 auctoritate
1961 3272 2112 3310 divinae
2141 3270 2356 3319 Scripturae
2384 3279 2475 3304 con-

1420 3332 1607 3370 firmatur.
1638 3329 1785 3367 Dicitur
1810 3327 1913 3365 enim
1941 3328 2047 3362 Dent.
2067 3327 2214 3369 xxxn⁴⁰‚
2236 3335 2281 3360 ex
2311 3333 2377 3359 ore
2396 3322 2475 3358 Do-

1419 3385 1530 3423 mini:
1560 3386 1708 3429 Dicam,
1737 3384 1826 3419 Vivo
1854 3393 1925 3430 ego
1954 3382 1990 3416 in
2020 3384 2231 3417 aeternum,-
2250 3383 2286 3413 et
2309 3375 2349 3412 in
2372 3375 2476 3412 Psal-

1419 3452 1486 3476 mo
1505 3439 1540 3476 *;
1574 3440 1652 3475 Cor
1685 3448 1807 3473 meum
1847 3441 1879 3470 et
1912 3445 2002 3470 caro
2036 3443 2119 3468 mea
2147 3430 2405 3467 exultaverunt
2437 3430 2475 3464 in

1419 3494 1540 3529 Deum
1569 3493 1704 3529 vivum.

347 3625 356 3643 ι
379 3618 431 3643 iam
451 3617 507 3648 NZ;
527 3625 618 3650 supra;
638 3617 665 3642 in
685 3618 708 3642 Α
727 3619 791 3641 ante
810 3616 861 3640 iam
882 3614 985 3639 deletur
1003 3619 1091 3645 supra.

347 3653 361 3678 3
380 3653 440 3687 sint]
460 3653 494 3679 sit
511 3654 572 3679 ch.
663 3652 680 3677 6
699 3652 732 3676 ab
751 3650 810 3684 alio]
831 3651 882 3676 alio
901 3651 961 3675 αΡε.

293 3696 327 3723 19
344 3689 444 3722 vivum}
464 3697 553 3715 meum
571 3690 660 3714 vivum
680 3688 741 3713 aed.

1053 3655 1068 3679 7
1088 3647 1110 3671 ei
1127 3649 1189 3678 post
1208 3644 1333 3677 competit
1352 3643 1438 3668 aDPc.

1531 3641 1560 3665 15
1582 3641 1658 3665 etiam
1679 3638 1788 3663 EGWb:
1808 3641 1892 3660 autem
1912 3634 1992 3659 ceteri
2009 3633 2118 3661 codices.
2139 3640 2181 3658 om
2200 3640 2222 3662 c,
2241 3637 2326 3657 autem
2341 3632 2417 3657 etiam
2429 3632 2477 3657 Pd.

2505 2849 2513 2857 ·
2528 2848 2584 2875 Cap.
2596 2853 2647 2870 ιιυ.

2504 3007 2512 3015 ·
2527 3006 2583 3033 Cap.
2597 3011 2679 3026 xxvnr.

2504 3166 2512 3174 ·
2529 3164 2564 3185 Cf.
2578 3164 2599 3185 11
2615 3163 2644 3184 de
2659 3163 2716 3184 Ani-

2503 3197 2549 3217 ma,
2566 3196 2597 3215 ιν,
2611 3198 2634 3217 4.

2503 3431 2512 3439 ‘
2537 3429 2572 3450 Ps-
2596 3434 2694 3453 Lxxxnl,

2504 3462 2562 3477 vers.
2578 3462 2598 3484 3.
