2768 4134
872 262 1061 300 SUMMA
1091 261 1313 314 CONTRA
1342 265 1617 313 GENTILES‚
1649 267 1759 304 CAP.
1773 267 1864 303 XX.

270 340 428 381 quoniam
449 339 510 370 ista
524 343 660 371 movent
674 338 893 381 imprimendo
912 340 1051 371 formam
1074 350 1131 381 per
1150 351 1248 382 quam
1272 353 1344 374 mo-

270 384 386 415 ventur
413 384 558 421 mobilia,
582 394 652 427 non
678 390 792 416 autem·
818 394 877 425 per
906 385 1015 416 solum
1041 386 1220 426 impulsum
1247 393 1279 418 et
1305 389 1344 418 ab

270 428 460 460 extrinseco.
485 429 598 460 Movet
621 430 708 461 enim
731 439 888 469 generans
911 430 1018 470 gravia
1041 429 1148 461 dando
1167 432 1228 462 illis
1244 431 1345 471 gravi-

269 478 379 509 tatem,
404 483 469 514 qua
492 473 710 511 descendunt;
735 480 767 505 et
789 483 922 514 magnes
946 481 1057 504 movet
1088 475 1208 506 ferrum
1235 477 1346 516 impri-

269 517 392 548 mendo
415 518 462 550 illi
485 520 674 560 qualitatem
697 529 762 560 qua
785 518 826 550 ad
848 519 957 559 ipsum
980 525 1140 550 movetur.

325 561 516 595 Notandum
535 564 693 599 secundo,
709 563 801 604 quod
823 572 881 603 per
904 563 1055 594 virtutem
1080 564 1113 594 in
1137 573 1276 604 corpore
1298 565 1347 594 in-

270 605 384 646 telligit
407 608 637 649 Philosophus,
665 614 697 639 et
724 608 860 640 Sanctus
884 608 1040 645 Thomas,
1064 609 1216 639 virtutem
1246 614 1347 638 mate-

270 650 383 682 rialem
398 652 439 685 ad
454 654 601 694 corporis
616 654 841 684 extensionem
854 657 1028 683 extensam.
1042 653 1130 684 Talis
1143 653 1241 693 enim,
1254 656 1347 683 moto

271 704 421 737 corpore,
445 697 512 728 sive
534 703 629 729 motu
652 704 741 729 recto
765 698 832 728 sive
856 697 1013 734 circulari,
1036 704 1095 738 per
1113 696 1261 728 accidens
1277 707 1349 727 mo-

270 746 374 772 vetur.
397 741 474 773 Non
498 747 608 773 autem
630 743 731 773 virtus
755 751 839 783 quae
863 747 946 772 esset
968 741 1202 773 indivisibiliter
1224 742 1258 772 in
1277 751 1348 782 cor-

270 794 363 826 pore,
375 794 433 826 per
445 785 595 818 accidens
609 793 796 818 moveretur
811 787 839 817 si
853 795 973 826 corpus
986 786 1140 817 circulare
1152 792 1347 822 moveretur,

271 835 308 860 ut
332 831 480 871 superius
495 831 512 847 ⁴*
536 830 576 862 de
599 837 709 862 mente
733 831 842 862 Sancti
865 830 1023 861 Thomae·
1039 836 1086 861 est
1109 835 1287 861 ostensum.

328 874 368 905 V.
392 874 542 906 Secunda
567 876 664 907 ratio.
689 876 780 907 Deus
809 880 857 906 est
886 874 1052 915 potentiae
1081 873 1236 905 infinitae.
1262 875 1348 915 Ergo

271 928 342 951 non
357 924 406 950 est
421 921 520 951 virtus
536 920 569 951 in
587 930 736 961 corpore,
751 928 860 959 neque
881 919 979 949 etiam
1003 923 1051 949 est
1074 928 1203 959 corpus.
1219 937 1243 941 —
1259 919 1349 950 Con-

273 964 442 1004 sequentia
464 965 630 1005 probatur.
645 964 741 1003 Quia
763 963 853 995 nulla
876 963 976 993 virtus
998 962 1125 993 infinita
1148 969 1196 994 est
1219 964 1252 993 in
1280 974 1349 994 ma-

271 1007 456 1048 gnitudine:
474 1010 552 1049 quia
566 1019 636 1040 non
651 1013 760 1049 potest
771 1017 840 1039 esse
852 1016 913 1038 nec
928 1007 963 1038 in
978 1006 1104 1038 infinita
1115 1007 1348 1048 magnitudine,

273 1062 314 1084 eo
338 1052 430 1093 quod
452 1053 506 1085 illa
528 1063 598 1085 non
621 1052 725 1089 detur,
748 1058 785 1084 ut
808 1051 850 1083 111
865 1051 964 1092 Pnys.
985 1051 1043 1082 etI
1063 1051 1152 1082 Cael.
1177 1053 1348 1092 probatur;

271 1107 334 1128 nec
349 1096 499 1129 infinita.
523 1097 611 1138 Ergo
630 1103 696 1128 etc.
712 1114 737 1119 -
750 1095 853 1135 Quod
874 1101 984 1127 autem
1006 1105 1076 1126 non
1098 1097 1200 1136 possit
1223 1106 1292 1128 esse
1315 1098 1349 1128 in

271 1141 496 1182 magnitudine
525 1141 627 1178 finita,
650 1141 822 1182 probatur:
853 1141 931 1180 quia
961 1147 1107 1171 moveret
1136 1141 1171 1171 in
1200 1141 1349 1178 instanti;

0 823 3 851 ;
27 837 84 860 vc.

0 869 84 907 „a”

101 852 107 859 .
114 843 166 863 ιιιι,
171 836 245 860 Com-

97 880 103 885 .
111 869 135 885 n.
142 870 191 886 xvi.

272 1230 367 1263 batur
396 1230 640 1282 consequentia.
674 1229 762 1268 Quia
792 1228 944 1261 effectum
972 1239 1072 1269 quem
1098 1229 1175 1260 facit
1204 1231 1350 1271 potentia

272 1275 382 1307 minor
395 1275 431 1307 in
445 1274 582 1312 maiori
576 1273 758 1310 duratione,
775 1273 851 1304 facit
874 1274 980 1304 maior
993 1274 1028 1304 in
1044 1275 1178 1311 minori;
1203 1276 1350 1326 potentia

236 1316 529 1370 juteminfini'ta
543 1324 592 1350 est
606 1319 712 1351 maior
735 1318 827 1349 omni
850 1318 996 1359 potentia
1018 1317 1122 1355 finita;
1147 1322 1224 1359 ergo
1240 1320 1274 1350 in
1289 1320 1350 1350 mi-

272 1363 348 1396 nori
369 1362 540 1396 duratione
563 1363 709 1394 movebit
723 1372 824 1403 quam
839 1372 1069 1414 quaecumque
1088 1364 1233 1403 potentia
1248 1363 1348 1395 finita

272 1406 351 1440 Non
366 1413 476 1440 autem
490 1409 525 1439 in
540 1408 662 1439 minori
675 1413 839 1448 tempore:
864 1407 940 1448 quia
963 1413 1041 1438 tunc
1061 1408 1207 1448 potentia
1225 1408 1350 1440 infinita

272 1458 421 1485 moveret
442 1453 478 1484 in
499 1452 628 1493 aequali
649 1457 799 1493 tempore
830 1461 907 1483 cum
937 1452 1082 1492 potentia
1109 1451 1209 1489 finita,
1235 1458 1270 1484 ut
1294 1463 1351 1494 per

227 1505 229 1509 ⁴
273 1496 454 1530 Aristotelis
477 1495 720 1533 deductionem,
739 1495 823 1527 facta
846 1497 1013 1537 potentiae
1028 1496 1198 1533 divisione,
1214 1504 1350 1529 constat.

273 1541 362 1583 Ergo
385 1542 420 1574 in
442 1542 584 1574 instanti.

263 1617 266 1621 ,
330 1585 432 1625 Quod
460 1591 571 1618 autem
601 1585 690 1616 Deus
721 1585 761 1616 sit
790 1584 934 1616 infinitae
964 1586 1139 1625 potentiae,
1163 1586 1255 1626 quod
1285 1592 1352 1617 erat

263 1630 479 1674 antecedens,
502 1630 668 1672 probatur.
692 1629 780 1668 Quia
802 1635 914 1661 movet
934 1635 1083 1671 ternpore
1098 1629 1237 1662 infinito.
1255 1631 1352 1662 Nulla

264 1667 384 1710 altem
417 1675 565 1727 potentia
595 1673 687 1706 finita
717 1680 826 1715 potest
858 1683 990 1706 movere
1022 1680 1171 1715 tempore
1203 1674 1350 1706 infinito:

269 1719 362 1763 quie,
385 1719 412 1751 si
434 1720 480 1751 sic
507 1724 659 1761 ponatur,
683 1728 756 1759 pars
785 1718 871 1750 illius
902 1719 1058 1759 corporis,
1082 1719 1204 1750 habens
1227 1725 1351 1760 partem

273 1764 450 1806 potentiae,
473 1764 620 1795 movebit
642 1764 676 1794 in
699 1763 820 1795 minori
842 1769 1002 1804 tempore,
1026 1769 1150 1805 quanto
1179 1765 1266 1795 enim
1296 1765 1352 1796 ali-

269 1807 354 1851 'quid
377 1814 425 1840 eet
447 1809 579 1840 maioris
602 1808 778 1859 potentiae,
802 1813 893 1838 tanto
916 1809 1032 1840 maiori
1055 1814 1203 1849 tempore
1222 1814 1351 1840 motum

266 1853 465 1889 continuare
488 1852 622 1894 poterit;
647 1858 679 1883 et
701 1852 747 1883 sic
765 1857 956 1893 sequeretur
971 1853 1062 1893 quod
1077 1858 1207 1894 tempus
1222 1853 1351 1885 finitum

264 1902 474 1934 mensuraret
485 1902 616 1949 tempus
627 1895 802 1947 infinitum,
815 1902 852 1928 ut
863 1896 1034 1961 deducitur
1045 1897 1220 1929 dividendo
1232 1908 1352 1939 corpus

268 1947 308 1978 et
389 1942 512 1973 entiam
534 1942 604 1974 eius
626 1941 661 1973 in
684 1946 801 1982 partes.
848 1960 850 1964 ›

29 2028 52 2047 ι
119 2000 180 2045 ¹⁸3:
185 2001 248 2024 ηιμ
345 1992 394 2018 sta
415 1987 497 2018 ratio
520 1991 568 2018 est
594 1984 763 2017 manifeste
786 1986 978 2061 Ali-istotelis,
1003 1985 1074 2016 VIII
1094 1986 1351 2028 Physicorum.
1324 1989 1341 2004 ¹*

9 2077 44 2098 ·
53 2083 91 2108 α
100 2090 124 2107 ...
131 2089 167 2112 ..
173 2090 196 2111 .
204 2090 246 2111 ..,
275 2030 850 2107 Smffmscfflss‘ssssuffioeffiffiiiess
861 2031 1353 2108 .¹3{3.‘{⁶2⁵⁰1¹›⁰..3;²¹523.2¹2.‘3‚¹²2{

20 2110 80 2136 'm'
274 2120 473 2156 Avieennae,
489 2125 526 2151 ut
547 2130 567 2150 a
591 2118 870 2154 Commentatore,
886 2119 959 2150 VIII
975 2119 1086 2160 Pluys„
1103 2127 1279 2152 comment.
1297 2121 1350 2161 78,

264 2163 435 2198 recitauit.
459 2163 547 2203 Quia
569 2163 781 2195 Aristoteles'
773 2173 807 2194 in
823 2173 880 2195 sua
895 2163 1172 2196 demonstratione
1196 2167 1352 2207 supponit

271 2217 395 2250 corpus
418 2207 509 2250 quod
532 2209 675 2249 primum
698 2213 827 2239 motum
851 2214 972 2245 causat,
993 2208 1150 2240 divisibile
1173 2219 1253 2241 esse.
1277 2211 1351 2241 Hoc

267 2259 386 2288 autem
407 2253 517 2294 negari
540 2258 660 2294 posset,
685 2258 718 2283 et
747 2252 812 2284 dici
841 2251 933 2293 quod
962 2252 1043 2284 illud
1070 2262 1190 2294 corpus
1212 2264 1281 2286 non
1305 2260 1353 2286 est

267 2296 449 2333 divisibile:
473 2298 559 2329 sicut·
580 2297 678 2328 etiam
701 2296 743 2328 de
766 2306 905 2338 corpore
929 2297 1058 2328 caelesti
1081 2303 1179 2339 patet.

273 2341 520 2383 ..wsRespondet
542 2341 680 2373 Sanctus
695 2341 841 2372 Thomas
865 2342 911 2382 (et
927 2347 975 2373 est
992 2342 1144 2374 Averrois
1166 2343 1350 2383 responsio)

274 2386 367 2428 quod
389 2386 619 2419 conditionalis
642 2391 750 2426 potest
773 2394 842 2417 esse
865 2395 941 2417 vera
963 2387 1056 2418 cuius
1079 2386 1273 2418 antecedens
1305 2393 1352 2418 est

270 2430 485 2472 impossibile.
509 2430 551 2462 Et
570 2431 596 2462 si
611 2429 734 2471 aliquid
757 2430 842 2462 illius
858 2431 1024 2462 veritatem
1041 2430 1191 2468 destruat,
1207 2431 1288 2462 illud
1305 2438 1352 2463 est

269 2475 484 2517 impossibile.
500 2474 602 2512 Sicut,
614 2475 640 2506 si
656 2474 780 2516 aliquid
795 2474 971 2507 destrueret
985 2476 1069 2506 hanc
1086 2475 1350 2513 conditionalem,

0 2519 6 2557 ,ῑ
266 2519 313 2554 Si·
330 2519 430 2553 Ιιοιηο
454 2519 553 2556 volat,
578 2519 673 2551 habet
694 2519 779 2556 alas,
803 2526 887 2552 esset
908 2520 1119 2561 impossibile.
1150 2520 1226 2551 Non
1251 2521 1351 2552 utitur

0 2567 5 2582 ”
272 2573 352 2606 ergo
373 2564 564 2596 Aristoteles
593 2565 659 2595 hoc
688 2564 899 2597 antecedente
931 2571 1086 2605 tanquam
1118 2575 1205 2602 vero,
1230 2565 1351 2597 scilicet

273 2608 366 2650 quod
387 2609 450 2640 tale
473 2618 594 2649 corpus
612 2609 658 2640 >sit
680 2609 852 2641 divisibile:
877 2609 933 2640 sed
956 2610 1016 2641 hac
1038 2609 1249 2640 conditionali
1264 2619 1349 2646 vera,

0 2675 5 2689 ι
272 2653 310 2684 St
333 2653 416 2685 illud
438 2663 559 2694 corpus
581 2653 758 2689 dividatur,
770 2664 853 2694 pars
868 2654 937 2685 eius
952 2654 1016 2685 erit
1030 2654 1168 2685 minoris
1181 2655 1350 2695 potentiae

0 2689 7 2742 ἰ
271 2707 371 2739 quam
393 2703 508 2729 totum.
542 2697 646 2728 Cuius
676 2697 809 2738 quidem
832 2699 957 2734 veritas,
981 2699 1007 2729 si
1038 2704 1179 2739 ponatur
1205 2699 1347 2739 primum

271 2751 411 2774 movens
433 2752 503 2774 esse
527 2751 657 2782 corpuS,
681 2742 815 2774 tollitur.
840 2742 917 2774 Ideo
933 2742 1014 2774 illud
1029 2749 1077 2773 est
1092 2743 1302 2783 impossibile.

0 2818 6 2828 ⁸
331 2796 361 2818 2.
385 2786 450 2818 Sed
472 2787 506 2817 in
529 2787 590 2817 hac
613 2786 825 2826 responsione
849 2788 932 2818 circa
955 2788 1123 2818 veritatem
1153 2787 1238 2817 illius
1269 2797 1347 2818 con—

0 2830 7 2874 ζ
31 2835 91 2860 'et
107 2841 245 2864 nanum·
273 2830 436 2863 ditionalis
452 2830 616 2862 dubitatur
625 2831 653 2867 ξ
677 2831 703 2861 si
727 2840 799 2861 eam
823 2836 860 2862 ut
881 2831 1100 2871 Philosophus
1118 2832 1235 2871 accipit
1254 2831 1347 2862 intel-

0 2883 6 2916 }
270 2875 420 2916 ligamuS,
437 2874 658 2915 comparando
681 2875 803 2906 scilicet
825 2881 950 2915 partem
972 2876 1137 2916 potentiae
1160 2874 1200 2906 ad
1223 2881 1347 2916 partem

0 2920 13 2964 ἱ
272 2920 413 2951 mobilis.
438 2919 523 2950 Nam
548 2919 651 2959 qualis
675 2924 722 2949 est
745 2920 915 2959 proportio
938 2920 1038 2950 totius
1066 2919 1106 2950 ad
1135 2925 1252 2956 toturn,
1276 2920 1347 2951 talis

0 2966 9 2982 ⁸
274 2969 323 2994 est
344 2963 513 3004 proportio
537 2963 637 3003 partis
665 2963 705 2994 ad
735 2969 869 3003 partem,
895 2969 927 2994 et
949 2973 1006 3004 per
1034 2973 1237 3004 consequens
1265 2970 1346 2995 tem-

32 3017 110 3047 ·.cnp
118 3024 141 3046 v,
148 3023 169 3044 η
175 3017 245 3040 ι.τιι.
272 3007 361 3049 poris
383 3007 424 3038 ad
446 3013 587 3048 tempus,
610 3013 647 3038 ut
669 3012 758 3048 patet
772 3007 830 3038 VII
846 3007 1027 3048 Physicor„
1044 3014 1119 3039 text.
1138 3009 1180 3039 36
1196 3009 1222 3039 “.
1247 3009 1345 3050 Ergo,

30 3043 81 3074 ¹⁴⁹·
273 3057 398 3093 quanto
421 3057 569 3093 tempore
592 3056 699 3083 totum
721 3058 834 3086 movet
855 3057 974 3088 totum,
997 3057 1087 3083 tanto
1111 3061 1184 3103 pars
1202 3032 1347 3085 movebit

271 3102 407 3138 partem.
432 3096 519 3137 Ergo
542 3105 611 3126 non
634 3101 682 3127 est
704 3097 808 3127 maior
830 3097 975 3137 potentia
998 3097 1098 3127 totius
1121 3097 1155 3128 in
1179 3106 1346 3138 compara-

271 3141 362 3172 tione
380 3140 426 3172 ·ad
449 3146 556 3172 toturn
579 3146 708 3172 motum
731 3150 830 3181 quam
859 3141 1005 3182 potentia
1034 3141 1132 3181 partis
1154 3141 1188 3172 in
1212 3151 1345 3183 compa-

270 3186 398 3217 ratione
421 3184 461 3216 ad
483 3190 608 3226 partem
630 3185 770 3216 mobilis.

328 3229 381 3261 Ad
402 3230 486 3260 hanc
510 3230 740 3266 obiecn‘onem,
768 3239 852 3269 quae
875 3228 1001 3259 videtur
1028 3235 1060 3260 et
1087 3235 1199 3261 contra
1221 3230 1344 3262 Aristo-

272 3274 371 3306 telem
393 3283 462 3305 esse
486 3280 518 3305 et
539 3279 652 3305 contra
671 3274 827 3305 Sanctum
852 3273 1027 3310 nomam,
1050 3273 1090 3304 ab
1113 3274 1274 3314 aliquibus
1295 3285 1345 3306 re-

272 3318 452 3360 spondetur
463 3318 554 3359 quod
565 3318 619 3350 illa
630 3319 811 3359 propositio
824 3324 987 3358 assumpta
998 3318 1037 3349 ab
1049 3318 1231 3355 Aristotele,
1242 3319 1344 3351 Nulla

266 3363 416 3404 potentia
429 3363 533 3404 finita
552 3368 661 3404 potest
682 3373 812 3394 movere
835 3367 978 3403 tempore
1001 3363 1138 3404 infinito,
1159 3363 1204 3393 sic
1228 3369 1275 3394 est
1296 3365 1345 3395 in—

273 3407 461 3449 telligenda:
486 3408 608 3439 scilicet
623 3407 714 3448 quod
729 3408 818 3438 nulla
833 3407 977 3448 potentia
996 3407 1116 3437 habens
1140 3406 1344 3439 durationem

272 3451 399 3484 finitam
421 3458 529 3493 potest
551 3462 684 3484 movere
707 3452 829 3483 mobile
852 3451 980 3482 finitum
1003 3452 1036 3482 in
1065 3451 1234 3482 duratione
1263 3458 1345 3484 tem-

272 3505 354 3537 pore
376 3496 515 3528 infinito.
547 3496 599 3528 Sic
623 3502 732 3528 autem
755 3501 887 3537 accepta
913 3496 1137 3536 propositione
1167 3496 1343 3536 probanda,

272 3546 361 3582 patet
383 3540 474 3582 quod
497 3551 570 3582 pars
592 3542 758 3582 potentiae
782 3540 954 3577 durativae,
980 3549 1063 3580 quae
1086 3540 1207 3571 scilicet
1236 3541 1344 3572 minus

273 3584 376 3622 durat,
399 3591 521 3617 movet*
533 3591 658 3627 partem
678 3585 809 3616 mobilis
826 3591 984 3626 quantum
1001 3584 1040 3615 ad
1056 3585 1124 3616 eius
1141 3583 1344 3616 durationem

272 3629 307 3661 in
330 3630 450 3661 minori
472 3635 630 3671 tempore.
662 3630 711 3661 Ex
735 3630 852 3671 quibus
875 3629 1010 3660 habetur
1034 3629 1123 3669 quod
1145 3638 1214 3660 non
1237 3635 1345 3670 potest

415 3690 510 3714 ΒΜΔ
530 3689 641 3714 Coum
660 3690 793 3715 Garri-uas
812 3690 844 3715 D.
862 3689 978 3714 Taena
997 3689 1066 3714 Tou.
1086 3689 1104 3714 1.

0 3607 5 3615 2
0 3583 6 3601 w-
0 3523 8 3578 men-
0 3425 10 3518 ν-ι--Νπ-
0 3134 11 3418 Δν-Π-,ις--τ--η-»ν-ικη
0 3119 9 3130 -.
6 3089 13 3096 ,

273 1184 366 1227 quod
387 1187 494 1219 motui
516 1191 686 1227 repugnat,
710 1190 747 1216 ut
775 1185 931 1226 probatur
952 1184 996 1215 VI
1019 1185 1246 1226 Ptyrsicorum.
1271 1186 1361 1226 Pro-q

2417 269 2463 315 57

1399 350 1528 385 tempus
1550 351 1660 376 motus
1684 355 1752 376 esse
1775 351 1980 386 perpetuum,
2000 352 2031 377 et
2054 356 2190 377 movens
2207 352 2238 377 et
2252 351 2381 376 motum
2397 355 2467 376 cor-

1399 390 1571 429 ruptibilia.
1604 389 1704 427 Quod
1727 399 1803 430 ergo
1828 390 1996 421 adducitur
2018 391 2075 421 VII
2098 391 2251 431 Physic„⁴
2265 393 2334 421 non
2358 396 2405 421 est
2428 390 2468 420 ad

1400 434 1622 473 propositum:
1645 434 1720 473 quia
1739 434 1784 463 ibi
1804 435 1990 474 intelligitur
2006 440 2164 474 quantum
2180 435 2219 466 ad
2234 435 2467 471 intensionem;

1400 478 1435 506 in
1457 477 1517 507 hac
1541 483 1649 508 autem
1672 478 1795 507 ratione
1818 478 1983 517 loquimur
2006 485 2163 519 quantum
2186 479 2226 510 ad
2247 480 2467 510 extensionem

1402 520 1589 551 durationis.
2388 538 2390 540 ·

1459 565 1489 595 3.
1514 565 1578 596 Sed
1602 564 1692 604 quod
1714 565 1774 595 ista
1796 567 1964 606 responsio
1979 576 2047 596 non
2064 568 2103 597 sit
2119 568 2158 598 ad
2179 573 2322 598 mentem
2345 569 2468 599 Aristo-

1402 608 1484 645 telis,
1508 610 1659 649 arguitur.
1684 609 1735 639 Eo
1758 610 1859 640 modo
1884 611 2039 651 accipitur
2061 612 2094 641 in
2110 613 2332 652 propositione
2348 612 2388 643 de
2404 622 2469 653 qua

1403 658 1451 683 est
1477 662 1583 684 sermo
1615 653 1760 693 potentia
1790 653 1889 689 finita,
1913 664 1981 704 quo
2011 655 2111 686 modo
2142 657 2295 696 accipitur
2324 658 2468 697 potentia

1403 696 1528 728 infinita
1551 698 1583 727 in
1608 697 1818 728 conclusione
1842 707 1899 738 per
1925 699 2027 739 ipsam
2055 700 2229 750 probanda,
2254 701 2382 737 scilicet,
2407 702 2469 732 Po-

1403 742 1504 772 tentia
1514 742 1617 782 primi
1633 742 1769 772 motoris
1785 746 1832 772 est
1847 743 1992 783 infinita:
2008 744 2083 783 quia
2098 745 2225 775 termini
2241 745 2274 775 in
2290 746 2471 784 praemissis

1404 791 1436 816 et
1459 786 1672 817 conclusione
1695 792 1770 816 sunt
1791 787 1827 816 in
1850 787 1967 817 eodem
1990 787 2167 828 significato
2192 789 2378 829 accipiendi.
2407 789 2470 820 Sed

1402 830 1437 860 in
1453 829 1537 861 dicta
1552 831 1764 861 conclusione
1788 831 1943 871 accipitur
1966 833 2111 871 potentia
2124 831 2248 863 infinita
2262 843 2330 863 non
2345 839 2470 864 tantum

1405 874 1584 911 duratione,
1608 875 1664 905 sed
1687 875 1844 906 intensive
1861 876 1957 906 etiam
1973 882 2005 906 et
2020 876 2198 908 secundum
2214 878 2367 917 vigorem.
2385 879 2471 918 Ergo

1404 919 1501 950 etiam
1530 920 1564 949 in
1595 919 1775 959 praemissis
1808 920 1995 960 accipienda
2026 927 2072 951 est
2102 922 2247 961 potentia
2277 921 2400 952 infinita
2415 932 2472 953 se-

1405 963 1550 994 cundum
1572 964 1728 1004 vigorem,
1751 973 1819 994 non
1850 970 1977 995 tantum
2007 965 2187 996 secundum
2213 965 2426 997 durationem.
2450 986 2471 989 —

1403 1008 1560 1038 Probatur
1571 1009 1679 1044 minor
1692 1018 1730 1038 ex
1742 1018 1896 1048 processu
1908 1010 2099 1040 Aristotelis.
2111 1010 2194 1040 Nam
2206 1011 2320 1050 probat
2331 1011 2472 1051 primum

1403 1058 1567 1083 motorem
1582 1062 1651 1083 non
1668 1061 1736 1082 esse
1751 1053 1785 1083 in
1807 1054 2040 1093 magnitudine,
2058 1054 2221 1094 arguendo
2238 1055 2314 1095 quia
2329 1057 2472 1096 potentia

1403 1096 1528 1128 infinita
1552 1106 1620 1127 non
1644 1102 1751 1137 potest
1775 1106 1844 1128 esse
1867 1099 1900 1128 in
1923 1098 2156 1138 magnitudine,
2180 1099 2267 1130 Deus
2295 1105 2402 1130 autem
2426 1106 2472 1130 est

1403 1142 1568 1181 potentiae
1591 1140 1746 1172 infinitae.
1772 1142 1929 1173 Maiorem
1945 1152 2022 1173 vero
2038 1144 2153 1184 probat
2177 1149 2334 1184 quantum
2350 1144 2390 1174 ad
2405 1154 2472 1175 ma-

1403 1186 1606 1226 gnitudinem
1630 1185 1763 1222 finitam,
1789 1187 1875 1226 quia,
1899 1188 1924 1217 si
1948 1188 2048 1217 virtus
2063 1187 2188 1218 infinita
2204 1193 2285 1218 esset
2300 1189 2332 1219 in
2349 1190 2473 1229 magni-

1403 1229 1516 1261 tudine
1539 1230 1639 1266 finita‚
1663 1230 1696 1260 in
1720 1240 1788 1261 non
1811 1237 1959 1271 tempore
1982 1237 2138 1263 moveret.
2167 1232 2243 1263 Hoc
2266 1238 2375 1264 autem
2404 1243 2472 1264 non

1403 1276 1549 1315 sequitur
1572 1284 1611 1305 ex
1634 1274 1758 1305 infinita
1782 1274 1950 1306 duratione
1973 1277 2148 1316 potentiae,
2173 1277 2228 1307 sed
2251 1286 2289 1307 ex
2317 1277 2473 1308 infinitate

1405 1320 1532 1359 vigoris.
1556 1319 1642 1359 Ergo
1666 1320 1700 1349 in
1724 1318 1778 1349 illa
1800 1320 2025 1360 propositione
2049 1321 2204 1361 accipitur
2226 1322 2370 1361 potentia
2399 1322 2473 1352 infi-

1403 1365 1470 1394 nita
1491 1363 1673 1394 secundum
1695 1364 1851 1403 vigorem,
1867 1374 1935 1395 non
1952 1370 2060 1395 autem
2076 1365 2255 1396 secundum
2271 1365 2472 1397 durationem

1403 1414 1546 1439 tantum:
1570 1408 1632 1438 nisi
1655 1407 1792 1438 velimus
1814 1409 2022 1440 Aristotelem
2045 1410 2283 1450 aequivocasse‚
2302 1410 2335 1441 in
2358 1411 2472 1441 maiori

1404 1451 1594 1493 accipiendo
1619 1453 1799 1492 potentiam
1822 1452 1981 1484 infinitam
1997 1454 2178 1484 secundum
2193 1454 2348 1505 vigorem,
2364 1455 2397 1485 in
2412 1456 2472 1486 mi-

1404 1497 1477 1528 nori
1500 1502 1609 1527 autem
1633 1495 1792 1527 infinitam
1815 1497 1996 1528 secundum
2019 1497 2232 1529 durationem.

1460 1550 1492 1580 4.
1517 1540 1581 1572 Sed
1604 1546 1716 1571 contra
1730 1542 1813 1572 hanc
1830 1542 2078 1582 expositionem,
2094 1548 2267 1583 antequam
2283 1542 2323 1573 ad
2338 1527 2473 1574 dubium

1404 1585 1669 1626 respondeamus,
1690 1595 1728 1616 ex
1748 1586 1928 1616 Aristotelis
1943 1595 2098 1626 processu
2112 1587 2170 1617 XII
2187 1587 2328 1627 Metaph.
2341 1589 2358 1604 “
2374 1589 2474 1619 oritur

1405 1628 1551 1661 dubium.
1568 1629 1663 1665 Nam,
1679 1639 1755 1661 cum
1771 1631 1894 1671 primae
1910 1631 2103 1662 substantiae
2119 1630 2351 1671 perfectionem
2367 1638 2475 1663 osten-

1406 1673 1512 1711 disset,
1535 1679 1624 1705 textu
1640 1682 1683 1713 42
1699 1675 1833 1715 inquirit
1848 1680 1957 1705 utrum
1980 1674 2172 1715 ponendum
2195 1676 2234 1706 sit
2256 1685 2355 1707 unam
2381 1676 2474 1707 dum-

1404 1724 1490 1750 taxat
1504 1717 1692 1750 huiusmodi
1707 1719 1916 1750 substantiam
1933 1729 2011 1756 esse,
2028 1729 2068 1750 an
2083 1719 2201 1760 plures.
2218 1720 2324 1751 Textu
2336 1730 2412 1751 vero
2431 1722 2472 1760 43

1405 1763 1573 1795 concludit
1599 1769 1750 1804 oportere
1780 1769 1829 1795 tot
1859 1764 2050 1795 substantias
2080 1773 2148 1795 esse
2178 1764 2364 1795 huiusmodi
2395 1772 2476 1806 quot

1404 1808 1540 1839 lationes
1564 1814 1723 1840 astrorum
1738 1814 1823 1845 sunt,
1834 1813 1974 1849 propter
1989 1808 2194 1849 praedictam
2211 1817 2362 1840 causam:
2385 1810 2475 1850 quod

1405 1862 1573 1894 exponens
1604 1852 1739 1884 Sanctus
1771 1853 1915 1884 Thomas
1944 1853 2061 1893 inquit,
2090 1853 2167 1894 quia
2197 1854 2319 1885 scilicet
2348 1860 2476 1885 movent

1404 1902 1495 1928 motu
1517 1897 1726 1938 sempiterno,
1748 1903 1779 1928 et
1795 1907 1859 1938 per
1881 1907 2079 1938 consequens
2102 1898 2221 1928 virtute
2248 1899 2386 1940 infinita.

1461 1942 1508 1972 Ex
1532 1943 1650 1982 quibus
1674 1942 1793 1983 duplex
1817 1947 1928 1973 contra
1950 1947 2092 1973 nostram
2107 1943 2404 1983 interpretationem
2418 1944 2474 1974 ha-

1405 1986 1498 2018 betur
1513 1986 1605 2017 ratio.
1621 1986 1727 2017 Prima
1743 1992 1801 2022 est,
1813 1987 1890 2027 quia
1906 1991 1982 2017 sunt
1995 1986 2103 2027 plures
2118 1987 2312 2018 substantiae
2329 1987 2473 2019 eiusdem

1405 2030 1601 2062 conditionis
1625 2041 1700 2062 curn
1723 2031 1836 2071 prima.
1861 2030 1924 2062 Sed
1947 2040 2015 2062 non
2038 2037 2175 2071 possunt
2197 2041 2266 2062 esse
2288 2032 2395 2072 plures
2417 2033 2474 2063 ha-

1404 2075 1516 2106 bentes
1539 2076 1719 2115 potentiam
1749 2074 1908 2106 infinitam
1939 2075 2119 2106 secundum
2147 2076 2301 2116 vigorem.
2332 2077 2418 2117 Ergo
2442 2083 2474 2107 et

1404 2120 1507 2160 prima
1530 2129 1598 2150 non
1623 2125 1671 2151 est
1693 2119 1818 2150 infinita
1840 2120 2022 2151 secundum
2039 2121 2195 2160 vigorem,
2212 2120 2268 2151 sed
2282 2126 2407 2152 tantum
2424 2131 2472 2152 se-

1404 2164 1550 2195 cundum
1573 2163 1788 2196 durationem.
1812 2165 1898 2205 Ergo
1922 2165 2006 2196 male
2029 2165 2201 2205 exponitur
2220 2165 2273 2195 illa
2294 2166 2472 2202 conclusio,

1403 2209 1666 2240 Primusmotor
1689 2214 1736 2240 est
1758 2209 1906 2250 infinitae
1924 2210 2090 2250 potentiae
2111 2209 2286 2240 secundum
2315 2210 2472 2251 vigorem.

1459 2253 1609 2284 Secunda
1628 2259 1685 2289 est,
1705 2253 1781 2294 quia
1800 2260 1874 2284 sunt
1894 2259 1943 2284 tot
1961 2259 2042 2294 quot
2060 2253 2195 2284 lationes
2214 2257 2382 2291 astrorum,
2397 2264 2472 2295 pro-

1404 2302 1476 2337 pter
1498 2298 1689 2338 assignatam
1713 2307 1843 2329 causam
1867 2298 1906 2329 de
1930 2299 2036 2339 primo
2059 2303 2186 2328 motore
2204 2298 2385 2331 secundum
2399 2299 2472 2330 Phi-

1404 2341 1592 2382 losophum,
1607 2343 1685 2383 quia
1701 2342 1823 2374 scilicet
1837 2348 1966 2374 movent
1980 2348 2068 2373 motu
2088 2343 2282 2383 sempiterno
2305 2348 2337 2374 et
2355 2344 2474 2374 virtute

1398 2396 1463 2427 per
1485 2395 1684 2427 consequens
1708 2388 1846 2429 infinita.
1871 2387 1934 2419 Sed
1952 2397 2020 2418 non
2036 2393 2111 2418 sunt
2129 2388 2236 2428 plures
2254 2387 2397 2419 infinitae
2413 2398 2472 2429 po-

1403 2431 1522 2462 tentiae
1546 2432 1727 2463 secundum
1745 2433 1901 2472 vigorem,
1918 2432 1974 2463 sed
1990 2437 2115 2463 tantum
2131 2431 2299 2463 duratione
2317 2432 2471 2464 infinitae.

1404 2475 1490 2526 Ergo
1519 2481 1550 2506 et
1577 2486 1673 2507 causa
1703 2476 1858 2528 assignata
1889 2476 1928 2507 de
1951 2477 2057 2517 primo
2080 2482 2207 2507 motore
2230 2476 2319 2516 quod
2342 2486 2409 2508 non
2433 2479 2472 2508 sit

1401 2520 1438 2551 in
1461 2520 1692 2560 magnitudine,
1718 2522 1793 2561 quia
1816 2521 1937 2552 scilicet
1957 2527 2004 2552 est
2023 2522 2186 2561 potentiae
2210 2520 2363 2558 infinitae,
2378 2522 2471 2553 intel-

1402 2564 1531 2604 ligenda
1554 2571 1601 2596 est
1623 2564 1663 2596 de
1686 2565 1843 2596 infinitate
1867 2565 2053 2601 durationis,
2077 2575 2144 2596 non
2167 2570 2275 2596 autem
2295 2565 2334 2596 de
2354 2567 2470 2606 vigoris

1402 2608 1568 2640 infinitate.

1461 2653 1489 2683 5.
1513 2653 1566 2684 Ad
1589 2654 1685 2684 huius
1709 2653 1901 2684 evidentiam
1929 2653 2198 2685 considerandum
2215 2660 2262 2684 est
2277 2655 2377 2695 quod,
2394 2665 2468 2686 curn

1402 2697 1620 2738 Philosophus
1643 2697 1827 2734 ostenderit,
1843 2697 1901 2728 XII
1919 2698 2059 2738 Metaph.
2073 2699 2100 2733 *,
2117 2704 2266 2738 oportere
2287 2709 2355 2729 esse
2371 2709 2469 2730 unam

1402 2742 1611 2773 substantiam
1624 2743 1760 2773 omnino
1777 2747 1954 2783 separatam
1966 2748 1998 2773 et
2008 2743 2156 2782 primam,
2167 2742 2369 2774 conditiones
2386 2753 2468 2784 quae

1401 2786 1523 2826 primae
1546 2786 1592 2818 illi
1615 2787 1809 2818 substantiae
1831 2787 2047 2818 attribuuntur
2069 2787 2261 2826 inquantum
2285 2788 2387 2828 prima
2411 2794 2467 2824 est,

1401 2830 1470 2861 aliis
1493 2832 1668 2862 convenire
1691 2841 1759 2862 non
1782 2837 1930 2871 possunt,
1954 2840 2030 2862 cum
2046 2831 2153 2871 plures
2168 2841 2235 2862 non
2252 2832 2314 2862 sint
2328 2833 2465 2872 primae:

1400 2875 1484 2906 sicut
1507 2884 1591 2915 quae
1613 2876 1740 2906 homini
1764 2877 1963 2907 conveniunt
1985 2876 2178 2916 inquantum
2202 2882 2249 2906 est
2270 2877 2384 2912 horno,
2398 2887 2467 2908 non

1401 2921 1601 2951 conveniunt
1623 2930 1692 2951 non
1714 2921 1912 2951 hominibus.
1940 2919 2026 2951 Cum
2050 2929 2126 2960 ergo
2150 2920 2266 2951 habere
2289 2923 2466 2961 potentiam

1399 2963 1559 2995 infinitam
1574 2965 1731 2995 intensive
1745 2966 1916 2996 conveniat
1931 2965 2054 3004 primae
2066 2965 2259 2995 substantiae
2274 2965 2466 3006 inquantum

1401 3014 1448 3039 est
1462 3009 1577 3048 prima,
1593 3009 1677 3040 sicut
1692 3014 1723 3040 et
1739 3019 1808 3041 esse
1831 3010 1994 3050 optimum
2017 3014 2049 3039 et
2072 3009 2319 3046 nobilissimum,
2335 3016 2372 3040 ut
2387 3010 2467 3041 infe-

1399 3053 1465 3084 rius
1481 3053 1498 3070 ⁴*
1521 3053 1722 3090 ostendetur;
1742 3053 1818 3085 ideo
1834 3054 1902 3084 aliis
1919 3053 2083 3084 caelorum
2098 3054 2278 3084 motoribus
2295 3055 2466 3085 convenire

1398 3096 1541 3137 idipsum
1556 3107 1624 3128 non
1639 3103 1757 3138 potest,
1775 3107 1850 3129 curn
1865 3098 1987 3138 primae
2010 3098 2203 3128 substantiae
2225 3099 2382 3129 rationem
2398 3109 2466 3130 non

1398 3142 1547 3173 habeant.
1571 3142 1664 3173 Aliae
1686 3147 1795 3173 autem
1812 3142 2024 3179 conditiones,
2041 3151 2110 3172 non
2125 3143 2354 3173 convenientes
2369 3143 2414 3174 illi
2430 3150 2466 3174 ut

1399 3186 1502 3226 prima
1518 3192 1575 3222 est,
1591 3192 1728 3226 possunt
1743 3193 1776 3217 et
1791 3187 1859 3218 aliis
1873 3187 2063 3217 habentibus
2080 3190 2191 3216 secum
2212 3186 2465 3218 uniformitatem

1398 3231 1582 3262 convenire.

1455 3274 1541 3305 Cum
1566 3285 1641 3315 ergo
1665 3275 1882 3316 Philosophus
1897 3275 2012 3315 inquit,
2033 3275 2147 3304 Utrum
2163 3274 2205 3304 sit
2220 3284 2286 3305 una
2302 3276 2378 3306 talis
2391 3276 2465 3307 sub-

1396 3319 1518 3350 stantia
1546 3329 1589 3350 an
1614 3320 1739 3360 plures,
1763 3330 1832 3351 non
1860 3325 1908 3350 est
1934 3328 2056 3354 sensus,
2084 3319 2198 3349 Utrum
2220 3319 2264 3349 sit
2289 3329 2355 3350 una
2381 3330 2465 3361 quae

1397 3363 1514 3394 habeat
1529 3373 1639 3395 omnes
1654 3364 1856 3395 conditiones
1870 3363 2020 3404 superius
2035 3363 2074 3393 de
2090 3363 2200 3403 prima
2216 3363 2463 3400 demonstratas,

1398 3417 1441 3438 an
1465 3408 1531 3438 sint
1547 3409 1663 3449 plures
1686 3409 1784 3439 tales:
1807 3409 1882 3448 quia
1906 3413 2028 3438 certum
2052 3413 2099 3437 est
2122 3417 2220 3437 unam
2243 3413 2369 3439 tantum
2396 3418 2465 3439 esse

1397 3453 1546 3493 primam.
1582 3452 1655 3489 Sed,
1680 3462 1755 3483 curn
1787 3452 1972 3483 immediate
2004 3451 2197 3482 concluserit
2229 3461 2297 3482 esse
2326 3453 2464 3493 primam

1397 3497 1607 3528 substantiam
1630 3497 1858 3537 sempiternam
1879 3502 1910 3527 et
1929 3495 2141 3531 immobilem,
2157 3501 2334 3536 separatam
2353 3507 2372 3527 a
2392 3507 2464 3528 sen—

1397 3541 1552 3576 sibilibus,
1574 3551 1643 3572 non
1667 3542 1854 3572 existentem
1876 3541 1910 3571 in
1932 3539 2212 3580 magnitudine‚'et
2234 3541 2463 3581 impassibilem

1397 3595 1434 3615 ac
1461 3585 1701 3622 inalterabilem,
1725 3586 1857 3626 inquirit
1880 3594 1920 3614 an
1944 3585 1983 3615 sit
2006 3594 2071 3615 una
2093 3589 2219 3615 tantum
2241 3585 2322 3622 talis,
2343 3586 2464 3617 scilicet

1396 3630 1600 3670 sempiterna,
1626 3630 1797 3660 immobilis
1820 3635 1852 3659 et
1875 3628 2086 3669 impassibilis.
2121 3627 2156 3659 Id
2179 3629 2269 3669 quod
2296 3638 2333 3660 ex
2360 3631 2464 3661 verbis

2303 3688 2319 3713 8

2500 1591 2548 1613 ·.S
2555 1590 2600 1612 Th.
2608 1592 2623 1612 1
2629 1597 2641 1618 7
2652 1597 2713 1619 sqq.y

2501 1617 2552 1639 Did.
2564 1617 2604 1644 Xl,
2612 1624 2658 1645 vu
2662 1624 2716 1639 νιιι.

2496 2705 2504 2713 ·
2521 2702 2576 2725 Loc.
2591 2702 2629 2725 cit.

2493 3058 2501 3066 “
2509 3056 2544 3078 Cf.
2551 3062 2572 3077 c-
2578 3062 2706 3083 xxvnmnu.
