2716 4302
7 1815 16 1818 ε
0 1700 22 1800 trra-fi*

0 1953 3 1960 ‚
25 1906 27 1910 Α
63 1926 245 1958 β.ιω..ἰιιὶ.

1294 185 1557 222 APPENDIX

405 326 486 367 Cap.
512 327 642 357 XXXV.
664 327 760 365 Quoi)
786 338 885 358 PLURA
909 338 1030 359 somma
1053 338 1145 359 mera
1168 339 1208 360 οε
1230 329 1300 360 Deo

668 388 732 408 Nox
757 389 833 409 sust
858 390 1032 410 SYNONYMA.

70 474 286 502 ⁸¹³²9⁷¹>·¹⁰9·
359 474 397 504 R.
426 471 554 515 (Quod)
579 473 670 513 plura
695 475 829 504 nomina
853 474 936 505 dicta
953 474 992 506 de
1010 476 1081 506 Deo
1106 485 1172 505 non
1197 481 1272 506 sunt
1295 485 1392 516 syno-

315 534 424 566 nyma.
441 543 463 547 —-
479 526 496 563 §
511 524 700 555 Ostenditur
718 534 804 554 autem
825 525 949 567 (etiam)
974 537 1011 557 ex
1027 527 1119 557 dictis
1136 526 1226 567 quod
1243 528 1390 567 quamvis

314 576 449 608 nomina
473 575 513 607 de
537 576 609 607 Deo
627 575 710 606 dicta
728 577 864 607 eandem
889 588 957 608 rem
981 577 1173 619 significent,
1195 588 1262 608 non
1284 583 1392 608 tamen

315 635 390 661 sunt
406 638 600 671 synonyma,
625 630 701 670 quia
726 633 774 659 etsi
793 641 850 659 rem
869 642 949 660 unam
969 633 1112 667 significent
1131 642 1183 659 non
1203 639 1290 659 tamen
1310 621 1390 672 <non

315 681 510 722 significant)
535 682 694 712 rationem
720 682 867 712 eandem.
891 683 975 713 Nam
1000 683 1081 713 sicut
1099 682 1240 712 diversae
1262 692 1310 712 res
1335 682 1390 712 uni

313 733 453 773 simplici
470 734 515 763 rei
533 742 616 773 quae
634 732 722 763 Deus
748 739 795 763 est
818 733 998 763 similantur
1022 743 1079 773 per
1102 732 1222 763 formas
1242 732 1390 768 diversas,

313 786 358 815 ita
381 785 565 815 intellectus
589 789 699 814 noster
723 789 749 813 in
770 794 828 825 per
851 784 991 815 diversas
1016 785 1248 824 conceptiones
1273 785 1301 814 ei
1323 783 1391 826 (ali-

314 835 465 877 qualiter)
493 836 650 866 similatur
675 839 713 874 (et
731 848 762 866 ex
781 840 830 865 hoc
851 840 935 865 Deum
954 845 1098 872 utcumque
1117 839 1311 872 cognoscimus)
1330 834 1391 876 (in-

315 893 476 928 quantum
501 892 588 924 ipsum
611 898 670 929 per
693 888 832 930 diversas
860 887 1077 928 perfectiones
1111 892 1327 918 creaturarum
1359 887 1391 916 in

314 941 423 980 ipsum
439 940 707 980 cognoscendum
725 932 936 981 perducitur.)
962 939 1002 969 Et
1019 938 1093 969 ideo
1112 962 1118 968 .
1134 961 1142 968 .
1158 963 1163 968 .
1182 938 1335 970 attribuit.
1352 938 1391 968 Et

314 993 357 1023 ita
370 1015 378 1022 .
391 1016 398 1022 .
409 1016 416 1022 .
433 991 615 1033 significent
641 994 722 1034 (non
747 993 834 1023 enim
852 1017 859 1024 .
875 1015 881 1022 .
897 1015 903 1022 .
922 990 1104 1031 significet.)

359 1103 440 1144 Cap.
466 1105 611 1136 XXXVI.
639 1105 806 1144 Quacum<
832 1114 1041 1135 m'renmzcrus
1066 1112 1185 1132 sos'ren
1210 1112 1250 1131 DE
1275 1101 1345 1130 Di-:o

645 1166 897 1187 PROPOSI'HONEM
920 1165 1056 1185 FORMET.

62 1245 80 1268 ⁸
91 1251 101 1267 ¹
115 1251 220 1274 ⁸4⁴‘¹’·
233 1254 284 1270 ¹¹⁰·
356 1252 394 1283 R.
413 1252 561 1290 Qualiter
577 1251 760 1282 intellectus
778 1257 887 1281 noster
904 1249 943 1281 de
961 1250 1032 1280 Deo
1050 1247 1309 1288 propositionem
1326 1245 1390 1275 for-

311 1310 388 1334 met.
407 1322 428 1325 —
444 1305 462 1343 §
479 1304 526 1334 Ex
551 1304 615 1336 hoc
639 1304 763 1336 etiam.
800 1305 865 1335 ‚sit
889 1301 1035 1342 simplex.
1062 1309 1127 1333 Nam
1153 1307 1256 1332 diversa
1281 1306 1313 1333 de
1335 1306 1391 1330 Deo

311 1360 511 1397 concipiffle
530 1360 562 1385 ad
581 1367 637 1384 rem
658 1328 784 1391 eandem,·
798 1367 866 1392 quae
886 1360 958 1385 Deus
978 1365 1026 1390 est,
1046 1360 1133 1390 refert,
1152 1367 1205 1383 non
1225 1356 1291 1383 falso
1305 1365 1391 1390 neque

66 1405 146 1429 ‘0⁸⁸²
153 1412 198 1438 9¹⁰
206 1404 387 1435 vanesjnme
400 1410 425 1441 *‚
438 1415 464 1436 et
477 1410 512 1435 ita
530 1410 750 1443 compositionem
764 1411 797 1435 de
812 1410 868 1435 Deo
881 1410 976 1435 format
990 1418 1042 1435 non
1056 1411 1131 1443 quasi
1146 1409 1292 1442 intelligens
1305 1409 1390 1432 Deum

67 1432 129 1455 -CL
144 1433 185 1456 lm.
198 1439 236 1463 3⁰·

65 1464 187 1494 ·8,.rb=

311 1469 371 1487 esse
390 1462 576 1495 compositum.
597 1463 644 1487 scd
665 1462 749 1487 Deum
770 1463 918 1495 simplicem
937 1462 1018 1487 modo
1037 1462 1183 1494 composite
1208 1461 1391 1492 *intelligens.

312 1514 369 1538 Hoc
382 1513 452 1539 enim
467 1514 499 1538 ad
513 1513 647 1539 veritatem
662 1514 810 1539 intellectus
826 1514 936 1546 exigitur
949 1513 1020 1546 quod
1036 1514 1072 1538 rei
1085 1513 1232 1538 intellectae
1246 1519 1298 1536 non
1311 1510 1391 1535 alium

311 1565 423 1592 modum
443 1565 566 1590 attribuat
585 1573 666 1598 quam
685 1565 764 1590 habet
783 1565 808 1590 in
832 1573 880 1589 sua
899 1571 999 1594 natura,
1019 1572 1072 1588 non
1093 1569 1180 1588 autem
1203 1561 1344 1595 requiritur
1366 1567 1393 1584 ut

310 1618 382 1644 idem
402 1618 435 1643 sit
455 1619 550 1643 modus
564 1618 732 1651 intelligentis
748 1618 793 1650 qui
807 1623 848 1643 est
860 1618 956 1642 modus
970 1618 1006 1642 rei
1019 1617 1177 1641 intellectae:
1195 1616 1291 1640 modus
1306 1615 1392 1646 <enim

310 1670 470 1703 intelligendi
489 1670 652 1701 intellectus>
674 1669 756 1701 (enim
769 1669 929 1701 intellectus)
949 1669 975 1693 in
995 1669 1163 1701 intelligendo
1182 1675 1225 1692 res
1245 1667 1392 1691 materiales

312 1726 353 1747 eet
374 1721 563 1750 immaterialis,
583 1728 636 1745 non
656 1726 744 1745 tamen
764 1721 965 1745 immaterialem
989 1720 1097 1744 modum
1118 1719 1197 1743 rebus
1223 1718 1345 1748 attribuit,
1364 1722 1394 1742 ut

310 1773 410 1800 seilicet
427 1773 523 1798 iudicet
542 1780 587 1798 eas
607 1780 668 1797 esse
686 1772 883 1803 immateriales,
902 1772 940 1796 sic
958 1771 1028 1796 enim
1048 1775 1121 1795 esset
1139 1770 1222 1795 salsus
1240 1770 1281 1794 vel
1300 1777 1393 1794 vanus.

312 1825 345 1850 Et
357 1823 480 1850 similiter
499 1823 595 1848 modus
610 1822 758 1848 intellectus
779 1822 804 1847 in
822 1822 993 1854 intelligendo
1008 1822 1122 1846 divinam
1142 1820 1335 1853 simplicitatem
1354 1825 1394 1844 est

311 1876 487 1909 compositus,
505 1874 630 1908 quamvis
649 1881 697 1899 nec
715 1879 804 1898 tamen
823 1874 896 1898 illam
911 1872 1133 1905 compositionem
1151 1872 1209 1896 Deo
1228 1870 1351 1902 attribuit,
1366 1876 1394 1895 ut

312 1929 430 1956 intentet
457 1927 552 1953 iudicet
571 1927 656 1952 Deum
681 1934 740 1951 esse
759 1925 948 1958 compositum.
963 1921 979 1936 ⁴*
997 1919 1169 1959 (Quamvis
1186 1927 1328 1957 namque
1346 1917 1392 1946 in-

293 1977 460 2009 -tellectus
484 1981 662 2006 noster...
682 1980 869 2014 cognoscat.
895 1972 936 2003 Et
959 1971 1033 2002 ideo
1054 1975 1086 1999 de
1109 1974 1146 1998 rei
1170 1972 1315 1998 intellectae
1337 1971 1391 1995 uni-

313 2037 365 2059 tate
382 2031 506 2057 iudicium
530 2025 591 2067 [rei
613 2029 813 2062 simpIicitatem
838 2020 1009 2065 unitatem]
1037 2021 1194 2062 proponit
1218 2029 1274 2059 per
1303 2028 1392 2048 com-

312 2081 512 2123 positionem
536 2078 710 2114 verbalem,
735 2087 818 2118 quae
843 2081 890 2107 est
906 2075 1079 2106 identitatis
1099 2079 1187 2108 nota,
1205 2081 1280 2102 cum
1306 2070 1391 2105 dicit,

313 2133 403 2165 Deus
416 2137 431 2162 b
445 2137 493 2162 est
507 2132 624 2169 bonus,
643 2130 693 2160 vel
710 2129 847 2159 bonitas.
861 2127 907 2157 lta
920 2125 1010 2166 quod
1023 2126 1046 2155 si
1062 2134 1126 2165 qua
1142 2123 1305 2153 diversitas
1319 2123 1334 2138 ⁴*
1349 2145 1356 2151 .
1367 2144 1373 2150 .
1386 2145 1393 2150 .

312 2185 354 2216 ad
376 2194 445 2216 rem
462 2182 604 2224 referre.)

63 2135 79 2147 ³¹
94 2133 148 2156 vid.
162 2133 193 2157 ad
209 2134 256 2156 loc.

495 2289 577 2329 Cap.
601 2286 761 2318 XXXVII.
787 2285 883 2323 Quo»
908 2284 994 2314 Deus
1019 2292 1072 2312 as'r
1097 2290 1207 2311 nonus.

583 2352 696 2382 Prima
725 2349 870 2380 redactio
895 2348 949 2379 ‹S'r
971 2357 1037 2388 mg.
1063 2346 1124 2387 inf.

460 2404 610 2436 Secunda
636 2402 782 2433 redactio
807 2401 840 2430 in
865 2405 1026 2440 quaterno
1051 2396 1245 2428 auxiliario.

61 2498 132 2522 ΞΥ·
146 2503 194 2525 1116-
209 2496 252 2519 finf—
358 2495 375 2531 ἓ
393 2495 502 2521 Divinae
524 2499 612 2519 autem
636 2499 701 2518 cons
725 2491 891 2525 perfectionis
915 2488 1091 2514 consideratio
1112 2488 1139 2512 in
1163 2486 1285 2511 bonitatis
1313 2486 1394 2517 ipsius

314 2547 491 2580 cognitionem
510 2545 622 2571 adducit.
641 2543 858 2576 Unumquodque
877 2541 946 2567 enim
966 2540 1111 2566 secundum
1136 2538 1186 2563 hoc
1211 2538 1310 2562 bonum
1335 2544 1394 2561 esse

314 2599 408 2624 dicitur
426 2598 499 2632 quod
519 2597 662 2631 perfectum
683 2601 732 2621 est.
751 2595 827 2620 Unde
846 2599 872 2619 et
893 2601 940 2626 per
959 2600 1034 2618 suam
1054 2592 1186 2622 virtutem,
1206 2597 1273 2623 quae
1292 2594 1333 2614 est
1357 2587 1393 2613 rei

315 2649 447 2682 perfectio,
465 2656 509 2674 res
528 2647 661 2681 quaelibet
678 2647 748 2672 bona
770 2653 831 2671 esse
854 2649 984 2669 censetur.
1007 2644 1081 2668 Deus
1100 2647 1187 2667 autem
1207 2646 1247 2666 est
1269 2648 1316 2664 ens
1336 2647 1394 2672 per-

315 2704 421 2729 fectum.
440 2703 520 2735 Igitur
538 2702 562 2727 ei
581 2701 685 2726 bonitas
704 2699 868 2724 attribuenda
889 2702 938 2722 est.
960 2695 1088 2731 §Adnue
1116 2693 1330 2726 Unumquodque
1352 2699 1394 2716 se-

314 2755 431 2780 cundum
450 2753 522 2787 quod
541 2757 600 2778 actu
615 2757 665 2782 est,
679 2751 781 2776 bonum
794 2757 855 2774 esse
875 2749 980 2778 dicitur;
993 2746 1139 2771 secundum
1159 2753 1175 2778 q
1194 2751 1258 2768 vero
1276 2743 1348 2775 quod
1362 2742 1392 2766 ab

315 2811 374 2831 actu
393 2803 442 2839 pei·
460 2805 632 2837 privationem
651 2801 746 2832 deficit,
768 2802 794 2826 in
819 2799 943 2825 malitiam
967 2798 1046 2826 cadit;
1072 2796 1217 2821 secundum
1240 2802 1304 2819 vero
1323 2793 1393 2826 quod

315 2859 342 2883 in
360 2855 476 2890 potentia
495 2854 684 2883 consideratur,
698 2853 730 2879 ad
745 2857 889 2883 utrumque
903 2857 932 2874 se
952 2848 1039 2873 habet.
1059 2847 1134 2872 Unde
1152 2846 1241 2870 omnia
1259 2852 1319 2869 esse
1336 2849 1394 2868 actu

315 2912 450 2942 appetunt,
469 2906 642 2940 privationem
667 2912 731 2929 vero
755 2903 887 2934 refugiunt
913 2901 1034 2925 maxime.
1061 2899 1132 2923 Deus
1156 2903 1241 2922 autem
1262 2903 1303 2921 est
1321 2902 1394 2920 actus

315 2961 419 2994 absque
437 2959 562 2992 potentia,
575 2963 601 2983 et
620 2965 667 2991 per
679 2963 847 2988 consequens
866 2954 968 2986 absque
986 2951 1058 2977 omni
1081 2951 1232 2984 privatione.
1251 2949 1300 2973 Est
1318 2949 1395 2980 igitur

317 3013 413 3042 bonus,
431 3010 504 3035 omni
523 3016 615 3034 carens
636 3008 748 3032 malitiae
767 3005 947 3039 permixtione.
970 3002 1128 3038 §Amplius
1151 3002 1253 3025 Bonum
1274 2998 1395 3024 definitur

61 3071 88 3096 :⁸
98 3077 110 3092 r
123 3070 138 3092 b
153 3076 202 3098 mg.
216 3070 256 3092 inl.
317 3063 388 3098 quod
406 3062 496 3087 omnia
508 3065 643 3094 appetunt.
656 3058 808 3092 Appetibile
827 3062 913 3081 autem
935 3055 948 3069 *
961 3060 1049 3079 movet
1074 3057 1248 3086 appetentem.
1277 3051 1393 3075 Primum

317 3116 394 3148 igitur
413 3121 525 3139 movens
545 3113 685 3137 immotum
705 3109 849 3139 immobile,
869 3108 941 3140 quod
956 3107 1028 3131 Deus
1046 3111 1094 3135 est,
1113 3111 1142 3128 ut
1161 3111 1239 3135 supra
1258 3108 1393 3127 ostensum

318 3172 367 3198 est,
386 3170 491 3199 oportet
509 3165 610 3189 bonum
629 3170 699 3187 esse.
723 3162 739 3195 ς’
755 3162 827 3187 item.
851 3160 903 3184 Res
926 3158 1076 3191 corporales
1096 3164 1142 3189 per
1160 3155 1209 3179 hoc
1232 3155 1316 3178 'nonae
1335 3159 1396 3177 sunt

318 3219 390 3252 quod
409 3218 522 3242 formam
542 3216 656 3248 aliquam
677 3213 783 3243 habent,
802 3218 928 3244 tantoque
947 3211 1070 3235 meliores
1085 3214 1183 3242 quanto
1204 3207 1286 3232 forma
1306 3214 1394 3231 earum

318 3276 359 3296 est
376 3267 582 3298 immaterialia,
601 3267 643 3291 vel
663 3273 753 3290 earum
774 3264 856 3288 virtus
876 3269 1061 3295 quaecumque
1086 3261 1171 3285 minus
1185 3268 1200 3284 a
1219 3258 1395 3283 materialibus

319 3323 398 3348 rebus
418 3321 581 3353 dependens.
600 3318 657 3343 Deo
676 3317 762 3349 igitur,
776 3316 820 3348 qui
833 3320 873 3340 est
893 3315 975 3339 forma
995 3311 1172 3337 immaterialis
1192 3317 1216 3335 et
1235 3310 1394 3341 incorporea,

319 3374 422 3399 bonitas
441 3373 535 3397 deesse
548 3378 601 3396 non
617 3373 710 3402 potest.
731 3366 745 3402 ξ
760 3366 889 3399 Amplius.
909 3365 1005 3390 Omnia
1019 3364 1173 3388 divisionem
1188 3361 1323 3393 refugiunt,
1341 3359 1396 3384 uni-

319 3430 399 3451 tatem
417 3431 482 3449 vero
500 3427 638 3456 appetunt,
658 3420 733 3453 quasi
753 3427 800 3452 per
818 3418 944 3442 unitatem
965 3424 1025 3440 esse
1049 3415 1175 3439 habeant:
1196 3421 1226 3437 ex
1246 3420 1299 3444 quo
1322 3411 1396 3435 datur

319 3475 428 3508 intelligi
447 3475 519 3507 quod
539 3472 758 3505 unumquodque,
778 3475 876 3502 quanto
895 3474 935 3492 est
959 3466 1103 3499 simplicius
1124 3464 1260 3497 (ceteris),
1280 3468 1351 3487 tanto
1371 3463 1395 3486 in

320 3528 435 3552 bonitate
456 3520 634 3553 excellentius.
659 3522 805 3548 dummodo
828 3520 952 3554 perfectio
974 3518 1053 3548 adsit;
1082 3521 1189 3549 propter
1215 3515 1285 3547 quod
1309 3514 1395 3545 ignem

321 3578 373 3603 aeri
391 3577 591 3610 praeponimus,
611 3583 698 3601 aerem
718 3581 782 3599 vero
801 3580 893 3605 aquae.
919 3571 991 3595 Deus
1016 3575 1103 3594 autem
1123 3573 1164 3592 est
1183 3567 1207 3590 in
1227 3565 1278 3590 fine
1297 3565 1396 3596 simpli-

320 3629 414 3659 citatis,
433 3633 462 3653 ut
479 3635 559 3659 supra
581 3631 722 3652 ostensum
747 3631 796 3649 est.
821 3624 868 3648 Est
894 3622 971 3655 igitur
996 3626 1020 3645 et
1040 3620 1065 3643 in
1088 3618 1139 3643 fine
1164 3617 1295 3643 bonitatis.
1319 3616 1395 3648 §Dei

321 3680 399 3705 etiam
418 3678 562 3704 bonitatem
579 3684 675 3702 omnes
696 3676 839 3709 scripturae
852 3681 941 3699 sacrae
952 3671 1149 3698 commendant.
1159 3676 1194 3701 ps
1214 3668 1289 3692 Unde
1308 3668 1332 3690 in
1346 3674 1395 3698 ps.y

321 3732 407 3762 Quam
426 3731 512 3756 bonus
531 3729 611 3754 Israel
632 3729 702 3753 Deus
709 3735 716 3758 ;
735 3733 761 3752 et
779 3727 916 3759 apostolus
929 3733 967 3749 ro.
979 3731 1005 3753 n,
1021 3724 1061 3747 An
1082 3721 1180 3745 divitias
1200 3719 1320 3744 bonitatis
1341 3719 1396 3742 eius

391 3868 427 3892 4⁰
446 3860 528 3892 Capp.
547 3856 712 3891 xxxva-xm]
732 3856 886 3881 Terminato
904 3861 960 3886 cap.
979 3859 1064 3883 xxxvi,

321 3905 436 3930 inferiori
453 3902 494 3930 8r
513 3909 539 3929 et
557 3911 572 3937 7
586 3911 611 3933 v,
625 3901 734 3927 inseruit
753 3905 890 3925 tractatum
911 3900 942 3923 de
961 3897 1078 3922 Bonitate
1098 3895 1156 3924 Dei.
1176 3894 1201 3917 in
1221 3893 1272 3917 duo

321 3951 441 3984 capitula,
461 3950 564 3981 scripsit
582 3955 663 3980 super
682 3951 810 3979 quaterno
829 3943 969 3969 auxiliario.

1416 493 1423 512 5

1409 750 1433 765 10

1407 1265 1432 1278 20

1410 1777 1435 1796 30

1410 2293 1436 2312 ⁴⁰

1409 2547 1432 2566 45

1411 2803 1435 2823 30

1411 3060 1433 3080 55

1410 3313 1437 3332 60

393 3995 410 4020 b
425 4001 454 4020 u
477 3992 590 4026 bonitas]
611 3992 675 4016 Post
694 3991 760 4015 hanc
779 3996 872 4014 vocem
890 3988 1010 4012 inseritur
1029 3990 1090 4010 nota
1109 3983 1229 4008 directiva
1248 3989 1295 4013 pro
1314 3980 1440 4011 transcrip

322 4040 405 4072 prima
422 4038 578 4066 redacfione,
599 4041 661 4061 nota
685 4038 783 4059 mutata
802 4031 997 4064 fuit‚Requ1're
1025 4032 1106 4059 retro,
1135 4034 1229 4058 nempe
1258 4025 1283 4049 in
1307 4028 1434 4056 quaterno
1463 4029 1517 4046 auxi

309 4110 315 4112 ,
323 4088 397 4109 retro
414 4087 496 4116 patet.

2459 188 2525 225 ιι*

1453 272 1615 298 contemnis?
1633 272 1647 308 ἓ
1662 274 1699 299 Ex
1711 274 1759 300 hac
1773 281 1859 301 autem
1870 277 1975 303 veritate
1986 276 2115 305 notificata
2128 277 2293 306 confunditur
2311 278 2521 307 manichaeorum

1452 330 1524 347 error
1542 324 1694 357 ponentium
1714 326 1828 358 aliquem
1840 326 1918 351 deum
1932 329 1976 361 qui
1990 329 2024 354 sit
2041 330 2186 355 secundum
2200 338 2275 356 suam
2296 336 2415 356 naturam
2428 332 2522 357 malus.

1451 373 1532 407 Quod
1547 376 1700 410 praemissis
1715 377 1858 404 rationibus
1871 379 2039 412 convincitur,
2053 389 2114 406 nam
2126 381 2213 407 Deum
2227 387 2330 414 oportet
2344 390 2404 407 esse
2422 382 2522 415 simpli-

1449 435 1515 458 cem,
1535 434 1622 454 entem
1638 434 1706 460 actu,
1725 434 1751 454 et
1763 430 1811 455 alia
1830 430 1988 462 huiusmodi,
2009 439 2056 463 per
2073 440 2141 465 quae
2160 433 2207 457 Dei
2225 433 2328 458 bonitas
2346 438 2455 458 ostensa
2473 438 2522 458 est.

1494 479 1510 512 ξ
1524 480 1561 505 Ex
1589 480 1630 505 his
1650 481 1726 513 igitur
1745 481 1911 506 manifestum
1931 488 1971 507 est
1995 484 2066 515 quod
2092 483 2163 508 Deus
2183 492 2234 509 non
2255 485 2342 509 solum
2367 490 2407 510 est
2426 484 2519 516 bonus,

1449 531 1496 555 sed
1515 532 1592 556 etiam
1607 532 1632 556 in
1652 531 1703 557 fine
1719 532 1851 558 bonitatis.
1865 534 1922 558 Hoc
1936 539 2022 558 autem
2037 542 2090 559 non
2103 540 2174 560 esset
2187 535 2234 560 nisi
2250 535 2422 560 essentialiter
2435 535 2520 560 bonus

1449 589 1532 608 esset:
1554 591 1612 608 nam
1633 585 1705 616 quod
1724 592 1770 617 per
1788 592 1864 610 suam
1883 586 2025 611 essentiam
2045 587 2144 612 bonum
2159 592 2207 618 est,
2222 588 2318 613 melius
2338 593 2378 612 est
2398 595 2430 612 eo
2448 587 2521 620 quod

1450 643 1495 667 per
1514 635 1612 668 aliquid
1632 636 1814 669 participatum
1834 637 1931 662 bonum
1951 636 1987 662 fit.
2012 633 2084 663 Deus
2110 638 2188 670 igitur
2212 647 2258 671 per
2277 647 2353 664 suam
2379 639 2519 664 essentiam

1449 686 1534 710 bonus
1554 691 1603 711 est.
1623 685 1754 721 §Aelium
1778 688 1993 721 Unumquodque
2017 689 2162 714 secundum
2186 689 2235 714 hoc
2261 690 2333 722 quod
2358 689 2456 714 bonum
2480 694 2520 714 est
2566 681 2570 686 ’

1449 737 1520 769 quod
1539 745 1598 762 esse
1617 738 1710 763 habet:
1730 739 1799 763 unde
1818 739 1906 763 omnia
1926 747 1984 764 esse
2004 746 2128 772 appetunt
2141 746 2168 765 et
2181 746 2276 766 amant.
2290 741 2360 765 Deus
2374 746 2460 766 autem
2480 745 2520 764 est

1448 788 1535 820 ipsum
1561 797 1638 813 suum
1663 797 1731 814 esse.
1752 790 1799 814 Est
1822 790 1898 822 igitur
1917 798 1965 815 sua
1984 790 2128 815 substantia
2157 799 2203 816 sua
2223 791 2333 816 bonitas.
2354 792 2367 806 *
2384 790 2398 826 5
2417 791 2520 816 Adhuc.

1449 841 1551 864 Bonum
1571 840 1648 865 habet
1667 840 1794 866 rationem
1813 840 1885 867 finis:
1913 842 1984 874 quod
2010 847 2080 874 patet
2102 850 2133 867 ex
2158 842 2207 867 hoc
2227 843 2298 876 quod
2316 843 2403 868 omnia
2421 843 2520 868 bonum

1449 897 1583 924 appetunt.
1603 892 1751 916 Secundum
1771 892 1847 925 igitur
1863 894 1982 918 ordinem
2002 894 2149 926 aliquorum
2165 895 2189 919 in
2202 902 2298 926 genere
2317 902 2410 919 causae
2435 893 2519 919 finalis

1449 949 1489 967 est
1501 943 1566 967 ordo
1577 951 1667 968 eorum
1678 944 1702 967 in
1714 943 1837 968 bonitate.
1847 944 1918 969 Deus
1930 950 2015 969 autern
2030 950 2069 970 est
2078 945 2186 970 ultimus
2200 953 2288 970 rerum
2302 944 2369 977 finis,
2383 946 2449 971 sicut
2466 956 2483 973 -st
2504 957 2519 970 ι

1449 1000 1475 1018 ut
1489 994 1554 1020 infra
1567 996 1728 1023 ostendetur.
1739 996 1766 1020 In
1780 995 1897 1028 quolibet
1912 1001 2000 1020 autem
2014 1004 2151 1021 causarum
2165 1004 2261 1029 genere
2279 996 2398 1022 infimum
2413 1007 2465 1023 non
2480 1005 2522 1024 est

1449 1053 1526 1070 causa
1537 1045 1589 1071 m‘si
1595 1053 1646 1078 per
1655 1046 1776 1072 ordinem
1798 1057 1812 1070 σε
1834 1057 1848 1070 ι
1861 1055 1906 1080 per
1919 1048 2038 1073 ordinem
2052 1048 2084 1072 ad
2094 1056 2257 1080 supremum,
2269 1050 2339 1082 quod
2350 1055 2390 1074 est
2402 1049 2521 1075 absolute

1449 1105 1535 1126 causa,
1547 1097 1607 1129 quia
1621 1098 1677 1122 eius
1698 1098 1834 1122 causalitas
1854 1105 1883 1122 ex
1903 1098 1954 1122 alio
1972 1107 2023 1123 non
2039 1099 2169 1132 dependet
2189 1109 2203 1122 s
2225 1109 2239 1123 a
2261 1109 2275 1122 a
2296 1099 2372 1133 igitur
2391 1100 2462 1124 Deus
2481 1106 2521 1125 est

1448 1149 1534 1172 bonus
1548 1148 1667 1172 absolute
1682 1156 1727 1180 per
1740 1149 1867 1181 seipsum,
1881 1149 1930 1174 alia
1942 1157 2004 1174 vero
2023 1150 2111 1175 omnia
2131 1151 2276 1175 secundum
2295 1151 2412 1175 ordinem
2434 1158 2448 1172 ἐ
2470 1159 2484 1172 ⁴1·
2506 1158 2520 1172 ἃ

1448 1208 1507 1225 cum
1518 1201 1587 1225 enim
1601 1201 1704 1226 bonitas
1719 1200 1926 1234 uniuscuiusque
1946 1202 2124 1226 consideretur
2137 1210 2188 1227 non
2203 1202 2290 1226 solum
2305 1203 2449 1226 secundum
2470 1202 2523 1234 pri-

1448 1261 1518 1279 mam
1532 1253 1717 1286 perfectionem
1750 1263 1764 1276 *
1786 1263 1800 1276 ι
1822 1263 1836 1277 ψ
1851 1253 1960 1279 dicimus
1976 1254 2045 1278 enim
2059 1253 2172 1286 aliquem
2184 1253 2283 1278 bonum
2299 1253 2452 1286 simpliciter
2464 1253 2521 1286 qui-

1448 1306 1507 1330 dem
1526 1314 1556 1331 ex
1576 1306 1625 1331 hoc
1648 1307 1720 1339 quod
1743 1312 1782 1331 est
1802 1307 1885 1331 iustus
1906 1315 1920 1328 κ
1941 1315 1956 1328 ι
1978 1315 1992 1328 ι
2012 1313 2059 1330 ens
2078 1305 2232 1338 inquantum
2252 1305 2342 1335 homo,
2360 1310 2389 1330 ut
2406 1310 2478 1338 patet
2495 1305 2522 1330 in

1448 1356 1558 1382 iniustis.
1574 1357 1603 1381 In
1618 1357 1698 1382 rebus
1709 1360 1798 1382 autem
1813 1357 1874 1381 aliis
1890 1357 1917 1381 In
1931 1356 1988 1380 Deo
2008 1365 2022 1378 σε
2044 1365 2058 1378 ff
2079 1365 2094 1378 a
2109 1361 2137 1380 ut
2155 1357 2180 1380 in
2200 1355 2257 1380 aliis
2275 1355 2362 1385 rebus,
2382 1355 2428 1380 sed
2448 1355 2522 1388 quic-

1448 1406 1510 1437 quid
1536 1406 1592 1431 aliis
1612 1407 1758 1432 secundum
1782 1412 1921 1440 utramque
1950 1416 1964 1430 ψ
1986 1416 1999 1428 a
2021 1416 2036 1429 ι
2057 1406 2196 1431 essentiam
2217 1413 2301 1435 suam,
2321 1413 2352 1430 eo
2372 1406 2442 1438 quod
2456 1405 2522 1430 acci-

1448 1462 1513 1485 dens
1527 1459 1551 1483 in
1567 1467 1599 1484 eo
1613 1467 1674 1484 esse
1687 1467 1740 1484 non
1755 1465 1849 1490 potest,
1864 1464 1893 1483 ut
1907 1467 1987 1490 supra
2008 1468 2022 1481 a
2044 1468 2058 1481 {-
2080 1467 2094 1481 a
2116 1458 2196 1482 modo
2209 1457 2304 1488 bonus,
2321 1465 2372 1481 non
2386 1456 2461 1490 quasi
2476 1457 2522 1481 bo-

1423 1522 1429 1527 ·
1448 1512 1553 1535 nitatem
1574 1510 1730 1543 participans
1750 1520 1765 1533 ⁴*
1786 1520 1801 1533 s
1823 1521 1837 1534 ι
1858 1516 1886 1534 ut
1902 1510 1994 1535 dicitur
2009 1509 2100 1534 matth.
2113 1516 2162 1538 xix,
2178 1516 2255 1532 nemo
2268 1508 2352 1533 bonus
2366 1508 2415 1532 nisi
2435 1518 2449 1530 φ
2470 1517 2486 1531 ‹1-
2506 1517 2522 1531 ι

1494 1617 1531 1646 R.
1564 1615 1664 1653 Quod
1695 1615 1783 1645 Deus
1813 1621 1859 1645 est
1884 1615 2001 1646 bonus.
2029 1633 2051 1636 —
2081 1615 2163 1653 §Ex
2187 1613 2387 1654 perfectione
2414 1620 2523 1642 autem

1450 1666 1568 1702 divina,
1594 1676 1692 1705 quam
1717 1666 1930 1702 ostendimus,
1954 1666 2080 1695 bonitas
2105 1666 2205 1705 ipsius
2230 1663 2382 1694 concludi
2406 1668 2524 1703 potest.

1450 1717 1484 1748 Id
1502 1718 1588 1747 enim
1607 1740 1613 1746 .
1630 1740 1636 1747 .
1652 1739 1659 1746 .
1678 1718 1775 1746 virtus
1793 1718 1871 1746 eius.
1889 1717 1972 1746 Nam
1991 1717 2087 1746 virtus
2105 1722 2151 1746 est
2168 1715 2423 1754 uniuscuiusque
2440 1723 2524 1753 quae

1450 1769 1575 1798 bonum
1589 1767 1663 1798 facit
1680 1768 1851 1798 habentem
1870 1773 1900 1797 et
1917 1777 2000 1807 opus
2018 1768 2086 1797 eius
2102 1767 2228 1796 bonum
2244 1765 2346 1796 reddit
2363 1775 2390 1795 ut
2405 1778 2452 1803 per
2469 1769 2524 1802 phi-

1451 1823 1592 1857 losophum
1617 1828 1688 1856 patet
1712 1824 1738 1848 in
1761 1824 1846 1856 primo
1875 1822 1926 1849 eth.
1953 1819 2064 1849 Virtus
2089 1823 2196 1848 autem
2284 1817 2381 1857 igitur
2407 1818 2523 1847 bonuS.

1450 1873 1466 1888 ἅ
1478 1873 1496 1910 §
1509 1872 1599 1902 Item.
1618 1871 1794 1902 Ostensum
1813 1877 1858 1900 est
1882 1880 1978 1909 supra
1997 1873 2082 1897 Deum
2103 1878 2171 1899 esse
2188 1879 2207 1903 p
2227 1867 2360 1908 aliquod
2383 1869 2524 1907 primum

1450 1933 1586 1954 movens
1603 1922 1781 1958 immobile,
1800 1921 1888 1961 quod
1906 1921 1993 1950 Deus
2011 1926 2067 1950 est.
2086 1923 2206 1948 Primum
2225 1918 2336 1948 Movet
2360 1919 2486 1948 autem.
2500 1941 2524 1947 ..

1451 1985 1522 2005 vere
1548 1975 1683 2005 bonurn.
1713 1975 1730 2012 ξ
1752 1973 1878 2003 Adhuc.
1906 1976 1970 2000 Esse
1995 1980 2052 2000 actu
2076 1971 2206 2001 Bonum
2232 1975 2278 2000 est
2302 1969 2391 2009 quod
2415 1970 2524 1999 omnia

1412 2037 1417 2050 ³
1450 2030 1618 2066 appetunt.
1633 2030 1668 2055 ut
1680 2023 1897 2064 philosophus
1918 2027 1936 2051 d
1955 2023 2079 2061 optime
2092 2021 2214 2051 dictum
2227 2019 2402 2050 introducit
2417 2020 2523 2059 primo

1451 2079 1514 2109 eth.
1534 2078 1652 2108 Omnia
1667 2101 1673 2107 .
1689 2101 1695 2106 .
1712 2100 1718 2106 .
1733 2086 1805 2106 vere
1823 2076 1939 2105 bonus.
1960 2076 1977 2112 ξ
1994 2074 2154 2114 Amplius.
2172 2072 2437 2103 Communicatio
2455 2081 2524 2102 esse

1451 2135 1482 2160 et
1498 2129 1649 2159 bonitatis
1663 2138 1699 2158 ex
1714 2128 1857 2157 bonitate
1870 2125 2026 2166 procedit.
2044 2123 2144 2162 Quod
2161 2122 2292 2163 quidem
2305 2128 2392 2162 patet
2406 2131 2443 2152 ex
2456 2122 2524 2162 ipsa

1451 2189 1478 2206 re
1498 2180 1638 2220 (natura)
1664 2179 1742 2209 boni
1763 2184 1793 2208 et
1819 2188 1856 2208 ex
1873 2177 1941 2207 eius
1965 2177 2100 2206 ratione.
2121 2178 2233 2203 Realiter
2252 2177 2358 2210 quidem
2375 2173 2524 2213 (Natura-

1451 2232 1522 2262 liter
1534 2231 1635 2271 enim)
1649 2231 1774 2260 bonum
1792 2229 2048 2268 uniuscuiusque
2063 2233 2110 2257 est
2122 2232 2211 2256 actus
2225 2231 2255 2256 ct
2271 2224 2427 2265 perfectio
2444 2225 2524 2254 eius.

1451 2282 1722 2323 Unumquodque
1740 2304 1747 2311 .
1763 2305 1769 2311 .
1786 2304 1792 2310 .
1811 2279 1970 2310 diffundit.
1995 2278 2090 2309 Unde
2111 2283 2141 2308 et
2165 2278 2293 2317 signum
2317 2274 2524 2315 perfectionis

1452 2340 1499 2365 est
1522 2334 1657 2364 alicuius
1682 2332 1773 2373 quod
1797 2331 1900 2362 simile
1925 2330 2025 2370 possit
2053 2329 2232 2369 producere
2256 2331 2355 2356 secund
2378 2332 2413 2357 ut
2438 2332 2525 2366 patet

1451 2396 1508 2426 per
1533 2385 1766 2425 philosophum
1785 2384 1815 2413 in
1841 2393 1871 2413 iv
1888 2383 2142 2412 metheororum.
2164 2381 2258 2410 Ratio
2275 2389 2351 2409 vero
2375 2378 2454 2408 boni
2478 2383 2525 2408 est

1452 2446 1489 2466 ex
1518 2437 1581 2466 hoc
1607 2434 1695 2475 quod
1729 2440 1775 2464 est
1804 2433 1988 2473 appetibile,
2015 2430 2104 2472 quod
2133 2431 2194 2470 (est
2221 2429 2303 2465 finis,
2329 2429 2398 2469 qui)
2428 2428 2524 2458 etiam

1451 2492 1563 2517 movet
1580 2492 1729 2526 agentem
1746 2485 1785 2515 ad
1802 2483 1974 2524 agendum.
1992 2483 2127 2523 Propter
2144 2481 2234 2522 quod
2248 2505 2254 2511 .
2270 2504 2276 2511 .
2292 2503 2299 2511 .
2317 2490 2390 2510 vere
2407 2480 2523 2509 bonus.

1450 2539 1555 2577 §Hanc
1575 2547 1661 2567 autem
1681 2542 1737 2566 eius
1757 2541 1898 2565 bonitatem
1923 2539 2065 2564 admiratur
2089 2537 2225 2567 psalmista
2238 2536 2334 2561 >dicens
2356 2530 2455 2571 (Hinc
2478 2534 2525 2559 est

1451 2590 1542 2630 quod
1566 2591 1598 2620 in
1623 2589 1748 2629 psalmo
1774 2587 1901 2627 dicitur)
1929 2587 2037 2624 Quam
2054 2587 2160 2615 bonus
2182 2584 2276 2614 Israel
2295 2583 2383 2613 Deus
2403 2581 2451 2611 his
2468 2581 2524 2620 qui

1451 2648 1540 2672 recto
1571 2647 1646 2670 sunt
1677 2639 1791 2675 corde;
1818 2645 1848 2668 et
1872 2639 2023 2668 threnum
2055 2637 2148 2666 tertio
2177 2634 2302 2669 dicitur,
2334 2633 2445 2663 Bonus
2478 2637 2525 2661 est

1451 2693 1613 2723 Dominus
1637 2690 1839 2730 sperantibus
1863 2690 1894 2718 in
1919 2698 1963 2726 se,
1988 2689 2113 2717 animae
2138 2685 2304 2726 quaerenti
2328 2684 2429 2713 illum.

1563 2831 1644 2870 Cap.
1670 2829 1844 2860 XXXVIII.
1870 2828 1966 2866 QUOD
1992 2828 2077 2857 Dans
2102 2836 2155 2855 EST
2181 2835 2244 2854 irs}¹
2271 2833 2412 2853 nostras.

1757 2893 1811 2923 Ex
1834 2897 1994 2932 quaterno
2019 2889 2211 2920 auxiliario.

1496 2997 1534 3026 R.
1561 2994 1660 3033 Quod
1685 2995 1772 3024 Deus
1804 2998 1850 3022 est
1874 2993 1941 3031 ipsa
1969 2991 2106 3021 bonitas.
2130 3008 2147 3010 ff
2167 2989 2185 3026 ἓ
2218 2992 2266 3015 Per
2289 2989 2352 3014 haec
2378 2984 2438 3024 (Ex
2462 2982 2523 3025 his)

1454 3053 1561 3077 autem
1594 3046 1702 3076 haberi
1735 3050 1842 3084 potest
1874 3043 1963 3083 quod
1996 3042 2083 3072 Deus
2119 3041 2157 3070 sit
2190 3049 2246 3069 sua
2277 3038 2413 3067 bonitas.
2446 3036 2524 3066 Esse

1453 3099 1538 3129 enim
1554 3122 1560 3128 .
1574 3121 1581 3128 .
1593 3121 1599 3127 .
1615 3104 1649 3127 ut
1665 3106 1761 3136 supra
1779 3101 1945 3125 ostensum
1960 3100 2015 3123 est.
2034 3093 2089 3122 Est
2102 3092 2197 3131 igitur
2213 3101 2262 3118 sua
2279 3089 2373 3129 (ipsa)
2387 3088 2523 3122 bonitas,

1451 3160 1519 3180 non
1547 3155 1674 3179 tanturn
1706 3149 1823 3177 bonus.
1853 3147 1869 3184 ἓ
1891 3146 2067 3175 Praeterea.
2098 3141 2256 3172 perfectio
2344 3138 2524 3179 perfectum

1453 3207 1498 3231 est
1524 3201 1573 3240 (ut
1590 3209 1685 3239 supra
1702 3204 1868 3228 ostensum
1887 3196 1958 3235 est.)
1980 3196 2111 3225 Bonitas
2133 3195 2228 3233 igitur
2246 3215 2252 3222 .
2268 3215 2275 3221 .
2290 3214 2298 3221 .
2315 3201 2370 3220 sua
2387 3189 2523 3219 bonitas.

1451 3254 1468 3291 ἓ
1486 3253 1576 3282 Item.
1595 3249 1865 3290 Unumquodque
1882 3249 2007 3277 bonum
2025 3250 2125 3275 d1‘c1‘tur
2141 3244 2230 3285 quod
2247 3253 2313 3273 non
2332 3248 2377 3272 est
2394 3250 2450 3271 sua
2465 3240 2524 3269 bo-

1453 3306 1544 3340 mitis,
1570 3303 1790 3343 participative
1820 3300 1935 3330 dicitur
1962 3299 2098 3328 bonum.
2127 3295 2227 3334 Quod
2254 3300 2387 3324 autem.
2424 3315 2431 3321 .
2456 3300 2524 3321 non

1452 3353 1637 3395 proceditur
1661 3353 1692 3382 in
1719 3351 1891 3381 infinitum.
1918 3348 2083 3379 Infinitum
2101 3348 2186 3377 enim
2204 3350 2361 3385 repugnat
2379 3343 2444 3378 fini,
2462 3346 2475 3360 *
2496 3350 2525 3369 ut

1453 3411 1546 3442 probat
1565 3407 1738 3441 philosophus
1759 3406 1784 3430 in
1803 3413 1821 3430 n
1841 3404 1954 3436 metaph.
1974 3401 2104 3430 Bonum
2131 3404 2238 3428 autem
2266 3397 2424 3426 rationem
2452 3393 2524 3423 finis

1453 3459 1558 3487 habet.
1578 3456 1716 3495 Oportet
1732 3455 1827 3493 igitur
1844 3452 1992 3482 devenire
2006 3450 2044 3480 ad
2062 3448 2195 3489 aliquod
2211 3449 2335 3478 bonum
2353 3444 2522 3486 (primum)

1453 3508 1544 3549 quod
1560 3517 1627 3537 non
1646 3505 1865 3547 participative
1890 3504 1928 3533 sit
1944 3504 2069 3532 bonum
2088 3525 2094 3531 .
2110 3525 2116 3531 .
2132 3524 2139 3530 .
2157 3510 2214 3530 sua
2237 3499 2373 3528 bonitas.
2394 3499 2407 3534 g
2424 3499 2524 3525 Adhuc.

1453 3564 1478 3588 Si
1498 3562 1707 3595 unumquodque
1727 3560 1825 3583 bonurn
1846 3563 1886 3582 est
1899 3558 2052 3590 inquantum
2073 3561 2111 3580 est
2124 3560 2190 3584 actu,
2205 3559 2232 3578 ut
2244 3558 2380 3578 ostensum
2397 3556 2445 3581 est,
2460 3550 2524 3575 illud

1453 3614 1524 3647 quod
1538 3613 1587 3638 erit
1600 3618 1672 3637 actus
1686 3618 1767 3644 purus
1783 3610 1883 3642 absque
1900 3608 1970 3633 omni
1985 3607 2098 3640 potentia
2111 3606 2158 3630 erit
2177 3605 2278 3629 bonitas
2299 3611 2372 3637 pura.
2388 3603 2459 3627 Deus
2479 3609 2524 3626 au-

1452 3671 1506 3689 tem
1525 3669 1564 3688 est
1579 3661 1738 3691 huiusmodi,
1751 3666 1779 3685 ut
1798 3667 1876 3692 supra
1895 3664 2032 3683 ostensum
2043 3662 2091 3681 est.
2105 3656 2152 3680 Est
2165 3655 2242 3687 igitur
2261 3654 2316 3685 ipse
2335 3660 2400 3684 pura
2413 3652 2523 3676 bonitas.

1452 3714 1467 3728 ᾖ
1486 3713 1516 3750 (ἓ
1534 3711 1623 3740 Item.
1642 3709 1675 3739 Id
1696 3707 1785 3749 quod
1803 3713 1848 3737 est
1865 3706 2052 3746 participare
2070 3702 2190 3743 aliquid
2208 3707 2324 3742 potest,
2342 3701 2449 3740 ipsum
2468 3709 2523 3728 au-

1085 3852 1110 3876 S.
1130 3849 1248 3874 Thomas
1268 3847 1381 3878 suscepit
1401 3850 1509 3869 tractare
1523 3844 1555 3868 de
1575 3843 1677 3867 Unitate
1697 3842 1751 3870 Dei,
1772 3840 1884 3872 capitulo
1898 3846 1965 3862 nunc
1984 3844 2046 3862 1211.
2060 3836 2158 3860 Mutato
2171 3834 2288 3863 consilio,
2309 3839 2389 3865 super
2408 3829 2522 3862 margine

1274 3892 1324 3916 bus
1343 3889 1475 3923 capitulis:
1496 3888 1591 3920 quibus
1606 3887 1706 3912 deletis,
1722 3885 1864 3910 secundam
1883 3887 2006 3907 tractatus
2026 3880 2211 3907 redactionem,
2231 3878 2339 3903 divisam
2358 3876 2384 3900 in
2407 3875 2524 3907 quinque

1442 3983 1506 4008 tore,
1526 3976 1632 4008 require
1650 3977 1721 4004 ante,
1742 3980 1837 4006 nempe
1856 3973 1881 3996 in
1900 3971 2016 4003 margine
2029 3969 2141 3994 inferiori
2155 3966 2331 4001 praecedentis
2351 3964 2413 3989 folii.
2434 3962 2523 3987 Deleta

1513 4021 1601 4050 'nai-io,
1628 4019 1699 4051 quod
1728 4019 1755 4043 S.
1774 4017 1892 4041 Thomas
1912 4020 1972 4048 post
1997 4014 2133 4039 fasciculos
2157 4011 2294 4044 originales
2314 4008 2426 4037 tenebat,
2446 4011 2474 4031 ut
2492 4013 2523 4030 ex

2546 794 2560 815 7
2572 794 2583 809 v
2599 794 2612 808 u
2623 793 2670 814 mg.
2685 786 2716 808 inl

2550 1615 2704 1636 arun-p.

2554 1874 2586 1896 lb.
2604 1875 2619 1895 b
2629 1880 2651 1896 2.

2552 2994 2564 3011 «l
2579 2994 2587 3007 r
2604 2988 2669 3015 hfi—
2684 2994 2706 3015 p.

2552 3705 2575 3725 lb
2602 3710 2649 3731 mg.
2666 3704 2705 3724 lut.
