2768 4134
10 1318 25 1336 ε

861 272 1052 309 SUMMA
1080 273 1303 312 CONTRA
1330 276 1606 327 GENTILES,
1637 280 1748 317 CAP.
1768 282 1860 319 LIII.
2385 286 2450 322 151

261 350 485 400 intelligibili
513 364 615 402 quae
643 351 731 389 facit
758 351 991 402 intellectum
1019 351 1059 388 in
1088 360 1187 398 actu,
1214 366 1335 402 quarn

262 412 414 455 oportet
424 404 658 443 considerari
674 412 718 442 ut
731 403 972 452 intelligibilis
983 404 1217 456 operationis
1232 407 1335 456 prin-

261 457 424 510 cipium:
455 458 541 504 licet
568 466 781 508 utrumque
810 456 856 495 sit
885 457 939 495 rei
967 457 1177 495 intellectae
1206 459 1335 497 simili-

261 512 370 550 tudo.
387 513 462 551 Per
475 510 673 550 hoc'enim
687 511 796 562 quod
816 510 964 560 species
978 510 1219 560 intelligibilis
1233 524 1334 561 quae

261 574 317 604 est
329 566 456 604 forma
475 566 688 613 intellectus
707 573 744 602 et
761 564 995 613 intelligendi
1013 564 1262 614 principium,
1279 574 1335 603 est

260 620 472 657 similitudo
492 619 547 657 rei
566 618 776 664 exterioris,
797 618 972 668 sequitur
990 618 1098 670 quod
1123 618 1334 656 intellectus

261 672 515 710 intentionem
534 673 676 710 formet
695 672 746 710 illi
766 671 820 709 rei
832 672 1023 710 similem:
1045 671 1137 722 quia
1157 673 1266 722 quale
1285 679 1335 709 est

260 726 561 777 unumquodque,
596 727 686 764 talia
719 732 908 776 operatur.
946 727 995 763 Et
1029 738 1076 764 ex
1114 725 1190 763 hoc
1225 726 1333 775 quod

259 779 420 819 intentio
449 779 639 819 intellecta
671 787 727 818 est
759 779 894 818 similis
922 778 1036 818 alicui
1063 778 1129 825 rei,
1158 778 1334 829 sequitur

259 834 368 883 quod
396 833 621 881 intellectus,
654 834 863 872 formando
897 832 1127 871 huiusmodi
1155 832 1332 871 intentio·
1348 845 1356 859 ¹

258 899 363 934 nem,
393 899 476 925 rem
506 887 610 925 illam
639 887 830 936 intelligat.

1445 358 1659 395 Intellectus
1687 367 1817 396 autem
1841 360 1996 399 divinus
2020 364 2124 400 nulla
2148 363 2220 401 alia
2247 364 2375 413 specie
2399 364 2455 401 in-

1390 409 1518 457 telligit
1546 422 1666 459 quam
1699 412 1861 450 essentia
1894 426 1973 460 sua,
2003 423 2046 452 ut
2073 428 2190 466 supra
2203 417 2224 439 *
2255 425 2455 455 ostensum

1391 469 1458 498 est.
1477 462 1554 499 Sed
1568 470 1699 500 tamen
1718 465 1880 502 essentia
1894 479 1964 504 sua
1983 475 2038 505 est
2052 468 2259 508 similitudo
2275 470 2455 508 omnium

1392 526 1524 573 rerum
1538 514 1568 551 ²¹⁸.
1599 516 1673 553 Per
1700 517 1774 554 hoc
1803 530 1892 566 ergo
1921 521 2093 569 sequitur
2119 523 2226 571 quod
2253 525 2454 574 conceptio

1391 568 1603 605 mtellectus
1635 569 1767 615 divini,
1798 580 1913 619 prout
1944 573 2115 622 seipsum
2142 575 2320 625 intelligit,
2354 568 2454 627 quae

1391 627 1447 657 est
1462 621 1627 658 verbum
1647 621 1777 671 ipsius,
1798 635 1878 660 non
1898 626 2025 662 solum
2045 626 2090 663 sit
2109 627 2315 667 similitudo
2335 630 2454 680 ipsius

1390 673 1462 710 Dei
1492 673 1678 722 intellecti,
1699 676 1766 713 sed
1786 676 1901 713 etiam
1925 678 2103 716 omnium
2123 692 2293 729 quorum
2316 691 2371 720 est
2399 684 2453 720 di-

1390 726 1480 764 vina
1499 728 1662 766 essentia
1681 728 1903 767 similitudo.
1930 731 1992 768 Sic
2016 744 2106 780 ergo
2132 745 2201 783 per
2224 747 2343 772 unam
2371 749 2454 786 spe-

1388 780 1488 818 ciem
1508 780 1793 830 intelligibilem,
1809 795 1909 832 quae
1925 792 1980 821 est
1998 784 2130 822 divina
2144 787 2316 834 essentia,
2333 796 2369 825 et
2386 802 2456 838 per

1388 846 1510 872 unam
1539 834 1793 873 intentionem
1817 835 2057 884 intellectam,
2085 851 2185 888 quae
2213 848 2269 877 est
2291 842 2455 879 verbum

1386 887 1576 934 divinum,
1606 891 1727 926 multa
1755 898 1919 939 possunt
1946 892 2082 941 alDeo
2111 892 2273 941 intelligi.

310 1004 328 1030 8
345 1004 414 1039 talia]
433 1006 485 1031 tale
503 1005 584 1031 GNY.
676 1004 709 1031 Et
727 1004 767 1038 ex]
786 1004 824 1030 Ex
844 1004 894 1029 αἱ).

311 1040 325 1066 5
345 1041 463 1075 seipsum
482 1041 518 1073 E;
536 1041 718 1074 semetipsum.

1021 1137 1361 1171 Commentario

303 1255 430 1278 xemsrs
452 1244 539 1276 falsis
561 1244 670 1276 modis
685 1245 804 1285 quibus
818 1245 1003 1285 ponebatur
1025 1244 1133 1275 Deum
1156 1245 1333 1285 intelligere

27 1286 76 1342 ᾗ
89 1286 224 1337 fflmmt.
257 1257 418 1326 Emulta,
443 1290 539 1330 ponit
559 1289 706 1325 ,Sanctus
729 1289 876 1320 Thomas
899 1299 1012 1320 verum
1035 1289 1173 1320 modum
1186 1291 1214 1320 *.
1239 1289 1334 1321 Circa

250 1333 520 1373 hmutenrduo
531 1333 622 1366 facit:
639 1335 758 1375 primo,
771 1343 887 1365 verum
897 1333 1036 1365 modum
1048 1334 1158 1375 ponit;
1174 1334 1332 1372 secundo,

252 1381 362 1422 ipsum
385 1379 535 1415 declarat,
559 1380 664 1420 capite
688 1380 850 1420 sequenti.

308 1425 332 1457 1.
357 1424 528 1463 Quantum
543 1423 584 1456 ad
599 1425 754 1465 primum,
770 1425 905 1465 ponitur
927 1424 1007 1455 haec
1031 1423 1217 1455 conclusio:
1241 1425 1332 1455 Deus

253 1470 410 1511 intelligit
432 1469 535 1501 multa
560 1478 625 1510 per
653 1469 718 1500 hoc
746 1469 835 1510 quod
865 1469 1004 1500 essentia
1031 1468 1154 1503 divina,
1178 1479 1263 1510 quae
1285 1474 1333 1500 est

251 1514 373 1556 speeies
396 1513 740 1556 intelligibilis-divini
762 1514 954 1549 intellectus,
979 1518 1010 1544 et
1033 1514 1163 1544 verbum
1184 1514 1331 1544 divinum

251 1565 302 1592 esa
322 1559 468 1591 omniun
491 1559 683 1590 similitudo.

305 1604 361 1637 Ad
381 1604 480 1636 huius
503 1609 615 1636 autem
636 1602 936 1635 manifestationem
959 1613 998 1634 ex
1020 1602 1124 1634 modo
1155 1609 1186 1634 et
1217 1603 1331 1634 condi-

250 1650 343 1682 tione
363 1649 549 1680 intellectus
571 1649 675 1680 nostri
688 1649 724 1680 in
739 1648 952 1689 intelligendo
972 1648 1121 1689 procedit
1135 1648 1177 1679 ad
1191 1648 1331 1679 modum

250 1694 435 1727 intellectum
457 1692 560 1725 divini
581 1693 853 1734 investigandum.

305 1738 478 1778 Quantum
501 1738 542 1770 ad
563 1744 714 1770 nostrum
737 1739 950 1774 intellectum,
974 1738 1034 1768 tria
1056 1744 1159 1769 notat.
1183 1738 1330 1769 Primum

251 1789 301 1816 eat
314 1783 415 1825 <quod
435 1793 487 1814 res
509 1793 528 1814 a
550 1784 647 1815 nobis
669 1783 833 1814 intellecta
849 1789 897 1814 est
911 1784 946 1814 in
960 1783 1127 1814 intellectu
1142 1788 1256 1814 nostro
1271 1792 1330 1823 per

250 1829 529 1870 specim-suam,
544 1838 603 1870 per
625 1838 726 1870 quam
748 1828 931 1860 intellectus
954 1827 1058 1859 factus
1080 1829 1114 1858 in
1138 1833 1212 1858 actu
1234 1828 1329 1859 intel-

249 1873 412 1915 ligitrem
435 1873 551 1914 ipsam.
570 1873 648 1904 Non
671 1872 763 1914 quod
784 1873 964 1913 intelligere
986 1873 1027 1903 sit
1050 1873 1134 1904 actio
1157 1873 1328 1904 transiens:

250 1918 310 1951 sed
322 1923 373 1950 est
387 1919 473 1949 actio
487 1927 626 1949 manens
648 1918 683 1949 in
704 1918 914 1959 intelligente,
931 1923 964 1948 et
986 1917 1083 1948 habet
1105 1917 1329 1949 habitudinem

251 1963 292 1996 ad
313 1972 384 1995 rem
407 1972 493 2004 quae
522 1962 712 2003 intelligitur
742 1973 781 1994 ex
811 1972 852 1994 eo
885 1961 976 2002 quod
998 1962 1124 2003 species
1147 1971 1212 2002 qua
1234 1962 1329 1993 intel-

250 2008 355 2040 lectus
377 2007 536 2048 intelligit,
561 2013 610 2038 est
631 2007 810 2038 similitudo
833 2008 880 2037 rei
902 2006 1094 2037 intellectae.

306 2051 554 2084 Advertendum
577 2051 679 2093 quod,
703 2053 787 2083 sicut
814 2052 948 2082 scientia
970 2050 1048 2082 dicit
1071 2050 1206 2091 aliquod
1235 2051 1328 2081 abso-

251 2099 358 2130 lutum
381 2097 595 2128 connotando
618 2103 803 2138 respectum
819 2095 860 2127 ad
875 2095 996 2133 scibile,
1012 2097 1057 2127 ita
1072 2095 1219 2136 operatio
1234 2095 1329 2126 abso-

251 2143 358 2174 lutum
381 2141 551 2182 quoddam
573 2141 661 2178 dicit,
680 2142 737 2173 sed
752 2143 907 2182 importat
929 2141 1027 2172 etiam
1050 2139 1273 2172 habitudinem
1289 2139 1330 2171 ad

252 2188 430 2223 obiectum,
453 2187 522 2218 sive
550 2187 591 2218 sit
613 2187 771 2218 transiens
800 2187 867 2217 sive
889 2187 1086 2216 immanens:
1111 2185 1219 2216 omnis
1241 2185 1330 2216 enim

253 2232 400 2274 operatio
425 2237 474 2263 est
496 2232 536 2264 ad
559 2231 695 2271 aliquod
718 2232 885 2262 obiectum
907 2231 1087 2262 terminata.
1110 2229 1198 2268 Quia
1219 2235 1330 2261 autem

253 2286 353 2309 omne
375 2285 516 2317 operans
538 2286 577 2308 ex
601 2276 709 2317 aliqua
732 2276 838 2307 forma
860 2281 1022 2316 operatur,
1047 2284 1131 2316 quae
1151 2279 1200 2304 est
1219 2274 1330 2315 aliquo

252 2321 366 2355 modo·
378 2321 558 2354 similitudo
575 2322 696 2352 obiecti
711 2321 752 2352 ad
767 2320 859 2362 quod
874 2321 1023 2362 operatio
1039 2319 1239 2355 terminatur,
1255 2319 1331 2350 ideo

254 2367 297 2400 ad
308 2366 391 2399 illud
406 2367 555 2409 operatio
570 2373 727 2407 tanquam
743 2365 785 2397 ad
800 2366 967 2397 obiectum
978 2370 1163 2405 respectum
1177 2365 1332 2405 importat

254 2413 348 2445 cuius
370 2412 570 2454 operationis
593 2411 791 2453 principium
815 2416 864 2442 est
885 2409 1076 2441 similitudo.
1106 2409 1242 2449 Propter
1256 2409 1333 2439 vhoc

254 2458 395 2498 assignat
416 2459 578 2489 rationem
601 2456 739 2488 Sanctus
762 2456 909 2486 Thomas
933 2464 1033 2495 quare
1054 2454 1233 2494 intelligere
1257 2453 1334 2484 dicit

255 2501 480 2534 habitudinem
495 2501 536 2534 ad
550 2511 624 2533 rem·
635 2501 845 2537 intellectam,
857 2501 936 2541 quia
947 2498 1057 2530 *forma
1072 2508 1136 2540 qua
1151 2498 1333 2529 intellectus

254 2547 406 2588 intelligit
435 2553 484 2579 est
513 2547 583 2578 eius
611 2545 802 2578 similitudo.
836 2545 1016 2576 Intellectio
1048 2544 1135 2574 enim
1165 2552 1231 2584 qua
1253 2543 1334 2584 lapis

256 2591 446 2633 intelligitur
468 2591 544 2623 ideo
568 2591 608 2622 ad
631 2590 774 2632 lapidem
803 2591 1004 2626 terminatur,
1028 2594 1060 2620 et
1083 2587 1123 2619 ad
1153 2589 1261 2628 ipsum
1284 2597 1334 2619 te-

256 2642 407 2678 spectum
431 2637 518 2674 dicit,
543 2637 622 2678 quia
643 2645 663 2667 a
684 2635 896 2667 similitudine
918 2633 1034 2676 lapidis
1057 2633 1192 2665 elicitur.

312 2681 498 2713 Secundum
521 2681 612 2722 quod
634 2686 728 2712 notat
749 2686 798 2712 est
820 2680 912 2721 quod
937 2679 1122 2710 intellectus
1151 2683 1271 2714 noster,
1295 2687 1334 2708 ex

256 2726 364 2759 forma
374 2736 475 2768 quam
489 2727 598 2763 habet,
613 2726 796 2757 necessario
808 2726 843 2756 in
857 2723 1070 2765 intelligendo
1082 2723 1334 2764 conceptionem

257 2771 424 2813 qiiandam
449 2772 484 2803 in
515 2772 623 2813 seipso
653 2770 782 2807 format,
810 2779 894 2811 quae
925 2770 1022 2801 etiam
1052 2769 1169 2800 dicitur
1198 2767 1334 2799 intentio

258 2817 440 2849 intdlecta:
463 2826 505 2848 eo
529 2816 620 2857 quod
638 2814 858 2847 indifferenter
875 2815 1032 2855 intelligat
1047 2823 1117 2845 rem
1132 2818 1335 2855 praaeentem

257 2867 292 2893 et
312 2862 492 2898 absentem,
514 2867 552 2893 ut
575 2861 674 2893 etiam
695 2861 884 2901 imaginatio
907 2859 997 2896 facit;
1022 2865 1054 2890 et
1082 2858 1239 2899 intelligat
1266 2867 1335 2889 rem

259 2916 278 2938 a
304 2907 525 2938 materialibus
554 2906 800 2938 conditionibus
827 2905 1030 2942 abstractam,
1054 2904 1123 2935 sine
1153 2904 1272 2945 quibus
1300 2903 1335 2933 in

258 2961 368 2983 rerum
388 2957 505 2984 natura
525 2961 596 2983 non
619 2952 735 2988 existit,
758 2951 793 2982 in
817 2959 885 2991 quo
907 2950 1175 2991 imaginationem
1191 2953 1335 2989 superat;

258 2995 352 3039 quod
372 3006 444 3028 non
469 3002 582 3037 posset
611 3005 681 3028 esse
711 2996 775 3027 nisi
804 2996 864 3026 sibi
894 2994 1091 3036 praedictam
1119 2994 1337 3026 intentionem

259 3041 424 3073 formaret.
455 3040 570 3072 niffen
592 3047 703 3072 autem
730 3041 905 3081 conceptio
927 3041 988 3071 ista
1011 3049 1029 3070 a
1056 3040 1164 3080 specie
1188 3038 1338 3079 intelligi-

259 3087 332 3118 bili:
350 3086 428 3127 quia
450 3090 500 3117 est
521 3086 615 3126 quasi
637 3086 798 3117 terminus
817 3085 1057 3121 intellectionis‚
1081 3086 1205 3125 species
1228 3089 1338 3115 autem

260 3137 310 3162 est
331 3131 542 3172 principium.
838 3139 841 3141 ·

321 3176 467 3207 Tertium
490 3181 538 3206 est
561 3174 654 3216 quod
676 3174 774 3205 etiam
800 3175 860 3204 ista
890 3175 1065 3215 conceptio
1089 3179 1138 3206 est
1159 3175 1206 3205 rei
1228 3173 1339 3204 simili-

261 3220 354 3258 tudo,
378 3222 463 3252 sicut
477 3226 526 3251 et
545 3220 671 3261 species
687 3218 918 3259 intelligibilis.
946 3218 1034 3257 Quia
1062 3218 1338 3260 unumquodque,

260 3266 358 3306 quale
380 3271 439 3302 est,
461 3265 539 3296 talia
561 3269 725 3306 operatur.
749 3263 882 3304 Species
905 3268 1015 3294 autem
1039 3273 1124 3304 quae
1150 3269 1199 3295 est
1220 3264 1340 3305 princi-

261 3310 355 3350 pium
375 3310 608 3342 intellectionis
631 3314 664 3340 et
686 3313 878 3348 conceptus,
901 3313 950 3338 est
971 3308 1150 3339 similitudo
1178 3309 1223 3339 rei
1245 3308 1340 3339 intel·-

259 3355 374 3386 lectae.
390 3355 447 3386 Ex
469 3364 538 3396 quo
561 3355 709 3395 sequitur
723 3352 1022 3394 quod-intellectus,
1038 3352 1212 3384 formando
1227 3353 1340 3384 huius-

262 3399 355 3431 modi
367 3400 604 3436 intentionem,
628 3407 698 3430 rem
720 3398 879 3438 intelligit.

318 3443 564 3476 Advertendum
593 3450 655 3485 pro
685 3444 750 3474 hoc
782 3443 900 3474 ultimo
932 3442 1019 3473 dicto
1049 3442 1140 3483 quod
1169 3441 1341 3482 dupliciter

261 3494 371 3530 potest
392 3489 468 3520 ferri
489 3489 674 3521 intellectus
697 3489 732 3519 in
755 3488 972 3519 intentionem
987 3488 1034 3518 rei
1049 3487 1245 3518 intellectae:
1269 3496 1340 3517 uno

260 3533 376 3571 mod0‚
399 3534 616 3570 materialiter,
639 3534 836 3575 inquantum
859 3538 907 3564 est
929 3542 979 3563 res
1001 3532 1072 3563 talis
1094 3537 1238 3568 naturae,
1261 3537 1340 3572 puta

263 3579 400 3619 qualitas
428 3585 485 3610 aut
517 3578 666 3610 accidens
694 3578 891 3614 intellectus3
920 3578 984 3608 alio
1007 3576 1120 3613 mod0‚
1143 3578 1340 3617 inquantum

265 3628 314 3654 est
327 3624 374 3654 rei
388 3623 567 3655 similitudo
591 3629 623 3654 et
646 3624 795 3654 intentio.
819 3623 853 3654 Si
875 3622 982 3664 primo
1005 3621 1108 3653 modo
1132 3622 1339 3662 accipiamus,

260 3669 311 3698 sic
333 3677 403 3699 non
425 3668 526 3700 fertur
547 3668 734 3699 intellectus
745 3668 778 3698 in
794 3677 863 3698 rem
878 3673 980 3704 extra,
992 3667 1071 3698 dum
1087 3667 1340 3707 conceptionem

1391 1138 1701 1172 Feri-ariensis

1386 1245 1545 1286 intelligit.
1570 1245 1634 1277 Sed
1664 1246 1808 1277 secundo
1839 1246 1951 1282 mod0‚
1976 1248 2008 1277 in
2033 1252 2208 1288 utrumque
2232 1248 2344 1279 fertur:
2367 1250 2455 1279 iuxta

1386 1290 1467 1321 illud
1496 1291 1691 1326 Aristotelis,
1720 1291 1760 1321 de
1790 1291 1952 1321 Memoria
1983 1297 2014 1322 et
2043 1292 2293 1323 Reminiscentia
2309 1294 2340 1323 ὶῇε
2364 1293 2454 1323 Idem

1386 1340 1494 1366 motus
1515 1341 1563 1366 est
1586 1336 1619 1366 in
1644 1336 1819 1376 imaginem
1836 1336 1915 1366 etin
1933 1336 1966 1366 id
1984 1337 2077 1367 cuius
2099 1342 2146 1367 est
2169 1337 2290 1379 imago.
2314 1337 2355 1368 Et
2378 1339 2454 1379 quia
2490 1337 2494 1340 ”

1385 1389 1454 1410 non
1478 1381 1686 1420 cognoscitur
1707 1381 1777 1420 ipse
1801 1386 1979 1420 conceptus
2002 1382 2195 1421 inquantum
2218 1391 2267 1412 tes
2296 1388 2343 1412 est
2374 1382 2453 1413 dum

1384 1425 1491 1465 primo
1515 1424 1715 1465 producitur,
1739 1424 1795 1456 sed
1818 1431 1944 1456 tanturn
1967 1430 2003 1456 ut
2032 1426 2078 1456 rei
2101 1426 2290 1462 similitudo,
2314 1428 2391 1467 quia
2413 1427 2453 1458 ad

1385 1470 1448 1500 hoc
1469 1475 1595 1500 tantum
1617 1469 1776 1500 formatur
1797 1470 1837 1500 ab
1860 1470 2025 1500 intellectu
2041 1476 2078 1500 ut
2092 1471 2125 1500 in
2141 1471 2212 1510 ipso
2228 1480 2278 1502 res
2292 1471 2453 1502 intellecta

1384 1513 1543 1550 videatur;
1566 1514 1642 1545 ideo
1665 1514 1813 1545 absolute
1836 1515 1943 1555 inquit
1965 1514 2101 1545 Sanctus
2124 1514 2268 1546 Thomas
2292 1516 2382 1556 quod
2398 1517 2453 1547 in-

1383 1559 1541 1595 tellectus,
1557 1558 1730 1590 formando
1746 1559 1934 1590 huiusmodi
1950 1560 2211 1599 conceptionem,
2224 1569 2292 1590 tem
2307 1560 2453 1601 intelligit

1384 1605 1477 1635 cuius
1493 1610 1541 1635 est
1556 1605 1744 1644 conceptio;
1761 1610 1793 1634 et
1805 1603 1894 1644 quod
1911 1609 1957 1634 est
1972 1604 2067 1644 quasi
2083 1605 2248 1640 terminus,
2261 1613 2329 1635 non
2345 1610 2452 1636 autem

1383 1649 1572 1689 simpliciter
1594 1649 1761 1684 terminus,
1786 1649 1862 1688 quia
1884 1658 1953 1679 non
1976 1649 2164 1679 terminatur
2187 1648 2227 1679 ad
2249 1650 2357 1689 ipsum
2379 1649 2453 1680 ulti-

1383 1699 1469 1724 mate
1483 1693 1672 1729 intellectio,
1689 1694 1764 1724 licet
1778 1694 1819 1724 sit
1833 1692 2038 1724 immediatus
2053 1693 2209 1724 terminus
2225 1698 2257 1724 et
2276 1694 2452 1733 proximus.

1439 1739 1477 1769 11.
1501 1738 1549 1769 Ex
1564 1739 1632 1769 istis
1647 1739 1681 1769 in
1697 1744 1810 1769 nostro
1833 1738 1999 1768 intellectu
2023 1737 2230 1768 consideratis
2253 1737 2348 1768 infert
2363 1738 2453 1778 quod

1382 1783 1564 1814 intellectus
1588 1782 1716 1814 divinus
1738 1783 1827 1813 nulla
1842 1782 1976 1823 quidem
1991 1783 2052 1813 alia
2066 1783 2173 1823 specie
2192 1780 2339 1823 intelligit
2354 1792 2452 1823 quam

1383 1827 1492 1859 divina
1523 1828 1677 1864 essentia3
1710 1827 1767 1858 sed
1801 1833 1910 1858 tamen
1941 1837 2000 1858 sua
2031 1828 2167 1858 essentia
2199 1833 2247 1857 est
2275 1827 2451 1858 similitudo

1383 1874 1533 1904 omnium
1556 1881 1679 1909 rerum;
1704 1882 1743 1903 ex
1766 1881 1834 1912 quo
1865 1872 2011 1913 sequitur
2040 1872 2131 1912 quod
2159 1873 2332 1912 conceptio
2358 1873 2452 1903 intel-

1381 1918 1484 1948 lectus
1507 1917 1618 1953 divini,
1641 1923 1740 1957 prout
1762 1917 1904 1956 seipsum
1928 1917 2086 1957 intelligit,
2102 1926 2170 1947 non
2186 1916 2294 1947 solum
2309 1917 2349 1947 sit
2363 1917 2451 1947 simi-

1366 1961 1486 1993 'litudo
1510 1961 1571 1992 Dei
1593 1961 1757 1996 intellecti,
1781 1961 1838 1991 sed
1861 1962 1956 1992 etiam
1987 1962 2136 1992 omnium
2167 1969 2282 1992 eorum
2309 1970 2450 2001 quorum

1382 2006 1490 2037 divina
1513 2007 1649 2036 essentia
1673 2011 1721 2036 est
1742 2005 1933 2041 similitudo;
1958 2011 1990 2036 et
2013 2006 2056 2036 ob
2080 2006 2143 2036 hoc
2163 2005 2265 2036 multa
2280 2015 2298 2035 a
2314 2006 2385 2036 Deo
2401 2006 2450 2036 in-

1381 2051 1481 2091 telligi
1503 2055 1651 2091 possunt.
1675 2050 1754 2081 Vult
1776 2059 1853 2090 ergo
1877 2050 2013 2081 Sanctus
2029 2050 2173 2080 Thomas
2193 2059 2232 2080 ex
2247 2051 2311 2081 hoc
2334 2050 2450 2081 habere

1383 2095 1474 2137 quod
1495 2105 1565 2126 non
1587 2095 1662 2126 ideo
1693 2094 1795 2126 multa
1823 2094 2047 2134 intelliguntur
2076 2104 2094 2125 a
2124 2095 2195 2125 Deo
2223 2095 2299 2134 quia
2321 2095 2355 2126 in
2376 2095 2449 2135 ipso

1382 2141 1521 2172 habeant
1550 2149 1619 2171 esse
1648 2139 1846 2175 distinctum,
1876 2144 1908 2169 et
1937 2139 1982 2169 sic
2012 2140 2285 2179 compositionem
2314 2140 2348 2170 in
2378 2141 2450 2180 ipso

1383 2185 1514 2216 faciant:
1539 2183 1596 2215 sed
1619 2185 1695 2225 quia
1717 2193 1822 2215 unum
1845 2193 1913 2214 esse
1937 2184 1971 2214 in
1994 2184 2065 2214 Deo
2090 2184 2218 2220 habent,
2235 2183 2325 2224 quod
2342 2189 2388 2214 est
2403 2184 2450 2215 di-

1383 2231 1458 2260 vina
1481 2229 1617 2260 essentia
1632 2234 1664 2259 et
1686 2228 1833 2259 divinum
1855 2227 1991 2258 verbum
2013 2229 2123 2259 omnia
2145 2234 2394 2268 repraesentans.

1438 2273 1629 2305 Notandum
1652 2278 1762 2304 autem
1777 2272 1877 2312 quod,
1895 2282 1971 2302 cum
1987 2272 2103 2303 dicitur
2125 2273 2177 2304 hic
2200 2274 2451 2313 conceptionem

1385 2324 1417 2349 et
1439 2319 1574 2349 verbum
1598 2317 1744 2348 divinum
1761 2326 1830 2348 esse
1845 2317 1995 2347 omnium
2017 2317 2270 2354 similitudinem,
2286 2327 2354 2348 non
2370 2319 2452 2348 acci-

1384 2364 1472 2404 pitur
1503 2363 1634 2394 verbum
1667 2368 1703 2393 ut
1735 2367 1782 2392 est
1814 2361 1955 2392 secunda
1986 2362 2127 2392 Persona
2154 2363 2188 2392 in
2218 2361 2342 2393 divinis.
2367 2362 2453 2400 Quia

1384 2408 1535 2439 nondum
1557 2407 1598 2438 de
1617 2407 1774 2438 Trinitate
1789 2407 1914 2437 mentio
1930 2405 2013 2437 facta
2029 2412 2090 2442 est;
2107 2412 2138 2437 et
2153 2415 2229 2437 cum
2251 2407 2453 2447 philosophis

1385 2453 1450 2484 hoc
1473 2453 1548 2483 loco
1572 2451 1714 2492 disputat
1736 2451 1873 2482 Sanctus
1888 2451 2043 2487 Thomas,
2067 2457 2179 2482 contra
2202 2461 2286 2492 quos
2305 2452 2384 2482 nihil
2400 2461 2453 2482 va—

1386 2498 1465 2528 leret
1494 2496 1682 2528 huiusmodi
1713 2495 1896 2526 declaratio.
1928 2495 2022 2527 Unde
2052 2505 2110 2536 per
2139 2497 2268 2527 verbum
2291 2496 2356 2527 hoc
2378 2496 2452 2527 loco

1386 2542 1575 2582 intelligitur
1596 2541 1630 2573 id
1653 2540 1693 2572 ad
1716 2540 1807 2581 quod
1829 2540 2014 2571 immediate
2037 2541 2226 2572 terminatur
2247 2546 2337 2572 actus
2361 2541 2453 2571 intel-

1386 2586 1521 2628 ligendi:
1546 2587 1613 2618 sive
1635 2586 1676 2616 sit
1698 2584 1820 2626 aliquid
1842 2585 1968 2616 realiter
1990 2585 2177 2621 distinctum
2192 2595 2210 2616 a
2225 2595 2259 2616 re
2277 2585 2452 2621 intellecta;

1387 2633 1454 2663 sive
1476 2632 1517 2662 sit
1539 2640 1589 2662 res
1610 2630 1772 2661 intellecta
1795 2635 1832 2660 ut
1854 2635 1902 2660 est
1923 2629 2094 2660 intellecta.
2128 2629 2273 2660 Essentia
2296 2631 2383 2660 enim
2406 2629 2454 2660 di-

1386 2678 1471 2713 vina,
1487 2682 1525 2707 ut
1539 2676 1710 2711 intellecta,
1726 2680 1774 2706 est
1789 2674 1966 2705 similitudo
1990 2675 2139 2705 omnium
2154 2684 2275 2705 rerum:
2300 2680 2331 2705 et
2354 2675 2452 2710 Deus,

1387 2720 1597 2762 intelligendo
1609 2721 1724 2761 ipsam,
1735 2719 1883 2759 intelligit
1897 2729 1969 2750 eam
1986 2724 2022 2750 ut
2033 2719 2181 2750 omnium
2195 2718 2452 2754 similitudinem;

1389 2772 1420 2798 et
1443 2776 1501 2807 per
1522 2766 1587 2796 hoc
1609 2765 1712 2796 multa
1734 2763 1890 2804 intelligit.

1443 2811 1496 2842 111.
1521 2810 1616 2842 Circa
1639 2809 1880 2849 conceptionem
1902 2809 1995 2839 istam
2015 2808 2205 2845 intellectus,
2221 2809 2287 2839 sive
2304 2808 2453 2838 intentio-

1390 2866 1462 2888 nem
1485 2855 1692 2897 intellectam,
1714 2854 1781 2885 sive
1804 2854 1933 2884 verbum
1957 2853 2081 2894 (omnia
2104 2854 2190 2884 enim
2213 2854 2271 2884 ista
2297 2852 2383 2883 idem
2407 2849 2454 2882 (Ιί->

1390 2901 1493 2942 cunt),
1517 2900 1609 2942 quod
1632 2905 1679 2931 est
1702 2899 1872 2940 positionis
1894 2899 1991 2933 huius
2013 2897 2270 2934 fundamentum,
2294 2897 2360 2928 duo
2380 2902 2455 2934 sunt

1389 2946 1538 2978 videnda.
1562 2945 1708 2976 Primum
1731 2949 1789 2980 est,
1817 2953 1900 2983 quae
1922 2944 2094 2974 necessitas
2116 2943 2156 2973 sit
2178 2942 2321 2984 ponendi
2344 2942 2454 2972 huius-

1390 2991 1481 3023 modi
1500 2991 1762 3031 conceptionem.
1777 3007 1800 3011 -
1815 2988 2003 3019 Secundum
2027 2993 2083 3024 est,
2107 2987 2276 3028 quomodo
2292 2986 2332 3018 ad
2346 2992 2454 3017 actum

1390 3035 1591 3077 intelligendi
1614 3044 1648 3066 se
1670 3035 1787 3065 habeat
1800 3034 1828 3064 ’ἦ

1446 3079 1615 3120 Quantum
1637 3079 1678 3111 ad
1701 3079 1853 3119 primum,
1876 3077 2002 3108 videtur
2017 3077 2152 3108 Sanctus
2167 3077 2310 3107 Thomas
2325 3081 2454 3116 tangere

1391 3126 1556 3168 duplicem
1570 3125 1804 3156 necessitatem.
1827 3123 1934 3153 Prima
1949 3127 2006 3159 est,
2022 3127 2059 3153 ut
2073 3122 2237 3152 obiectum
2252 3122 2292 3151 sit
2306 3129 2455 3161 praesens

1391 3171 1582 3203 intellectui:
1599 3171 1676 3211 quia
1691 3167 1870 3200 intellectus
1885 3167 2100 3198 indifferenter
2122 3166 2268 3206 intelligit
2281 3174 2349 3196 rem
2364 3174 2454 3205 prae-

1392 3222 1517 3249 sentem
1533 3222 1566 3247 et
1580 3216 1745 3246 absentem
1760 3214 1794 3244 in
1811 3222 1879 3243 esse
1894 3212 1979 3243 reali.

1448 3260 1597 3293 Secunda
1613 3265 1670 3295 est,
1686 3265 1722 3290 ut
1738 3259 1902 3291 obiectum
1918 3257 2032 3287 habeat
2047 3265 2115 3286 esse
2131 3255 2323 3285 abstractum
2344 3263 2362 3284 a
2377 3263 2456 3286 con,-

1393 3307 1570 3338 ditionibus
1594 3304 1820 3341 materialibus,
1844 3301 1934 3342 quod
1960 3310 2028 3331 non
2056 3300 2208 3331 convenit
2234 3299 2279 3330 rei
2302 3298 2456 3329 materiali

1393 3351 1573 3383 secundum
1596 3359 1665 3381 esse
1688 3348 1779 3389 quod
1801 3348 1897 3380 habet
1917 3347 1950 3376 in
1973 3350 2098 3376 natura:
2122 3345 2198 3384 quia
2213 3353 2263 3374 res
2278 3343 2457 3374 materiales

1393 3391 1573 3427 intellectus
1594 3394 1744 3434 intelligit
1757 3403 1816 3434 per
1829 3391 2074 3423 abstractionem
2097 3398 2115 3419 a
2138 3389 2278 3419 materia.

1448 3440 1513 3472 Sed
1536 3441 1619 3471 circa
1641 3440 1716 3469 istas
1739 3447 1850 3469 causas
1871 3445 1940 3466 non
1962 3443 2076 3475 parum
2097 3433 2266 3464 dubietatis
2284 3432 2419 3472 insurgit
2430 3433 2456 3461 *.

1394 3487 1461 3516 Aut
1483 3486 1570 3517 enim
1594 3484 1720 3515 divisim
1743 3480 1948 3523 accipiendae
1971 3484 2055 3514 sunt,
2070 3479 2115 3508 ita
2129 3477 2219 3518 quod
2241 3485 2458 3517 unaquaeque

1394 3540 1452 3572 per
1475 3540 1508 3561 se
1532 3528 1693 3560 sufficiens
1716 3536 1811 3558 causa
1834 3526 1873 3557 sit
1895 3525 1990 3554 huius
2013 3523 2219 3554 necessitatis.
2235 3522 2303 3553 Aut
2322 3522 2459 3552 coniun-

1395 3576 1482 3612 ctim,
1498 3576 1541 3605 ita
1565 3572 1656 3614 quod
1679 3573 1791 3603 ambae
1814 3569 1909 3601 simul
1933 3572 2135 3599 concurrant.
2159 3566 2193 3598 Si
2216 3567 2323 3607 primo
2346 3565 2459 3601 modo,

1394 3621 1540 3660 sequitur
1559 3619 1665 3659 primo
1688 3615 1787 3657 quod,
1804 3615 1887 3645 sicut
1907 3613 2089 3644 intellectus
2112 3611 2230 3642 format
2252 3611 2388 3642 verbum
2410 3611 2459 3640 in-

1395 3663 1584 3705 telligendo,
1617 3663 1659 3692 ita
1690 3667 1721 3692 et
1752 3659 1935 3700 imaginatio
1967 3655 2190 3698 imaginando:
2226 3657 2302 3697 quia
2332 3656 2371 3686 in·
2395 3655 2460 3688 hoc

2483 420 2491 430 ·
2507 420 2563 447 Cap.
2581 427 2640 444 uvi.

2483 526 2492 535 ‘
2508 525 2564 553 Cap.
2577 532 2639 548 xxix.

2480 1294 2490 1302 '
2540 1299 2598 1320 p.1;
2614 1293 2693 1315 s.‘rn.

2482 3030 2489 3038 ·
2505 3028 2575 3049 Num.
2586 3033 2625 3049 vu.

2485 3428 2494 3436 ·
2509 3426 2545 3448 Cf.
2561 3432 2584 3448 n.
2594 3431 2625 3447 vi.
