2768 4134
12 1495 20 1504 ·
36 1493 72 1515 cf.
90 1493 224 1524 Commeat.

11 1526 63 1548 cap.
74 1526 127 1547 xcv,
141 1523 191 1542 mit.

10 1630 19 1638 ¹
34 1628 69 1650 cf.
87 1634 109 1650 n.
125 1634 154 1650 ιν.

12 2657 21 2667 ”
42 2656 66 2678 ln
90 2656 135 2678 fine
157 2656 226 2678 huius

12 2689 76 2711 cap.;
93 2683 123 2705 cs.
139 2689 162 2705 n.
174 2689 205 2705 iv.

267 283 342 318 260

262 416 338 451 lam
369 425 450 449 rem
479 411 574 448 odit:
605 423 697 447 cum
726 410 807 460 ipse
837 409 883 447 sit
911 409 1091 447 omnium
1121 421 1249 446 causa.

315 467 400 503 Hoc
429 473 560 502 autem
589 472 645 501 est
673 464 781 513 quod
811 463 950 500 dicitur
975 466 1061 513 Sap.
1083 466 1168 499 X1²⁵z
1199 463 1337 514 Diligis

260 521 387 556 omnia
416 531 511 568 quae
529 523 623 563 sunt,
645 524 679 554 et
699 518 790 555 nihil
808 518 917 554 odisti
938 529 1069 554 eorum
1091 529 1187 566 quae
1195 518 1334 565 fecisti.

842 277 1030 314 SUMMA
1061 276 1284 313 CONTRA
1313 276 1889 323 GENTILES,CAP.XCV1.

19 368 189 422 {⁸457OE
194 375 235 420 ,23³3
263 362 422 409 artifices
439 371 507 395 sua
527 370 618 407 oper
620 357 682 394 α““ις
704 357 830 393 Multo
851 355 964 405 igitur
983 355 1105 415 magis
1125 356 1232 392 Deus
1251 357 1337 392 nul-

20 412 224 451 vn3..⁷..75Thl

1392 364 1434 393 ut
1468 368 1528 393 res
1561 356 1822 406 subsistentes,
1851 370 2024 408 quorum
2058 358 2214 408 proprie
2247 367 2304 397 est
2333 360 2470 398 odium

1393 411 1454 447 vel
1482 422 1605 447 amor.

1446 463 1555 500 Alius
1574 471 1707 501 autem
1727 465 1871 502 modus
1891 473 1947 502 est
1966 478 2012 502 ex
2033 466 2109 502 hoc
2129 466 2237 515 quod
2262 466 2370 504 Deus
2389 469 2472 505 vult

1391 517 1551 567 aliquod
1580 517 1706 555 maius
1726 517 1878 556 bonum
1897 519 2006 569 quod
2027 531 2110 556 esse
2137 531 2218 556 non
2243 527 2370 569 potest
2388 520 2470 558 sine

312 572 461 610 Dicitur
474 579 606 608 autem
627 570 932 608 similitudinarie
947 572 1055 608 Deus
1069 570 1199 620 aliqua
1213 570 1333 607 odire.
1357 587 1366 606 ς
1391 571 1607 620 privatione
1629 571 1790 608 minoris
1809 572 1914 610 boni.
1937 573 1985 610 Et
2004 572 2058 610 sic
2077 572 2217 610 dicitur
2231 573 2356 611 odire:
2377 585 2469 611 cum

260 628 308 664 Et
323 627 399 663 hoc
414 625 627 676 dupliciter.
641 625 773 662 Primo
789 625 923 670 modo,
936 637 981 661 ex
999 625 1074 661 hoc
1089 624 1197 673 quod
1214 624 1333 670 Deus,

257 680 428 717 amando
449 691 521 724 res,
537 681 673 717 volens
693 691 831 716 eorum
852 678 1001 715 bonum
1024 690 1120 724 esse,
1141 679 1224 715 vult
1242 689 1334 715 con-

256 733 418 770 trarium
438 734 588 770 malum
608 745 688 770 non
709 745 803 769 esse.
836 732 946 769 Unde
975 733 1170 768 malorum
1197 731 1334 769 odium

257 787 401 824 habere
430 786 580 832 dicitur,
602 799 694 823 nam
714 798 815 836 quae
838 797 917 822 non
947 797 1030 822 esse
1059 786 1258 831 volumus,
1278 785 1334 823 di-

1392 625 1514 673 magis
1543 626 1620 662 hoc
1648 624 1694 662 sit
1722 636 1865 663 amare.
1896 625 1960 664 Sic
1989 626 2107 673 enim,
2129 626 2364 676 inquantum
2388 629 2471 664 vult

1391 679 1542 716 bonum
1572 678 1735 716 iustitiae
1763 680 1825 716 vel
1854 679 2000 717 ordinis
2035 680 2218 728 universi,
2248 681 2357 730 quod
2386 693 2470 718 esse

1391 744 1472 769 non
1498 739 1624 782 potest
1643 731 1726 769 sine
1746 732 1950 782 punitione
1968 735 2032 770 vel
2051 734 2301 784 corruptione
2321 734 2471 784 aliquo-

1390 798 1491 832 rum,
1521 786 1661 824 dicitur
1688 785 1750 823 illa
1778 786 1887 823 odire
1915 798 2089 836 quorum
2117 788 2363 837 punitionem
2388 790 2471 826 vult

256 840 384 878 cimur
411 840 503 879 odio
533 841 694 877 habere:
726 839 945 877 secundum
965 839 1058 876 illud
1087 840 1201 876 Zach.
1222 851 1280 876 vm
1291 843 1331 876 ¹⁷:
1350 855 1376 870 ιο
1390 841 1452 877 vel
1471 839 1783 890 corruptionem:
1809 840 2029 878 secundum
2048 840 2144 878 illud
2167 843 2266 880 Mal.
2287 846 2336 880 1³:
2366 844 2469 880 Esau

261 896 520 945 Unusquisque
546 895 688 931 malum
717 900 850 931 contra
875 895 1039 930 amicum
1065 905 1174 930 suum
1202 905 1250 930 ne
1272 905 1333 930 co-

255 950 376 999 gitetis
405 950 442 985 in
471 949 645 986 cordibus
672 949 811 992 vestris,
832 953 866 984 et
885 948 1138 984 iuramentum
1167 947 1335 984 mendax

257 1015 332 1040 non
367 1003 546 1052 diligatis·
581 1003 709 1038 omnia
742 1003 841 1038 enim
874 1002 968 1038 haec
1003 1006 1088 1038 sunt
1126 1013 1222 1051 quae
1258 1001 1332 1047 odi,

256 1056 342 1093 dicit
369 1057 565 1093 Dominus.
594 1077 619 1081 —
646 1055 753 1092 Haec
782 1062 914 1092 autem
943 1066 1025 1091 non
1054 1062 1145 1091 sunt
1173 1054 1334 1092 effectus

311 1173 324 1198 5
344 1172 552 1198 similitudinarie
571 1172 613 1196 hic
632 1171 688 1201 ΝΖ;
705 1174 769 1203 post
783 1171 854 1195 Deus
873 1170 957 1195 ceteri
974 1170 1080 1196 codices
1097 1173 1125 1195 et
1143 1170 1166 1200 b,
1182 1173 1248 1203 post
1265 1170 1339 1196 odire
1359 1170 1401 1195 Pe.

246 1211 325 1243 sorte
337 1210 369 1234 A.
452 1208 608 1233 contrarium
629 1206 738 1240 malum]
759 1206 917 1232 contrarium
933 1207 1003 1231 bono
1018 1205 1116 1231 scilicet
1129 1207 1229 1231 malum
1244 1206 1292 1232 Pa.

254 1244 375 1278 diligatis]
396 1252 429 1269 ne
448 1244 559 1277 diligatis
580 1243 692 1272 DNZPc,
711 1251 764 1268 non
784 1243 882 1276 diligite
902 1243 931 1268 E.
1021 1242 1065 1267 odi
1084 1242 1146 1267 dicit
1164 1242 1236 1274 Nm
1256 1242 1319 1267 odit.

310 1288 320 1306 1
344 1279 457 1314 proprie]
478 1279 614 1313 proprium
633 1279 726 1304 EGPc.
817 1286 834 1312 9
854 1278 947 1304 dicitur
965 1278 1044 1308 FNZ:
1063 1278 1173 1303 dicetur.

1376 1214 1408 1231 ιο
1421 1206 1510 1240 Zach.]
1531 1208 1580 1232 lac.
1595 1215 1619 1232 α.

1389 894 1476 931 odio
1503 895 1620 932 habui
1625 908 1638 938 ‚·
1665 902 1703 931 et
1737 893 1831 931 illud
1867 893 2011 931 Psalmi
2030 893 2065 931 *z
2101 894 2217 932 Odisti
2249 908 2380 934 omnes
2408 898 2473 946 qui

1389 954 1596 998 operantur
1614 949 1865 1010 iniquitatem;
1883 948 2019 998 perdes
2037 961 2168 986 omnes
2187 951 2252 998 qui
2267 950 2471 1000 loquuntur

1389 1002 1647 1046 mendacium
1675 1003 1798 1040 virum
1826 1003 2058 1052 sanguinum
2078 1008 2112 1040 et
2130 1003 2301 1040 dolosum
2327 1005 2469 1041 abomi-

1389 1061 1503 1093 natur
1529 1057 1728 1094 Dominus.

1493 1169 1511 1196 6
1530 1170 1629 1204 Primo]
1648 1171 1708 1197 Uno
1727 1172 1751 1202 b,
1770 1172 1830 1197 Uno
1849 1171 1957 1205 quidem
1977 1172 2021 1198 Pc.
2113 1179 2128 1205 7
2149 1172 2251 1205 eorum}
2272 1179 2362 1198 earum
2381 1172 2427 1197 ΟΖ
2445 1175 2473 1197 et

1705 1214 1714 1232 ι
1723 1214 1736 1232 2
1751 1207 1937 1241 iuramentum]
1951 1205 2095 1233 circitaffitii
2109 1208 2142 1239 Z;
2157 1215 2222 1234 rasa
2234 1208 2284 1242 pN.
2369 1207 2401 1234 13
2420 1215 2473 1233 uon

1021 1385 1361 1418 Commentario.
1391 1385 1704 1418 Fen-ariensis

295 1497 444 1518 ECUNDUM
482 1485 694 1517 corollarium
715 1486 732 1501 ⁴*
763 1490 824 1515 est:
860 1483 979 1515 Odium
1010 1484 1153 1515 alicuius
1184 1484 1234 1514 rei
1260 1483 1332 1515 Deo

255 1499 472 1564 Sconvenire
496 1541 562 1566 non
581 1535 701 1572 potest.

309 1578 403 1609 Circa
419 1578 484 1608 hoc
500 1581 611 1607 autem
627 1575 838 1606 corollarium
851 1574 919 1605 duo
932 1573 1007 1605 facit
1019 1573 1157 1605 Sanctus
1169 1573 1334 1605 Thomas.

253 1625 371 1664 primo,
388 1622 505 1664 probat
528 1621 750 1672 propositum;
775 1619 933 1656 secundo,
950 1625 1098 1650 removet
1113 1618 1290 1650 dubium&

309 1669 331 1699 1.
349 1668 519 1707 Quantum
536 1666 576 1696 ad
592 1666 747 1706 primum,
764 1665 879 1707 arguit
896 1665 1008 1705 primo
1024 1664 1081 1695 sic.
1098 1664 1259 1695 Voluntas
1275 1663 1337 1695 Dei

252 1713 399 1745 inclinari
427 1721 496 1743 non
526 1716 634 1752 potest
665 1709 706 1741 ad
735 1710 869 1745 malum,
893 1715 930 1740 ut
960 1714 1008 1740 est
1035 1714 1203 1740 ostensum
1227 1718 1335 1750 supra.

253 1759 339 1799 Ergo
365 1763 426 1789 etc.
454 1775 476 1780 —
504 1757 594 1787 Patet
618 1755 864 1796 consequentia.
896 1754 983 1793 Quia
1013 1755 1051 1784 iis
1080 1763 1164 1795 quos
1194 1753 1336 1790 odimus,

253 1803 376 1834 malum
399 1802 567 1833 volumus:
592 1800 724 1836 scilicet,
749 1800 809 1831 sub
833 1799 958 1830 ratione
982 1799 1070 1830 mali.

306 1847 467 1878 Secundo.
490 1847 579 1877 Deus
595 1845 775 1886 unicuique
791 1844 861 1875 vult
878 1845 1015 1875 bonum.
1040 1844 1128 1885 Ergo
1145 1849 1206 1874 etc.
1220 1861 1241 1866 -—
1256 1843 1336 1874 Pro-

252 1893 345 1924 batur
369 1890 576 1923 antecedens.
601 1890 688 1928 Quia
712 1890 780 1920 vult
804 1890 837 1920 in
861 1889 930 1920 aliis
954 1889 1050 1919 rebus
1067 1899 1084 1919 a
1100 1898 1134 1919 se
1151 1893 1187 1919 ut
1202 1889 1243 1919 sit
1258 1898 1336 1920 suae

251 1937 406 1968 bonitatis
429 1935 620 1967 similitudo.

307 1982 345 2012 11.
367 1980 431 2012 Sed
447 1980 575 2011 videtur
598 1981 657 2010 ista
682 1980 762 2010 ratio
787 1988 855 2009 non
881 1978 1088 2015 concludere,
1105 1984 1240 2019 propter
1255 1977 1334 2009 duo.

251 2027 371 2063 Primo,
397 2026 473 2067 quia
497 2025 560 2056 dici
584 2030 696 2065 posset
719 2023 821 2064 quod,
838 2023 917 2054 dum
936 2023 1024 2054 Deus
1041 2023 1111 2054 vult
1126 2022 1249 2063 aliquid
1265 2033 1334 2054 esse

250 2073 283 2102 in
308 2077 463 2107 creatura,
489 2070 557 2100 vult
582 2070 695 2110 utique
720 2069 846 2099 bonum
871 2074 1050 2099 creaturae.
1075 2068 1142 2104 sed,
1167 2077 1243 2099 cum
1266 2067 1336 2099 vult

250 2117 467 2158 privationem
484 2115 586 2156 ipsius
602 2124 682 2151 esse,
700 2114 770 2145 vult
792 2113 1030 2144 malum.1deo
1046 2112 1164 2144 falsum
1181 2119 1229 2144 est
1245 2112 1336 2154 quod

251 2171 380 2202 semper
395 2160 471 2191 velit
487 2160 548 2191 alia
565 2170 582 2190 a
599 2169 632 2190 se
647 2160 855 2200 inquantum,
872 2157 1016 2189 volendo
1032 2158 1213 2189 bonitatem
1230 2167 1334 2194 suam,

251 2207 321 2238 vult
344 2215 416 2237 eam
440 2206 473 2236 in
498 2205 568 2236 aliis
591 2203 740 2236 diffundi.
800 2230 806 2238 ,.

307 2250 461 2282 Secundo
486 2250 572 2290 quia,
598 2245 673 2280 licet
697 2249 786 2280 Deus
810 2249 902 2279 omni
927 2249 992 2279 enti
1017 2248 1094 2279 velit
1117 2245 1253 2289 aliquod
1276 2247 1335 2278 bo-

252 2306 333 2328 num
356 2297 551 2336 inquantum
576 2294 621 2325 illi
646 2294 714 2325 vult
738 2303 818 2330 esse,
844 2299 951 2335 potest
981 2298 1091 2324 tamen
1122 2293 1184 2324 alia
1210 2293 1335 2324 ratione

251 2341 312 2382 ipsi
330 2341 412 2372 velle
429 2340 551 2371 malum
577 2345 607 2370 et
631 2339 861 2380 privationem:
887 2339 970 2369 sicut
994 2337 1153 2369 damnatis
1170 2338 1238 2369 vult
1254 2347 1335 2375 esse,

253 2393 284 2417 et
307 2386 353 2416 sic
378 2395 434 2416 eos
457 2390 557 2421 amat;
583 2384 652 2415 vult
676 2384 774 2415 etiam
797 2383 1054 2419 damnationem,
1071 2389 1102 2414 et
1118 2383 1164 2414 sic
1181 2393 1238 2414 eos
1255 2382 1335 2415 odit.

253 2430 348 2462 Unde
367 2430 494 2461 videtur
508 2430 563 2460 illa
580 2429 816 2470 consequentia
839 2427 929 2462 falsa,
953 2428 1044 2459 Deus
1068 2428 1244 2469 unicuique
1268 2428 1337 2459 vult

252 2476 383 2510 bonum,
401 2475 495 2517 Ergo
512 2475 594 2505 nihil
610 2474 696 2505 odit:
718 2474 780 2504 nisi
805 2472 999 2504 antecedens
1015 2473 1211 2514 intelligatur
1227 2473 1336 2504 exclu-

253 2522 330 2557 sive,
347 2520 479 2556 scilicet,
496 2521 565 2550 vult
589 2524 714 2550 tantum
737 2519 868 2550 bonum.
893 2517 957 2550 Sed
981 2524 1059 2549 tunc
1081 2518 1197 2549 falsum
1214 2519 1283 2554 erit,
1300 2524 1336 2549 ut

254 2571 302 2597 est
325 2571 504 2596 ostensum.

310 2620 340 2641 2.
372 2610 424 2641 Ad
455 2609 553 2640 huius
580 2608 775 2640 evidentiam
804 2607 1090 2644 considerandum,
1118 2618 1156 2639 ex
1188 2608 1336 2640 doctrina

253 2655 363 2687 Sancti
386 2655 536 2686 Thomae
560 2654 666 2695 capite
689 2653 877 2685 immediate
902 2654 1052 2695 sequenti
1065 2654 1092 2689 *‚
1117 2659 1148 2684 et
1171 2653 1204 2685 in
1229 2651 1335 2684 Prima

254 2701 356 2737 Parte,
374 2710 405 2742 q.
422 2710 485 2736 xix,
502 2709 530 2730 a.
549 2709 579 2740 9,
597 2699 689 2740 quod
705 2699 829 2730 malum
854 2707 1024 2739 nunquam
1048 2699 1213 2740 appetitur
1228 2709 1246 2729 a
1263 2698 1335 2730 Deo

252 2746 314 2777 nisi
338 2746 462 2776 ratione
485 2744 622 2775 alicuius
646 2744 725 2775 boni
750 2743 919 2775 coniuncti
935 2743 1025 2785 quod
1049 2744 1151 2784 magis
1173 2743 1337 2784 appetitur

253 2799 352 2832 quam
368 2790 495 2821 bonum
512 2789 603 2830 quod
619 2798 678 2830 per
692 2789 756 2820 tale
772 2789 896 2820 malurn
912 2794 1108 2820 removetur.
1134 2788 1229 2820 Unde
1246 2789 1336 2820 Deus

253 2845 424 2876 nunquam
452 2834 521 2866 vult
544 2834 667 2865 malum
691 2844 749 2875 per
772 2843 820 2865 se:
845 2833 902 2865 sed
925 2833 1102 2874 aliquando
1131 2834 1200 2865 vult
1226 2834 1335 2875 ipsum

253 2879 457 2916 secundario,
481 2880 677 2920 inquantum
701 2879 770 2910 vult
791 2888 883 2910 suam
907 2879 1087 2910 bonitatem
1112 2888 1170 2920 per
1192 2879 1335 2920 aliquam

254 2925 489 2967 perfectionem
514 2923 711 2955 manifestari
733 2924 786 2954 cui
807 2923 930 2954 malum
952 2923 1087 2965 aliquod
1109 2924 1334 2965 coniungitur;

254 2971 347 3007 sicut,
372 2970 450 3011 quia
473 2969 542 3000 vult
565 2969 731 3004 iustitiam,
759 2969 829 2999 vult
852 2978 1009 3009 poenam;
1035 2974 1066 2999 et
1090 2970 1166 3010 quia
1191 2969 1260 3001 vult
1283 2979 1336 3000 or-

254 3015 365 3046 dinem
388 3020 521 3046 naturae
545 3014 672 3050 servari,
696 3013 766 3044 vult
790 3013 951 3054 quaedam
976 3014 1153 3055 corrumpi.

310 3060 388 3091 Ideo
413 3059 452 3090 ad
476 3059 618 3100 primum
643 3058 760 3089 dicitur
783 3059 901 3099 primo,
918 3058 1009 3099 quod
1030 3059 1144 3100 utique
1162 3059 1251 3090 Deus
1266 3059 1336 3090 vult

255 3105 377 3136 malum
394 3104 542 3140 alicuius,
558 3103 638 3135 dum
654 3103 723 3134 vult
738 3103 784 3134 illi
800 3109 940 3134 mortem
964 3110 1020 3134 aut
1043 3104 1258 3145 privationem
1279 3104 1336 3135 ali-

255 3150 348 3181 cuius
371 3150 460 3181 boni.
477 3167 499 3172 -
516 3149 642 3180 Dicitur
664 3148 821 3184 secundo,
839 3148 930 3190 quod
946 3148 1026 3180 illud
1043 3149 1165 3180 malum
1182 3159 1250 3180 non
1267 3148 1337 3180 vult

255 3201 292 3226 ut
315 3194 438 3226 malum
462 3194 610 3230 alicuius,
635 3193 726 3234 quod
750 3194 918 3225 constituit
942 3192 1008 3224 odii
1033 3194 1203 3230 rationem,
1220 3193 1277 3225 sed
1301 3200 1337 3225 ut

256 3240 469 3271 coniunctum
500 3238 597 3269 alicui
627 3239 727 3274 bono,
754 3244 831 3279 puta
863 3237 968 3269 ordini
999 3239 1149 3269 universi.
1182 3238 1258 3270 Ideo
1283 3238 1336 3270 illa

256 3284 449 3326 propositio,
475 3284 564 3314 Deus
589 3284 658 3314 vult
680 3283 750 3314 alia
775 3293 795 3314 a
818 3292 853 3314 se
877 3283 1079 3324 inquantum,
1098 3283 1236 3315 volendo
1253 3294 1288 3315 se
1307 3289 1339 3314 et

256 3329 430 3360 bonitatem
454 3338 558 3364 suam,
584 3329 654 3359 vult
676 3338 747 3359 eam
774 3329 806 3359 in
830 3328 898 3359 alia
923 3328 1073 3369 diffundi,
1099 3334 1146 3359 est
1173 3329 1336 3360 universa·

257 3374 328 3405 liter
351 3384 435 3405 vera.
464 3373 642 3415 Nunquam
671 3373 757 3404 enim
789 3372 890 3404 fertur
912 3373 1064 3404 voluntas
1087 3372 1194 3404 divina
1218 3374 1250 3404 in
1275 3374 1337 3405 alia

258 3429 275 3448 a
291 3429 336 3455 se,
353 3420 418 3450 sive
443 3419 568 3449 bonum
592 3419 632 3450 sit
655 3419 722 3449 sive
747 3418 881 3454 malum,
898 3419 978 3459 quin
1003 3418 1079 3449 velit
1103 3418 1244 3459 aliquam
1265 3428 1336 3460 par-

257 3464 481 3504 ticipationem
505 3473 581 3494 suae
606 3463 768 3494 bonitatis.

315 3507 366 3539 Ad
396 3507 577 3539 secundum
608 3508 754 3539 similiter
785 3507 901 3539 dicitur
929 3506 1029 3548 quod,
1055 3508 1112 3538 etsi
1145 3507 1234 3538 Deus
1262 3508 1338 3539 velit

259 3552 354 3583 alicui
379 3552 632 3588 damnationem,
657 3562 724 3584 non
750 3553 818 3584 vult
841 3558 949 3584 tamen
974 3552 1060 3583 illam
1077 3558 1112 3583 ut
1129 3553 1198 3583 eius
1214 3553 1336 3583 malum

260 3605 316 3636 per
340 3606 383 3632 se,
409 3597 463 3628 sed
488 3598 682 3638 inquantum
707 3598 775 3629 vult
799 3599 924 3628 bonum
949 3597 1097 3628 iustitiae.

317 3641 367 3671 111.
389 3642 509 3672 'I'ertia
528 3643 725 3682 Sequeretur
742 3642 831 3683 quod
850 3643 938 3674 Deus
956 3642 1051 3674 vellet
1067 3643 1229 3673 actionem
1246 3652 1337 3673 suam

260 3694 327 3716 non
346 3695 413 3716 esse
437 3696 501 3726 qua
524 3686 723 3727 producitur.
748 3687 886 3718 mediate
911 3688 961 3718 vel
985 3687 1181 3723 immediate,
1199 3687 1231 3718 id
1248 3687 1338 3728 quod
1365 3723 1366 3726 Ἰ

1389 1483 1470 1515 odit.
1487 1484 1561 1515 Hoc
1578 1489 1688 1515 autem
1704 1489 1753 1515 est
1768 1483 1980 1525 impossibile.
1998 1484 2085 1525 Ergo
2102 1489 2164 1515 etc.
2181 1502 2204 1507 —
2219 1484 2379 1516 Probatur
2394 1493 2474 1516 con-

1388 1529 1570 1570 sequentia.
1595 1529 1692 1568 Quia,
1716 1530 1742 1560 si
1767 1529 1890 1571 aliquid
1913 1528 1994 1566 odit,
2018 1529 2087 1560 vult
2110 1528 2191 1561 illud
2214 1538 2284 1560 non
2307 1539 2389 1561 esse.
2405 1529 2475 1562 Vo-

1388 1573 1488 1605 lendo
1512 1579 1622 1605 autem
1646 1574 1721 1611 hoc,
1746 1572 1815 1605 vult
1843 1573 1925 1605 illud
1955 1573 2046 1625 quod
2077 1573 2119 1606 ad
2148 1575 2257 1616 ipsum
2286 1574 2474 1616 requiritur.

1389 1619 1577 1660 Requiritur
1600 1624 1710 1650 autem
1734 1624 1772 1650 ut
1794 1628 1863 1650 non
1893 1620 1934 1650 sit
1963 1619 2048 1650 actio
2080 1619 2142 1650 Dei
2172 1629 2237 1661 qua
2265 1619 2474 1660 producitur.

1390 1673 1467 1695 cum
1483 1673 1552 1694 non
1569 1664 1671 1705 possit
1686 1663 1810 1705 aliquid
1833 1663 1980 1695 desinere
2004 1673 2074 1695 esse
2098 1670 2251 1696 manente
2267 1665 2397 1696 actione
2413 1659 2475 1696 Dei

1389 1707 1569 1740 formaliter
1592 1718 1656 1750 qua
1680 1708 1872 1749 producitur
1894 1709 1929 1740 in
1952 1718 2032 1740 esse.

1445 1753 1510 1785 Sed
1533 1754 1593 1784 ista
1615 1754 1698 1784 ratio
1721 1763 1791 1784 non
1814 1753 1942 1785 videtur
1966 1753 2174 1785 concludere.
2205 1753 2283 1785 Non
2310 1755 2399 1786 enim
2427 1760 2475 1786 est

1389 1798 1590 1840 impossibile
1614 1798 1706 1840 quod
1730 1798 1819 1830 Deus
1842 1799 1919 1830 velit
1941 1799 2106 1830 actionem
2135 1808 2228 1830 suam
2251 1809 2321 1830 non
2345 1808 2414 1831 esse
2438 1805 2475 1831 ut

1389 1844 1580 1874 terminatur
1604 1843 1644 1874 ad
1667 1852 1737 1874 esse
1760 1843 1911 1874 alicuius:
1937 1853 2014 1874 cum
2039 1842 2079 1874 de
2109 1842 2196 1875 facto
2228 1843 2406 1885 aliquando
2430 1845 2475 1877 ita

1388 1889 1439 1924 sit,
1465 1898 1541 1919 cum
1565 1888 1688 1919 scilicet
1711 1897 1762 1920 res
1785 1887 1903 1919 desinit
1926 1897 2006 1919 esse.
2403 1928 2406 1931 Δ

1445 1932 1675 1974 Respondetur
1709 1931 1802 1974 quod
1835 1932 1982 1974 loquitur
2017 1932 2155 1964 Sanctus
2182 1931 2330 1965 Thomas
2365 1932 2406 1965 de
2440 1941 2475 1965 re

1388 1977 1535 2018 quandiu
1560 1983 1607 2008 est
1629 1978 1663 2008 in
1687 1983 1812 2008 natura.
1836 1976 1924 2016 Quia
1946 1986 2015 2008 non
2039 1982 2149 2019 potest
2171 1977 2261 2009 Deus
2281 1978 2364 2010 velle
2387 1986 2476 2010 crea-

1387 2028 1493 2053 turam
1509 2032 1577 2053 non
1595 2032 1665 2054 esse
1681 2031 1742 2063 pro
1758 2028 1907 2064 tempore
1928 2031 1988 2064 pro
2012 2031 2081 2063 quo
2105 2028 2164 2054 est.
2189 2023 2231 2054 Et
2252 2023 2312 2063 sic,
2327 2023 2475 2064 quandiu

1389 2072 1437 2099 est
1460 2072 1616 2104 creatura,
1641 2067 1731 2098 Deus
1754 2077 1823 2099 non
1847 2073 1955 2109 potest
1979 2077 2051 2099 eam
2075 2067 2194 2099 habere
2217 2067 2308 2100 odio.

1447 2111 1588 2150 Quarto.
1617 2112 1706 2144 Deus
1734 2119 1783 2144 est
1810 2113 1961 2144 omnium
1984 2121 2094 2144 rerum
2121 2122 2228 2144 causa.
2254 2113 2341 2155 Ergo
2363 2114 2476 2145 omnia

1388 2163 1484 2189 amat.
1510 2158 1597 2200 Ergo
1621 2157 1701 2188 nihil
1725 2157 1805 2189 odit.
1829 2175 1852 2180 -
1875 2157 1966 2189 Patet
1987 2158 2093 2200 prima
2117 2158 2363 2199 consequentia.
2387 2158 2476 2198 Quia

1388 2203 1501 2235 omnia
1524 2203 1652 2246 agentia
1673 2212 1736 2234 suo
1760 2201 1864 2234 modo
1887 2211 1966 2234 suos
1989 2201 2124 2235 effectus
2147 2209 2266 2234 amant.

1445 2242 1679 2279 Coxmmr'ua
1703 2248 1895 2279 auctoritate
1918 2242 2108 2290 Sapientiae
2122 2257 2164 2278 xi.

1445 2293 1499 2324 IV.
1523 2293 1695 2332 Quantum
1712 2292 1753 2324 ad
1768 2292 1991 2329 secundum',
2015 2293 2093 2334 quia
2116 2298 2227 2334 posset
2251 2292 2368 2334 aliquis
2391 2293 2474 2325 obii-

1389 2348 1477 2370 cere:
1504 2339 1631 2370 Dicitur
1658 2337 1748 2370 Deus
1778 2338 1811 2369 in
1842 2337 2008 2380 Scriptura
2038 2337 2147 2379 aliqua
2177 2337 2295 2369 habere
2323 2337 2414 2375 odio,
2438 2343 2476 2370 ut

1390 2384 1472 2415 Mal.
1490 2393 1510 2420 1,
1527 2383 1619 2415 Esau
1644 2383 1720 2414 odio
1745 2382 1854 2419 habui,
1879 2388 1912 2415 et
1933 2383 1967 2415 in
1991 2382 2133 2419 Psalmo,
2153 2381 2260 2414 Odisti
2283 2392 2396 2415 omnes
2419 2383 2476 2425 qui

1389 2434 1572 2470 operantur
1596 2429 1810 2470 iniquitatem.
1835 2428 1923 2470 Ergo
1948 2427 2037 2460 Deus
2061 2427 2169 2469 aliqua
2192 2426 2276 2459 odit:
2297 2446 2320 2451 -
2338 2437 2475 2470 respon-

1388 2473 1443 2505 det
1467 2473 1558 2515 quod
1582 2474 1646 2505 hoc
1670 2473 1928 2505 similitudinarie
1953 2473 2080 2510 dicitur,
2105 2481 2173 2504 non
2197 2478 2307 2504 autem
2331 2473 2474 2515 proprie.

1389 2519 1430 2550 Et
1454 2519 1518 2550 hoc
1542 2518 1715 2561 dupliciter
1738 2518 1866 2550 dicitur.
1891 2518 1967 2550 Uno
1991 2517 2105 2555 modo,
2128 2518 2326 2559 inquantum
2350 2517 2475 2550 malum

1389 2565 1588 2596 contrarium
1612 2564 1704 2596 bono
1728 2563 1820 2605 quod
1842 2563 1913 2596 vult
1935 2569 2112 2598 creaturae,
2129 2563 2199 2595 vult
2214 2572 2283 2595 non
2299 2572 2382 2601 esse,
2397 2563 2476 2615 ραι

1389 2619 1473 2651 quae
1497 2619 1567 2641 non
1590 2619 1660 2641 esse
1683 2608 1847 2646 volumus,
1868 2607 2008 2640 dicimur
2031 2609 2150 2640 habere
2173 2607 2267 2640 odio.
2291 2602 2475 2647 secundum

1388 2654 1470 2686 illud
1485 2655 1586 2686 Zach.
1602 2665 1669 2690 vm,
1690 2654 1919 2696 Unusquisque
1934 2653 2057 2685 malum
2073 2658 2192 2685 contra
2207 2653 2350 2688 amicum
2359 2649 2438 2687 e'tc.
2450 2670 2476 2679 -

1390 2699 1466 2731 Alio
1486 2698 1598 2735 modo,
1615 2698 1798 2730 secundum
1823 2698 1914 2740 quod
1938 2698 2007 2730 vult
2030 2698 2136 2730 maius
2154 2698 2282 2730 bonum
2297 2692 2394 2740 quod
2403 2702 2475 2731 mu

1389 2750 1497 2786 potest
1521 2754 1591 2776 esse
1613 2745 1683 2775 sine
1707 2744 1888 2785 privatione
1912 2743 2048 2775 minoris
2071 2743 2161 2775 boni.
2227 2753 2232 2756 ⁴

1446 2789 1542 2820 Circa
1566 2790 1709 2831 primum
1732 2789 1882 2825 modum,
1903 2788 2138 2820 advertendum
2163 2787 2266 2829 quod,
2287 2793 2325 2819 ut
2347 2788 2400 2820 hic
2425 2787 2475 2821 di-

1390 2835 1483 2871 citur,
1507 2844 1602 2867 amor
1625 2841 1657 2866 et
1679 2834 1795 2866 odium
1818 2835 1951 2876 proprie
1975 2839 2023 2866 est
2045 2833 2302 2866 subsistentium.
2326 2833 2371 2866 Ut
2385 2833 2474 2866 enim

1390 2879 1514 2912 dictum
1530 2885 1579 2911 est
1597 2889 1695 2921 supra
1710 2881 1737 2915 θ,
1762 2889 1870 2911 amare
1893 2879 2025 2920 proprie
2049 2883 2099 2910 est
2121 2878 2204 2910 velle
2218 2878 2340 2910 bonum
2354 2878 2476 2912 alicui:

1390 2930 1422 2956 et
1437 2925 1483 2956 sic
1500 2931 1547 2956 est
1564 2926 1633 2956 eius
1650 2925 1703 2957 cui
1720 2925 1875 2956 convenit
1890 2924 2009 2956 habere
2025 2923 2206 2955 bonitatem
2221 2923 2255 2955 in
2271 2932 2316 2959 se.
2332 2932 2402 2955 non
2417 2932 2475 2956 au·

1390 2976 1456 3001 tem
1473 2970 1543 3001 eius
1559 2971 1613 3001 cui
1630 2971 1784 3001 convenit
1801 2979 1870 3001 esse
1885 2969 2067 3000 bonitatem
2083 2968 2224 3000 alterius.
2249 2967 2403 3000 Similiter
2418 2967 2474 2999 ha-

1390 3015 1465 3046 bere
1483 3014 1561 3046 odio
1585 3015 1717 3056 proprie
1742 3021 1790 3046 est
1815 3014 1896 3046 velle
1919 3014 2041 3045 malum
2065 3013 2186 3045 alicui:
2209 3018 2241 3044 et
2264 3013 2310 3044 sic
2333 3018 2382 3044 est
2405 3013 2475 3044 eius

1390 3060 1443 3091 cui
1455 3060 1611 3091 convenit
1623 3060 1740 3091 habere
1756 3060 1973 3101 privationem
1986 3059 2149 3090 bonitatis.
2163 3058 2349 3099 Utrumque
2365 3062 2475 3092 autem

1391 3110 1438 3136 est
1461 3105 1652 3136 subsistens:
1678 3104 1768 3145 quod
1793 3105 1881 3136 enim
1912 3110 1960 3136 est
1990 3103 2120 3135 alterius
2143 3103 2283 3139 bonitas,
2306 3112 2376 3135 non
2398 3103 2475 3135 sub·

1390 3150 1481 3186 sistit,
1499 3159 1608 3191 neque
1625 3149 1715 3191 quod
1738 3155 1786 3181 est
1809 3150 1938 3181 alterius
1961 3149 2085 3180 malum
2102 3147 2294 3185 formalitet;
2318 3146 2375 3180 aed
2390 3147 2474 3179 bene

1391 3195 1444 3226 cui
1469 3195 1623 3226 convenit
1656 3195 1794 3230 bonitas,
1818 3201 1850 3226 et
1880 3194 1933 3226 cui
1965 3194 2119 3226 convenit
2148 3193 2287 3235 privatio
2310 3191 2473 3229 bonitatis,

1391 3245 1547 3281 tanquam
1570 3239 1730 3271 subiecto.
1755 3239 1843 3275 Ideo,
1868 3249 1943 3271 cum
1968 3238 2086 3270 dicitur
2107 3238 2198 3270 Deus
2220 3236 2326 3269 odisse
2350 3237 2473 3269 malum

1392 3284 1482 3326 quod
1506 3290 1665 3326 repugnat
1688 3285 1778 3316 bono
1803 3283 1950 3318 alicuius
1967 3284 2051 3315 sicut
2073 3291 2149 3314 cum
2173 3280 2243 3313 odit
2265 3280 2473 3313 mendacium

1392 3335 1447 3360 aut
1478 3329 1685 3365 adulterium,
1710 3330 1774 3360 hoc
1803 3338 1871 3360 non
1902 3329 2035 3370 proprie
2065 3327 2193 3363 dicitur,
2217 3335 2293 3358 cum
2318 3335 2387 3358 non
2410 3327 2474 3358 sint

1392 3375 1608 3411 subsistentia,
1636 3373 1692 3406 sed
1723 3383 1781 3415 per
1803 3373 1968 3415 quandam
1998 3371 2259 3405 similitudinem:
2284 3372 2362 3412 quia
2384 3371 2473 3404 vide-

1392 3419 1478 3456 licet,
1502 3420 1586 3451 sicut
1609 3419 1731 3450 habens
1753 3419 1833 3451 odio
1857 3428 1926 3450 rem
1949 3418 2178 3450 subsistentem
2193 3416 2262 3448 vult
2284 3417 2389 3458 ipsam
2404 3426 2473 3450 non

1393 3474 1472 3501 esse,
1498 3470 1553 3495 aut
1576 3464 1764 3506 simpliciter
1794 3469 1849 3496 aut
1873 3463 1983 3504 aliquo
2006 3461 2120 3498 modo,
2144 3462 2187 3493 ita
2211 3461 2300 3493 Deus
2324 3461 2392 3494 vult
2419 3461 2473 3494 illa

1393 3509 1477 3540 mala
1501 3519 1568 3540 non
1593 3518 1672 3540 esse.

1450 3554 1544 3585 Circa
1568 3553 1750 3585 secundum
1773 3550 1923 3588 modum,
1948 3549 2220 3582 considerandum
2245 3549 2335 3591 quod
2359 3550 2472 3582 odium

1394 3597 1494 3629 fertur
1517 3599 1549 3630 in
1574 3599 1697 3630 malum
1721 3597 1868 3631 alicuius,
1892 3602 1928 3627 ut
1952 3595 2068 3627 dicitur
2086 3596 2188 3631 Malo,
2207 3605 2239 3636 q.
2252 3606 2305 3631 xn,
2322 3606 2350 3627 a.
2367 3605 2398 3635 4,
2415 3596 2473 3627 sub

1395 3644 1524 3674 ratione
1551 3644 1650 3674 maIi:
1675 3652 1744 3674 non
1775 3647 1884 3673 autem
1909 3642 1943 3672 in
1971 3641 2094 3672 malum
2121 3646 2157 3672 ut
2187 3641 2283 3672 habet
2313 3642 2472 3672 rationem

1394 3689 1471 3719 boni
1489 3698 1527 3719 ex
1545 3689 1655 3729 aliquo
1673 3686 1836 3719 adiuncto.
1862 3685 1949 3720 ldeo.
1967 3695 2043 3717 cum
2060 3685 2149 3717 Deus
2166 3685 2235 3717 vult
2258 3686 2472 3727 privationem

2498 896 2506 905 ·
2522 895 2560 918 Ρι.
2569 901 2592 922 v,
2606 900 2699 924 vce-7.

2501 2873 2671 2909 *uani-2
