<?xml version="1.0" encoding="UTF-8"?>
<!DOCTYPE html PUBLIC "-//W3C//DTD XHTML 1.0 Transitional//EN"
    "http://www.w3.org/TR/xhtml1/DTD/xhtml1-transitional.dtd">
<html xmlns="http://www.w3.org/1999/xhtml" xml:lang="en" lang="en">
 <head>
  <title>
</title>
<meta http-equiv="Content-Type" content="text/html;charset=utf-8" />
  <meta name='ocr-system' content='tesseract 3.04.00' />
  <meta name='ocr-capabilities' content='ocr_page ocr_carea ocr_par ocr_line ocrx_word'/>
</head>
<body>
  <div class='ocr_page' id='page_1' title='image "./operaomniaiussui13thom/operaomniaiussui13thom_0273.png"; bbox 0 0 2768 4134; ppageno 0'>
   <div class='ocr_carea' id='block_1_1' title="bbox 36 1574 258 1627">
    <p class='ocr_par' dir='ltr' id='par_1_1' title="bbox 36 1574 258 1627">
     <span class='ocr_line' id='line_1_1' title="bbox 41 1574 258 1600; baseline -0.005 0"><span class='ocrx_word' id='word_1_1' title='bbox 41 1576 56 1590; x_wconf 70' lang='lat'><em>⁶</em></span> <span class='ocrx_word' id='word_1_2' title='bbox 68 1575 104 1600; x_wconf 62' lang='lat' dir='ltr'><strong>Cf.</strong></span> <span class='ocrx_word' id='word_1_3' title='bbox 122 1574 258 1599; x_wconf 60' lang='lat' dir='ltr'><strong>&amp;umut-</strong></span> 
     </span>
     <span class='ocr_line' id='line_1_2' title="bbox 36 1607 143 1627; baseline -0.009 0"><span class='ocrx_word' id='word_1_4' title='bbox 36 1607 67 1627; x_wconf 71' lang='grc' dir='ltr'><strong>ο.</strong></span> <span class='ocrx_word' id='word_1_5' title='bbox 78 1608 143 1626; x_wconf 73' lang='lat' dir='ltr'><strong>mv.</strong></span> 
     </span>
    </p>
   </div>
   <div class='ocr_carea' id='block_1_2' title="bbox 0 434 43 3796">
    <p class='ocr_par' dir='ltr' id='par_1_2' title="bbox 0 434 43 3796">
     <span class='ocr_line' id='line_1_3' title="bbox 0 434 43 3796; baseline 0 0"><span class='ocrx_word' id='word_1_6' title='bbox 0 434 43 3796; x_wconf 95' lang='lat' dir='ltr'><strong> </strong></span> 
     </span>
    </p>
   </div>
   <div class='ocr_carea' id='block_1_3' title="bbox 856 288 1929 343">
    <p class='ocr_par' dir='ltr' id='par_1_3' title="bbox 856 288 1929 343">
     <span class='ocr_line' id='line_1_4' title="bbox 856 288 1929 343; baseline 0.009 -19"><span class='ocrx_word' id='word_1_7' title='bbox 856 288 1045 326; x_wconf 92' lang='lat' dir='ltr'><strong>SUMMA</strong></span> <span class='ocrx_word' id='word_1_8' title='bbox 1075 290 1297 329; x_wconf 86' lang='lat' dir='ltr'>CONTRA</span> <span class='ocrx_word' id='word_1_9' title='bbox 1326 292 1602 343; x_wconf 85' lang='lat' dir='ltr'><strong>GENTILES,</strong></span> <span class='ocrx_word' id='word_1_10' title='bbox 1633 295 1743 332; x_wconf 89' lang='lat' dir='ltr'><strong>CAP.</strong></span> <span class='ocrx_word' id='word_1_11' title='bbox 1764 297 1929 335; x_wconf 91' lang='lat' dir='ltr'>LXVIII.</span> 
     </span>
    </p>
   </div>
   <div class='ocr_carea' id='block_1_4' title="bbox 287 366 1366 1060">
    <p class='ocr_par' dir='ltr' id='par_1_4' title="bbox 287 366 1366 1004">
     <span class='ocr_line' id='line_1_5' title="bbox 343 366 1366 416; baseline 0.007 -14"><span class='ocrx_word' id='word_1_12' title='bbox 343 366 450 403; x_wconf 91' lang='lat' dir='ltr'><strong>Item.</strong></span> <span class='ocrx_word' id='word_1_13' title='bbox 485 366 593 403; x_wconf 91' lang='lat' dir='ltr'><strong>Deus</strong></span> <span class='ocrx_word' id='word_1_14' title='bbox 626 378 707 403; x_wconf 91' lang='lat' dir='ltr'><strong>non</strong></span> <span class='ocrx_word' id='word_1_15' title='bbox 745 366 876 404; x_wconf 90' lang='lat' dir='ltr'><strong>minus</strong></span> <span class='ocrx_word' id='word_1_16' title='bbox 909 369 1105 416; x_wconf 86' lang='lat' dir='ltr'><strong>cognoscit</strong></span> <span class='ocrx_word' id='word_1_17' title='bbox 1137 371 1366 409; x_wconf 85' lang='lat' dir='ltr'>substantias</span> 
     </span>
     <span class='ocr_line' id='line_1_6' title="bbox 289 418 1365 470; baseline 0.007 -15"><span class='ocrx_word' id='word_1_18' title='bbox 289 418 541 468; x_wconf 84' lang='lat' dir='ltr'><strong>intelligibiles</strong></span> <span class='ocrx_word' id='word_1_19' title='bbox 569 432 691 469; x_wconf 90' lang='lat' dir='ltr'><strong>quam</strong></span> <span class='ocrx_word' id='word_1_20' title='bbox 719 420 813 470; x_wconf 91' lang='lat' dir='ltr'><strong>ipse,</strong></span> <span class='ocrx_word' id='word_1_21' title='bbox 834 422 895 458; x_wconf 90' lang='lat' dir='ltr'><strong>vel</strong></span> <span class='ocrx_word' id='word_1_22' title='bbox 922 434 1006 469; x_wconf 82' lang='lat' dir='ltr'><strong>nOS,</strong></span> <span class='ocrx_word' id='word_1_23' title='bbox 1028 424 1256 461; x_wconf 84' lang='lat' dir='ltr'><strong>substantias</strong></span> <span class='ocrx_word' id='word_1_24' title='bbox 1281 438 1365 462; x_wconf 91' lang='lat' dir='ltr'><strong>sen-</strong></span> 
     </span>
     <span class='ocr_line' id='line_1_7' title="bbox 289 471 1365 527; baseline 0.007 -18"><span class='ocrx_word' id='word_1_25' title='bbox 289 471 433 509; x_wconf 89' lang='lat' dir='ltr'><strong>sibiles:</strong></span> <span class='ocrx_word' id='word_1_26' title='bbox 463 485 556 510; x_wconf 92' lang='lat' dir='ltr'><strong>cum</strong></span> <span class='ocrx_word' id='word_1_27' title='bbox 585 473 820 511; x_wconf 88' lang='lat' dir='ltr'><strong>substantiae</strong></span> <span class='ocrx_word' id='word_1_28' title='bbox 849 474 1118 513; x_wconf 86' lang='lat' dir='ltr'><strong>intellectuales</strong></span> <span class='ocrx_word' id='word_1_29' title='bbox 1143 477 1216 514; x_wconf 89' lang='lat' dir='ltr'><strong>sint</strong></span> <span class='ocrx_word' id='word_1_30' title='bbox 1244 478 1365 527; x_wconf 91' lang='lat' dir='ltr'><strong>magis</strong></span> 
     </span>
     <span class='ocr_line' id='line_1_8' title="bbox 289 525 1364 576; baseline 0.006 -13"><span class='ocrx_word' id='word_1_31' title='bbox 289 525 580 574; x_wconf 85' lang='lat' dir='ltr'><strong>cognoscibiles,</strong></span> <span class='ocrx_word' id='word_1_32' title='bbox 609 535 704 576; x_wconf 92' lang='lat' dir='ltr'><strong>puta</strong></span> <span class='ocrx_word' id='word_1_33' title='bbox 731 527 854 576; x_wconf 91' lang='lat' dir='ltr'><strong>magis</strong></span> <span class='ocrx_word' id='word_1_34' title='bbox 883 527 922 565; x_wconf 91' lang='lat' dir='ltr'><strong>in</strong></span> <span class='ocrx_word' id='word_1_35' title='bbox 951 538 1038 567; x_wconf 90' lang='lat' dir='ltr'><strong>actu</strong></span> <span class='ocrx_word' id='word_1_36' title='bbox 1063 530 1275 568; x_wconf 87' lang='lat' dir='ltr'><strong>existentes.</strong></span> <span class='ocrx_word' id='word_1_37' title='bbox 1305 533 1364 569; x_wconf 93' lang='lat' dir='ltr'><strong>In-</strong></span> 
     </span>
     <span class='ocr_line' id='line_1_9' title="bbox 289 579 1364 623; baseline 0.007 -7"><span class='ocrx_word' id='word_1_38' title='bbox 289 579 540 617; x_wconf 87' lang='lat' dir='ltr'><strong>formationes</strong></span> <span class='ocrx_word' id='word_1_39' title='bbox 560 588 693 617; x_wconf 87' lang='lat' dir='ltr'><strong>autem</strong></span> <span class='ocrx_word' id='word_1_40' title='bbox 712 588 749 618; x_wconf 89' lang='lat' dir='ltr'><strong>et</strong></span> <span class='ocrx_word' id='word_1_41' title='bbox 768 580 1034 620; x_wconf 85' lang='lat' dir='ltr'><strong>inclinationes</strong></span> <span class='ocrx_word' id='word_1_42' title='bbox 1062 584 1364 623; x_wconf 89' lang='lat' dir='ltr'><strong>substantiarum</strong></span> 
     </span>
     <span class='ocr_line' id='line_1_10' title="bbox 288 633 1362 682; baseline 0.006 -12"><span class='ocrx_word' id='word_1_43' title='bbox 288 633 531 671; x_wconf 89' lang='lat' dir='ltr'><strong>sensibilium</strong></span> <span class='ocrx_word' id='word_1_44' title='bbox 565 643 855 682; x_wconf 87' lang='lat' dir='ltr'><strong>cognoscuntur</strong></span> <span class='ocrx_word' id='word_1_45' title='bbox 886 643 922 673; x_wconf 91' lang='lat' dir='ltr'><strong>et</strong></span> <span class='ocrx_word' id='word_1_46' title='bbox 949 649 972 673; x_wconf 92' lang='lat' dir='ltr'><strong>a</strong></span> <span class='ocrx_word' id='word_1_47' title='bbox 1000 638 1085 674; x_wconf 93' lang='lat' dir='ltr'><strong>Deo</strong></span> <span class='ocrx_word' id='word_1_48' title='bbox 1114 645 1151 674; x_wconf 94' lang='lat' dir='ltr'><strong>et</strong></span> <span class='ocrx_word' id='word_1_49' title='bbox 1183 651 1206 675; x_wconf 88' lang='lat' dir='ltr'><strong>a</strong></span> <span class='ocrx_word' id='word_1_50' title='bbox 1238 639 1362 676; x_wconf 91' lang='lat' dir='ltr'><strong>nobis.</strong></span> 
     </span>
     <span class='ocr_line' id='line_1_11' title="bbox 290 686 1364 740; baseline 0.007 -17"><span class='ocrx_word' id='word_1_51' title='bbox 290 686 395 724; x_wconf 90' lang='lat' dir='ltr'><strong>Cum</strong></span> <span class='ocrx_word' id='word_1_52' title='bbox 409 686 523 735; x_wconf 89' lang='lat' dir='ltr'><strong>igitur</strong></span> <span class='ocrx_word' id='word_1_53' title='bbox 540 686 719 736; x_wconf 84' lang='lat' dir='ltr'><strong>cogitatio</strong></span> <span class='ocrx_word' id='word_1_54' title='bbox 734 688 887 726; x_wconf 86' lang='lat' dir='ltr'><strong>animae</strong></span> <span class='ocrx_word' id='word_1_55' title='bbox 902 689 948 726; x_wconf 92' lang='lat' dir='ltr'><strong>sit</strong></span> <span class='ocrx_word' id='word_1_56' title='bbox 966 702 1037 740; x_wconf 92' lang='lat' dir='ltr'><strong>per</strong></span> <span class='ocrx_word' id='word_1_57' title='bbox 1050 690 1364 729; x_wconf 84' lang='lat' dir='ltr'><strong>informationem</strong></span> 
     </span>
     <span class='ocr_line' id='line_1_12' title="bbox 289 739 1364 795; baseline 0.007 -19"><span class='ocrx_word' id='word_1_58' title='bbox 289 739 491 790; x_wconf 88' lang='lat' dir='ltr'><strong>quandam</strong></span> <span class='ocrx_word' id='word_1_59' title='bbox 518 740 655 790; x_wconf 83' lang='lat' dir='ltr'><strong>ipsius;</strong></span> <span class='ocrx_word' id='word_1_60' title='bbox 687 741 840 779; x_wconf 86' lang='lat' dir='ltr'><strong>affectio</strong></span> <span class='ocrx_word' id='word_1_61' title='bbox 868 751 999 781; x_wconf 90' lang='lat' dir='ltr'><strong>autem</strong></span> <span class='ocrx_word' id='word_1_62' title='bbox 1019 743 1065 781; x_wconf 92' lang='lat' dir='ltr'><strong>sit</strong></span> <span class='ocrx_word' id='word_1_63' title='bbox 1084 745 1280 795; x_wconf 88' lang='lat' dir='ltr'><strong>quaedam</strong></span> <span class='ocrx_word' id='word_1_64' title='bbox 1308 745 1364 783; x_wconf 90' lang='lat' dir='ltr'><strong>in-</strong></span> 
     </span>
     <span class='ocr_line' id='line_1_13' title="bbox 288 792 1364 848; baseline 0.005 -17"><span class='ocrx_word' id='word_1_65' title='bbox 288 792 442 832; x_wconf 87' lang='lat' dir='ltr'><strong>clinatio</strong></span> <span class='ocrx_word' id='word_1_66' title='bbox 471 793 593 844; x_wconf 89' lang='lat' dir='ltr'><strong>ipsius</strong></span> <span class='ocrx_word' id='word_1_67' title='bbox 616 795 666 832; x_wconf 90' lang='lat' dir='ltr'><strong>ad</strong></span> <span class='ocrx_word' id='word_1_68' title='bbox 690 795 846 845; x_wconf 90' lang='lat' dir='ltr'><strong>aliquid,</strong></span> <span class='ocrx_word' id='word_1_69' title='bbox 867 809 961 834; x_wconf 91' lang='lat' dir='ltr'><strong>nam</strong></span> <span class='ocrx_word' id='word_1_70' title='bbox 989 805 1026 835; x_wconf 91' lang='lat' dir='ltr'><strong>et</strong></span> <span class='ocrx_word' id='word_1_71' title='bbox 1053 797 1178 848; x_wconf 83' lang='lat' dir='ltr'><strong>ipsam</strong></span> <span class='ocrx_word' id='word_1_72' title='bbox 1207 798 1364 836; x_wconf 91' lang='lat' dir='ltr'><strong>inclina-</strong></span> 
     </span>
     <span class='ocr_line' id='line_1_14' title="bbox 287 846 1362 899; baseline 0.006 -15"><span class='ocrx_word' id='word_1_73' title='bbox 287 846 438 885; x_wconf 89' lang='lat' dir='ltr'><strong>tionem</strong></span> <span class='ocrx_word' id='word_1_74' title='bbox 452 847 507 885; x_wconf 91' lang='lat' dir='ltr'><strong>rei</strong></span> <span class='ocrx_word' id='word_1_75' title='bbox 521 848 705 886; x_wconf 88' lang='lat' dir='ltr'><strong>naturalis</strong></span> <span class='ocrx_word' id='word_1_76' title='bbox 719 849 934 899; x_wconf 90' lang='lat' dir='ltr'><strong>appetitum</strong></span> <span class='ocrx_word' id='word_1_77' title='bbox 949 853 1166 889; x_wconf 89' lang='lat' dir='ltr'><strong>naturalem</strong></span> <span class='ocrx_word' id='word_1_78' title='bbox 1181 851 1362 899; x_wconf 81' lang='lat' dir='ltr'><strong>dicimus3</strong></span> 
     </span>
     <span class='ocr_line' id='line_1_15' title="bbox 288 900 1364 952; baseline 0.005 -14"><span class='ocrx_word' id='word_1_79' title='bbox 288 900 519 951; x_wconf 87' lang='lat' dir='ltr'><strong>relinquitur</strong></span> <span class='ocrx_word' id='word_1_80' title='bbox 546 902 655 951; x_wconf 92' lang='lat' dir='ltr'><strong>quod</strong></span> <span class='ocrx_word' id='word_1_81' title='bbox 684 903 792 940; x_wconf 91' lang='lat' dir='ltr'><strong>Deus</strong></span> <span class='ocrx_word' id='word_1_82' title='bbox 815 903 1066 952; x_wconf 88' lang='lat' dir='ltr'><strong>cogitationes</strong></span> <span class='ocrx_word' id='word_1_83' title='bbox 1085 912 1122 942; x_wconf 91' lang='lat' dir='ltr'><strong>et</strong></span> <span class='ocrx_word' id='word_1_84' title='bbox 1141 905 1364 944; x_wconf 86' lang='lat' dir='ltr'><strong>affectiones</strong></span> 
     </span>
     <span class='ocr_line' id='line_1_16' title="bbox 288 954 716 1004; baseline 0.002 -12"><span class='ocrx_word' id='word_1_85' title='bbox 288 954 468 992; x_wconf 90' lang='lat' dir='ltr'><strong>cordium</strong></span> <span class='ocrx_word' id='word_1_86' title='bbox 497 964 716 1004; x_wconf 90' lang='lat' dir='ltr'><strong>cognoscat.</strong></span> 
     </span>
    </p>

    <p class='ocr_par' dir='ltr' id='par_1_5' title="bbox 342 1009 1363 1060">
     <span class='ocr_line' id='line_1_17' title="bbox 342 1009 1363 1060; baseline 0.004 -14"><span class='ocrx_word' id='word_1_87' title='bbox 342 1009 429 1046; x_wconf 91' lang='lat' dir='ltr'><strong>Hoc</strong></span> <span class='ocrx_word' id='word_1_88' title='bbox 457 1016 589 1046; x_wconf 91' lang='lat' dir='ltr'><strong>autem</strong></span> <span class='ocrx_word' id='word_1_89' title='bbox 616 1009 838 1047; x_wconf 87' lang='lat' dir='ltr'><strong>testimonio</strong></span> <span class='ocrx_word' id='word_1_90' title='bbox 864 1010 1083 1060; x_wconf 88' lang='lat' dir='ltr'><strong>Scripturae</strong></span> <span class='ocrx_word' id='word_1_91' title='bbox 1105 1012 1243 1049; x_wconf 88' lang='lat' dir='ltr'><strong>Sacrae</strong></span> <span class='ocrx_word' id='word_1_92' title='bbox 1272 1025 1363 1050; x_wconf 89' lang='lat' dir='ltr'><strong>con-</strong></span> 
     </span>
    </p>
   </div>
   <div class='ocr_carea' id='block_1_5' title="bbox 285 1123 1346 1264">
    <p class='ocr_par' dir='ltr' id='par_1_6' title="bbox 285 1123 1346 1185">
     <span class='ocr_line' id='line_1_18' title="bbox 342 1123 1346 1157; baseline 0.002 -8"><span class='ocrx_word' id='word_1_93' title='bbox 342 1131 355 1149; x_wconf 76' lang='grc' dir='ltr'>α</span> <span class='ocrx_word' id='word_1_94' title='bbox 377 1124 561 1157; x_wconf 76' lang='lat' dir='ltr'><strong>intelligibiles]</strong></span> <span class='ocrx_word' id='word_1_95' title='bbox 581 1124 771 1149; x_wconf 78' lang='lat' dir='ltr'><strong>intellectuales</strong></span> <span class='ocrx_word' id='word_1_96' title='bbox 791 1124 839 1149; x_wconf 75' lang='lat' dir='ltr'><strong>Pa.</strong></span> <span class='ocrx_word' id='word_1_97' title='bbox 930 1123 946 1148; x_wconf 89' lang='lat'>6</span> <span class='ocrx_word' id='word_1_98' title='bbox 967 1129 992 1150; x_wconf 87' lang='lat' dir='ltr'><strong>et</strong></span> <span class='ocrx_word' id='word_1_99' title='bbox 1006 1133 1020 1149; x_wconf 92' lang='lat' dir='ltr'><strong>a</strong></span> <span class='ocrx_word' id='word_1_100' title='bbox 1034 1125 1091 1150; x_wconf 91' lang='lat' dir='ltr'><strong>Deo</strong></span> <span class='ocrx_word' id='word_1_101' title='bbox 1105 1125 1228 1154; x_wconf 78' lang='lat' dir='ltr'>GNYZb3</span> <span class='ocrx_word' id='word_1_102' title='bbox 1248 1134 1261 1150; x_wconf 86' lang='lat' dir='ltr'><strong>a</strong></span> <span class='ocrx_word' id='word_1_103' title='bbox 1281 1127 1346 1151; x_wconf 88' lang='lat' dir='ltr'><strong>Deo.</strong></span> 
     </span>
     <span class='ocr_line' id='line_1_19' title="bbox 285 1159 883 1185; baseline -0.002 0"><span class='ocrx_word' id='word_1_104' title='bbox 285 1160 377 1185; x_wconf 81' lang='lat' dir='ltr'><strong>ceteri.</strong></span> <span class='ocrx_word' id='word_1_105' title='bbox 470 1167 503 1185; x_wconf 79' lang='lat' dir='ltr'><strong>io</strong></span> <span class='ocrx_word' id='word_1_106' title='bbox 522 1160 633 1185; x_wconf 85' lang='lat' dir='ltr'><strong>dicimus</strong></span> <span class='ocrx_word' id='word_1_107' title='bbox 651 1167 687 1184; x_wconf 81' lang='lat' dir='ltr'><strong>an</strong></span> <span class='ocrx_word' id='word_1_108' title='bbox 707 1159 826 1184; x_wconf 86' lang='lat' dir='ltr'><strong>dicamus</strong></span> <span class='ocrx_word' id='word_1_109' title='bbox 845 1159 883 1184; x_wconf 77' lang='lat' dir='ltr'><strong>A?</strong></span> 
     </span>
    </p>

    <p class='ocr_par' dir='ltr' id='par_1_7' title="bbox 287 1194 1265 1264">
     <span class='ocr_line' id='line_1_20' title="bbox 343 1194 1055 1228; baseline 0.001 -8"><span class='ocrx_word' id='word_1_110' title='bbox 343 1202 356 1220; x_wconf 84' lang='lat'>2</span> <span class='ocrx_word' id='word_1_111' title='bbox 378 1195 543 1221; x_wconf 84' lang='lat' dir='ltr'><strong>Proverb....</strong></span> <span class='ocrx_word' id='word_1_112' title='bbox 562 1194 608 1228; x_wconf 76' lang='lat' dir='ltr'><strong>lo.)</strong></span> <span class='ocrx_word' id='word_1_113' title='bbox 629 1200 655 1220; x_wconf 88' lang='lat' dir='ltr'><strong>et</strong></span> <span class='ocrx_word' id='word_1_114' title='bbox 673 1195 790 1220; x_wconf 57' lang='lat' dir='ltr'><strong>Prusa...</strong></span> <span class='ocrx_word' id='word_1_115' title='bbox 811 1200 836 1220; x_wconf 91' lang='lat' dir='ltr'><strong>et</strong></span> <span class='ocrx_word' id='word_1_116' title='bbox 855 1195 891 1220; x_wconf 91' lang='lat' dir='ltr'><strong>lo.</strong></span> <span class='ocrx_word' id='word_1_117' title='bbox 911 1196 1055 1221; x_wconf 80' lang='lat' dir='ltr'><strong>GWYch.</strong></span> 
     </span>
     <span class='ocr_line' id='line_1_21' title="bbox 287 1231 1265 1264; baseline 0.001 -8"><span class='ocrx_word' id='word_1_118' title='bbox 287 1231 344 1264; x_wconf 80' lang='lat' dir='ltr'><strong>ipse</strong></span> <span class='ocrx_word' id='word_1_119' title='bbox 363 1231 433 1256; x_wconf 89' lang='lat' dir='ltr'><strong>enim</strong></span> <span class='ocrx_word' id='word_1_120' title='bbox 452 1231 541 1261; x_wconf 79' lang='lat' dir='ltr'><strong>sNPc;</strong></span> <span class='ocrx_word' id='word_1_121' title='bbox 560 1231 582 1256; x_wconf 79' lang='lat' dir='ltr'>Y</span> <span class='ocrx_word' id='word_1_122' title='bbox 604 1231 724 1263; x_wconf 83' lang='lat' dir='ltr'><strong>Opus...</strong></span> <span class='ocrx_word' id='word_1_123' title='bbox 748 1231 782 1256; x_wconf 90' lang='lat' dir='ltr'><strong>de</strong></span> <span class='ocrx_word' id='word_1_124' title='bbox 802 1231 909 1256; x_wconf 81' lang='lat' dir='ltr'><strong>homine</strong></span> <span class='ocrx_word' id='word_1_125' title='bbox 927 1232 1008 1257; x_wconf 82' lang='lat' dir='ltr'><strong>addit</strong></span> <span class='ocrx_word' id='word_1_126' title='bbox 1022 1236 1091 1264; x_wconf 73' lang='lat' dir='ltr'><strong>post</strong></span> <span class='ocrx_word' id='word_1_127' title='bbox 1105 1233 1130 1257; x_wconf 91' lang='lat' dir='ltr'><strong>in</strong></span> <span class='ocrx_word' id='word_1_128' title='bbox 1150 1233 1265 1258; x_wconf 84' lang='lat' dir='ltr'><strong>homine.</strong></span> 
     </span>
    </p>
   </div>
   <div class='ocr_carea' id='block_1_6' title="bbox 287 1266 842 1298">
    <p class='ocr_par' dir='ltr' id='par_1_8' title="bbox 287 1266 842 1298">
     <span class='ocr_line' id='line_1_22' title="bbox 287 1266 842 1298; baseline 0.002 -6"><span class='ocrx_word' id='word_1_129' title='bbox 287 1267 478 1292; x_wconf 78' lang='lat' dir='ltr'><strong>dominationes</strong></span> <span class='ocrx_word' id='word_1_130' title='bbox 497 1267 528 1298; x_wconf 90' lang='lat' dir='ltr'><strong>E,</strong></span> <span class='ocrx_word' id='word_1_131' title='bbox 548 1266 777 1292; x_wconf 74' lang='lat' dir='ltr'><strong>determinationes</strong></span> <span class='ocrx_word' id='word_1_132' title='bbox 794 1267 842 1293; x_wconf 81' lang='lat' dir='ltr'><strong>Xc.</strong></span> 
     </span>
    </p>
   </div>
   <div class='ocr_carea' id='block_1_7' title="bbox 1379 314 2490 1067">
    <p class='ocr_par' dir='ltr' id='par_1_9' title="bbox 1421 314 2490 587">
     <span class='ocr_line' id='line_1_23' title="bbox 2419 314 2490 350; baseline 0 0"><span class='ocrx_word' id='word_1_133' title='bbox 2419 314 2490 350; x_wconf 87' lang='lat'><strong>199</strong></span> 
     </span>
     <span class='ocr_line' id='line_1_24' title="bbox 1422 372 2490 419; baseline 0.009 -10"><span class='ocrx_word' id='word_1_134' title='bbox 1422 372 1608 411; x_wconf 90' lang='lat' dir='ltr'><strong>firmatur.</strong></span> <span class='ocrx_word' id='word_1_135' title='bbox 1626 374 1775 412; x_wconf 85' lang='lat' dir='ltr'><strong>Dicitur</strong></span> <span class='ocrx_word' id='word_1_136' title='bbox 1789 376 1894 413; x_wconf 91' lang='lat' dir='ltr'><strong>enim</strong></span> <span class='ocrx_word' id='word_1_137' title='bbox 1910 377 1948 414; x_wconf 93' lang='lat' dir='ltr'><strong>in</strong></span> <span class='ocrx_word' id='word_1_138' title='bbox 1964 379 2118 415; x_wconf 88' lang='lat' dir='ltr'><strong>Psalmo</strong></span> <span class='ocrx_word' id='word_1_139' title='bbox 2129 378 2164 415; x_wconf 63' lang='grc' dir='ltr'><strong>*ε</strong></span> <span class='ocrx_word' id='word_1_140' title='bbox 2181 382 2359 418; x_wconf 84' lang='lat' dir='ltr'><strong>Scrutans</strong></span> <span class='ocrx_word' id='word_1_141' title='bbox 2373 382 2490 419; x_wconf 85' lang='lat' dir='ltr'><strong>corda</strong></span> 
     </span>
     <span class='ocr_line' id='line_1_25' title="bbox 1421 429 2488 483; baseline 0.009 -21"><span class='ocrx_word' id='word_1_142' title='bbox 1421 432 1455 463; x_wconf 89' lang='lat' dir='ltr'><strong>et</strong></span> <span class='ocrx_word' id='word_1_143' title='bbox 1473 439 1581 464; x_wconf 82' lang='lat' dir='ltr'><strong>renes</strong></span> <span class='ocrx_word' id='word_1_144' title='bbox 1598 429 1719 472; x_wconf 86' lang='lat' dir='ltr'><strong>Deus;</strong></span> <span class='ocrx_word' id='word_1_145' title='bbox 1744 430 1855 466; x_wconf 80' lang='lat' dir='ltr'><strong>Prov.</strong></span> <span class='ocrx_word' id='word_1_146' title='bbox 1876 443 1924 467; x_wconf 80' lang='lat' dir='ltr'><strong>xv</strong></span> <span class='ocrx_word' id='word_1_147' title='bbox 1937 435 1974 467; x_wconf 91' lang='lat'><strong>¹¹:</strong></span> <span class='ocrx_word' id='word_1_148' title='bbox 2006 433 2183 479; x_wconf 86' lang='lat' dir='ltr'><strong>Infernus</strong></span> <span class='ocrx_word' id='word_1_149' title='bbox 2202 439 2235 469; x_wconf 87' lang='lat' dir='ltr'><strong>et</strong></span> <span class='ocrx_word' id='word_1_150' title='bbox 2248 434 2408 483; x_wconf 82' lang='lat' dir='ltr'><strong>perditio</strong></span> <span class='ocrx_word' id='word_1_151' title='bbox 2427 447 2488 472; x_wconf 90' lang='lat' dir='ltr'><strong>co-</strong></span> 
     </span>
     <span class='ocr_line' id='line_1_26' title="bbox 1421 481 2487 534; baseline 0.008 -18"><span class='ocrx_word' id='word_1_152' title='bbox 1421 492 1505 516; x_wconf 87' lang='lat' dir='ltr'><strong>ram</strong></span> <span class='ocrx_word' id='word_1_153' title='bbox 1536 481 1717 518; x_wconf 87' lang='lat' dir='ltr'><strong>Domino:</strong></span> <span class='ocrx_word' id='word_1_154' title='bbox 1745 489 1882 531; x_wconf 85' lang='lat' dir='ltr'><strong>quanto</strong></span> <span class='ocrx_word' id='word_1_155' title='bbox 1902 486 2025 534; x_wconf 83' lang='lat' dir='ltr'><strong>magis</strong></span> <span class='ocrx_word' id='word_1_156' title='bbox 2044 485 2160 522; x_wconf 85' lang='lat' dir='ltr'><strong>corda</strong></span> <span class='ocrx_word' id='word_1_157' title='bbox 2176 487 2350 533; x_wconf 82' lang='lat' dir='ltr'><strong>filiorum</strong></span> <span class='ocrx_word' id='word_1_158' title='bbox 2370 489 2487 525; x_wconf 84' lang='lat' dir='ltr'><strong>homi-</strong></span> 
     </span>
     <span class='ocr_line' id='line_1_27' title="bbox 1422 532 2485 587; baseline 0.008 -17"><span class='ocrx_word' id='word_1_159' title='bbox 1422 546 1510 570; x_wconf 87' lang='lat' dir='ltr'><strong>num</strong></span> <span class='ocrx_word' id='word_1_160' title='bbox 1519 532 1533 569; x_wconf 82' lang='lat'><strong>.&#39;</strong></span> <span class='ocrx_word' id='word_1_161' title='bbox 1560 535 1669 571; x_wconf 85' lang='grc' dir='ltr'><em>Ῑοαη.</em></span> <span class='ocrx_word' id='word_1_162' title='bbox 1686 547 1706 571; x_wconf 89' lang='lat'><strong>11</strong></span> <span class='ocrx_word' id='word_1_163' title='bbox 1718 538 1758 571; x_wconf 76' lang='lat'><strong>²⁵:</strong></span> <span class='ocrx_word' id='word_1_164' title='bbox 1789 537 1875 584; x_wconf 84' lang='lat' dir='ltr'><strong>Ipse</strong></span> <span class='ocrx_word' id='word_1_165' title='bbox 1900 538 2035 576; x_wconf 80' lang='lat' dir='ltr'><strong>sciebat</strong></span> <span class='ocrx_word' id='word_1_166' title='bbox 2055 538 2143 587; x_wconf 79' lang='lat' dir='ltr'><strong>quid</strong></span> <span class='ocrx_word' id='word_1_167' title='bbox 2160 545 2249 576; x_wconf 82' lang='lat' dir='ltr'><strong>esset</strong></span> <span class='ocrx_word' id='word_1_168' title='bbox 2267 541 2304 576; x_wconf 88' lang='lat' dir='ltr'><strong>in</strong></span> <span class='ocrx_word' id='word_1_169' title='bbox 2325 542 2485 578; x_wconf 84' lang='lat' dir='ltr'><strong>homine.</strong></span> 
     </span>
    </p>

    <p class='ocr_par' dir='ltr' id='par_1_10' title="bbox 1387 587 2487 853">
     <span class='ocr_line' id='line_1_28' title="bbox 1387 587 2487 644; baseline 0.008 -22"><span class='ocrx_word' id='word_1_170' title='bbox 1387 598 1396 618; x_wconf 81' lang='lat'><em>⁵</em></span> <span class='ocrx_word' id='word_1_171' title='bbox 1474 587 1706 624; x_wconf 90' lang='lat' dir='ltr'><strong>Dominium</strong></span> <span class='ocrx_word' id='word_1_172' title='bbox 1734 596 1865 625; x_wconf 90' lang='lat' dir='ltr'><strong>autem</strong></span> <span class='ocrx_word' id='word_1_173' title='bbox 1893 590 2000 638; x_wconf 92' lang='lat' dir='ltr'><strong>quod</strong></span> <span class='ocrx_word' id='word_1_174' title='bbox 2030 591 2144 628; x_wconf 89' lang='lat' dir='ltr'><strong>habet</strong></span> <span class='ocrx_word' id='word_1_175' title='bbox 2165 591 2343 630; x_wconf 86' lang='lat' dir='ltr'><strong>voluntas</strong></span> <span class='ocrx_word' id='word_1_176' title='bbox 2371 606 2487 644; x_wconf 90' lang='lat' dir='ltr'><strong>supra</strong></span> 
     </span>
     <span class='ocr_line' id='line_1_29' title="bbox 1420 642 2486 694; baseline 0.008 -18"><span class='ocrx_word' id='word_1_177' title='bbox 1420 652 1513 677; x_wconf 89' lang='lat' dir='ltr'><strong>suos</strong></span> <span class='ocrx_word' id='word_1_178' title='bbox 1541 648 1660 685; x_wconf 90' lang='lat' dir='ltr'><strong>actus,</strong></span> <span class='ocrx_word' id='word_1_179' title='bbox 1690 653 1760 690; x_wconf 90' lang='lat' dir='ltr'><strong>per</strong></span> <span class='ocrx_word' id='word_1_180' title='bbox 1787 642 1895 690; x_wconf 94' lang='lat' dir='ltr'><strong>quod</strong></span> <span class='ocrx_word' id='word_1_181' title='bbox 1923 642 1962 679; x_wconf 93' lang='lat' dir='ltr'><strong>in</strong></span> <span class='ocrx_word' id='word_1_182' title='bbox 1991 643 2074 680; x_wconf 92' lang='lat' dir='ltr'><strong>eius</strong></span> <span class='ocrx_word' id='word_1_183' title='bbox 2102 652 2157 681; x_wconf 91' lang='lat' dir='ltr'><strong>est</strong></span> <span class='ocrx_word' id='word_1_184' title='bbox 2184 654 2368 694; x_wconf 88' lang='lat' dir='ltr'><strong>potestate</strong></span> <span class='ocrx_word' id='word_1_185' title='bbox 2390 649 2486 685; x_wconf 89' lang='lat' dir='ltr'><strong>velle</strong></span> 
     </span>
     <span class='ocr_line' id='line_1_30' title="bbox 1420 694 2487 746; baseline 0.008 -17"><span class='ocrx_word' id='word_1_186' title='bbox 1420 695 1482 730; x_wconf 92' lang='lat' dir='ltr'><strong>vel</strong></span> <span class='ocrx_word' id='word_1_187' title='bbox 1501 705 1582 730; x_wconf 92' lang='lat' dir='ltr'><strong>non</strong></span> <span class='ocrx_word' id='word_1_188' title='bbox 1601 695 1699 746; x_wconf 84' lang='lat' dir='ltr'><strong>velle</strong></span> <span class='ocrx_word' id='word_1_189' title='bbox 1709 694 1740 740; x_wconf 71' lang='lat'><strong>²¹⁸,</strong></span> <span class='ocrx_word' id='word_1_190' title='bbox 1766 695 1932 732; x_wconf 87' lang='lat' dir='ltr'><strong>excludit</strong></span> <span class='ocrx_word' id='word_1_191' title='bbox 1955 696 2316 736; x_wconf 83' lang='lat' dir='ltr'><strong>determinationem</strong></span> <span class='ocrx_word' id='word_1_192' title='bbox 2339 699 2487 738; x_wconf 90' lang='lat' dir='ltr'><strong>virtutis</strong></span> 
     </span>
     <span class='ocr_line' id='line_1_31' title="bbox 1420 746 2483 801; baseline 0.008 -18"><span class='ocrx_word' id='word_1_193' title='bbox 1420 746 1469 784; x_wconf 92' lang='lat' dir='ltr'><strong>ad</strong></span> <span class='ocrx_word' id='word_1_194' title='bbox 1497 759 1637 793; x_wconf 91' lang='lat' dir='ltr'><strong>unum,</strong></span> <span class='ocrx_word' id='word_1_195' title='bbox 1658 755 1694 784; x_wconf 90' lang='lat' dir='ltr'><strong>et</strong></span> <span class='ocrx_word' id='word_1_196' title='bbox 1717 747 1941 786; x_wconf 89' lang='lat' dir='ltr'><strong>violentiam</strong></span> <span class='ocrx_word' id='word_1_197' title='bbox 1969 761 2107 787; x_wconf 89' lang='lat' dir='ltr'><strong>causae</strong></span> <span class='ocrx_word' id='word_1_198' title='bbox 2137 751 2301 789; x_wconf 84' lang='lat' dir='ltr'><strong>exterius</strong></span> <span class='ocrx_word' id='word_1_199' title='bbox 2326 753 2483 801; x_wconf 86' lang='lat' dir='ltr'><strong>agenti-s:</strong></span> 
     </span>
     <span class='ocr_line' id='line_1_32' title="bbox 1419 801 2484 853; baseline 0.007 -16"><span class='ocrx_word' id='word_1_200' title='bbox 1419 812 1501 838; x_wconf 91' lang='lat' dir='ltr'><strong>non</strong></span> <span class='ocrx_word' id='word_1_201' title='bbox 1519 808 1651 838; x_wconf 92' lang='lat' dir='ltr'><strong>autem</strong></span> <span class='ocrx_word' id='word_1_202' title='bbox 1666 801 1832 839; x_wconf 82' lang='lat' dir='ltr'><strong>excludit</strong></span> <span class='ocrx_word' id='word_1_203' title='bbox 1850 802 2094 841; x_wconf 90' lang='lat' dir='ltr'><strong>influentiam</strong></span> <span class='ocrx_word' id='word_1_204' title='bbox 2114 804 2321 853; x_wconf 89' lang='lat' dir='ltr'><strong>superioris</strong></span> <span class='ocrx_word' id='word_1_205' title='bbox 2335 818 2484 853; x_wconf 89' lang='lat' dir='ltr'><strong>causae,</strong></span> 
     </span>
    </p>

    <p class='ocr_par' dir='ltr' id='par_1_11' title="bbox 1379 853 2488 1067">
     <span class='ocr_line' id='line_1_33' title="bbox 1379 853 2486 905; baseline 0.006 -15"><span class='ocrx_word' id='word_1_206' title='bbox 1379 875 1405 890; x_wconf 68' lang='grc' dir='ltr'><strong>ιο</strong></span> <span class='ocrx_word' id='word_1_207' title='bbox 1419 866 1442 890; x_wconf 91' lang='lat' dir='ltr'><strong>a</strong></span> <span class='ocrx_word' id='word_1_208' title='bbox 1470 866 1549 903; x_wconf 91' lang='lat' dir='ltr'><strong>qua</strong></span> <span class='ocrx_word' id='word_1_209' title='bbox 1567 862 1623 891; x_wconf 92' lang='lat' dir='ltr'><strong>est</strong></span> <span class='ocrx_word' id='word_1_210' title='bbox 1643 853 1678 891; x_wconf 91' lang='lat' dir='ltr'><strong>ei</strong></span> <span class='ocrx_word' id='word_1_211' title='bbox 1697 866 1780 892; x_wconf 93' lang='lat' dir='ltr'><strong>esse</strong></span> <span class='ocrx_word' id='word_1_212' title='bbox 1808 863 1845 892; x_wconf 91' lang='lat' dir='ltr'><strong>et</strong></span> <span class='ocrx_word' id='word_1_213' title='bbox 1873 853 2036 905; x_wconf 90' lang='lat' dir='ltr'><strong>operari.</strong></span> <span class='ocrx_word' id='word_1_214' title='bbox 2067 857 2115 894; x_wconf 89' lang='lat' dir='ltr'><strong>Et</strong></span> <span class='ocrx_word' id='word_1_215' title='bbox 2134 857 2187 894; x_wconf 92' lang='lat' dir='ltr'><strong>sic</strong></span> <span class='ocrx_word' id='word_1_216' title='bbox 2206 867 2379 896; x_wconf 86' lang='lat' dir='ltr'><strong>remanet</strong></span> <span class='ocrx_word' id='word_1_217' title='bbox 2397 871 2486 897; x_wconf 91' lang='lat' dir='ltr'><strong>cau—</strong></span> 
     </span>
     <span class='ocr_line' id='line_1_34' title="bbox 1419 906 2487 961; baseline 0.007 -18"><span class='ocrx_word' id='word_1_218' title='bbox 1419 906 1544 944; x_wconf 89' lang='lat' dir='ltr'><strong>salitas</strong></span> <span class='ocrx_word' id='word_1_219' title='bbox 1572 907 1612 944; x_wconf 92' lang='lat' dir='ltr'><strong>in</strong></span> <span class='ocrx_word' id='word_1_220' title='bbox 1641 919 1757 945; x_wconf 88' lang='lat' dir='ltr'><strong>causa</strong></span> <span class='ocrx_word' id='word_1_221' title='bbox 1785 908 1921 958; x_wconf 83' lang='lat' dir='ltr'><strong>prima,</strong></span> <span class='ocrx_word' id='word_1_222' title='bbox 1952 922 2053 958; x_wconf 90' lang='lat' dir='ltr'><strong>quae</strong></span> <span class='ocrx_word' id='word_1_223' title='bbox 2081 911 2188 947; x_wconf 92' lang='lat' dir='ltr'><strong>Deus</strong></span> <span class='ocrx_word' id='word_1_224' title='bbox 2216 919 2283 957; x_wconf 91' lang='lat' dir='ltr'><strong>est,</strong></span> <span class='ocrx_word' id='word_1_225' title='bbox 2312 920 2487 961; x_wconf 92' lang='lat' dir='ltr'><strong>respectu</strong></span> 
     </span>
     <span class='ocr_line' id='line_1_35' title="bbox 1419 961 2488 1014; baseline 0.006 -17"><span class='ocrx_word' id='word_1_226' title='bbox 1419 968 1602 998; x_wconf 89' lang='lat' dir='ltr'><strong>motuum</strong></span> <span class='ocrx_word' id='word_1_227' title='bbox 1630 961 1852 999; x_wconf 87' lang='lat' dir='ltr'><strong>voluntatis:</strong></span> <span class='ocrx_word' id='word_1_228' title='bbox 1882 970 1925 999; x_wconf 89' lang='lat' dir='ltr'><strong>ut</strong></span> <span class='ocrx_word' id='word_1_229' title='bbox 1944 962 1997 1000; x_wconf 89' lang='lat' dir='ltr'><strong>sic</strong></span> <span class='ocrx_word' id='word_1_230' title='bbox 2017 963 2135 1011; x_wconf 92' lang='lat' dir='ltr'><strong>Deus,</strong></span> <span class='ocrx_word' id='word_1_231' title='bbox 2156 964 2327 1014; x_wconf 89' lang='lat' dir='ltr'><strong>seipsum</strong></span> <span class='ocrx_word' id='word_1_232' title='bbox 2346 978 2488 1014; x_wconf 92' lang='lat' dir='ltr'><strong>cogno-</strong></span> 
     </span>
     <span class='ocr_line' id='line_1_36' title="bbox 1418 1014 2251 1067; baseline 0.006 -17"><span class='ocrx_word' id='word_1_233' title='bbox 1418 1014 1575 1060; x_wconf 91' lang='lat' dir='ltr'><strong>scendo,</strong></span> <span class='ocrx_word' id='word_1_234' title='bbox 1605 1014 1832 1052; x_wconf 90' lang='lat' dir='ltr'><strong>huiusmodi</strong></span> <span class='ocrx_word' id='word_1_235' title='bbox 1859 1027 2091 1064; x_wconf 89' lang='lat' dir='ltr'><strong>cognoscere</strong></span> <span class='ocrx_word' id='word_1_236' title='bbox 2120 1017 2251 1067; x_wconf 90' lang='lat' dir='ltr'><strong>possit.</strong></span> 
     </span>
    </p>
   </div>
   <div class='ocr_carea' id='block_1_8' title="bbox 1436 1126 2487 1165">
    <p class='ocr_par' dir='ltr' id='par_1_12' title="bbox 1436 1126 2487 1165">
     <span class='ocr_line' id='line_1_37' title="bbox 1436 1126 2487 1165; baseline 0.005 -13"><span class='ocrx_word' id='word_1_237' title='bbox 1436 1126 1453 1152; x_wconf 90' lang='lat'>8</span> <span class='ocrx_word' id='word_1_238' title='bbox 1473 1127 1507 1152; x_wconf 85' lang='lat' dir='ltr'><strong>sit</strong></span> <span class='ocrx_word' id='word_1_239' title='bbox 1521 1131 1585 1160; x_wconf 81' lang='lat' dir='ltr'><strong>post</strong></span> <span class='ocrx_word' id='word_1_240' title='bbox 1604 1129 1732 1161; x_wconf 84' lang='lat' dir='ltr'><strong>quaedam</strong></span> <span class='ocrx_word' id='word_1_241' title='bbox 1752 1129 1862 1154; x_wconf 74' lang='lat' dir='ltr'><strong>aDEPc.</strong></span> <span class='ocrx_word' id='word_1_242' title='bbox 1952 1138 1968 1163; x_wconf 83' lang='lat'>9</span> <span class='ocrx_word' id='word_1_243' title='bbox 1988 1136 2014 1155; x_wconf 91' lang='lat' dir='ltr'><strong>et</strong></span> <span class='ocrx_word' id='word_1_244' title='bbox 2026 1130 2110 1163; x_wconf 82' lang='lat' dir='ltr'><strong>ipsam</strong></span> <span class='ocrx_word' id='word_1_245' title='bbox 2124 1131 2153 1162; x_wconf 82' lang='lat' dir='ltr'><strong>b;</strong></span> <span class='ocrx_word' id='word_1_246' title='bbox 2167 1137 2192 1156; x_wconf 92' lang='lat' dir='ltr'><strong>ct</strong></span> <span class='ocrx_word' id='word_1_247' title='bbox 2207 1132 2257 1162; x_wconf 87' lang='lat' dir='ltr'><strong>NZ,</strong></span> <span class='ocrx_word' id='word_1_248' title='bbox 2276 1139 2318 1156; x_wconf 91' lang='lat' dir='ltr'><strong>om</strong></span> <span class='ocrx_word' id='word_1_249' title='bbox 2334 1132 2389 1162; x_wconf 84' lang='lat' dir='ltr'><strong>Dx,</strong></span> <span class='ocrx_word' id='word_1_250' title='bbox 2405 1132 2487 1165; x_wconf 80' lang='lat' dir='ltr'><strong>ipsam</strong></span> 
     </span>
    </p>
   </div>
   <div class='ocr_carea' id='block_1_9' title="bbox 977 1160 1492 1194">
    <p class='ocr_par' dir='ltr' id='par_1_13' title="bbox 977 1160 1492 1194">
     <span class='ocr_line' id='line_1_38' title="bbox 977 1160 1492 1194; baseline 0.006 -9"><span class='ocrx_word' id='word_1_251' title='bbox 977 1160 1008 1185; x_wconf 82' lang='lat'><strong>13</strong></span> <span class='ocrx_word' id='word_1_252' title='bbox 1029 1161 1176 1194; x_wconf 87' lang='lat' dir='ltr'><strong>Scripturae</strong></span> <span class='ocrx_word' id='word_1_253' title='bbox 1194 1161 1238 1187; x_wconf 82' lang='lat' dir='ltr'><strong>hic</strong></span> <span class='ocrx_word' id='word_1_254' title='bbox 1256 1162 1292 1193; x_wconf 84' lang='lat' dir='ltr'><strong>N;</strong></span> <span class='ocrx_word' id='word_1_255' title='bbox 1307 1166 1373 1194; x_wconf 83' lang='lat' dir='ltr'><strong>post</strong></span> <span class='ocrx_word' id='word_1_256' title='bbox 1391 1163 1492 1188; x_wconf 84' lang='lat' dir='ltr'><strong>Sacrae.</strong></span> 
     </span>
    </p>
   </div>
   <div class='ocr_carea' id='block_1_10' title="bbox 1148 1197 2487 1268">
    <p class='ocr_par' dir='ltr' id='par_1_14' title="bbox 1148 1197 2487 1268">
     <span class='ocr_line' id='line_1_39' title="bbox 1148 1197 2487 1234; baseline 0.005 -13"><span class='ocrx_word' id='word_1_257' title='bbox 1148 1205 1166 1229; x_wconf 80' lang='lat'><strong>4</strong></span> <span class='ocrx_word' id='word_1_258' title='bbox 1185 1197 1253 1230; x_wconf 83' lang='lat' dir='ltr'><strong>lpse]</strong></span> <span class='ocrx_word' id='word_1_259' title='bbox 1273 1198 1332 1231; x_wconf 88' lang='lat' dir='ltr'><strong>lpse</strong></span> <span class='ocrx_word' id='word_1_260' title='bbox 1351 1198 1421 1223; x_wconf 87' lang='lat' dir='ltr'><strong>enim</strong></span> <span class='ocrx_word' id='word_1_261' title='bbox 1440 1198 1558 1229; x_wconf 86' lang='lat' dir='ltr'>GNWZ;</span> <span class='ocrx_word' id='word_1_262' title='bbox 1571 1199 1647 1231; x_wconf 90' lang='lat' dir='ltr'><strong>Opus</strong></span> <span class='ocrx_word' id='word_1_263' title='bbox 1660 1199 1682 1224; x_wconf 91' lang='lat' dir='ltr'><strong>ei</strong></span> <span class='ocrx_word' id='word_1_264' title='bbox 1703 1207 1755 1224; x_wconf 91' lang='lat' dir='ltr'><strong>non</strong></span> <span class='ocrx_word' id='word_1_265' title='bbox 1769 1206 1823 1224; x_wconf 88' lang='lat' dir='ltr'><strong>erat</strong></span> <span class='ocrx_word' id='word_1_266' title='bbox 1842 1206 1869 1225; x_wconf 83' lang='lat' dir='ltr'><strong>ut</strong></span> <span class='ocrx_word' id='word_1_267' title='bbox 1888 1201 1947 1233; x_wconf 89' lang='lat' dir='ltr'><strong>quis</strong></span> <span class='ocrx_word' id='word_1_268' title='bbox 1962 1201 2140 1226; x_wconf 87' lang='lat' dir='ltr'><strong>testimonium</strong></span> <span class='ocrx_word' id='word_1_269' title='bbox 2159 1202 2306 1234; x_wconf 87' lang='lat' dir='ltr'><strong>perhiberet</strong></span> <span class='ocrx_word' id='word_1_270' title='bbox 2323 1203 2355 1228; x_wconf 91' lang='lat' dir='ltr'><strong>de</strong></span> <span class='ocrx_word' id='word_1_271' title='bbox 2374 1203 2487 1233; x_wconf 84' lang='lat' dir='ltr'><strong>homine,</strong></span> 
     </span>
     <span class='ocr_line' id='line_1_40' title="bbox 1358 1233 1820 1268; baseline 0.006 -10"><span class='ocrx_word' id='word_1_272' title='bbox 1358 1233 1371 1258; x_wconf 88' lang='lat'><strong>5</strong></span> <span class='ocrx_word' id='word_1_273' title='bbox 1391 1233 1552 1267; x_wconf 88' lang='lat' dir='ltr'><strong>Dominium]</strong></span> <span class='ocrx_word' id='word_1_274' title='bbox 1573 1235 1689 1259; x_wconf 80' lang='lat' dir='ltr'><strong>divinum</strong></span> <span class='ocrx_word' id='word_1_275' title='bbox 1708 1236 1820 1268; x_wconf 72' lang='lat' dir='ltr'><strong>apNYZ.</strong></span> 
     </span>
    </p>
   </div>
   <div class='ocr_carea' id='block_1_11' title="bbox 1921 1237 2487 1270">
    <p class='ocr_par' dir='ltr' id='par_1_15' title="bbox 1921 1237 2487 1270">
     <span class='ocr_line' id='line_1_41' title="bbox 1921 1237 2487 1270; baseline 0.005 -9"><span class='ocrx_word' id='word_1_276' title='bbox 1921 1244 1936 1269; x_wconf 93' lang='lat'><em>7</em></span> <span class='ocrx_word' id='word_1_277' title='bbox 1956 1237 2206 1270; x_wconf 85' lang='lat' dir='ltr'><strong>determinationem]</strong></span> <span class='ocrx_word' id='word_1_278' title='bbox 2230 1238 2436 1264; x_wconf 81' lang='lat' dir='ltr'><strong>denuntiationes</strong></span> <span class='ocrx_word' id='word_1_279' title='bbox 2462 1247 2487 1269; x_wconf 83' lang='grc' dir='ltr'><strong>α,</strong></span> 
     </span>
    </p>
   </div>
   <div class='ocr_carea' id='block_1_12' title="bbox 1051 1373 1728 1408">
    <p class='ocr_par' dir='ltr' id='par_1_16' title="bbox 1051 1373 1728 1408">
     <span class='ocr_line' id='line_1_42' title="bbox 1051 1373 1728 1408; baseline 0.004 -3"><span class='ocrx_word' id='word_1_280' title='bbox 1051 1373 1388 1407; x_wconf 76' lang='lat' dir='ltr'><strong>Commentaria</strong></span> <span class='ocrx_word' id='word_1_281' title='bbox 1419 1374 1728 1408; x_wconf 78' lang='lat' dir='ltr'><strong>Ferrariensis</strong></span> 
     </span>
    </p>
   </div>
   <div class='ocr_carea' id='block_1_13' title="bbox 362 1489 1392 1530">
    <p class='ocr_par' dir='ltr' id='par_1_17' title="bbox 362 1489 1392 1530">
     <span class='ocr_line' id='line_1_43' title="bbox 362 1489 1392 1530; baseline -0.001 -9"><span class='ocrx_word' id='word_1_282' title='bbox 362 1500 468 1522; x_wconf 60' lang='lat' dir='ltr'><strong>usura</strong></span> <span class='ocrx_word' id='word_1_283' title='bbox 497 1490 678 1525; x_wconf 86' lang='lat' dir='ltr'><strong>conclusio,</strong></span> <span class='ocrx_word' id='word_1_284' title='bbox 703 1495 836 1530; x_wconf 86' lang='lat' dir='ltr'><strong>quartae</strong></span> <span class='ocrx_word' id='word_1_285' title='bbox 860 1489 1062 1530; x_wconf 88' lang='lat' dir='ltr'><strong>respondens</strong></span> <span class='ocrx_word' id='word_1_286' title='bbox 1090 1490 1277 1525; x_wconf 91' lang='lat' dir='ltr'><strong>obiectioni,</strong></span> <span class='ocrx_word' id='word_1_287' title='bbox 1302 1495 1363 1520; x_wconf 89' lang='lat' dir='ltr'><strong>est:</strong></span> <span class='ocrx_word' id='word_1_288' title='bbox 1390 1489 1392 1495; x_wconf 82' lang='grc'><em>’</em></span> 
     </span>
    </p>
   </div>
   <div class='ocr_carea' id='block_1_14' title="bbox 285 1533 1368 2156">
    <p class='ocr_par' dir='ltr' id='par_1_18' title="bbox 286 1533 1364 1623">
     <span class='ocr_line' id='line_1_44' title="bbox 363 1533 1364 1576; baseline -0.002 -10"><span class='ocrx_word' id='word_1_289' title='bbox 363 1535 454 1566; x_wconf 85' lang='lat' dir='ltr'><strong>Deus</strong></span> <span class='ocrx_word' id='word_1_290' title='bbox 489 1535 707 1576; x_wconf 81' lang='lat' dir='ltr'><strong>cogitationes</strong></span> <span class='ocrx_word' id='word_1_291' title='bbox 741 1533 895 1564; x_wconf 83' lang='lat' dir='ltr'><strong>mentium</strong></span> <span class='ocrx_word' id='word_1_292' title='bbox 934 1539 964 1564; x_wconf 88' lang='lat' dir='ltr'><strong>et</strong></span> <span class='ocrx_word' id='word_1_293' title='bbox 995 1534 1179 1564; x_wconf 80' lang='lat' dir='ltr'><strong>voluntates</strong></span> <span class='ocrx_word' id='word_1_294' title='bbox 1216 1533 1364 1564; x_wconf 84' lang='lat' dir='ltr'><strong>cordium</strong></span> 
     </span>
     <span class='ocr_line' id='line_1_45' title="bbox 286 1579 500 1623; baseline -0.009 -11"><span class='ocrx_word' id='word_1_295' title='bbox 286 1579 458 1623; x_wconf 76' lang='lat' dir='ltr'><strong>cognoscit</strong></span> <span class='ocrx_word' id='word_1_296' title='bbox 472 1580 500 1610; x_wconf 51' lang='grc' dir='ltr'><strong>’ἃ</strong></span> 
     </span>
    </p>

    <p class='ocr_par' dir='ltr' id='par_1_19' title="bbox 285 1621 1368 2014">
     <span class='ocr_line' id='line_1_46' title="bbox 341 1621 1367 1664; baseline -0.003 -8"><span class='ocrx_word' id='word_1_297' title='bbox 341 1625 406 1656; x_wconf 88' lang='lat' dir='ltr'><strong>Pro</strong></span> <span class='ocrx_word' id='word_1_298' title='bbox 430 1625 523 1656; x_wconf 90' lang='lat' dir='ltr'><strong>cuius</strong></span> <span class='ocrx_word' id='word_1_299' title='bbox 546 1623 759 1664; x_wconf 84' lang='lat' dir='ltr'><strong>intelligentia</strong></span> <span class='ocrx_word' id='word_1_300' title='bbox 789 1622 972 1654; x_wconf 90' lang='lat' dir='ltr'><strong>notandum</strong></span> <span class='ocrx_word' id='word_1_301' title='bbox 1003 1621 1104 1663; x_wconf 89' lang='lat' dir='ltr'><strong>quod,</strong></span> <span class='ocrx_word' id='word_1_302' title='bbox 1128 1623 1205 1663; x_wconf 90' lang='lat' dir='ltr'><strong>quia</strong></span> <span class='ocrx_word' id='word_1_303' title='bbox 1235 1632 1292 1653; x_wconf 91' lang='lat' dir='ltr'><strong>cor</strong></span> <span class='ocrx_word' id='word_1_304' title='bbox 1320 1628 1367 1653; x_wconf 91' lang='lat' dir='ltr'><strong>est</strong></span> 
     </span>
     <span class='ocr_line' id='line_1_47' title="bbox 286 1667 1367 1712; baseline -0.004 -11"><span class='ocrx_word' id='word_1_305' title='bbox 286 1669 486 1712; x_wconf 85' lang='lat' dir='ltr'><strong>principium</strong></span> <span class='ocrx_word' id='word_1_306' title='bbox 508 1673 620 1699; x_wconf 89' lang='lat' dir='ltr'><strong>motus</strong></span> <span class='ocrx_word' id='word_1_307' title='bbox 634 1668 669 1698; x_wconf 90' lang='lat' dir='ltr'><strong>in</strong></span> <span class='ocrx_word' id='word_1_308' title='bbox 685 1667 878 1699; x_wconf 83' lang='lat' dir='ltr'><strong>animalibus</strong></span> <span class='ocrx_word' id='word_1_309' title='bbox 893 1668 977 1698; x_wconf 88' lang='lat' dir='ltr'><strong>inter</strong></span> <span class='ocrx_word' id='word_1_310' title='bbox 993 1668 1159 1698; x_wconf 89' lang='lat' dir='ltr'><strong>moventia</strong></span> <span class='ocrx_word' id='word_1_311' title='bbox 1175 1667 1367 1708; x_wconf 81' lang='lat' dir='ltr'><strong>corporalia,</strong></span> 
     </span>
     <span class='ocr_line' id='line_1_48' title="bbox 285 1711 1367 1754; baseline -0.005 -7"><span class='ocrx_word' id='word_1_312' title='bbox 285 1714 362 1754; x_wconf 86' lang='lat' dir='ltr'><strong>ideo</strong></span> <span class='ocrx_word' id='word_1_313' title='bbox 385 1719 497 1745; x_wconf 89' lang='lat' dir='ltr'><strong>motus</strong></span> <span class='ocrx_word' id='word_1_314' title='bbox 519 1713 695 1744; x_wconf 89' lang='lat' dir='ltr'><strong>voluntatis</strong></span> <span class='ocrx_word' id='word_1_315' title='bbox 726 1712 879 1743; x_wconf 89' lang='lat' dir='ltr'><strong>dicuntur</strong></span> <span class='ocrx_word' id='word_1_316' title='bbox 909 1717 1016 1743; x_wconf 86' lang='lat' dir='ltr'><strong>motus</strong></span> <span class='ocrx_word' id='word_1_317' title='bbox 1045 1711 1156 1742; x_wconf 83' lang='lat' dir='ltr'><strong>cordis</strong></span> <span class='ocrx_word' id='word_1_318' title='bbox 1185 1711 1367 1742; x_wconf 88' lang='lat' dir='ltr'><strong>similitudi-</strong></span> 
     </span>
     <span class='ocr_line' id='line_1_49' title="bbox 285 1757 1367 1799; baseline -0.004 -8"><span class='ocrx_word' id='word_1_319' title='bbox 285 1759 389 1791; x_wconf 66' lang='lat' dir='ltr'><strong>narie:</strong></span> <span class='ocrx_word' id='word_1_320' title='bbox 413 1767 491 1790; x_wconf 83' lang='lat' dir='ltr'><strong>nam</strong></span> <span class='ocrx_word' id='word_1_321' title='bbox 507 1763 539 1788; x_wconf 89' lang='lat' dir='ltr'><strong>et</strong></span> <span class='ocrx_word' id='word_1_322' title='bbox 553 1758 624 1799; x_wconf 84' lang='lat' dir='ltr'><strong>ipsa</strong></span> <span class='ocrx_word' id='word_1_323' title='bbox 638 1757 790 1788; x_wconf 88' lang='lat' dir='ltr'><strong>voluntas</strong></span> <span class='ocrx_word' id='word_1_324' title='bbox 814 1763 861 1788; x_wconf 85' lang='lat' dir='ltr'><strong>est</strong></span> <span class='ocrx_word' id='word_1_325' title='bbox 884 1757 1073 1798; x_wconf 84' lang='lat' dir='ltr'><strong>simpliciter</strong></span> <span class='ocrx_word' id='word_1_326' title='bbox 1095 1757 1239 1797; x_wconf 86' lang='lat' dir='ltr'><strong>primum</strong></span> <span class='ocrx_word' id='word_1_327' title='bbox 1257 1762 1367 1787; x_wconf 90' lang='lat' dir='ltr'><strong>motus</strong></span> 
     </span>
     <span class='ocr_line' id='line_1_50' title="bbox 286 1801 1368 1846; baseline -0.004 -10"><span class='ocrx_word' id='word_1_328' title='bbox 286 1804 496 1846; x_wconf 84' lang='lat' dir='ltr'><strong>principium.</strong></span> <span class='ocrx_word' id='word_1_329' title='bbox 519 1802 582 1834; x_wconf 90' lang='lat' dir='ltr'><strong>Vel</strong></span> <span class='ocrx_word' id='word_1_330' title='bbox 604 1803 702 1833; x_wconf 87' lang='lat' dir='ltr'><strong>etiam</strong></span> <span class='ocrx_word' id='word_1_331' title='bbox 733 1802 886 1833; x_wconf 90' lang='lat' dir='ltr'><strong>dicuntur</strong></span> <span class='ocrx_word' id='word_1_332' title='bbox 914 1807 1026 1833; x_wconf 88' lang='lat' dir='ltr'><strong>motus</strong></span> <span class='ocrx_word' id='word_1_333' title='bbox 1057 1801 1207 1832; x_wconf 87' lang='lat' dir='ltr'><strong>cordium</strong></span> <span class='ocrx_word' id='word_1_334' title='bbox 1233 1807 1368 1842; x_wconf 91' lang='lat' dir='ltr'><strong>propter</strong></span> 
     </span>
     <span class='ocr_line' id='line_1_51' title="bbox 286 1846 1367 1881; baseline -0.005 0"><span class='ocrx_word' id='word_1_335' title='bbox 286 1849 338 1881; x_wconf 78' lang='lat' dir='ltr'><strong>sui</strong></span> <span class='ocrx_word' id='word_1_336' title='bbox 353 1848 624 1881; x_wconf 85' lang='lat' dir='ltr'><strong>occultationem:</strong></span> <span class='ocrx_word' id='word_1_337' title='bbox 649 1848 708 1878; x_wconf 88' lang='lat' dir='ltr'><strong>uni</strong></span> <span class='ocrx_word' id='word_1_338' title='bbox 723 1847 811 1878; x_wconf 89' lang='lat' dir='ltr'><strong>enim</strong></span> <span class='ocrx_word' id='word_1_339' title='bbox 826 1847 954 1878; x_wconf 87' lang='lat' dir='ltr'><strong>homini</strong></span> <span class='ocrx_word' id='word_1_340' title='bbox 969 1852 1080 1878; x_wconf 88' lang='lat' dir='ltr'><strong>motus</strong></span> <span class='ocrx_word' id='word_1_341' title='bbox 1095 1846 1270 1877; x_wconf 89' lang='lat' dir='ltr'><strong>voluntatis</strong></span> <span class='ocrx_word' id='word_1_342' title='bbox 1290 1846 1367 1877; x_wconf 90' lang='lat' dir='ltr'><strong>alte—</strong></span> 
     </span>
     <span class='ocr_line' id='line_1_52' title="bbox 286 1891 1368 1928; baseline -0.006 -1"><span class='ocrx_word' id='word_1_343' title='bbox 286 1893 353 1927; x_wconf 85' lang='lat' dir='ltr'><strong>rius</strong></span> <span class='ocrx_word' id='word_1_344' title='bbox 367 1899 444 1925; x_wconf 87' lang='lat' dir='ltr'><strong>sunt</strong></span> <span class='ocrx_word' id='word_1_345' title='bbox 459 1892 591 1928; x_wconf 87' lang='lat' dir='ltr'><strong>occulti,</strong></span> <span class='ocrx_word' id='word_1_346' title='bbox 607 1892 692 1923; x_wconf 89' lang='lat' dir='ltr'><strong>sicut</strong></span> <span class='ocrx_word' id='word_1_347' title='bbox 708 1897 740 1923; x_wconf 92' lang='lat' dir='ltr'><strong>et</strong></span> <span class='ocrx_word' id='word_1_348' title='bbox 755 1891 862 1923; x_wconf 90' lang='lat' dir='ltr'><strong>cordis</strong></span> <span class='ocrx_word' id='word_1_349' title='bbox 877 1891 1076 1923; x_wconf 84' lang='lat' dir='ltr'><strong>affectiones.</strong></span> <span class='ocrx_word' id='word_1_350' title='bbox 1099 1891 1161 1922; x_wconf 91' lang='lat' dir='ltr'><strong>Per</strong></span> <span class='ocrx_word' id='word_1_351' title='bbox 1184 1891 1368 1922; x_wconf 77' lang='lat' dir='ltr'><strong>voluntates</strong></span> 
     </span>
     <span class='ocr_line' id='line_1_53' title="bbox 287 1935 1367 1980; baseline -0.004 -10"><span class='ocrx_word' id='word_1_352' title='bbox 287 1947 366 1980; x_wconf 84' lang='lat' dir='ltr'><strong>ergo</strong></span> <span class='ocrx_word' id='word_1_353' title='bbox 389 1937 538 1969; x_wconf 84' lang='lat' dir='ltr'><strong>cordium</strong></span> <span class='ocrx_word' id='word_1_354' title='bbox 562 1936 712 1978; x_wconf 87' lang='lat' dir='ltr'><strong>intelligit</strong></span> <span class='ocrx_word' id='word_1_355' title='bbox 729 1937 905 1968; x_wconf 86' lang='lat' dir='ltr'><strong>voluntatis</strong></span> <span class='ocrx_word' id='word_1_356' title='bbox 929 1935 1131 1972; x_wconf 87' lang='lat' dir='ltr'><strong>affectiones;</strong></span> <span class='ocrx_word' id='word_1_357' title='bbox 1156 1941 1187 1966; x_wconf 91' lang='lat' dir='ltr'><strong>et</strong></span> <span class='ocrx_word' id='word_1_358' title='bbox 1203 1944 1261 1976; x_wconf 91' lang='lat' dir='ltr'><strong>per</strong></span> <span class='ocrx_word' id='word_1_359' title='bbox 1276 1935 1367 1977; x_wconf 82' lang='lat' dir='ltr'><strong>cogi-</strong></span> 
     </span>
     <span class='ocr_line' id='line_1_54' title="bbox 288 1981 938 2014; baseline -0.005 0"><span class='ocrx_word' id='word_1_360' title='bbox 288 1982 430 2014; x_wconf 81' lang='lat' dir='ltr'><strong>tationes</strong></span> <span class='ocrx_word' id='word_1_361' title='bbox 452 1981 607 2012; x_wconf 81' lang='lat' dir='ltr'><strong>mentium</strong></span> <span class='ocrx_word' id='word_1_362' title='bbox 631 1986 722 2012; x_wconf 86' lang='lat' dir='ltr'><strong>actus</strong></span> <span class='ocrx_word' id='word_1_363' title='bbox 745 1981 938 2012; x_wconf 90' lang='lat' dir='ltr'><strong>intellectus.</strong></span> 
     </span>
    </p>

    <p class='ocr_par' dir='ltr' id='par_1_20' title="bbox 287 2024 1366 2156">
     <span class='ocr_line' id='line_1_55' title="bbox 346 2024 1366 2066; baseline -0.005 -8"><span class='ocrx_word' id='word_1_364' title='bbox 346 2027 369 2058; x_wconf 92' lang='lat' dir='ltr'><strong>I.</strong></span> <span class='ocrx_word' id='word_1_365' title='bbox 385 2027 551 2058; x_wconf 80' lang='lat' dir='ltr'><strong>Probatur</strong></span> <span class='ocrx_word' id='word_1_366' title='bbox 565 2031 673 2056; x_wconf 86' lang='lat' dir='ltr'><strong>autem</strong></span> <span class='ocrx_word' id='word_1_367' title='bbox 690 2026 856 2056; x_wconf 84' lang='lat' dir='ltr'><strong>conclusio</strong></span> <span class='ocrx_word' id='word_1_368' title='bbox 867 2026 989 2066; x_wconf 80' lang='lat' dir='ltr'><strong>primo.</strong></span> <span class='ocrx_word' id='word_1_369' title='bbox 1014 2025 1103 2055; x_wconf 90' lang='lat' dir='ltr'><strong>Deus</strong></span> <span class='ocrx_word' id='word_1_370' title='bbox 1119 2024 1290 2064; x_wconf 84' lang='lat' dir='ltr'><strong>cognoscit</strong></span> <span class='ocrx_word' id='word_1_371' title='bbox 1310 2033 1366 2054; x_wconf 90' lang='lat' dir='ltr'><strong>ens</strong></span> 
     </span>
     <span class='ocr_line' id='line_1_56' title="bbox 287 2069 1366 2110; baseline -0.005 -6"><span class='ocrx_word' id='word_1_372' title='bbox 287 2073 322 2104; x_wconf 86' lang='lat' dir='ltr'><strong>in</strong></span> <span class='ocrx_word' id='word_1_373' title='bbox 345 2072 453 2104; x_wconf 88' lang='lat' dir='ltr'><strong>anima</strong></span> <span class='ocrx_word' id='word_1_374' title='bbox 477 2077 510 2102; x_wconf 92' lang='lat' dir='ltr'><strong>et</strong></span> <span class='ocrx_word' id='word_1_375' title='bbox 531 2080 589 2103; x_wconf 88' lang='lat' dir='ltr'><strong>ens</strong></span> <span class='ocrx_word' id='word_1_376' title='bbox 613 2076 700 2103; x_wconf 82' lang='lat' dir='ltr'><strong>extra</strong></span> <span class='ocrx_word' id='word_1_377' title='bbox 723 2071 876 2102; x_wconf 86' lang='lat' dir='ltr'><strong>animam.</strong></span> <span class='ocrx_word' id='word_1_378' title='bbox 904 2070 992 2110; x_wconf 88' lang='lat' dir='ltr'><strong>Ergo</strong></span> <span class='ocrx_word' id='word_1_379' title='bbox 1024 2069 1194 2110; x_wconf 85' lang='lat' dir='ltr'><strong>cognoscit</strong></span> <span class='ocrx_word' id='word_1_380' title='bbox 1221 2078 1259 2099; x_wconf 90' lang='lat' dir='ltr'><strong>ea</strong></span> <span class='ocrx_word' id='word_1_381' title='bbox 1281 2077 1366 2109; x_wconf 88' lang='lat' dir='ltr'><strong>quae</strong></span> 
     </span>
     <span class='ocr_line' id='line_1_57' title="bbox 287 2113 1366 2156; baseline -0.005 -8"><span class='ocrx_word' id='word_1_382' title='bbox 287 2122 364 2148; x_wconf 87' lang='lat' dir='ltr'><strong>sunt</strong></span> <span class='ocrx_word' id='word_1_383' title='bbox 387 2117 421 2148; x_wconf 91' lang='lat' dir='ltr'><strong>in</strong></span> <span class='ocrx_word' id='word_1_384' title='bbox 444 2116 612 2147; x_wconf 86' lang='lat' dir='ltr'><strong>voluntate</strong></span> <span class='ocrx_word' id='word_1_385' title='bbox 643 2121 675 2146; x_wconf 92' lang='lat' dir='ltr'><strong>et</strong></span> <span class='ocrx_word' id='word_1_386' title='bbox 705 2116 737 2146; x_wconf 93' lang='lat' dir='ltr'><strong>in</strong></span> <span class='ocrx_word' id='word_1_387' title='bbox 769 2115 977 2156; x_wconf 82' lang='lat' dir='ltr'><strong>cogitan&#39;one.</strong></span> <span class='ocrx_word' id='word_1_388' title='bbox 1001 2133 1024 2137; x_wconf 98' lang='lat'><em>-</em></span> <span class='ocrx_word' id='word_1_389' title='bbox 1047 2114 1137 2145; x_wconf 88' lang='lat' dir='ltr'><strong>Patet</strong></span> <span class='ocrx_word' id='word_1_390' title='bbox 1161 2113 1366 2144; x_wconf 89' lang='lat' dir='ltr'><strong>antecedens.</strong></span> 
     </span>
    </p>
   </div>
   <div class='ocr_carea' id='block_1_15' title="bbox 289 2157 1395 2202">
    <p class='ocr_par' dir='ltr' id='par_1_21' title="bbox 289 2157 1395 2202">
     <span class='ocr_line' id='line_1_58' title="bbox 289 2157 1395 2202; baseline -0.005 -9"><span class='ocrx_word' id='word_1_391' title='bbox 289 2161 386 2201; x_wconf 87' lang='lat' dir='ltr'><strong>Quia,</strong></span> <span class='ocrx_word' id='word_1_392' title='bbox 411 2167 447 2192; x_wconf 91' lang='lat' dir='ltr'><strong>ut</strong></span> <span class='ocrx_word' id='word_1_393' title='bbox 469 2170 568 2202; x_wconf 88' lang='lat' dir='ltr'><strong>supra</strong></span> <span class='ocrx_word' id='word_1_394' title='bbox 591 2160 715 2191; x_wconf 90' lang='lat' dir='ltr'><strong>dictum</strong></span> <span class='ocrx_word' id='word_1_395' title='bbox 731 2165 788 2196; x_wconf 87' lang='lat' dir='ltr'><strong>est,</strong></span> <span class='ocrx_word' id='word_1_396' title='bbox 806 2169 905 2190; x_wconf 90' lang='lat' dir='ltr'><strong>omne</strong></span> <span class='ocrx_word' id='word_1_397' title='bbox 921 2159 1012 2200; x_wconf 90' lang='lat' dir='ltr'><strong>quod</strong></span> <span class='ocrx_word' id='word_1_398' title='bbox 1036 2167 1249 2200; x_wconf 89' lang='lat' dir='ltr'><strong>quocumque</strong></span> <span class='ocrx_word' id='word_1_399' title='bbox 1265 2157 1366 2189; x_wconf 92' lang='lat' dir='ltr'><strong>modo</strong></span> <span class='ocrx_word' id='word_1_400' title='bbox 1391 2166 1395 2172; x_wconf 90' lang='lat'>·</span> 
     </span>
    </p>
   </div>
   <div class='ocr_carea' id='block_1_16' title="bbox 248 2203 1372 3721">
    <p class='ocr_par' dir='ltr' id='par_1_22' title="bbox 287 2203 1368 2380">
     <span class='ocr_line' id='line_1_59' title="bbox 289 2203 1367 2248; baseline -0.005 -10"><span class='ocrx_word' id='word_1_401' title='bbox 289 2212 338 2238; x_wconf 91' lang='lat' dir='ltr'><strong>est</strong></span> <span class='ocrx_word' id='word_1_402' title='bbox 364 2206 574 2248; x_wconf 82' lang='lat' dir='ltr'><strong>cognoscitur</strong></span> <span class='ocrx_word' id='word_1_403' title='bbox 603 2215 622 2235; x_wconf 92' lang='lat' dir='ltr'><strong>a</strong></span> <span class='ocrx_word' id='word_1_404' title='bbox 651 2205 735 2241; x_wconf 92' lang='lat' dir='ltr'><strong>Deo,</strong></span> <span class='ocrx_word' id='word_1_405' title='bbox 760 2205 955 2245; x_wconf 87' lang='lat' dir='ltr'><strong>inquantum</strong></span> <span class='ocrx_word' id='word_1_406' title='bbox 986 2213 1078 2235; x_wconf 91' lang='lat' dir='ltr'><strong>suam</strong></span> <span class='ocrx_word' id='word_1_407' title='bbox 1109 2203 1281 2234; x_wconf 85' lang='lat' dir='ltr'><strong>essentiam</strong></span> <span class='ocrx_word' id='word_1_408' title='bbox 1312 2212 1367 2233; x_wconf 92' lang='lat' dir='ltr'><strong>co-</strong></span> 
     </span>
     <span class='ocr_line' id='line_1_60' title="bbox 287 2247 1368 2292; baseline -0.004 -10"><span class='ocrx_word' id='word_1_409' title='bbox 287 2251 426 2292; x_wconf 83' lang='lat' dir='ltr'><strong>gnoscit.</strong></span> <span class='ocrx_word' id='word_1_410' title='bbox 450 2251 518 2281; x_wconf 91' lang='lat' dir='ltr'><strong>Ens</strong></span> <span class='ocrx_word' id='word_1_411' title='bbox 549 2255 659 2281; x_wconf 89' lang='lat' dir='ltr'><strong>autem</strong></span> <span class='ocrx_word' id='word_1_412' title='bbox 683 2249 851 2290; x_wconf 88' lang='lat' dir='ltr'><strong>quoddam</strong></span> <span class='ocrx_word' id='word_1_413' title='bbox 881 2255 929 2280; x_wconf 92' lang='lat' dir='ltr'><strong>est</strong></span> <span class='ocrx_word' id='word_1_414' title='bbox 955 2249 989 2279; x_wconf 93' lang='lat' dir='ltr'><strong>in</strong></span> <span class='ocrx_word' id='word_1_415' title='bbox 1013 2249 1121 2290; x_wconf 81' lang='lat' dir='ltr'><strong>anima</strong></span> <span class='ocrx_word' id='word_1_416' title='bbox 1144 2254 1176 2279; x_wconf 88' lang='lat' dir='ltr'><strong>et</strong></span> <span class='ocrx_word' id='word_1_417' title='bbox 1199 2247 1368 2288; x_wconf 91' lang='lat' dir='ltr'><strong>quoddam</strong></span> 
     </span>
     <span class='ocr_line' id='line_1_61' title="bbox 288 2289 1368 2335; baseline -0.006 -7"><span class='ocrx_word' id='word_1_418' title='bbox 288 2302 378 2328; x_wconf 83' lang='lat' dir='ltr'><strong>extra</strong></span> <span class='ocrx_word' id='word_1_419' title='bbox 400 2296 552 2327; x_wconf 85' lang='lat' dir='ltr'><strong>animam.</strong></span> <span class='ocrx_word' id='word_1_420' title='bbox 580 2313 603 2318; x_wconf 90' lang='lat'>-</span> <span class='ocrx_word' id='word_1_421' title='bbox 630 2294 876 2335; x_wconf 90' lang='lat' dir='ltr'><strong>Consequentia</strong></span> <span class='ocrx_word' id='word_1_422' title='bbox 898 2303 977 2325; x_wconf 87' lang='lat' dir='ltr'><strong>vero</strong></span> <span class='ocrx_word' id='word_1_423' title='bbox 1007 2289 1172 2334; x_wconf 65' lang='lat' dir='ltr'><strong>probatur.</strong></span> <span class='ocrx_word' id='word_1_424' title='bbox 1201 2293 1288 2331; x_wconf 89' lang='lat' dir='ltr'><strong>Quia</strong></span> <span class='ocrx_word' id='word_1_425' title='bbox 1311 2301 1368 2323; x_wconf 90' lang='lat' dir='ltr'><strong>ens</strong></span> 
     </span>
     <span class='ocr_line' id='line_1_62' title="bbox 288 2338 1247 2380; baseline -0.006 -6"><span class='ocrx_word' id='word_1_426' title='bbox 288 2341 324 2374; x_wconf 82' lang='lat' dir='ltr'><strong>in</strong></span> <span class='ocrx_word' id='word_1_427' title='bbox 346 2341 455 2373; x_wconf 83' lang='lat' dir='ltr'><strong>anima</strong></span> <span class='ocrx_word' id='word_1_428' title='bbox 477 2346 526 2372; x_wconf 89' lang='lat' dir='ltr'><strong>est</strong></span> <span class='ocrx_word' id='word_1_429' title='bbox 549 2339 641 2380; x_wconf 92' lang='lat' dir='ltr'><strong>quod</strong></span> <span class='ocrx_word' id='word_1_430' title='bbox 664 2345 711 2370; x_wconf 90' lang='lat' dir='ltr'><strong>est</strong></span> <span class='ocrx_word' id='word_1_431' title='bbox 734 2340 768 2370; x_wconf 91' lang='lat' dir='ltr'><strong>in</strong></span> <span class='ocrx_word' id='word_1_432' title='bbox 792 2339 990 2380; x_wconf 85' lang='lat' dir='ltr'><strong>cogitatione</strong></span> <span class='ocrx_word' id='word_1_433' title='bbox 1015 2344 1046 2369; x_wconf 88' lang='lat' dir='ltr'><strong>et</strong></span> <span class='ocrx_word' id='word_1_434' title='bbox 1069 2338 1247 2369; x_wconf 89' lang='lat' dir='ltr'><strong>voluntate.</strong></span> 
     </span>
    </p>

    <p class='ocr_par' dir='ltr' id='par_1_23' title="bbox 248 2381 1370 3050">
     <span class='ocr_line' id='line_1_63' title="bbox 345 2381 1370 2426; baseline -0.005 -9"><span class='ocrx_word' id='word_1_435' title='bbox 345 2385 487 2417; x_wconf 84' lang='lat' dir='ltr'><strong>Adverte</strong></span> <span class='ocrx_word' id='word_1_436' title='bbox 510 2384 603 2426; x_wconf 91' lang='lat' dir='ltr'><strong>quod</strong></span> <span class='ocrx_word' id='word_1_437' title='bbox 624 2390 715 2415; x_wconf 92' lang='lat' dir='ltr'><strong>actus</strong></span> <span class='ocrx_word' id='word_1_438' title='bbox 738 2384 922 2415; x_wconf 89' lang='lat' dir='ltr'><strong>intellectus</strong></span> <span class='ocrx_word' id='word_1_439' title='bbox 945 2389 977 2414; x_wconf 91' lang='lat' dir='ltr'><strong>et</strong></span> <span class='ocrx_word' id='word_1_440' title='bbox 1001 2383 1176 2414; x_wconf 89' lang='lat' dir='ltr'><strong>voluntatis</strong></span> <span class='ocrx_word' id='word_1_441' title='bbox 1199 2381 1370 2423; x_wconf 85' lang='lat' dir='ltr'><strong>dupliciter</strong></span> 
     </span>
     <span class='ocr_line' id='line_1_64' title="bbox 289 2426 1370 2472; baseline -0.006 -10"><span class='ocrx_word' id='word_1_442' title='bbox 289 2436 429 2472; x_wconf 84' lang='lat' dir='ltr'><strong>possunt</strong></span> <span class='ocrx_word' id='word_1_443' title='bbox 456 2429 665 2461; x_wconf 83' lang='lat' dir='ltr'><strong>considerari:</strong></span> <span class='ocrx_word' id='word_1_444' title='bbox 697 2439 765 2460; x_wconf 93' lang='lat' dir='ltr'><strong>uno</strong></span> <span class='ocrx_word' id='word_1_445' title='bbox 798 2428 911 2465; x_wconf 89' lang='lat' dir='ltr'><strong>modo,</strong></span> <span class='ocrx_word' id='word_1_446' title='bbox 944 2428 1102 2464; x_wconf 88' lang='lat' dir='ltr'><strong>absolute,</strong></span> <span class='ocrx_word' id='word_1_447' title='bbox 1126 2433 1162 2458; x_wconf 93' lang='lat' dir='ltr'><strong>ut</strong></span> <span class='ocrx_word' id='word_1_448' title='bbox 1192 2426 1370 2458; x_wconf 91' lang='lat' dir='ltr'><strong>accidentia</strong></span> 
     </span>
     <span class='ocr_line' id='line_1_65' title="bbox 290 2471 1370 2512; baseline -0.006 -5"><span class='ocrx_word' id='word_1_449' title='bbox 290 2476 418 2508; x_wconf 90' lang='lat' dir='ltr'><strong>animae</strong></span> <span class='ocrx_word' id='word_1_450' title='bbox 441 2479 530 2512; x_wconf 89' lang='lat' dir='ltr'><strong>sunt;</strong></span> <span class='ocrx_word' id='word_1_451' title='bbox 554 2474 619 2505; x_wconf 92' lang='lat' dir='ltr'><strong>alio</strong></span> <span class='ocrx_word' id='word_1_452' title='bbox 643 2473 757 2510; x_wconf 88' lang='lat' dir='ltr'><strong>modo,</strong></span> <span class='ocrx_word' id='word_1_453' title='bbox 774 2479 810 2504; x_wconf 91' lang='lat' dir='ltr'><strong>ut</strong></span> <span class='ocrx_word' id='word_1_454' title='bbox 829 2473 869 2504; x_wconf 91' lang='lat' dir='ltr'><strong>ad</strong></span> <span class='ocrx_word' id='word_1_455' title='bbox 885 2473 1013 2504; x_wconf 91' lang='lat' dir='ltr'><strong>obiecta</strong></span> <span class='ocrx_word' id='word_1_456' title='bbox 1035 2473 1258 2503; x_wconf 87' lang='lat' dir='ltr'><strong>terminantur.</strong></span> <span class='ocrx_word' id='word_1_457' title='bbox 1283 2471 1370 2509; x_wconf 90' lang='lat' dir='ltr'><strong>Quia</strong></span> 
     </span>
     <span class='ocr_line' id='line_1_66' title="bbox 290 2517 1369 2562; baseline -0.005 -11"><span class='ocrx_word' id='word_1_458' title='bbox 290 2530 368 2562; x_wconf 89' lang='lat' dir='ltr'><strong>ergo</strong></span> <span class='ocrx_word' id='word_1_459' title='bbox 392 2520 482 2551; x_wconf 92' lang='lat' dir='ltr'><strong>Deus</strong></span> <span class='ocrx_word' id='word_1_460' title='bbox 504 2529 573 2550; x_wconf 92' lang='lat' dir='ltr'><strong>non</strong></span> <span class='ocrx_word' id='word_1_461' title='bbox 596 2519 705 2550; x_wconf 92' lang='lat' dir='ltr'><strong>solum</strong></span> <span class='ocrx_word' id='word_1_462' title='bbox 729 2519 899 2559; x_wconf 87' lang='lat' dir='ltr'><strong>cognoscit</strong></span> <span class='ocrx_word' id='word_1_463' title='bbox 927 2519 1032 2558; x_wconf 78' lang='lat' dir='ltr'><strong>ipsam</strong></span> <span class='ocrx_word' id='word_1_464' title='bbox 1063 2522 1196 2548; x_wconf 88' lang='lat' dir='ltr'><strong>actuum</strong></span> <span class='ocrx_word' id='word_1_465' title='bbox 1223 2517 1369 2547; x_wconf 90' lang='lat' dir='ltr'><strong>substan-</strong></span> 
     </span>
     <span class='ocr_line' id='line_1_67' title="bbox 290 2561 1369 2604; baseline -0.005 -8"><span class='ocrx_word' id='word_1_466' title='bbox 290 2567 380 2602; x_wconf 84' lang='lat' dir='ltr'><strong>tiam,</strong></span> <span class='ocrx_word' id='word_1_467' title='bbox 397 2564 454 2596; x_wconf 93' lang='lat' dir='ltr'><strong>sed</strong></span> <span class='ocrx_word' id='word_1_468' title='bbox 469 2564 567 2595; x_wconf 88' lang='lat' dir='ltr'><strong>etiam</strong></span> <span class='ocrx_word' id='word_1_469' title='bbox 589 2563 630 2595; x_wconf 86' lang='lat' dir='ltr'><strong>ad</strong></span> <span class='ocrx_word' id='word_1_470' title='bbox 653 2573 738 2604; x_wconf 91' lang='lat' dir='ltr'><strong>quae</strong></span> <span class='ocrx_word' id='word_1_471' title='bbox 762 2564 889 2595; x_wconf 87' lang='lat' dir='ltr'><strong>obiecta</strong></span> <span class='ocrx_word' id='word_1_472' title='bbox 909 2563 956 2594; x_wconf 90' lang='lat' dir='ltr'><strong>illi</strong></span> <span class='ocrx_word' id='word_1_473' title='bbox 979 2567 1070 2593; x_wconf 88' lang='lat' dir='ltr'><strong>actus</strong></span> <span class='ocrx_word' id='word_1_474' title='bbox 1092 2563 1306 2593; x_wconf 85' lang='lat' dir='ltr'><strong>terminentur</strong></span> <span class='ocrx_word' id='word_1_475' title='bbox 1321 2561 1369 2591; x_wconf 92' lang='lat' dir='ltr'><strong>in-</strong></span> 
     </span>
     <span class='ocr_line' id='line_1_68' title="bbox 289 2606 1370 2649; baseline -0.006 -8"><span class='ocrx_word' id='word_1_476' title='bbox 289 2615 410 2646; x_wconf 89' lang='lat' dir='ltr'><strong>tuetur,</strong></span> <span class='ocrx_word' id='word_1_477' title='bbox 433 2608 509 2640; x_wconf 90' lang='lat' dir='ltr'><strong>ideo</strong></span> <span class='ocrx_word' id='word_1_478' title='bbox 539 2608 707 2640; x_wconf 87' lang='lat' dir='ltr'><strong>concludit</strong></span> <span class='ocrx_word' id='word_1_479' title='bbox 729 2608 821 2649; x_wconf 92' lang='lat' dir='ltr'><strong>quod</strong></span> <span class='ocrx_word' id='word_1_480' title='bbox 844 2618 883 2639; x_wconf 82' lang='lat' dir='ltr'><strong>ea</strong></span> <span class='ocrx_word' id='word_1_481' title='bbox 906 2617 991 2648; x_wconf 87' lang='lat' dir='ltr'><strong>quae</strong></span> <span class='ocrx_word' id='word_1_482' title='bbox 1011 2612 1089 2638; x_wconf 82' lang='lat' dir='ltr'><strong>sunt</strong></span> <span class='ocrx_word' id='word_1_483' title='bbox 1111 2607 1144 2637; x_wconf 86' lang='lat' dir='ltr'><strong>in</strong></span> <span class='ocrx_word' id='word_1_484' title='bbox 1169 2606 1370 2648; x_wconf 79' lang='lat' dir='ltr'><strong>cogitatione</strong></span> 
     </span>
     <span class='ocr_line' id='line_1_69' title="bbox 289 2649 1370 2694; baseline -0.005 -8"><span class='ocrx_word' id='word_1_485' title='bbox 289 2660 322 2687; x_wconf 83' lang='lat' dir='ltr'><strong>et</strong></span> <span class='ocrx_word' id='word_1_486' title='bbox 338 2655 507 2686; x_wconf 79' lang='lat' dir='ltr'><strong>voluntate</strong></span> <span class='ocrx_word' id='word_1_487' title='bbox 522 2653 702 2693; x_wconf 87' lang='lat' dir='ltr'><strong>cognoscit,</strong></span> <span class='ocrx_word' id='word_1_488' title='bbox 718 2653 788 2694; x_wconf 87' lang='lat' dir='ltr'><strong>ipsa</strong></span> <span class='ocrx_word' id='word_1_489' title='bbox 803 2653 926 2684; x_wconf 87' lang='lat' dir='ltr'><strong>scilicet</strong></span> <span class='ocrx_word' id='word_1_490' title='bbox 940 2652 1067 2683; x_wconf 91' lang='lat' dir='ltr'><strong>obiecta</strong></span> <span class='ocrx_word' id='word_1_491' title='bbox 1082 2650 1264 2682; x_wconf 88' lang='lat' dir='ltr'><strong>secundum</strong></span> <span class='ocrx_word' id='word_1_492' title='bbox 1279 2649 1370 2691; x_wconf 94' lang='lat' dir='ltr'><strong>quod</strong></span> 
     </span>
     <span class='ocr_line' id='line_1_70' title="bbox 290 2695 1369 2736; baseline -0.006 -4"><span class='ocrx_word' id='word_1_493' title='bbox 290 2700 466 2731; x_wconf 88' lang='lat' dir='ltr'><strong>terminant</strong></span> <span class='ocrx_word' id='word_1_494' title='bbox 488 2704 578 2729; x_wconf 89' lang='lat' dir='ltr'><strong>actus</strong></span> <span class='ocrx_word' id='word_1_495' title='bbox 601 2697 784 2729; x_wconf 88' lang='lat' dir='ltr'><strong>intellectus</strong></span> <span class='ocrx_word' id='word_1_496' title='bbox 808 2703 840 2728; x_wconf 89' lang='lat' dir='ltr'><strong>et</strong></span> <span class='ocrx_word' id='word_1_497' title='bbox 862 2697 1047 2733; x_wconf 88' lang='lat' dir='ltr'><strong>voluntatis,</strong></span> <span class='ocrx_word' id='word_1_498' title='bbox 1064 2695 1156 2736; x_wconf 90' lang='lat' dir='ltr'><strong>quod</strong></span> <span class='ocrx_word' id='word_1_499' title='bbox 1176 2701 1223 2726; x_wconf 89' lang='lat' dir='ltr'><strong>est</strong></span> <span class='ocrx_word' id='word_1_500' title='bbox 1246 2704 1369 2735; x_wconf 86' lang='lat' dir='ltr'><strong>cogno-</strong></span> 
     </span>
     <span class='ocr_line' id='line_1_71' title="bbox 290 2739 1369 2784; baseline -0.006 -9"><span class='ocrx_word' id='word_1_501' title='bbox 290 2754 380 2776; x_wconf 89' lang='lat' dir='ltr'><strong>scere</strong></span> <span class='ocrx_word' id='word_1_502' title='bbox 406 2744 498 2784; x_wconf 88' lang='lat' dir='ltr'><strong>ipsos</strong></span> <span class='ocrx_word' id='word_1_503' title='bbox 523 2748 614 2774; x_wconf 90' lang='lat' dir='ltr'><strong>actus</strong></span> <span class='ocrx_word' id='word_1_504' title='bbox 640 2748 677 2772; x_wconf 94' lang='lat' dir='ltr'><strong>ut</strong></span> <span class='ocrx_word' id='word_1_505' title='bbox 703 2742 743 2773; x_wconf 93' lang='lat' dir='ltr'><strong>ad</strong></span> <span class='ocrx_word' id='word_1_506' title='bbox 770 2742 897 2772; x_wconf 91' lang='lat' dir='ltr'><strong>obiecta</strong></span> <span class='ocrx_word' id='word_1_507' title='bbox 923 2742 1146 2772; x_wconf 88' lang='lat' dir='ltr'><strong>terminantur.</strong></span> <span class='ocrx_word' id='word_1_508' title='bbox 1166 2759 1189 2762; x_wconf 97' lang='lat'><em>-</em></span> <span class='ocrx_word' id='word_1_509' title='bbox 1212 2739 1369 2777; x_wconf 89' lang='lat' dir='ltr'><strong>Quamvis</strong></span> 
     </span>
     <span class='ocr_line' id='line_1_72' title="bbox 291 2784 1369 2829; baseline -0.006 -9"><span class='ocrx_word' id='word_1_510' title='bbox 291 2790 390 2820; x_wconf 87' lang='lat' dir='ltr'><strong>etiarn</strong></span> <span class='ocrx_word' id='word_1_511' title='bbox 412 2792 523 2829; x_wconf 90' lang='lat' dir='ltr'><strong>posset</strong></span> <span class='ocrx_word' id='word_1_512' title='bbox 545 2786 681 2827; x_wconf 88' lang='lat' dir='ltr'><strong>intelligi</strong></span> <span class='ocrx_word' id='word_1_513' title='bbox 705 2786 745 2817; x_wconf 92' lang='lat' dir='ltr'><strong>de</strong></span> <span class='ocrx_word' id='word_1_514' title='bbox 767 2787 845 2827; x_wconf 88' lang='lat' dir='ltr'><strong>ipsis</strong></span> <span class='ocrx_word' id='word_1_515' title='bbox 868 2786 1008 2827; x_wconf 75' lang='lat' dir='ltr'><strong>actibus,</strong></span> <span class='ocrx_word' id='word_1_516' title='bbox 1024 2791 1056 2816; x_wconf 91' lang='lat' dir='ltr'><strong>et</strong></span> <span class='ocrx_word' id='word_1_517' title='bbox 1078 2794 1147 2815; x_wconf 92' lang='lat' dir='ltr'><strong>non</strong></span> <span class='ocrx_word' id='word_1_518' title='bbox 1171 2784 1211 2815; x_wconf 92' lang='lat' dir='ltr'><strong>de</strong></span> <span class='ocrx_word' id='word_1_519' title='bbox 1235 2784 1369 2814; x_wconf 91' lang='lat' dir='ltr'><strong>obiectis</strong></span> 
     </span>
     <span class='ocr_line' id='line_1_73' title="bbox 248 2829 1370 2871; baseline -0.007 -5"><span class='ocrx_word' id='word_1_520' title='bbox 248 2849 250 2852; x_wconf 56' lang='lat'>&gt;</span> <span class='ocrx_word' id='word_1_521' title='bbox 292 2833 488 2865; x_wconf 88' lang='lat' dir='ltr'><strong>immediate.</strong></span> <span class='ocrx_word' id='word_1_522' title='bbox 506 2831 593 2870; x_wconf 92' lang='lat' dir='ltr'><strong>Quia</strong></span> <span class='ocrx_word' id='word_1_523' title='bbox 608 2830 758 2862; x_wconf 91' lang='lat' dir='ltr'><strong>videlicet</strong></span> <span class='ocrx_word' id='word_1_524' title='bbox 781 2831 951 2871; x_wconf 87' lang='lat' dir='ltr'><strong>cognoscit</strong></span> <span class='ocrx_word' id='word_1_525' title='bbox 974 2831 1064 2870; x_wconf 89' lang='lat' dir='ltr'><strong>ipsos</strong></span> <span class='ocrx_word' id='word_1_526' title='bbox 1087 2834 1176 2859; x_wconf 91' lang='lat' dir='ltr'><strong>actus</strong></span> <span class='ocrx_word' id='word_1_527' title='bbox 1200 2829 1370 2859; x_wconf 82' lang='lat' dir='ltr'><strong>existentes</strong></span> 
     </span>
     <span class='ocr_line' id='line_1_74' title="bbox 290 2873 1369 2916; baseline -0.007 -6"><span class='ocrx_word' id='word_1_528' title='bbox 290 2880 327 2910; x_wconf 89' lang='lat' dir='ltr'><strong>in</strong></span> <span class='ocrx_word' id='word_1_529' title='bbox 350 2878 474 2914; x_wconf 85' lang='lat' dir='ltr'><strong>anima;</strong></span> <span class='ocrx_word' id='word_1_530' title='bbox 499 2882 531 2907; x_wconf 91' lang='lat' dir='ltr'><strong>et</strong></span> <span class='ocrx_word' id='word_1_531' title='bbox 554 2876 631 2916; x_wconf 85' lang='lat' dir='ltr'><strong>quia</strong></span> <span class='ocrx_word' id='word_1_532' title='bbox 653 2885 723 2906; x_wconf 91' lang='lat' dir='ltr'><strong>non</strong></span> <span class='ocrx_word' id='word_1_533' title='bbox 746 2880 884 2915; x_wconf 86' lang='lat' dir='ltr'><strong>possunt</strong></span> <span class='ocrx_word' id='word_1_534' title='bbox 906 2874 1048 2915; x_wconf 87' lang='lat' dir='ltr'><strong>perfecte</strong></span> <span class='ocrx_word' id='word_1_535' title='bbox 1068 2874 1223 2914; x_wconf 86' lang='lat' dir='ltr'><strong>cognosci</strong></span> <span class='ocrx_word' id='word_1_536' title='bbox 1238 2873 1299 2903; x_wconf 91' lang='lat' dir='ltr'><strong>nisi</strong></span> <span class='ocrx_word' id='word_1_537' title='bbox 1315 2882 1369 2903; x_wconf 90' lang='lat' dir='ltr'><strong>co-</strong></span> 
     </span>
     <span class='ocr_line' id='line_1_75' title="bbox 292 2918 1370 2964; baseline -0.006 -10"><span class='ocrx_word' id='word_1_538' title='bbox 292 2928 467 2964; x_wconf 85' lang='lat' dir='ltr'><strong>gnoscatur</strong></span> <span class='ocrx_word' id='word_1_539' title='bbox 490 2921 531 2952; x_wconf 87' lang='lat' dir='ltr'><strong>ad</strong></span> <span class='ocrx_word' id='word_1_540' title='bbox 555 2929 638 2961; x_wconf 88' lang='lat' dir='ltr'><strong>quae</strong></span> <span class='ocrx_word' id='word_1_541' title='bbox 662 2920 791 2951; x_wconf 81' lang='lat' dir='ltr'><strong>obiecta</strong></span> <span class='ocrx_word' id='word_1_542' title='bbox 813 2920 1037 2954; x_wconf 86' lang='lat' dir='ltr'><strong>terminentur,</strong></span> <span class='ocrx_word' id='word_1_543' title='bbox 1054 2927 1130 2949; x_wconf 91' lang='lat' dir='ltr'><strong>cum</strong></span> <span class='ocrx_word' id='word_1_544' title='bbox 1145 2918 1184 2948; x_wconf 90' lang='lat' dir='ltr'><strong>ab</strong></span> <span class='ocrx_word' id='word_1_545' title='bbox 1200 2918 1277 2958; x_wconf 92' lang='lat' dir='ltr'><strong>ipsis</strong></span> <span class='ocrx_word' id='word_1_546' title='bbox 1297 2926 1370 2957; x_wconf 92' lang='lat' dir='ltr'><strong>spe-</strong></span> 
     </span>
     <span class='ocr_line' id='line_1_76' title="bbox 292 2962 1370 3003; baseline -0.006 -4"><span class='ocrx_word' id='word_1_547' title='bbox 292 2967 472 3003; x_wconf 90' lang='lat' dir='ltr'><strong>cificentur,</strong></span> <span class='ocrx_word' id='word_1_548' title='bbox 488 2966 564 2997; x_wconf 89' lang='lat' dir='ltr'><strong>ideo</strong></span> <span class='ocrx_word' id='word_1_549' title='bbox 587 2974 720 2996; x_wconf 89' lang='lat' dir='ltr'><strong>necesse</strong></span> <span class='ocrx_word' id='word_1_550' title='bbox 736 2970 784 2996; x_wconf 90' lang='lat' dir='ltr'><strong>est</strong></span> <span class='ocrx_word' id='word_1_551' title='bbox 799 2970 836 2995; x_wconf 94' lang='lat' dir='ltr'><strong>ut</strong></span> <span class='ocrx_word' id='word_1_552' title='bbox 850 2964 940 2994; x_wconf 91' lang='lat' dir='ltr'><strong>Deus</strong></span> <span class='ocrx_word' id='word_1_553' title='bbox 963 2964 1060 2994; x_wconf 86' lang='lat' dir='ltr'><strong>etiam</strong></span> <span class='ocrx_word' id='word_1_554' title='bbox 1080 2962 1120 2992; x_wconf 91' lang='lat' dir='ltr'><strong>ad</strong></span> <span class='ocrx_word' id='word_1_555' title='bbox 1136 2972 1219 3003; x_wconf 89' lang='lat' dir='ltr'><strong>quae</strong></span> <span class='ocrx_word' id='word_1_556' title='bbox 1243 2962 1370 2993; x_wconf 90' lang='lat' dir='ltr'><strong>obiecta</strong></span> 
     </span>
     <span class='ocr_line' id='line_1_77' title="bbox 293 3012 717 3050; baseline -0.009 -7"><span class='ocrx_word' id='word_1_557' title='bbox 293 3012 508 3043; x_wconf 90' lang='lat' dir='ltr'><strong>terminentur</strong></span> <span class='ocrx_word' id='word_1_558' title='bbox 531 3014 717 3050; x_wconf 89' lang='lat' dir='ltr'><strong>cognoscat.</strong></span> 
     </span>
    </p>

    <p class='ocr_par' dir='ltr' id='par_1_24' title="bbox 292 3050 1372 3534">
     <span class='ocr_line' id='line_1_78' title="bbox 349 3050 1369 3091; baseline -0.007 -4"><span class='ocrx_word' id='word_1_559' title='bbox 349 3056 387 3087; x_wconf 92' lang='lat'><strong>11.</strong></span> <span class='ocrx_word' id='word_1_560' title='bbox 411 3055 571 3086; x_wconf 85' lang='lat' dir='ltr'><strong>Secundo.</strong></span> <span class='ocrx_word' id='word_1_561' title='bbox 599 3054 662 3085; x_wconf 91' lang='lat' dir='ltr'><strong>Dei</strong></span> <span class='ocrx_word' id='word_1_562' title='bbox 685 3053 853 3084; x_wconf 89' lang='lat' dir='ltr'><strong>causalitas</strong></span> <span class='ocrx_word' id='word_1_563' title='bbox 883 3051 1066 3083; x_wconf 90' lang='lat' dir='ltr'><strong>extenditur</strong></span> <span class='ocrx_word' id='word_1_564' title='bbox 1094 3050 1135 3081; x_wconf 87' lang='lat' dir='ltr'><strong>ad</strong></span> <span class='ocrx_word' id='word_1_565' title='bbox 1165 3051 1369 3091; x_wconf 89' lang='lat' dir='ltr'><strong>operationes</strong></span> 
     </span>
     <span class='ocr_line' id='line_1_79' title="bbox 292 3095 1371 3137; baseline -0.006 -5"><span class='ocrx_word' id='word_1_566' title='bbox 292 3101 477 3132; x_wconf 88' lang='lat' dir='ltr'><strong>intellectus</strong></span> <span class='ocrx_word' id='word_1_567' title='bbox 507 3105 538 3130; x_wconf 91' lang='lat' dir='ltr'><strong>et</strong></span> <span class='ocrx_word' id='word_1_568' title='bbox 566 3099 752 3130; x_wconf 87' lang='lat' dir='ltr'><strong>voluntatis.</strong></span> <span class='ocrx_word' id='word_1_569' title='bbox 784 3097 870 3137; x_wconf 90' lang='lat' dir='ltr'><strong>Ergo</strong></span> <span class='ocrx_word' id='word_1_570' title='bbox 903 3102 935 3127; x_wconf 91' lang='lat' dir='ltr'><strong>et</strong></span> <span class='ocrx_word' id='word_1_571' title='bbox 964 3097 1026 3126; x_wconf 92' lang='lat' dir='ltr'><strong>Dei</strong></span> <span class='ocrx_word' id='word_1_572' title='bbox 1057 3096 1212 3136; x_wconf 87' lang='lat' dir='ltr'><strong>cognitio.</strong></span> <span class='ocrx_word' id='word_1_573' title='bbox 1236 3114 1258 3118; x_wconf 89' lang='lat'><strong>—</strong></span> <span class='ocrx_word' id='word_1_574' title='bbox 1279 3095 1371 3126; x_wconf 90' lang='lat' dir='ltr'><strong>Patet</strong></span> 
     </span>
     <span class='ocr_line' id='line_1_80' title="bbox 295 3139 1370 3186; baseline -0.007 -9"><span class='ocrx_word' id='word_1_575' title='bbox 295 3145 539 3186; x_wconf 89' lang='lat' dir='ltr'><strong>consequentia.</strong></span> <span class='ocrx_word' id='word_1_576' title='bbox 568 3144 655 3182; x_wconf 90' lang='lat' dir='ltr'><strong>Quia</strong></span> <span class='ocrx_word' id='word_1_577' title='bbox 677 3143 777 3178; x_wconf 90' lang='lat' dir='ltr'><strong>Deus,</strong></span> <span class='ocrx_word' id='word_1_578' title='bbox 802 3142 974 3172; x_wconf 88' lang='lat' dir='ltr'><strong>essentiam</strong></span> <span class='ocrx_word' id='word_1_579' title='bbox 1003 3150 1096 3171; x_wconf 91' lang='lat' dir='ltr'><strong>suam</strong></span> <span class='ocrx_word' id='word_1_580' title='bbox 1128 3139 1370 3180; x_wconf 86' lang='lat' dir='ltr'><strong>cognoscendo,</strong></span> 
     </span>
     <span class='ocr_line' id='line_1_81' title="bbox 293 3184 1370 3231; baseline -0.007 -9"><span class='ocrx_word' id='word_1_581' title='bbox 293 3190 466 3231; x_wconf 87' lang='lat' dir='ltr'><strong>cognoscit</strong></span> <span class='ocrx_word' id='word_1_582' title='bbox 481 3189 592 3220; x_wconf 85' lang='lat' dir='ltr'><strong>omnia</strong></span> <span class='ocrx_word' id='word_1_583' title='bbox 607 3188 648 3219; x_wconf 87' lang='lat' dir='ltr'><strong>ad</strong></span> <span class='ocrx_word' id='word_1_584' title='bbox 664 3197 749 3228; x_wconf 91' lang='lat' dir='ltr'><strong>quae</strong></span> <span class='ocrx_word' id='word_1_585' title='bbox 764 3197 822 3217; x_wconf 90' lang='lat' dir='ltr'><strong>sua</strong></span> <span class='ocrx_word' id='word_1_586' title='bbox 842 3186 1010 3217; x_wconf 88' lang='lat' dir='ltr'><strong>causalitas</strong></span> <span class='ocrx_word' id='word_1_587' title='bbox 1026 3184 1216 3216; x_wconf 87' lang='lat' dir='ltr'><strong>extenditur.</strong></span> <span class='ocrx_word' id='word_1_588' title='bbox 1232 3203 1254 3207; x_wconf 88' lang='lat'><em>-</em></span> <span class='ocrx_word' id='word_1_589' title='bbox 1270 3185 1370 3215; x_wconf 88' lang='lat' dir='ltr'><strong>Ante-</strong></span> 
     </span>
     <span class='ocr_line' id='line_1_82' title="bbox 294 3229 1371 3274; baseline -0.007 -7"><span class='ocrx_word' id='word_1_590' title='bbox 294 3235 414 3267; x_wconf 89' lang='lat' dir='ltr'><strong>cedens</strong></span> <span class='ocrx_word' id='word_1_591' title='bbox 438 3244 515 3265; x_wconf 89' lang='lat' dir='ltr'><strong>vero</strong></span> <span class='ocrx_word' id='word_1_592' title='bbox 539 3234 704 3274; x_wconf 87' lang='lat' dir='ltr'><strong>probatur.</strong></span> <span class='ocrx_word' id='word_1_593' title='bbox 729 3232 818 3263; x_wconf 89' lang='lat' dir='ltr'><strong>Deus</strong></span> <span class='ocrx_word' id='word_1_594' title='bbox 842 3236 890 3262; x_wconf 88' lang='lat' dir='ltr'><strong>est</strong></span> <span class='ocrx_word' id='word_1_595' title='bbox 913 3230 1035 3262; x_wconf 82' lang='lat' dir='ltr'><strong>fontale</strong></span> <span class='ocrx_word' id='word_1_596' title='bbox 1058 3230 1255 3270; x_wconf 89' lang='lat' dir='ltr'><strong>principium</strong></span> <span class='ocrx_word' id='word_1_597' title='bbox 1271 3229 1371 3260; x_wconf 90' lang='lat' dir='ltr'><strong>totius</strong></span> 
     </span>
     <span class='ocr_line' id='line_1_83' title="bbox 294 3274 1371 3320; baseline -0.007 -9"><span class='ocrx_word' id='word_1_598' title='bbox 294 3290 376 3317; x_wconf 89' lang='lat' dir='ltr'><strong>esse,</strong></span> <span class='ocrx_word' id='word_1_599' title='bbox 393 3289 411 3310; x_wconf 93' lang='lat' dir='ltr'><strong>a</strong></span> <span class='ocrx_word' id='word_1_600' title='bbox 428 3289 495 3320; x_wconf 91' lang='lat' dir='ltr'><strong>quo</strong></span> <span class='ocrx_word' id='word_1_601' title='bbox 520 3283 568 3309; x_wconf 89' lang='lat' dir='ltr'><strong>est</strong></span> <span class='ocrx_word' id='word_1_602' title='bbox 591 3278 698 3308; x_wconf 91' lang='lat' dir='ltr'><strong>omnis</strong></span> <span class='ocrx_word' id='word_1_603' title='bbox 722 3276 836 3307; x_wconf 85' lang='lat' dir='ltr'><strong>forma.</strong></span> <span class='ocrx_word' id='word_1_604' title='bbox 861 3276 948 3316; x_wconf 90' lang='lat' dir='ltr'><strong>Ergo</strong></span> <span class='ocrx_word' id='word_1_605' title='bbox 972 3280 1019 3305; x_wconf 87' lang='lat' dir='ltr'><strong>est</strong></span> <span class='ocrx_word' id='word_1_606' title='bbox 1043 3274 1150 3305; x_wconf 91' lang='lat' dir='ltr'><strong>omnis</strong></span> <span class='ocrx_word' id='word_1_607' title='bbox 1173 3274 1371 3314; x_wconf 89' lang='lat' dir='ltr'><strong>operationis</strong></span> 
     </span>
     <span class='ocr_line' id='line_1_84' title="bbox 294 3319 1372 3365; baseline -0.008 -9"><span class='ocrx_word' id='word_1_608' title='bbox 294 3325 504 3365; x_wconf 88' lang='lat' dir='ltr'><strong>principium.</strong></span> <span class='ocrx_word' id='word_1_609' title='bbox 528 3323 620 3354; x_wconf 90' lang='lat' dir='ltr'><strong>Patet</strong></span> <span class='ocrx_word' id='word_1_610' title='bbox 643 3321 890 3362; x_wconf 89' lang='lat' dir='ltr'><strong>consequentia:</strong></span> <span class='ocrx_word' id='word_1_611' title='bbox 915 3320 991 3360; x_wconf 89' lang='lat' dir='ltr'><strong>quia</strong></span> <span class='ocrx_word' id='word_1_612' title='bbox 1014 3319 1121 3349; x_wconf 90' lang='lat' dir='ltr'><strong>omnis</strong></span> <span class='ocrx_word' id='word_1_613' title='bbox 1143 3327 1193 3348; x_wconf 90' lang='lat' dir='ltr'><strong>res</strong></span> <span class='ocrx_word' id='word_1_614' title='bbox 1220 3323 1372 3358; x_wconf 87' lang='lat' dir='ltr'><strong>operatur</strong></span> 
     </span>
     <span class='ocr_line' id='line_1_85' title="bbox 295 3363 1370 3410; baseline -0.007 -10"><span class='ocrx_word' id='word_1_615' title='bbox 295 3378 354 3410; x_wconf 92' lang='lat' dir='ltr'><strong>per</strong></span> <span class='ocrx_word' id='word_1_616' title='bbox 377 3368 528 3405; x_wconf 86' lang='lat' dir='ltr'><strong>formam,</strong></span> <span class='ocrx_word' id='word_1_617' title='bbox 544 3378 563 3398; x_wconf 92' lang='lat' dir='ltr'><strong>a</strong></span> <span class='ocrx_word' id='word_1_618' title='bbox 583 3377 648 3408; x_wconf 90' lang='lat' dir='ltr'><strong>qua</strong></span> <span class='ocrx_word' id='word_1_619' title='bbox 671 3372 719 3397; x_wconf 88' lang='lat' dir='ltr'><strong>est</strong></span> <span class='ocrx_word' id='word_1_620' title='bbox 742 3375 811 3397; x_wconf 91' lang='lat' dir='ltr'><strong>esse</strong></span> <span class='ocrx_word' id='word_1_621' title='bbox 834 3366 894 3401; x_wconf 88' lang='lat' dir='ltr'><strong>rei;</strong></span> <span class='ocrx_word' id='word_1_622' title='bbox 919 3363 1052 3395; x_wconf 88' lang='lat' dir='ltr'><strong>effectus</strong></span> <span class='ocrx_word' id='word_1_623' title='bbox 1076 3368 1185 3393; x_wconf 87' lang='lat' dir='ltr'><strong>autem</strong></span> <span class='ocrx_word' id='word_1_624' title='bbox 1202 3372 1370 3393; x_wconf 87' lang='lat' dir='ltr'><strong>causarum</strong></span> 
     </span>
     <span class='ocr_line' id='line_1_86' title="bbox 296 3409 1371 3454; baseline -0.007 -10"><span class='ocrx_word' id='word_1_625' title='bbox 296 3415 331 3444; x_wconf 91' lang='lat' dir='ltr'><strong>in</strong></span> <span class='ocrx_word' id='word_1_626' title='bbox 345 3415 464 3454; x_wconf 87' lang='lat' dir='ltr'><strong>primas</strong></span> <span class='ocrx_word' id='word_1_627' title='bbox 481 3423 593 3443; x_wconf 90' lang='lat' dir='ltr'><strong>causas</strong></span> <span class='ocrx_word' id='word_1_628' title='bbox 609 3411 818 3452; x_wconf 89' lang='lat' dir='ltr'><strong>principalius</strong></span> <span class='ocrx_word' id='word_1_629' title='bbox 837 3410 1049 3444; x_wconf 88' lang='lat' dir='ltr'><strong>reducuntur;</strong></span> <span class='ocrx_word' id='word_1_630' title='bbox 1074 3417 1151 3448; x_wconf 87' lang='lat' dir='ltr'><strong>ergo</strong></span> <span class='ocrx_word' id='word_1_631' title='bbox 1168 3409 1276 3438; x_wconf 90' lang='lat' dir='ltr'><strong>omnis</strong></span> <span class='ocrx_word' id='word_1_632' title='bbox 1292 3417 1371 3447; x_wconf 91' lang='lat' dir='ltr'><strong>ope-</strong></span> 
     </span>
     <span class='ocr_line' id='line_1_87' title="bbox 295 3453 1372 3497; baseline -0.007 -7"><span class='ocrx_word' id='word_1_633' title='bbox 295 3459 377 3490; x_wconf 88' lang='lat' dir='ltr'><strong>ratio</strong></span> <span class='ocrx_word' id='word_1_634' title='bbox 401 3458 640 3497; x_wconf 88' lang='lat' dir='ltr'><strong>cuiuscumque</strong></span> <span class='ocrx_word' id='word_1_635' title='bbox 670 3456 794 3488; x_wconf 85' lang='lat' dir='ltr'><strong>formae</strong></span> <span class='ocrx_word' id='word_1_636' title='bbox 824 3455 987 3486; x_wconf 90' lang='lat' dir='ltr'><strong>reducitur</strong></span> <span class='ocrx_word' id='word_1_637' title='bbox 1016 3454 1049 3483; x_wconf 90' lang='lat' dir='ltr'><strong>in</strong></span> <span class='ocrx_word' id='word_1_638' title='bbox 1079 3453 1218 3492; x_wconf 88' lang='lat' dir='ltr'><strong>primam</strong></span> <span class='ocrx_word' id='word_1_639' title='bbox 1242 3461 1372 3483; x_wconf 88' lang='lat' dir='ltr'><strong>causam</strong></span> 
     </span>
     <span class='ocr_line' id='line_1_88' title="bbox 294 3502 564 3534; baseline -0.007 0"><span class='ocrx_word' id='word_1_640' title='bbox 294 3503 405 3534; x_wconf 89' lang='lat' dir='ltr'><strong>omnis</strong></span> <span class='ocrx_word' id='word_1_641' title='bbox 429 3502 564 3533; x_wconf 87' lang='lat' dir='ltr'><strong>formae.</strong></span> 
     </span>
    </p>

    <p class='ocr_par' dir='ltr' id='par_1_25' title="bbox 295 3542 1372 3721">
     <span class='ocr_line' id='line_1_89' title="bbox 354 3542 1372 3586; baseline -0.008 -8"><span class='ocrx_word' id='word_1_642' title='bbox 354 3547 407 3578; x_wconf 89' lang='lat'><strong>111.</strong></span> <span class='ocrx_word' id='word_1_643' title='bbox 428 3547 548 3578; x_wconf 86' lang='lat' dir='ltr'><strong>Tertio.</strong></span> <span class='ocrx_word' id='word_1_644' title='bbox 566 3546 746 3586; x_wconf 84' lang='lat' dir='ltr'><strong>Intelligere</strong></span> <span class='ocrx_word' id='word_1_645' title='bbox 762 3544 910 3575; x_wconf 90' lang='lat' dir='ltr'><strong>divinum</strong></span> <span class='ocrx_word' id='word_1_646' title='bbox 933 3548 980 3573; x_wconf 88' lang='lat' dir='ltr'><strong>est</strong></span> <span class='ocrx_word' id='word_1_647' title='bbox 1002 3542 1154 3582; x_wconf 87' lang='lat' dir='ltr'><strong>primum,</strong></span> <span class='ocrx_word' id='word_1_648' title='bbox 1172 3546 1204 3571; x_wconf 91' lang='lat' dir='ltr'><strong>et</strong></span> <span class='ocrx_word' id='word_1_649' title='bbox 1218 3550 1276 3581; x_wconf 90' lang='lat' dir='ltr'><strong>per</strong></span> <span class='ocrx_word' id='word_1_650' title='bbox 1291 3550 1372 3571; x_wconf 91' lang='lat' dir='ltr'><strong>con-</strong></span> 
     </span>
     <span class='ocr_line' id='line_1_90' title="bbox 297 3586 1372 3633; baseline -0.008 -10"><span class='ocrx_word' id='word_1_651' title='bbox 297 3601 439 3633; x_wconf 89' lang='lat' dir='ltr'><strong>sequens</strong></span> <span class='ocrx_word' id='word_1_652' title='bbox 455 3601 552 3622; x_wconf 86' lang='lat' dir='ltr'><strong>causa</strong></span> <span class='ocrx_word' id='word_1_653' title='bbox 567 3591 674 3622; x_wconf 90' lang='lat' dir='ltr'><strong>omnis</strong></span> <span class='ocrx_word' id='word_1_654' title='bbox 696 3588 921 3620; x_wconf 89' lang='lat' dir='ltr'><strong>intellectualis</strong></span> <span class='ocrx_word' id='word_1_655' title='bbox 942 3587 1152 3627; x_wconf 90' lang='lat' dir='ltr'><strong>operationis:</strong></span> <span class='ocrx_word' id='word_1_656' title='bbox 1177 3586 1260 3616; x_wconf 91' lang='lat' dir='ltr'><strong>sicut</strong></span> <span class='ocrx_word' id='word_1_657' title='bbox 1275 3594 1372 3616; x_wconf 92' lang='lat' dir='ltr'><strong>suum</strong></span> 
     </span>
     <span class='ocr_line' id='line_1_91' title="bbox 296 3629 1371 3677; baseline -0.007 -10"><span class='ocrx_word' id='word_1_658' title='bbox 296 3645 369 3667; x_wconf 84' lang='lat' dir='ltr'><strong>esse</strong></span> <span class='ocrx_word' id='word_1_659' title='bbox 393 3642 440 3667; x_wconf 90' lang='lat' dir='ltr'><strong>est</strong></span> <span class='ocrx_word' id='word_1_660' title='bbox 463 3637 616 3677; x_wconf 89' lang='lat' dir='ltr'><strong>primum,</strong></span> <span class='ocrx_word' id='word_1_661' title='bbox 634 3638 676 3666; x_wconf 73' lang='lat' dir='ltr'><strong>et·</strong></span> <span class='ocrx_word' id='word_1_662' title='bbox 688 3644 784 3665; x_wconf 89' lang='lat' dir='ltr'><strong>causa</strong></span> <span class='ocrx_word' id='word_1_663' title='bbox 800 3634 907 3664; x_wconf 88' lang='lat' dir='ltr'><strong>omnis</strong></span> <span class='ocrx_word' id='word_1_664' title='bbox 923 3642 1001 3663; x_wconf 88' lang='lat' dir='ltr'><strong>esse.</strong></span> <span class='ocrx_word' id='word_1_665' title='bbox 1024 3631 1122 3671; x_wconf 86' lang='lat' dir='ltr'><strong>Ergo,</strong></span> <span class='ocrx_word' id='word_1_666' title='bbox 1141 3629 1371 3670; x_wconf 90' lang='lat' dir='ltr'><strong>cognoscendo</strong></span> 
     </span>
     <span class='ocr_line' id='line_1_92' title="bbox 295 3675 1372 3721; baseline -0.007 -10"><span class='ocrx_word' id='word_1_667' title='bbox 295 3690 396 3711; x_wconf 85' lang='lat' dir='ltr'><strong>suum</strong></span> <span class='ocrx_word' id='word_1_668' title='bbox 418 3681 596 3721; x_wconf 89' lang='lat' dir='ltr'><strong>intelligere</strong></span> <span class='ocrx_word' id='word_1_669' title='bbox 620 3685 652 3710; x_wconf 92' lang='lat' dir='ltr'><strong>et</strong></span> <span class='ocrx_word' id='word_1_670' title='bbox 674 3688 771 3710; x_wconf 90' lang='lat' dir='ltr'><strong>suum</strong></span> <span class='ocrx_word' id='word_1_671' title='bbox 793 3678 886 3714; x_wconf 84' lang='lat' dir='ltr'><strong>velle,</strong></span> <span class='ocrx_word' id='word_1_672' title='bbox 911 3676 1079 3717; x_wconf 89' lang='lat' dir='ltr'><strong>cognoscit</strong></span> <span class='ocrx_word' id='word_1_673' title='bbox 1095 3684 1227 3706; x_wconf 91' lang='lat' dir='ltr'><strong>ornnem</strong></span> <span class='ocrx_word' id='word_1_674' title='bbox 1251 3675 1372 3714; x_wconf 88' lang='lat' dir='ltr'><strong>cogita-</strong></span> 
     </span>
    </p>
   </div>
   <div class='ocr_carea' id='block_1_17' title="bbox 1418 1491 2492 3714">
    <p class='ocr_par' dir='ltr' id='par_1_26' title="bbox 1418 1491 2488 1576">
     <span class='ocr_line' id='line_1_93' title="bbox 1418 1491 2488 1533; baseline 0.006 -13"><span class='ocrx_word' id='word_1_675' title='bbox 1418 1491 1543 1521; x_wconf 89' lang='lat' dir='ltr'><strong>tionem</strong></span> <span class='ocrx_word' id='word_1_676' title='bbox 1567 1496 1598 1521; x_wconf 93' lang='lat' dir='ltr'><strong>et</strong></span> <span class='ocrx_word' id='word_1_677' title='bbox 1622 1491 1832 1522; x_wconf 87' lang='lat' dir='ltr'><strong>voluntatem.</strong></span> <span class='ocrx_word' id='word_1_678' title='bbox 1850 1509 1870 1514; x_wconf 98' lang='lat'>—</span> <span class='ocrx_word' id='word_1_679' title='bbox 1886 1492 1977 1523; x_wconf 88' lang='lat' dir='ltr'><strong>Patet</strong></span> <span class='ocrx_word' id='word_1_680' title='bbox 1993 1494 2235 1533; x_wconf 88' lang='lat' dir='ltr'><strong>consequentia.</strong></span> <span class='ocrx_word' id='word_1_681' title='bbox 2259 1494 2344 1532; x_wconf 90' lang='lat' dir='ltr'><strong>Quia</strong></span> <span class='ocrx_word' id='word_1_682' title='bbox 2367 1501 2408 1532; x_wconf 86' lang='lat' dir='ltr'><strong>et,</strong></span> <span class='ocrx_word' id='word_1_683' title='bbox 2434 1505 2488 1526; x_wconf 93' lang='lat' dir='ltr'><strong>co—</strong></span> 
     </span>
     <span class='ocr_line' id='line_1_94' title="bbox 1418 1534 2386 1576; baseline 0.006 -12"><span class='ocrx_word' id='word_1_684' title='bbox 1418 1534 1607 1575; x_wconf 88' lang='lat' dir='ltr'><strong>gnoscendo</strong></span> <span class='ocrx_word' id='word_1_685' title='bbox 1631 1545 1727 1566; x_wconf 91' lang='lat' dir='ltr'><strong>suum</strong></span> <span class='ocrx_word' id='word_1_686' title='bbox 1751 1545 1830 1572; x_wconf 86' lang='lat' dir='ltr'><strong>esse,</strong></span> <span class='ocrx_word' id='word_1_687' title='bbox 1855 1537 2023 1576; x_wconf 89' lang='lat' dir='ltr'><strong>cognoscit</strong></span> <span class='ocrx_word' id='word_1_688' title='bbox 2047 1547 2114 1568; x_wconf 90' lang='lat' dir='ltr'><strong>esse</strong></span> <span class='ocrx_word' id='word_1_689' title='bbox 2138 1538 2308 1569; x_wconf 90' lang='lat' dir='ltr'><strong>cuiuslibet</strong></span> <span class='ocrx_word' id='word_1_690' title='bbox 2330 1540 2386 1570; x_wconf 91' lang='lat' dir='ltr'><strong>rei.</strong></span> 
     </span>
    </p>

    <p class='ocr_par' dir='ltr' id='par_1_27' title="bbox 1419 1578 2492 1966">
     <span class='ocr_line' id='line_1_95' title="bbox 1475 1578 2489 1624; baseline 0.005 -15"><span class='ocrx_word' id='word_1_691' title='bbox 1475 1578 1614 1610; x_wconf 89' lang='lat' dir='ltr'><strong>Adverte</strong></span> <span class='ocrx_word' id='word_1_692' title='bbox 1636 1579 1737 1620; x_wconf 90' lang='lat' dir='ltr'><strong>quod,</strong></span> <span class='ocrx_word' id='word_1_693' title='bbox 1753 1581 1836 1610; x_wconf 90' lang='lat' dir='ltr'><strong>sicut</strong></span> <span class='ocrx_word' id='word_1_694' title='bbox 1852 1590 1920 1611; x_wconf 90' lang='lat' dir='ltr'><strong>esse</strong></span> <span class='ocrx_word' id='word_1_695' title='bbox 1945 1580 2091 1612; x_wconf 87' lang='lat' dir='ltr'><strong>divinum</strong></span> <span class='ocrx_word' id='word_1_696' title='bbox 2114 1588 2160 1612; x_wconf 92' lang='lat' dir='ltr'><strong>est</strong></span> <span class='ocrx_word' id='word_1_697' title='bbox 2184 1593 2279 1614; x_wconf 88' lang='lat' dir='ltr'><strong>causa</strong></span> <span class='ocrx_word' id='word_1_698' title='bbox 2302 1584 2489 1624; x_wconf 85' lang='lat' dir='ltr'><strong>exemplaris</strong></span> 
     </span>
     <span class='ocr_line' id='line_1_96' title="bbox 1420 1624 2490 1666; baseline 0.006 -13"><span class='ocrx_word' id='word_1_699' title='bbox 1420 1624 1570 1654; x_wconf 89' lang='lat' dir='ltr'><strong>omnium</strong></span> <span class='ocrx_word' id='word_1_700' title='bbox 1594 1633 1673 1660; x_wconf 86' lang='lat' dir='ltr'><strong>esse,</strong></span> <span class='ocrx_word' id='word_1_701' title='bbox 1697 1634 1766 1654; x_wconf 92' lang='lat' dir='ltr'><strong>non</strong></span> <span class='ocrx_word' id='word_1_702' title='bbox 1789 1631 1898 1655; x_wconf 89' lang='lat' dir='ltr'><strong>autern</strong></span> <span class='ocrx_word' id='word_1_703' title='bbox 1921 1626 2051 1666; x_wconf 90' lang='lat' dir='ltr'><strong>proprie</strong></span> <span class='ocrx_word' id='word_1_704' title='bbox 2082 1625 2237 1663; x_wconf 88' lang='lat' dir='ltr'><strong>effectiva,</strong></span> <span class='ocrx_word' id='word_1_705' title='bbox 2261 1627 2287 1657; x_wconf 91' lang='lat' dir='ltr'><strong>si</strong></span> <span class='ocrx_word' id='word_1_706' title='bbox 2316 1627 2490 1659; x_wconf 80' lang='lat' dir='ltr'><strong>formaliter</strong></span> 
     </span>
     <span class='ocr_line' id='line_1_97' title="bbox 1419 1666 2491 1713; baseline 0.005 -15"><span class='ocrx_word' id='word_1_707' title='bbox 1419 1673 1564 1698; x_wconf 86' lang='lat' dir='ltr'><strong>sumatur</strong></span> <span class='ocrx_word' id='word_1_708' title='bbox 1588 1674 1623 1699; x_wconf 91' lang='lat' dir='ltr'><strong>ut</strong></span> <span class='ocrx_word' id='word_1_709' title='bbox 1647 1670 1686 1699; x_wconf 88' lang='lat' dir='ltr'><strong>ab</strong></span> <span class='ocrx_word' id='word_1_710' title='bbox 1710 1669 1778 1699; x_wconf 89' lang='lat' dir='ltr'><strong>aliis</strong></span> <span class='ocrx_word' id='word_1_711' title='bbox 1802 1669 1988 1700; x_wconf 89' lang='lat' dir='ltr'><strong>distinctum</strong></span> <span class='ocrx_word' id='word_1_712' title='bbox 2012 1671 2181 1708; x_wconf 88' lang='lat' dir='ltr'><strong>attributis;</strong></span> <span class='ocrx_word' id='word_1_713' title='bbox 2205 1672 2249 1702; x_wconf 89' lang='lat' dir='ltr'><strong>ita</strong></span> <span class='ocrx_word' id='word_1_714' title='bbox 2264 1668 2439 1713; x_wconf 83' lang='lat' dir='ltr'><strong>intelligere</strong></span> <span class='ocrx_word' id='word_1_715' title='bbox 2454 1666 2491 1703; x_wconf 77' lang='lat' dir='ltr'><strong>ut</strong></span> 
     </span>
     <span class='ocr_line' id='line_1_98' title="bbox 1419 1712 2491 1755; baseline 0.004 -12"><span class='ocrx_word' id='word_1_716' title='bbox 1419 1712 1608 1753; x_wconf 89' lang='lat' dir='ltr'><strong>intelligere,</strong></span> <span class='ocrx_word' id='word_1_717' title='bbox 1633 1723 1691 1754; x_wconf 88' lang='lat' dir='ltr'><strong>per</strong></span> <span class='ocrx_word' id='word_1_718' title='bbox 1713 1713 1852 1744; x_wconf 89' lang='lat' dir='ltr'><strong>modum</strong></span> <span class='ocrx_word' id='word_1_719' title='bbox 1875 1714 1996 1744; x_wconf 89' lang='lat' dir='ltr'><strong>scilicet</strong></span> <span class='ocrx_word' id='word_1_720' title='bbox 2013 1721 2101 1746; x_wconf 85' lang='lat' dir='ltr'><strong>actus</strong></span> <span class='ocrx_word' id='word_1_721' title='bbox 2125 1716 2340 1752; x_wconf 82' lang='lat' dir='ltr'><strong>immanentis,</strong></span> <span class='ocrx_word' id='word_1_722' title='bbox 2358 1721 2390 1755; x_wconf 79' lang='lat' dir='ltr'><strong>et</strong></span> <span class='ocrx_word' id='word_1_723' title='bbox 2404 1714 2491 1748; x_wconf 82' lang='lat' dir='ltr'><strong>simi-</strong></span> 
     </span>
     <span class='ocr_line' id='line_1_99' title="bbox 1419 1756 2489 1797; baseline 0.005 -10"><span class='ocrx_word' id='word_1_724' title='bbox 1419 1756 1491 1788; x_wconf 88' lang='lat' dir='ltr'><strong>liter</strong></span> <span class='ocrx_word' id='word_1_725' title='bbox 1513 1757 1606 1794; x_wconf 90' lang='lat' dir='ltr'><strong>velle,</strong></span> <span class='ocrx_word' id='word_1_726' title='bbox 1631 1763 1667 1788; x_wconf 89' lang='lat' dir='ltr'><strong>ut</strong></span> <span class='ocrx_word' id='word_1_727' title='bbox 1690 1758 1826 1789; x_wconf 90' lang='lat' dir='ltr'><strong>habetur</strong></span> <span class='ocrx_word' id='word_1_728' title='bbox 1849 1768 1887 1789; x_wconf 88' lang='lat' dir='ltr'><strong>ex</strong></span> <span class='ocrx_word' id='word_1_729' title='bbox 1911 1758 2058 1789; x_wconf 88' lang='lat' dir='ltr'><strong>doctrina</strong></span> <span class='ocrx_word' id='word_1_730' title='bbox 2081 1759 2190 1790; x_wconf 89' lang='lat' dir='ltr'><strong>Sancti</strong></span> <span class='ocrx_word' id='word_1_731' title='bbox 2206 1760 2354 1791; x_wconf 89' lang='lat' dir='ltr'><strong>Thomae</strong></span> <span class='ocrx_word' id='word_1_732' title='bbox 2370 1761 2489 1797; x_wconf 89' lang='lat' dir='ltr'><strong>Primo,</strong></span> 
     </span>
     <span class='ocr_line' id='line_1_100' title="bbox 1419 1801 2492 1845; baseline 0.004 -13"><span class='ocrx_word' id='word_1_733' title='bbox 1419 1801 1451 1832; x_wconf 91' lang='lat' dir='ltr'><strong>d.</strong></span> <span class='ocrx_word' id='word_1_734' title='bbox 1467 1812 1594 1839; x_wconf 79' lang='lat' dir='ltr'><strong>xxxvm,</strong></span> <span class='ocrx_word' id='word_1_735' title='bbox 1611 1812 1639 1834; x_wconf 84' lang='lat' dir='ltr'><strong>a.</strong></span> <span class='ocrx_word' id='word_1_736' title='bbox 1662 1811 1688 1839; x_wconf 83' lang='grc' dir='ltr'><strong>ι,</strong></span> <span class='ocrx_word' id='word_1_737' title='bbox 1712 1803 1832 1834; x_wconf 85' lang='lat' dir='ltr'><strong>habent</strong></span> <span class='ocrx_word' id='word_1_738' title='bbox 1855 1803 2014 1834; x_wconf 82' lang='lat' dir='ltr'><strong>rationem</strong></span> <span class='ocrx_word' id='word_1_739' title='bbox 2038 1814 2154 1835; x_wconf 89' lang='lat' dir='ltr'><strong>causae</strong></span> <span class='ocrx_word' id='word_1_740' title='bbox 2177 1805 2366 1845; x_wconf 85' lang='lat' dir='ltr'><strong>exemplaris</strong></span> <span class='ocrx_word' id='word_1_741' title='bbox 2386 1807 2492 1837; x_wconf 89' lang='lat' dir='ltr'><strong>omnis</strong></span> 
     </span>
     <span class='ocr_line' id='line_1_101' title="bbox 1419 1847 2492 1890; baseline 0.004 -13"><span class='ocrx_word' id='word_1_742' title='bbox 1419 1847 1597 1888; x_wconf 87' lang='lat' dir='ltr'><strong>intelligere</strong></span> <span class='ocrx_word' id='word_1_743' title='bbox 1628 1852 1660 1878; x_wconf 88' lang='lat' dir='ltr'><strong>et</strong></span> <span class='ocrx_word' id='word_1_744' title='bbox 1690 1848 1796 1878; x_wconf 88' lang='lat' dir='ltr'><strong>omnis</strong></span> <span class='ocrx_word' id='word_1_745' title='bbox 1825 1847 1922 1878; x_wconf 90' lang='lat' dir='ltr'><strong>velle:</strong></span> <span class='ocrx_word' id='word_1_746' title='bbox 1948 1857 1988 1879; x_wconf 91' lang='lat' dir='ltr'><strong>eo</strong></span> <span class='ocrx_word' id='word_1_747' title='bbox 2013 1848 2104 1889; x_wconf 91' lang='lat' dir='ltr'><strong>quod</strong></span> <span class='ocrx_word' id='word_1_748' title='bbox 2130 1858 2230 1880; x_wconf 90' lang='lat' dir='ltr'><strong>omne</strong></span> <span class='ocrx_word' id='word_1_749' title='bbox 2260 1849 2437 1890; x_wconf 90' lang='lat' dir='ltr'><strong>intelligere</strong></span> <span class='ocrx_word' id='word_1_750' title='bbox 2461 1856 2492 1881; x_wconf 90' lang='lat' dir='ltr'><strong>et</strong></span> 
     </span>
     <span class='ocr_line' id='line_1_102' title="bbox 1419 1891 2491 1933; baseline 0.003 -11"><span class='ocrx_word' id='word_1_751' title='bbox 1419 1891 1501 1922; x_wconf 90' lang='lat' dir='ltr'><strong>velle</strong></span> <span class='ocrx_word' id='word_1_752' title='bbox 1525 1892 1565 1922; x_wconf 90' lang='lat' dir='ltr'><strong>sit</strong></span> <span class='ocrx_word' id='word_1_753' title='bbox 1592 1891 1752 1932; x_wconf 90' lang='lat' dir='ltr'><strong>quaedam</strong></span> <span class='ocrx_word' id='word_1_754' title='bbox 1782 1892 1984 1933; x_wconf 90' lang='lat' dir='ltr'><strong>participatio</strong></span> <span class='ocrx_word' id='word_1_755' title='bbox 2016 1893 2242 1924; x_wconf 89' lang='lat' dir='ltr'><strong>intellectionis</strong></span> <span class='ocrx_word' id='word_1_756' title='bbox 2273 1899 2304 1924; x_wconf 93' lang='lat' dir='ltr'><strong>et</strong></span> <span class='ocrx_word' id='word_1_757' title='bbox 2327 1895 2491 1925; x_wconf 90' lang='lat' dir='ltr'><strong>volitionis</strong></span> 
     </span>
     <span class='ocr_line' id='line_1_103' title="bbox 1420 1935 1556 1966; baseline 0 0"><span class='ocrx_word' id='word_1_758' title='bbox 1420 1935 1556 1966; x_wconf 88' lang='lat' dir='ltr'><strong>divinae.</strong></span> 
     </span>
    </p>

    <p class='ocr_par' dir='ltr' id='par_1_28' title="bbox 1419 1980 2490 2378">
     <span class='ocr_line' id='line_1_104' title="bbox 1476 1980 2490 2020; baseline 0.003 -10"><span class='ocrx_word' id='word_1_759' title='bbox 1476 1980 1530 2011; x_wconf 83' lang='lat' dir='ltr'><strong>lv.</strong></span> <span class='ocrx_word' id='word_1_760' title='bbox 1557 1980 1696 2017; x_wconf 85' lang='lat' dir='ltr'><strong>Quarto.</strong></span> <span class='ocrx_word' id='word_1_761' title='bbox 1721 1980 1810 2011; x_wconf 91' lang='lat' dir='ltr'><strong>Deus</strong></span> <span class='ocrx_word' id='word_1_762' title='bbox 1834 1981 2003 2020; x_wconf 88' lang='lat' dir='ltr'><strong>cognoscit</strong></span> <span class='ocrx_word' id='word_1_763' title='bbox 2024 1991 2074 2012; x_wconf 91' lang='lat' dir='ltr'><strong>res</strong></span> <span class='ocrx_word' id='word_1_764' title='bbox 2097 1991 2165 2012; x_wconf 90' lang='lat' dir='ltr'><strong>non</strong></span> <span class='ocrx_word' id='word_1_765' title='bbox 2188 1982 2296 2012; x_wconf 90' lang='lat' dir='ltr'><strong>solum</strong></span> <span class='ocrx_word' id='word_1_766' title='bbox 2311 1982 2490 2014; x_wconf 90' lang='lat' dir='ltr'><strong>secundum</strong></span> 
     </span>
     <span class='ocr_line' id='line_1_105' title="bbox 1420 2021 2487 2066; baseline 0.003 -12"><span class='ocrx_word' id='word_1_767' title='bbox 1420 2024 1510 2064; x_wconf 90' lang='lat' dir='ltr'><strong>quod</strong></span> <span class='ocrx_word' id='word_1_768' title='bbox 1518 2025 1551 2055; x_wconf 93' lang='lat' dir='ltr'><strong>in</strong></span> <span class='ocrx_word' id='word_1_769' title='bbox 1562 2025 1674 2065; x_wconf 90' lang='lat' dir='ltr'><strong>seipsis</strong></span> <span class='ocrx_word' id='word_1_770' title='bbox 1686 2031 1771 2061; x_wconf 89' lang='lat' dir='ltr'><strong>sunt,</strong></span> <span class='ocrx_word' id='word_1_771' title='bbox 1780 2025 1836 2055; x_wconf 90' lang='lat' dir='ltr'><strong>sed</strong></span> <span class='ocrx_word' id='word_1_772' title='bbox 1847 2026 1943 2055; x_wconf 89' lang='lat' dir='ltr'><strong>etiam</strong></span> <span class='ocrx_word' id='word_1_773' title='bbox 1952 2025 2132 2056; x_wconf 89' lang='lat' dir='ltr'><strong>secundum</strong></span> <span class='ocrx_word' id='word_1_774' title='bbox 2141 2025 2231 2066; x_wconf 91' lang='lat' dir='ltr'><strong>quod</strong></span> <span class='ocrx_word' id='word_1_775' title='bbox 2243 2031 2318 2057; x_wconf 89' lang='lat' dir='ltr'><strong>sunt</strong></span> <span class='ocrx_word' id='word_1_776' title='bbox 2329 2027 2362 2056; x_wconf 92' lang='lat' dir='ltr'><strong>in</strong></span> <span class='ocrx_word' id='word_1_777' title='bbox 2375 2021 2487 2058; x_wconf 87' lang='lat' dir='ltr'><strong>causis:</strong></span> 
     </span>
     <span class='ocr_line' id='line_1_106' title="bbox 1419 2069 2489 2111; baseline 0.003 -12"><span class='ocrx_word' id='word_1_778' title='bbox 1419 2078 1496 2100; x_wconf 88' lang='lat' dir='ltr'><strong>cum</strong></span> <span class='ocrx_word' id='word_1_779' title='bbox 1520 2074 1697 2110; x_wconf 89' lang='lat' dir='ltr'><strong>cognoscat</strong></span> <span class='ocrx_word' id='word_1_780' title='bbox 1720 2069 1868 2100; x_wconf 91' lang='lat' dir='ltr'><strong>ordinem</strong></span> <span class='ocrx_word' id='word_1_781' title='bbox 1893 2079 2006 2100; x_wconf 87' lang='lat' dir='ltr'><strong>causae</strong></span> <span class='ocrx_word' id='word_1_782' title='bbox 2030 2069 2071 2101; x_wconf 92' lang='lat' dir='ltr'><strong>ad</strong></span> <span class='ocrx_word' id='word_1_783' title='bbox 2094 2069 2255 2100; x_wconf 83' lang='lat' dir='ltr'><strong>effectum.</strong></span> <span class='ocrx_word' id='word_1_784' title='bbox 2279 2070 2365 2111; x_wconf 90' lang='lat' dir='ltr'><strong>Ergo</strong></span> <span class='ocrx_word' id='word_1_785' title='bbox 2390 2076 2450 2102; x_wconf 91' lang='lat' dir='ltr'><strong>etc.</strong></span> <span class='ocrx_word' id='word_1_786' title='bbox 2466 2089 2489 2093; x_wconf 94' lang='lat'><strong>—</strong></span> 
     </span>
     <span class='ocr_line' id='line_1_107' title="bbox 1419 2113 2487 2154; baseline 0.002 -10"><span class='ocrx_word' id='word_1_787' title='bbox 1419 2113 1577 2144; x_wconf 89' lang='lat' dir='ltr'><strong>Probatur</strong></span> <span class='ocrx_word' id='word_1_788' title='bbox 1600 2114 1842 2154; x_wconf 86' lang='lat' dir='ltr'><strong>consequentia.</strong></span> <span class='ocrx_word' id='word_1_789' title='bbox 1872 2114 1957 2152; x_wconf 93' lang='lat' dir='ltr'><strong>Quia</strong></span> <span class='ocrx_word' id='word_1_790' title='bbox 1988 2114 2071 2145; x_wconf 89' lang='lat' dir='ltr'><strong>sicut</strong></span> <span class='ocrx_word' id='word_1_791' title='bbox 2099 2124 2150 2145; x_wconf 91' lang='lat' dir='ltr'><strong>res</strong></span> <span class='ocrx_word' id='word_1_792' title='bbox 2175 2115 2335 2146; x_wconf 88' lang='lat' dir='ltr'><strong>naturales</strong></span> <span class='ocrx_word' id='word_1_793' title='bbox 2358 2121 2432 2146; x_wconf 90' lang='lat' dir='ltr'><strong>sunt</strong></span> <span class='ocrx_word' id='word_1_794' title='bbox 2454 2117 2487 2146; x_wconf 91' lang='lat' dir='ltr'><strong>in</strong></span> 
     </span>
     <span class='ocr_line' id='line_1_108' title="bbox 1419 2157 2488 2199; baseline 0.002 -10"><span class='ocrx_word' id='word_1_795' title='bbox 1419 2159 1485 2189; x_wconf 87' lang='lat' dir='ltr'><strong>suis</strong></span> <span class='ocrx_word' id='word_1_796' title='bbox 1508 2159 1612 2189; x_wconf 90' lang='lat' dir='ltr'><strong>causis</strong></span> <span class='ocrx_word' id='word_1_797' title='bbox 1635 2167 1693 2199; x_wconf 89' lang='lat' dir='ltr'><strong>per</strong></span> <span class='ocrx_word' id='word_1_798' title='bbox 1715 2161 1847 2190; x_wconf 91' lang='lat' dir='ltr'><strong>virtutes</strong></span> <span class='ocrx_word' id='word_1_799' title='bbox 1870 2168 1991 2195; x_wconf 87' lang='lat' dir='ltr'><strong>earum,</strong></span> <span class='ocrx_word' id='word_1_800' title='bbox 2015 2159 2059 2189; x_wconf 89' lang='lat' dir='ltr'><strong>ita</strong></span> <span class='ocrx_word' id='word_1_801' title='bbox 2081 2157 2255 2189; x_wconf 89' lang='lat' dir='ltr'><strong>artificialia</strong></span> <span class='ocrx_word' id='word_1_802' title='bbox 2277 2165 2352 2191; x_wconf 93' lang='lat' dir='ltr'><strong>sunt</strong></span> <span class='ocrx_word' id='word_1_803' title='bbox 2367 2160 2401 2191; x_wconf 90' lang='lat' dir='ltr'><strong>in</strong></span> <span class='ocrx_word' id='word_1_804' title='bbox 2417 2161 2488 2191; x_wconf 88' lang='lat' dir='ltr'><strong>arti-</strong></span> 
     </span>
     <span class='ocr_line' id='line_1_109' title="bbox 1420 2201 2489 2245; baseline 0.002 -12"><span class='ocrx_word' id='word_1_805' title='bbox 1420 2201 1535 2234; x_wconf 88' lang='lat' dir='ltr'><strong>ficibus</strong></span> <span class='ocrx_word' id='word_1_806' title='bbox 1558 2212 1615 2244; x_wconf 91' lang='lat' dir='ltr'><strong>per</strong></span> <span class='ocrx_word' id='word_1_807' title='bbox 1638 2204 1838 2236; x_wconf 86' lang='lat' dir='ltr'><strong>intellectum</strong></span> <span class='ocrx_word' id='word_1_808' title='bbox 1862 2208 1893 2234; x_wconf 93' lang='lat' dir='ltr'><strong>et</strong></span> <span class='ocrx_word' id='word_1_809' title='bbox 1913 2203 2114 2234; x_wconf 85' lang='lat' dir='ltr'><strong>voluntatem</strong></span> <span class='ocrx_word' id='word_1_810' title='bbox 2138 2202 2310 2234; x_wconf 87' lang='lat' dir='ltr'><strong>artificum:</strong></span> <span class='ocrx_word' id='word_1_811' title='bbox 2335 2213 2375 2234; x_wconf 92' lang='lat' dir='ltr'><strong>eo</strong></span> <span class='ocrx_word' id='word_1_812' title='bbox 2399 2204 2489 2245; x_wconf 90' lang='lat' dir='ltr'><strong>quod</strong></span> 
     </span>
     <span class='ocr_line' id='line_1_110' title="bbox 1420 2246 2488 2288; baseline 0.001 -10"><span class='ocrx_word' id='word_1_813' title='bbox 1420 2247 1532 2278; x_wconf 83' lang='lat' dir='ltr'><strong>artifex</strong></span> <span class='ocrx_word' id='word_1_814' title='bbox 1556 2249 1590 2278; x_wconf 92' lang='lat' dir='ltr'><strong>in</strong></span> <span class='ocrx_word' id='word_1_815' title='bbox 1613 2246 1782 2280; x_wconf 85' lang='lat' dir='ltr'><strong>artificiato</strong></span> <span class='ocrx_word' id='word_1_816' title='bbox 1812 2247 1970 2288; x_wconf 89' lang='lat' dir='ltr'><strong>producat</strong></span> <span class='ocrx_word' id='word_1_817' title='bbox 1992 2247 2141 2284; x_wconf 90' lang='lat' dir='ltr'><strong>formam,</strong></span> <span class='ocrx_word' id='word_1_818' title='bbox 2165 2257 2222 2288; x_wconf 91' lang='lat' dir='ltr'><strong>per</strong></span> <span class='ocrx_word' id='word_1_819' title='bbox 2245 2257 2344 2288; x_wconf 89' lang='lat' dir='ltr'><strong>quam</strong></span> <span class='ocrx_word' id='word_1_820' title='bbox 2367 2249 2488 2279; x_wconf 88' lang='lat' dir='ltr'><strong>assimi-</strong></span> 
     </span>
     <span class='ocr_line' id='line_1_111' title="bbox 1420 2292 2489 2333; baseline 0.001 -10"><span class='ocrx_word' id='word_1_821' title='bbox 1420 2292 1504 2323; x_wconf 89' lang='lat' dir='ltr'><strong>latur</strong></span> <span class='ocrx_word' id='word_1_822' title='bbox 1526 2302 1603 2323; x_wconf 84' lang='lat' dir='ltr'><strong>suae</strong></span> <span class='ocrx_word' id='word_1_823' title='bbox 1626 2293 1695 2323; x_wconf 87' lang='lat' dir='ltr'><strong>arti.</strong></span> <span class='ocrx_word' id='word_1_824' title='bbox 1720 2294 1761 2324; x_wconf 92' lang='lat' dir='ltr'><strong>Et</strong></span> <span class='ocrx_word' id='word_1_825' title='bbox 1783 2293 1929 2323; x_wconf 85' lang='lat' dir='ltr'><strong>similiter</strong></span> <span class='ocrx_word' id='word_1_826' title='bbox 1951 2298 1999 2323; x_wconf 89' lang='lat' dir='ltr'><strong>est</strong></span> <span class='ocrx_word' id='word_1_827' title='bbox 2027 2293 2062 2323; x_wconf 92' lang='lat' dir='ltr'><strong>in</strong></span> <span class='ocrx_word' id='word_1_828' title='bbox 2090 2293 2244 2323; x_wconf 90' lang='lat' dir='ltr'><strong>omnibus</strong></span> <span class='ocrx_word' id='word_1_829' title='bbox 2267 2301 2350 2332; x_wconf 90' lang='lat' dir='ltr'><strong>quae</strong></span> <span class='ocrx_word' id='word_1_830' title='bbox 2373 2303 2392 2323; x_wconf 92' lang='lat' dir='ltr'><strong>a</strong></span> <span class='ocrx_word' id='word_1_831' title='bbox 2415 2303 2489 2333; x_wconf 93' lang='lat' dir='ltr'><strong>pro-</strong></span> 
     </span>
     <span class='ocr_line' id='line_1_112' title="bbox 1421 2338 1703 2378; baseline 0 -10"><span class='ocrx_word' id='word_1_832' title='bbox 1421 2338 1530 2378; x_wconf 86' lang='lat' dir='ltr'><strong>posito</strong></span> <span class='ocrx_word' id='word_1_833' title='bbox 1554 2342 1703 2378; x_wconf 87' lang='lat' dir='ltr'><strong>aguntur.</strong></span> 
     </span>
    </p>

    <p class='ocr_par' dir='ltr' id='par_1_29' title="bbox 1422 2380 2491 2958">
     <span class='ocr_line' id='line_1_113' title="bbox 1478 2380 2489 2422; baseline 0 -10"><span class='ocrx_word' id='word_1_834' title='bbox 1478 2381 1722 2413; x_wconf 88' lang='lat' dir='ltr'><strong>Advertendum</strong></span> <span class='ocrx_word' id='word_1_835' title='bbox 1746 2380 1837 2422; x_wconf 93' lang='lat' dir='ltr'><strong>quod</strong></span> <span class='ocrx_word' id='word_1_836' title='bbox 1860 2381 1951 2412; x_wconf 87' lang='lat' dir='ltr'><strong>omni</strong></span> <span class='ocrx_word' id='word_1_837' title='bbox 1974 2382 2081 2421; x_wconf 87' lang='lat' dir='ltr'><strong>agenti</strong></span> <span class='ocrx_word' id='word_1_838' title='bbox 2105 2390 2281 2412; x_wconf 88' lang='lat' dir='ltr'><strong>commune</strong></span> <span class='ocrx_word' id='word_1_839' title='bbox 2302 2387 2349 2412; x_wconf 90' lang='lat' dir='ltr'><strong>est</strong></span> <span class='ocrx_word' id='word_1_840' title='bbox 2365 2387 2400 2412; x_wconf 91' lang='lat' dir='ltr'><strong>ut</strong></span> <span class='ocrx_word' id='word_1_841' title='bbox 2415 2391 2489 2422; x_wconf 90' lang='lat' dir='ltr'><strong>pro-</strong></span> 
     </span>
     <span class='ocr_line' id='line_1_114' title="bbox 1422 2425 2490 2466; baseline 0 -9"><span class='ocrx_word' id='word_1_842' title='bbox 1422 2426 1519 2458; x_wconf 90' lang='lat' dir='ltr'><strong>ducat</strong></span> <span class='ocrx_word' id='word_1_843' title='bbox 1535 2426 1686 2457; x_wconf 86' lang='lat' dir='ltr'><strong>effectum</strong></span> <span class='ocrx_word' id='word_1_844' title='bbox 1702 2426 1841 2458; x_wconf 90' lang='lat' dir='ltr'><strong>similem</strong></span> <span class='ocrx_word' id='word_1_845' title='bbox 1864 2425 1986 2456; x_wconf 88' lang='lat' dir='ltr'><strong>formae</strong></span> <span class='ocrx_word' id='word_1_846' title='bbox 2010 2435 2068 2466; x_wconf 91' lang='lat' dir='ltr'><strong>per</strong></span> <span class='ocrx_word' id='word_1_847' title='bbox 2091 2435 2190 2466; x_wconf 89' lang='lat' dir='ltr'><strong>quam</strong></span> <span class='ocrx_word' id='word_1_848' title='bbox 2213 2426 2286 2466; x_wconf 90' lang='lat' dir='ltr'><strong>agit.</strong></span> <span class='ocrx_word' id='word_1_849' title='bbox 2311 2425 2397 2462; x_wconf 80' lang='lat' dir='ltr'><strong>Ideo,</strong></span> <span class='ocrx_word' id='word_1_850' title='bbox 2415 2436 2490 2457; x_wconf 90' lang='lat' dir='ltr'><strong>cum</strong></span> 
     </span>
     <span class='ocr_line' id='line_1_115' title="bbox 1422 2470 2490 2512; baseline 0 -11"><span class='ocrx_word' id='word_1_851' title='bbox 1422 2480 1520 2512; x_wconf 87' lang='lat' dir='ltr'><strong>agens</strong></span> <span class='ocrx_word' id='word_1_852' title='bbox 1547 2481 1566 2501; x_wconf 90' lang='lat' dir='ltr'><strong>a</strong></span> <span class='ocrx_word' id='word_1_853' title='bbox 1592 2472 1762 2512; x_wconf 91' lang='lat' dir='ltr'><strong>proposito</strong></span> <span class='ocrx_word' id='word_1_854' title='bbox 1787 2475 1858 2511; x_wconf 87' lang='lat' dir='ltr'><strong>agat</strong></span> <span class='ocrx_word' id='word_1_855' title='bbox 1880 2480 1938 2511; x_wconf 90' lang='lat' dir='ltr'><strong>per</strong></span> <span class='ocrx_word' id='word_1_856' title='bbox 1961 2471 2212 2510; x_wconf 89' lang='lat' dir='ltr'><strong>conceptionem</strong></span> <span class='ocrx_word' id='word_1_857' title='bbox 2237 2470 2418 2501; x_wconf 85' lang='lat' dir='ltr'><strong>intellectus</strong></span> <span class='ocrx_word' id='word_1_858' title='bbox 2441 2472 2490 2501; x_wconf 94' lang='lat' dir='ltr'><strong>sui</strong></span> 
     </span>
     <span class='ocr_line' id='line_1_116' title="bbox 1422 2514 2491 2556; baseline -0.001 -10"><span class='ocrx_word' id='word_1_859' title='bbox 1422 2515 1573 2546; x_wconf 90' lang='lat' dir='ltr'><strong>adiuncta</strong></span> <span class='ocrx_word' id='word_1_860' title='bbox 1588 2516 1765 2552; x_wconf 91' lang='lat' dir='ltr'><strong>voluntate,</strong></span> <span class='ocrx_word' id='word_1_861' title='bbox 1782 2520 1912 2556; x_wconf 91' lang='lat' dir='ltr'><strong>oportet</strong></span> <span class='ocrx_word' id='word_1_862' title='bbox 1927 2520 1963 2546; x_wconf 95' lang='lat' dir='ltr'><strong>ut</strong></span> <span class='ocrx_word' id='word_1_863' title='bbox 1986 2515 2019 2545; x_wconf 93' lang='lat' dir='ltr'><strong>in</strong></span> <span class='ocrx_word' id='word_1_864' title='bbox 2043 2514 2160 2546; x_wconf 85' lang='lat' dir='ltr'><strong>effectu</strong></span> <span class='ocrx_word' id='word_1_865' title='bbox 2175 2514 2372 2555; x_wconf 85' lang='lat' dir='ltr'><strong>producatur</strong></span> <span class='ocrx_word' id='word_1_866' title='bbox 2387 2514 2491 2546; x_wconf 87' lang='lat' dir='ltr'><strong>forma</strong></span> 
     </span>
     <span class='ocr_line' id='line_1_117' title="bbox 1422 2559 2490 2601; baseline -0.001 -10"><span class='ocrx_word' id='word_1_867' title='bbox 1422 2560 1534 2591; x_wconf 86' lang='lat' dir='ltr'><strong>similis</strong></span> <span class='ocrx_word' id='word_1_868' title='bbox 1546 2561 1755 2601; x_wconf 84' lang='lat' dir='ltr'><strong>conceptioni</strong></span> <span class='ocrx_word' id='word_1_869' title='bbox 1771 2566 1803 2591; x_wconf 91' lang='lat' dir='ltr'><strong>et</strong></span> <span class='ocrx_word' id='word_1_870' title='bbox 1817 2560 1987 2600; x_wconf 87' lang='lat' dir='ltr'><strong>proposito</strong></span> <span class='ocrx_word' id='word_1_871' title='bbox 2000 2561 2135 2600; x_wconf 88' lang='lat' dir='ltr'><strong>agentis:</strong></span> <span class='ocrx_word' id='word_1_872' title='bbox 2151 2569 2220 2590; x_wconf 91' lang='lat' dir='ltr'><strong>non</strong></span> <span class='ocrx_word' id='word_1_873' title='bbox 2232 2560 2364 2600; x_wconf 90' lang='lat' dir='ltr'><strong>quidem</strong></span> <span class='ocrx_word' id='word_1_874' title='bbox 2379 2559 2490 2590; x_wconf 88' lang='lat' dir='ltr'><strong>similis</strong></span> 
     </span>
     <span class='ocr_line' id='line_1_118' title="bbox 1422 2603 2489 2645; baseline -0.002 -9"><span class='ocrx_word' id='word_1_875' title='bbox 1422 2606 1509 2636; x_wconf 90' lang='lat' dir='ltr'><strong>actui</strong></span> <span class='ocrx_word' id='word_1_876' title='bbox 1531 2604 1747 2645; x_wconf 89' lang='lat' dir='ltr'><strong>concipiendi,</strong></span> <span class='ocrx_word' id='word_1_877' title='bbox 1763 2604 1820 2635; x_wconf 88' lang='lat' dir='ltr'><strong>sed</strong></span> <span class='ocrx_word' id='word_1_878' title='bbox 1835 2605 1946 2635; x_wconf 81' lang='lat' dir='ltr'><strong>similis</strong></span> <span class='ocrx_word' id='word_1_879' title='bbox 1962 2603 2086 2635; x_wconf 88' lang='lat' dir='ltr'><strong>formae</strong></span> <span class='ocrx_word' id='word_1_880' title='bbox 2109 2610 2297 2644; x_wconf 84' lang='lat' dir='ltr'><strong>conceptae,</strong></span> <span class='ocrx_word' id='word_1_881' title='bbox 2313 2604 2426 2635; x_wconf 90' lang='lat' dir='ltr'><strong>saltem</strong></span> <span class='ocrx_word' id='word_1_882' title='bbox 2441 2613 2489 2634; x_wconf 90' lang='lat' dir='ltr'><strong>se-</strong></span> 
     </span>
     <span class='ocr_line' id='line_1_119' title="bbox 1423 2648 2490 2689; baseline -0.001 -9"><span class='ocrx_word' id='word_1_883' title='bbox 1423 2649 1568 2680; x_wconf 86' lang='lat' dir='ltr'><strong>cundum</strong></span> <span class='ocrx_word' id='word_1_884' title='bbox 1583 2649 1726 2689; x_wconf 89' lang='lat' dir='ltr'><strong>aliquam</strong></span> <span class='ocrx_word' id='word_1_885' title='bbox 1741 2649 1898 2680; x_wconf 87' lang='lat' dir='ltr'><strong>unitatem</strong></span> <span class='ocrx_word' id='word_1_886' title='bbox 1910 2649 2052 2684; x_wconf 89' lang='lat' dir='ltr'><strong>rationis,</strong></span> <span class='ocrx_word' id='word_1_887' title='bbox 2066 2649 2124 2678; x_wconf 88' lang='lat' dir='ltr'><strong>etsi</strong></span> <span class='ocrx_word' id='word_1_888' title='bbox 2138 2657 2207 2679; x_wconf 89' lang='lat' dir='ltr'><strong>non</strong></span> <span class='ocrx_word' id='word_1_889' title='bbox 2219 2648 2399 2679; x_wconf 86' lang='lat' dir='ltr'><strong>secundum</strong></span> <span class='ocrx_word' id='word_1_890' title='bbox 2411 2657 2490 2679; x_wconf 91' lang='lat' dir='ltr'><strong>eun-</strong></span> 
     </span>
     <span class='ocr_line' id='line_1_120' title="bbox 1422 2691 2488 2733; baseline -0.001 -9"><span class='ocrx_word' id='word_1_891' title='bbox 1422 2693 1497 2724; x_wconf 91' lang='lat' dir='ltr'><strong>dem</strong></span> <span class='ocrx_word' id='word_1_892' title='bbox 1513 2693 1650 2724; x_wconf 92' lang='lat' dir='ltr'><strong>modum</strong></span> <span class='ocrx_word' id='word_1_893' title='bbox 1667 2693 1802 2732; x_wconf 83' lang='lat' dir='ltr'><strong>essendi.</strong></span> <span class='ocrx_word' id='word_1_894' title='bbox 1819 2693 1955 2733; x_wconf 87' lang='lat' dir='ltr'><strong>Signum</strong></span> <span class='ocrx_word' id='word_1_895' title='bbox 1970 2701 2047 2732; x_wconf 88' lang='lat' dir='ltr'><strong>ergo</strong></span> <span class='ocrx_word' id='word_1_896' title='bbox 2066 2691 2157 2732; x_wconf 91' lang='lat' dir='ltr'><strong>quod</strong></span> <span class='ocrx_word' id='word_1_897' title='bbox 2172 2702 2268 2732; x_wconf 89' lang='lat' dir='ltr'><strong>agens</strong></span> <span class='ocrx_word' id='word_1_898' title='bbox 2286 2703 2305 2723; x_wconf 84' lang='lat' dir='ltr'><strong>a</strong></span> <span class='ocrx_word' id='word_1_899' title='bbox 2319 2693 2488 2733; x_wconf 89' lang='lat' dir='ltr'><strong>proposito</strong></span> 
     </span>
     <span class='ocr_line' id='line_1_121' title="bbox 1422 2736 2489 2779; baseline 0 -11"><span class='ocrx_word' id='word_1_900' title='bbox 1422 2738 1486 2778; x_wconf 90' lang='lat' dir='ltr'><strong>agit</strong></span> <span class='ocrx_word' id='word_1_901' title='bbox 1501 2747 1558 2779; x_wconf 91' lang='lat' dir='ltr'><strong>per</strong></span> <span class='ocrx_word' id='word_1_902' title='bbox 1573 2738 1775 2769; x_wconf 90' lang='lat' dir='ltr'><strong>intellectum</strong></span> <span class='ocrx_word' id='word_1_903' title='bbox 1791 2743 1822 2768; x_wconf 94' lang='lat' dir='ltr'><strong>et</strong></span> <span class='ocrx_word' id='word_1_904' title='bbox 1837 2737 2038 2768; x_wconf 91' lang='lat' dir='ltr'><strong>voluntatem</strong></span> <span class='ocrx_word' id='word_1_905' title='bbox 2062 2742 2109 2767; x_wconf 89' lang='lat' dir='ltr'><strong>est</strong></span> <span class='ocrx_word' id='word_1_906' title='bbox 2132 2737 2222 2777; x_wconf 90' lang='lat' dir='ltr'><strong>quod</strong></span> <span class='ocrx_word' id='word_1_907' title='bbox 2244 2737 2394 2777; x_wconf 89' lang='lat' dir='ltr'><strong>producit</strong></span> <span class='ocrx_word' id='word_1_908' title='bbox 2414 2736 2489 2768; x_wconf 85' lang='lat' dir='ltr'><strong>effe·</strong></span> 
     </span>
     <span class='ocr_line' id='line_1_122' title="bbox 1422 2781 2488 2822; baseline -0.002 -9"><span class='ocrx_word' id='word_1_909' title='bbox 1422 2788 1513 2813; x_wconf 88' lang='lat' dir='ltr'><strong>ctum</strong></span> <span class='ocrx_word' id='word_1_910' title='bbox 1535 2783 1674 2814; x_wconf 88' lang='lat' dir='ltr'><strong>similem</strong></span> <span class='ocrx_word' id='word_1_911' title='bbox 1697 2792 1774 2813; x_wconf 90' lang='lat' dir='ltr'><strong>suae</strong></span> <span class='ocrx_word' id='word_1_912' title='bbox 1798 2781 2006 2822; x_wconf 90' lang='lat' dir='ltr'><strong>conceptioni</strong></span> <span class='ocrx_word' id='word_1_913' title='bbox 2022 2787 2054 2811; x_wconf 90' lang='lat' dir='ltr'><strong>et</strong></span> <span class='ocrx_word' id='word_1_914' title='bbox 2068 2781 2226 2812; x_wconf 90' lang='lat' dir='ltr'><strong>volitioni.</strong></span> <span class='ocrx_word' id='word_1_915' title='bbox 2243 2782 2284 2812; x_wconf 90' lang='lat' dir='ltr'><strong>Et</strong></span> <span class='ocrx_word' id='word_1_916' title='bbox 2299 2781 2373 2819; x_wconf 85' lang='lat' dir='ltr'><strong>ideo</strong></span> <span class='ocrx_word' id='word_1_917' title='bbox 2389 2781 2488 2817; x_wconf 92' lang='lat' dir='ltr'><strong>Deus,</strong></span> 
     </span>
     <span class='ocr_line' id='line_1_123' title="bbox 1422 2825 2488 2867; baseline -0.002 -9"><span class='ocrx_word' id='word_1_918' title='bbox 1422 2828 1480 2867; x_wconf 91' lang='lat' dir='ltr'><strong>qui</strong></span> <span class='ocrx_word' id='word_1_919' title='bbox 1497 2828 1666 2867; x_wconf 88' lang='lat' dir='ltr'><strong>cognoscit</strong></span> <span class='ocrx_word' id='word_1_920' title='bbox 1681 2827 1832 2858; x_wconf 87' lang='lat' dir='ltr'><strong>effectum</strong></span> <span class='ocrx_word' id='word_1_921' title='bbox 1852 2826 2032 2857; x_wconf 90' lang='lat' dir='ltr'><strong>secundum</strong></span> <span class='ocrx_word' id='word_1_922' title='bbox 2049 2825 2138 2866; x_wconf 91' lang='lat' dir='ltr'><strong>quod</strong></span> <span class='ocrx_word' id='word_1_923' title='bbox 2153 2831 2200 2856; x_wconf 92' lang='lat' dir='ltr'><strong>est</strong></span> <span class='ocrx_word' id='word_1_924' title='bbox 2222 2827 2256 2856; x_wconf 92' lang='lat' dir='ltr'><strong>in</strong></span> <span class='ocrx_word' id='word_1_925' title='bbox 2279 2825 2488 2866; x_wconf 88' lang='lat' dir='ltr'><strong>dispositione</strong></span> 
     </span>
     <span class='ocr_line' id='line_1_124' title="bbox 1423 2870 2488 2913; baseline -0.001 -10"><span class='ocrx_word' id='word_1_926' title='bbox 1423 2881 1548 2908; x_wconf 88' lang='lat' dir='ltr'><strong>causae,</strong></span> <span class='ocrx_word' id='word_1_927' title='bbox 1565 2873 1733 2913; x_wconf 87' lang='lat' dir='ltr'><strong>cognoscit</strong></span> <span class='ocrx_word' id='word_1_928' title='bbox 1756 2877 1865 2902; x_wconf 85' lang='lat' dir='ltr'><strong>actum</strong></span> <span class='ocrx_word' id='word_1_929' title='bbox 1887 2871 2068 2903; x_wconf 89' lang='lat' dir='ltr'><strong>intellectus</strong></span> <span class='ocrx_word' id='word_1_930' title='bbox 2088 2876 2119 2902; x_wconf 92' lang='lat' dir='ltr'><strong>et</strong></span> <span class='ocrx_word' id='word_1_931' title='bbox 2132 2871 2316 2906; x_wconf 87' lang='lat' dir='ltr'><strong>voluntatis,</strong></span> <span class='ocrx_word' id='word_1_932' title='bbox 2333 2880 2390 2911; x_wconf 92' lang='lat' dir='ltr'><strong>per</strong></span> <span class='ocrx_word' id='word_1_933' title='bbox 2405 2870 2488 2910; x_wconf 79' lang='lat' dir='ltr'><strong>quos</strong></span> 
     </span>
     <span class='ocr_line' id='line_1_125' title="bbox 1423 2914 2255 2958; baseline -0.001 -11"><span class='ocrx_word' id='word_1_934' title='bbox 1423 2926 1520 2957; x_wconf 91' lang='lat' dir='ltr'><strong>agens</strong></span> <span class='ocrx_word' id='word_1_935' title='bbox 1544 2927 1562 2946; x_wconf 89' lang='lat' dir='ltr'><strong>a</strong></span> <span class='ocrx_word' id='word_1_936' title='bbox 1584 2918 1754 2958; x_wconf 91' lang='lat' dir='ltr'><strong>proposito</strong></span> <span class='ocrx_word' id='word_1_937' title='bbox 1777 2916 1958 2956; x_wconf 89' lang='lat' dir='ltr'><strong>disponitur</strong></span> <span class='ocrx_word' id='word_1_938' title='bbox 1981 2915 2021 2946; x_wconf 91' lang='lat' dir='ltr'><strong>ad</strong></span> <span class='ocrx_word' id='word_1_939' title='bbox 2044 2914 2255 2955; x_wconf 87' lang='lat' dir='ltr'><strong>operandum.</strong></span> 
     </span>
    </p>

    <p class='ocr_par' dir='ltr' id='par_1_30' title="bbox 1422 2960 2489 3448">
     <span class='ocr_line' id='line_1_126' title="bbox 1478 2960 2488 2998; baseline -0.002 -7"><span class='ocrx_word' id='word_1_940' title='bbox 1478 2961 1516 2992; x_wconf 93' lang='lat' dir='ltr'><strong>V.</strong></span> <span class='ocrx_word' id='word_1_941' title='bbox 1545 2961 1678 2998; x_wconf 85' lang='lat' dir='ltr'><strong>Quinto.</strong></span> <span class='ocrx_word' id='word_1_942' title='bbox 1704 2961 1951 2992; x_wconf 85' lang='lat' dir='ltr'><strong>informationes</strong></span> <span class='ocrx_word' id='word_1_943' title='bbox 1974 2965 2006 2990; x_wconf 89' lang='lat' dir='ltr'><strong>et</strong></span> <span class='ocrx_word' id='word_1_944' title='bbox 2028 2960 2251 2991; x_wconf 89' lang='lat' dir='ltr'><strong>inclinationes</strong></span> <span class='ocrx_word' id='word_1_945' title='bbox 2266 2969 2374 2990; x_wconf 88' lang='lat' dir='ltr'><strong>rerum</strong></span> <span class='ocrx_word' id='word_1_946' title='bbox 2397 2964 2488 2989; x_wconf 87' lang='lat' dir='ltr'><strong>natu-</strong></span> 
     </span>
     <span class='ocr_line' id='line_1_127' title="bbox 1422 3003 2488 3047; baseline -0.003 -11"><span class='ocrx_word' id='word_1_947' title='bbox 1422 3006 1540 3037; x_wconf 91' lang='lat' dir='ltr'><strong>ralium</strong></span> <span class='ocrx_word' id='word_1_948' title='bbox 1563 3011 1806 3047; x_wconf 87' lang='lat' dir='ltr'><strong>cognoscuntur</strong></span> <span class='ocrx_word' id='word_1_949' title='bbox 1822 3015 1840 3035; x_wconf 93' lang='lat' dir='ltr'><strong>a</strong></span> <span class='ocrx_word' id='word_1_950' title='bbox 1855 3005 1926 3035; x_wconf 90' lang='lat' dir='ltr'><strong>Deo</strong></span> <span class='ocrx_word' id='word_1_951' title='bbox 1943 3010 1974 3036; x_wconf 90' lang='lat' dir='ltr'><strong>et</strong></span> <span class='ocrx_word' id='word_1_952' title='bbox 1990 3014 2007 3034; x_wconf 94' lang='lat' dir='ltr'><strong>a</strong></span> <span class='ocrx_word' id='word_1_953' title='bbox 2030 3005 2134 3036; x_wconf 90' lang='lat' dir='ltr'><strong>nobis.</strong></span> <span class='ocrx_word' id='word_1_954' title='bbox 2159 3005 2245 3045; x_wconf 88' lang='lat' dir='ltr'><strong>Ergo</strong></span> <span class='ocrx_word' id='word_1_955' title='bbox 2269 3010 2300 3034; x_wconf 90' lang='lat' dir='ltr'><strong>et</strong></span> <span class='ocrx_word' id='word_1_956' title='bbox 2323 3003 2410 3034; x_wconf 89' lang='lat' dir='ltr'><strong>Deus</strong></span> <span class='ocrx_word' id='word_1_957' title='bbox 2433 3013 2488 3033; x_wconf 95' lang='lat' dir='ltr'><strong>co-</strong></span> 
     </span>
     <span class='ocr_line' id='line_1_128' title="bbox 1422 3048 2488 3091; baseline -0.004 -9"><span class='ocrx_word' id='word_1_958' title='bbox 1422 3052 1550 3091; x_wconf 87' lang='lat' dir='ltr'><strong>gnoscit</strong></span> <span class='ocrx_word' id='word_1_959' title='bbox 1571 3051 1818 3082; x_wconf 84' lang='lat' dir='ltr'><strong>informationes</strong></span> <span class='ocrx_word' id='word_1_960' title='bbox 1835 3059 1871 3080; x_wconf 90' lang='lat' dir='ltr'><strong>ac</strong></span> <span class='ocrx_word' id='word_1_961' title='bbox 1886 3049 2111 3080; x_wconf 90' lang='lat' dir='ltr'><strong>inclinationes</strong></span> <span class='ocrx_word' id='word_1_962' title='bbox 2134 3049 2268 3079; x_wconf 91' lang='lat' dir='ltr'><strong>animae.</strong></span> <span class='ocrx_word' id='word_1_963' title='bbox 2293 3048 2377 3088; x_wconf 88' lang='lat' dir='ltr'><strong>Ergo</strong></span> <span class='ocrx_word' id='word_1_964' title='bbox 2401 3048 2488 3088; x_wconf 89' lang='lat' dir='ltr'><strong>cogi-</strong></span> 
     </span>
     <span class='ocr_line' id='line_1_129' title="bbox 1422 3091 2489 3134; baseline -0.004 -8"><span class='ocrx_word' id='word_1_965' title='bbox 1422 3096 1561 3126; x_wconf 85' lang='lat' dir='ltr'><strong>tationes</strong></span> <span class='ocrx_word' id='word_1_966' title='bbox 1574 3102 1606 3126; x_wconf 93' lang='lat' dir='ltr'><strong>et</strong></span> <span class='ocrx_word' id='word_1_967' title='bbox 1617 3095 1813 3126; x_wconf 84' lang='lat' dir='ltr'><strong>affectiones.</strong></span> <span class='ocrx_word' id='word_1_968' title='bbox 1826 3112 1849 3116; x_wconf 89' lang='lat'><em>-</em></span> <span class='ocrx_word' id='word_1_969' title='bbox 1859 3094 2016 3124; x_wconf 83' lang='lat' dir='ltr'><strong>Probatur</strong></span> <span class='ocrx_word' id='word_1_970' title='bbox 2031 3094 2134 3134; x_wconf 89' lang='lat' dir='ltr'><strong>prima</strong></span> <span class='ocrx_word' id='word_1_971' title='bbox 2146 3093 2386 3133; x_wconf 90' lang='lat' dir='ltr'><strong>consequentia.</strong></span> <span class='ocrx_word' id='word_1_972' title='bbox 2403 3091 2489 3130; x_wconf 89' lang='lat' dir='ltr'><strong>Quia</strong></span> 
     </span>
     <span class='ocr_line' id='line_1_130' title="bbox 1423 3137 2488 3179; baseline -0.004 -8"><span class='ocrx_word' id='word_1_973' title='bbox 1423 3140 1513 3171; x_wconf 90' lang='lat' dir='ltr'><strong>Deus</strong></span> <span class='ocrx_word' id='word_1_974' title='bbox 1535 3149 1604 3171; x_wconf 90' lang='lat' dir='ltr'><strong>non</strong></span> <span class='ocrx_word' id='word_1_975' title='bbox 1619 3140 1727 3171; x_wconf 88' lang='lat' dir='ltr'><strong>minus</strong></span> <span class='ocrx_word' id='word_1_976' title='bbox 1743 3139 1911 3179; x_wconf 87' lang='lat' dir='ltr'><strong>cognoscit</strong></span> <span class='ocrx_word' id='word_1_977' title='bbox 1933 3139 2123 3169; x_wconf 90' lang='lat' dir='ltr'><strong>substantias</strong></span> <span class='ocrx_word' id='word_1_978' title='bbox 2146 3137 2374 3168; x_wconf 88' lang='lat' dir='ltr'><strong>intellectuales</strong></span> <span class='ocrx_word' id='word_1_979' title='bbox 2390 3145 2488 3176; x_wconf 91' lang='lat' dir='ltr'><strong>quam</strong></span> 
     </span>
     <span class='ocr_line' id='line_1_131' title="bbox 1422 3180 2488 3225; baseline -0.002 -10"><span class='ocrx_word' id='word_1_980' title='bbox 1422 3185 1492 3225; x_wconf 85' lang='lat' dir='ltr'><strong>ipse</strong></span> <span class='ocrx_word' id='word_1_981' title='bbox 1516 3185 1567 3215; x_wconf 90' lang='lat' dir='ltr'><strong>vel</strong></span> <span class='ocrx_word' id='word_1_982' title='bbox 1590 3194 1651 3215; x_wconf 91' lang='lat' dir='ltr'><strong>nos</strong></span> <span class='ocrx_word' id='word_1_983' title='bbox 1674 3184 1865 3215; x_wconf 87' lang='lat' dir='ltr'><strong>substantias</strong></span> <span class='ocrx_word' id='word_1_984' title='bbox 1883 3183 2062 3214; x_wconf 88' lang='lat' dir='ltr'><strong>sensibiles:</strong></span> <span class='ocrx_word' id='word_1_985' title='bbox 2088 3192 2163 3213; x_wconf 92' lang='lat' dir='ltr'><strong>cum</strong></span> <span class='ocrx_word' id='word_1_986' title='bbox 2179 3182 2373 3212; x_wconf 90' lang='lat' dir='ltr'><strong>substantiae</strong></span> <span class='ocrx_word' id='word_1_987' title='bbox 2395 3180 2488 3213; x_wconf 84' lang='lat' dir='ltr'><strong>intel-</strong></span> 
     </span>
     <span class='ocr_line' id='line_1_132' title="bbox 1423 3226 2489 3269; baseline -0.005 -9"><span class='ocrx_word' id='word_1_988' title='bbox 1423 3229 1577 3260; x_wconf 88' lang='lat' dir='ltr'><strong>lectuales</strong></span> <span class='ocrx_word' id='word_1_989' title='bbox 1600 3229 1662 3260; x_wconf 90' lang='lat' dir='ltr'><strong>sint</strong></span> <span class='ocrx_word' id='word_1_990' title='bbox 1677 3230 1779 3269; x_wconf 89' lang='lat' dir='ltr'><strong>magis</strong></span> <span class='ocrx_word' id='word_1_991' title='bbox 1795 3227 2041 3268; x_wconf 89' lang='lat' dir='ltr'><strong>cognoscibiles,</strong></span> <span class='ocrx_word' id='word_1_992' title='bbox 2058 3233 2172 3267; x_wconf 89' lang='lat' dir='ltr'><strong>utpote</strong></span> <span class='ocrx_word' id='word_1_993' title='bbox 2194 3227 2295 3266; x_wconf 88' lang='lat' dir='ltr'><strong>magis</strong></span> <span class='ocrx_word' id='word_1_994' title='bbox 2317 3226 2350 3257; x_wconf 90' lang='lat' dir='ltr'><strong>in</strong></span> <span class='ocrx_word' id='word_1_995' title='bbox 2367 3230 2450 3256; x_wconf 89' lang='lat' dir='ltr'><strong>actu.</strong></span> <span class='ocrx_word' id='word_1_996' title='bbox 2466 3241 2489 3247; x_wconf 84' lang='lat'><strong>——</strong></span> 
     </span>
     <span class='ocr_line' id='line_1_133' title="bbox 1424 3271 2489 3314; baseline -0.006 -9"><span class='ocrx_word' id='word_1_997' title='bbox 1424 3273 1574 3305; x_wconf 90' lang='lat' dir='ltr'><strong>Secunda</strong></span> <span class='ocrx_word' id='word_1_998' title='bbox 1598 3283 1733 3314; x_wconf 90' lang='lat' dir='ltr'><strong>quoque</strong></span> <span class='ocrx_word' id='word_1_999' title='bbox 1756 3273 1920 3313; x_wconf 91' lang='lat' dir='ltr'><strong>probatur.</strong></span> <span class='ocrx_word' id='word_1_1000' title='bbox 1937 3272 2023 3310; x_wconf 92' lang='lat' dir='ltr'><strong>Quia</strong></span> <span class='ocrx_word' id='word_1_1001' title='bbox 2039 3272 2190 3312; x_wconf 87' lang='lat' dir='ltr'><strong>cogitatio</strong></span> <span class='ocrx_word' id='word_1_1002' title='bbox 2215 3271 2338 3301; x_wconf 90' lang='lat' dir='ltr'><strong>animae</strong></span> <span class='ocrx_word' id='word_1_1003' title='bbox 2362 3275 2410 3301; x_wconf 86' lang='lat' dir='ltr'><strong>est</strong></span> <span class='ocrx_word' id='word_1_1004' title='bbox 2432 3279 2489 3310; x_wconf 91' lang='lat' dir='ltr'><strong>per</strong></span> 
     </span>
     <span class='ocr_line' id='line_1_134' title="bbox 1425 3313 2489 3359; baseline -0.005 -10"><span class='ocrx_word' id='word_1_1005' title='bbox 1425 3317 1588 3359; x_wconf 90' lang='lat' dir='ltr'><strong>quandam</strong></span> <span class='ocrx_word' id='word_1_1006' title='bbox 1603 3317 1868 3348; x_wconf 86' lang='lat' dir='ltr'><strong>informationem</strong></span> <span class='ocrx_word' id='word_1_1007' title='bbox 1880 3317 1994 3357; x_wconf 91' lang='lat' dir='ltr'><strong>ipsius;</strong></span> <span class='ocrx_word' id='word_1_1008' title='bbox 2012 3315 2137 3346; x_wconf 85' lang='lat' dir='ltr'><strong>affectio</strong></span> <span class='ocrx_word' id='word_1_1009' title='bbox 2151 3321 2258 3350; x_wconf 85' lang='lat' dir='ltr'><strong>autem</strong></span> <span class='ocrx_word' id='word_1_1010' title='bbox 2272 3320 2319 3345; x_wconf 92' lang='lat' dir='ltr'><strong>est</strong></span> <span class='ocrx_word' id='word_1_1011' title='bbox 2330 3313 2489 3354; x_wconf 88' lang='lat' dir='ltr'><strong>quaedam</strong></span> 
     </span>
     <span class='ocr_line' id='line_1_135' title="bbox 1424 3359 2489 3402; baseline -0.006 -8"><span class='ocrx_word' id='word_1_1012' title='bbox 1424 3363 1591 3394; x_wconf 89' lang='lat' dir='ltr'><strong>inclinatio</strong></span> <span class='ocrx_word' id='word_1_1013' title='bbox 1615 3363 1683 3393; x_wconf 91' lang='lat' dir='ltr'><strong>eius</strong></span> <span class='ocrx_word' id='word_1_1014' title='bbox 1706 3363 1740 3392; x_wconf 92' lang='lat' dir='ltr'><strong>in</strong></span> <span class='ocrx_word' id='word_1_1015' title='bbox 1756 3361 1888 3402; x_wconf 89' lang='lat' dir='ltr'><strong>aliquid,</strong></span> <span class='ocrx_word' id='word_1_1016' title='bbox 1904 3360 1990 3392; x_wconf 91' lang='lat' dir='ltr'><strong>unde</strong></span> <span class='ocrx_word' id='word_1_1017' title='bbox 2014 3366 2045 3390; x_wconf 89' lang='lat' dir='ltr'><strong>et</strong></span> <span class='ocrx_word' id='word_1_1018' title='bbox 2068 3360 2310 3390; x_wconf 89' lang='lat' dir='ltr'><strong>inclinationem</strong></span> <span class='ocrx_word' id='word_1_1019' title='bbox 2332 3359 2378 3389; x_wconf 92' lang='lat' dir='ltr'><strong>rei</strong></span> <span class='ocrx_word' id='word_1_1020' title='bbox 2396 3364 2489 3389; x_wconf 89' lang='lat' dir='ltr'><strong>natu-</strong></span> 
     </span>
     <span class='ocr_line' id='line_1_136' title="bbox 1424 3405 2071 3448; baseline -0.006 -10"><span class='ocrx_word' id='word_1_1021' title='bbox 1424 3408 1498 3438; x_wconf 85' lang='lat' dir='ltr'><strong>ralis</strong></span> <span class='ocrx_word' id='word_1_1022' title='bbox 1521 3408 1702 3448; x_wconf 85' lang='lat' dir='ltr'><strong>appetitum</strong></span> <span class='ocrx_word' id='word_1_1023' title='bbox 1724 3406 1902 3437; x_wconf 90' lang='lat' dir='ltr'><strong>naturalem</strong></span> <span class='ocrx_word' id='word_1_1024' title='bbox 1927 3405 2071 3435; x_wconf 91' lang='lat' dir='ltr'><strong>dicimus.</strong></span> 
     </span>
    </p>

    <p class='ocr_par' dir='ltr' id='par_1_31' title="bbox 1424 3446 2491 3714">
     <span class='ocr_line' id='line_1_137' title="bbox 1481 3446 2491 3488; baseline -0.005 -6"><span class='ocrx_word' id='word_1_1025' title='bbox 1481 3452 1557 3482; x_wconf 93' lang='lat' dir='ltr'><strong>Duo</strong></span> <span class='ocrx_word' id='word_1_1026' title='bbox 1581 3457 1656 3482; x_wconf 92' lang='lat' dir='ltr'><strong>sunt</strong></span> <span class='ocrx_word' id='word_1_1027' title='bbox 1678 3452 1730 3481; x_wconf 91' lang='lat' dir='ltr'><strong>hic</strong></span> <span class='ocrx_word' id='word_1_1028' title='bbox 1753 3449 1904 3481; x_wconf 91' lang='lat' dir='ltr'><strong>notanda.</strong></span> <span class='ocrx_word' id='word_1_1029' title='bbox 1928 3450 2072 3479; x_wconf 88' lang='lat' dir='ltr'><strong>Primum</strong></span> <span class='ocrx_word' id='word_1_1030' title='bbox 2092 3453 2138 3478; x_wconf 91' lang='lat' dir='ltr'><strong>est</strong></span> <span class='ocrx_word' id='word_1_1031' title='bbox 2161 3447 2251 3488; x_wconf 92' lang='lat' dir='ltr'><strong>quod</strong></span> <span class='ocrx_word' id='word_1_1032' title='bbox 2274 3456 2313 3477; x_wconf 84' lang='lat' dir='ltr'><strong>ex</strong></span> <span class='ocrx_word' id='word_1_1033' title='bbox 2336 3446 2491 3487; x_wconf 85' lang='lat' dir='ltr'><strong>eoquod</strong></span> 
     </span>
     <span class='ocr_line' id='line_1_138' title="bbox 1425 3492 2491 3532; baseline -0.006 -5"><span class='ocrx_word' id='word_1_1034' title='bbox 1425 3497 1514 3527; x_wconf 92' lang='lat' dir='ltr'><strong>Deus</strong></span> <span class='ocrx_word' id='word_1_1035' title='bbox 1537 3495 1783 3526; x_wconf 87' lang='lat' dir='ltr'><strong>informationes</strong></span> <span class='ocrx_word' id='word_1_1036' title='bbox 1803 3504 1909 3525; x_wconf 89' lang='lat' dir='ltr'><strong>rerum</strong></span> <span class='ocrx_word' id='word_1_1037' title='bbox 1933 3493 2130 3523; x_wconf 90' lang='lat' dir='ltr'><strong>sensibilium</strong></span> <span class='ocrx_word' id='word_1_1038' title='bbox 2153 3492 2330 3532; x_wconf 90' lang='lat' dir='ltr'><strong>cognoscit,</strong></span> <span class='ocrx_word' id='word_1_1039' title='bbox 2346 3492 2491 3531; x_wconf 90' lang='lat' dir='ltr'><strong>sequitur</strong></span> 
     </span>
     <span class='ocr_line' id='line_1_139' title="bbox 1424 3537 2490 3576; baseline -0.005 -4"><span class='ocrx_word' id='word_1_1040' title='bbox 1424 3547 1462 3571; x_wconf 92' lang='lat' dir='ltr'><strong>ut</strong></span> <span class='ocrx_word' id='word_1_1041' title='bbox 1485 3547 1516 3572; x_wconf 91' lang='lat' dir='ltr'><strong>et</strong></span> <span class='ocrx_word' id='word_1_1042' title='bbox 1539 3540 1784 3571; x_wconf 87' lang='lat' dir='ltr'><strong>informationes</strong></span> <span class='ocrx_word' id='word_1_1043' title='bbox 1803 3548 1911 3569; x_wconf 85' lang='lat' dir='ltr'><strong>return</strong></span> <span class='ocrx_word' id='word_1_1044' title='bbox 1934 3537 2199 3567; x_wconf 88' lang='lat' dir='ltr'><strong>intellectualium</strong></span> <span class='ocrx_word' id='word_1_1045' title='bbox 2222 3541 2406 3576; x_wconf 87' lang='lat' dir='ltr'><strong>cognoscat,</strong></span> <span class='ocrx_word' id='word_1_1046' title='bbox 2422 3545 2490 3567; x_wconf 91' lang='lat' dir='ltr'><strong>non</strong></span> 
     </span>
     <span class='ocr_line' id='line_1_140' title="bbox 1425 3580 2491 3625; baseline -0.006 -9"><span class='ocrx_word' id='word_1_1047' title='bbox 1425 3591 1535 3616; x_wconf 87' lang='lat' dir='ltr'><strong>autem</strong></span> <span class='ocrx_word' id='word_1_1048' title='bbox 1558 3586 1703 3625; x_wconf 88' lang='lat' dir='ltr'><strong>sequitur</strong></span> <span class='ocrx_word' id='word_1_1049' title='bbox 1725 3583 1804 3615; x_wconf 91' lang='lat' dir='ltr'><strong>illud</strong></span> <span class='ocrx_word' id='word_1_1050' title='bbox 1826 3584 1860 3614; x_wconf 91' lang='lat' dir='ltr'><strong>in</strong></span> <span class='ocrx_word' id='word_1_1051' title='bbox 1883 3583 1988 3613; x_wconf 87' lang='lat' dir='ltr'><strong>nobis.</strong></span> <span class='ocrx_word' id='word_1_1052' title='bbox 2009 3581 2095 3620; x_wconf 95' lang='lat' dir='ltr'><strong>Quia</strong></span> <span class='ocrx_word' id='word_1_1053' title='bbox 2118 3586 2240 3621; x_wconf 90' lang='lat' dir='ltr'><strong>quanto</strong></span> <span class='ocrx_word' id='word_1_1054' title='bbox 2265 3580 2372 3621; x_wconf 88' lang='lat' dir='ltr'><strong>aliqua</strong></span> <span class='ocrx_word' id='word_1_1055' title='bbox 2390 3581 2491 3620; x_wconf 88' lang='lat' dir='ltr'><strong>magis</strong></span> 
     </span>
     <span class='ocr_line' id='line_1_141' title="bbox 1425 3624 2491 3667; baseline -0.006 -6"><span class='ocrx_word' id='word_1_1056' title='bbox 1425 3635 1500 3660; x_wconf 90' lang='lat' dir='ltr'><strong>sunt</strong></span> <span class='ocrx_word' id='word_1_1057' title='bbox 1523 3629 1703 3660; x_wconf 91' lang='lat' dir='ltr'><strong>secundum</strong></span> <span class='ocrx_word' id='word_1_1058' title='bbox 1726 3638 1760 3659; x_wconf 91' lang='lat' dir='ltr'><strong>se</strong></span> <span class='ocrx_word' id='word_1_1059' title='bbox 1783 3626 2003 3667; x_wconf 88' lang='lat' dir='ltr'><strong>intelligibilia,</strong></span> <span class='ocrx_word' id='word_1_1060' title='bbox 2027 3631 2116 3657; x_wconf 88' lang='lat' dir='ltr'><strong>tanto</strong></span> <span class='ocrx_word' id='word_1_1061' title='bbox 2140 3626 2241 3665; x_wconf 88' lang='lat' dir='ltr'><strong>magis</strong></span> <span class='ocrx_word' id='word_1_1062' title='bbox 2264 3625 2303 3655; x_wconf 90' lang='lat' dir='ltr'><strong>ab</strong></span> <span class='ocrx_word' id='word_1_1063' title='bbox 2327 3624 2491 3655; x_wconf 89' lang='lat' dir='ltr'><strong>intellectu</strong></span> 
     </span>
     <span class='ocr_line' id='line_1_142' title="bbox 1427 3669 2491 3714; baseline -0.005 -10"><span class='ocrx_word' id='word_1_1064' title='bbox 1427 3673 1536 3704; x_wconf 91' lang='lat' dir='ltr'><strong>divino</strong></span> <span class='ocrx_word' id='word_1_1065' title='bbox 1550 3678 1800 3714; x_wconf 89' lang='lat' dir='ltr'><strong>cognoscuntur,</strong></span> <span class='ocrx_word' id='word_1_1066' title='bbox 1818 3672 1875 3711; x_wconf 90' lang='lat' dir='ltr'><strong>qui</strong></span> <span class='ocrx_word' id='word_1_1067' title='bbox 1886 3676 1933 3701; x_wconf 90' lang='lat' dir='ltr'><strong>est</strong></span> <span class='ocrx_word' id='word_1_1068' title='bbox 1944 3671 2083 3701; x_wconf 86' lang='lat' dir='ltr'><strong>maxime</strong></span> <span class='ocrx_word' id='word_1_1069' title='bbox 2095 3671 2129 3700; x_wconf 87' lang='lat' dir='ltr'><strong>in</strong></span> <span class='ocrx_word' id='word_1_1070' title='bbox 2140 3675 2227 3701; x_wconf 90' lang='lat' dir='ltr'><strong>actu:</strong></span> <span class='ocrx_word' id='word_1_1071' title='bbox 2245 3679 2263 3699; x_wconf 94' lang='lat' dir='ltr'><strong>a</strong></span> <span class='ocrx_word' id='word_1_1072' title='bbox 2277 3669 2372 3700; x_wconf 91' lang='lat' dir='ltr'><strong>nobis</strong></span> <span class='ocrx_word' id='word_1_1073' title='bbox 2384 3674 2491 3700; x_wconf 89' lang='lat' dir='ltr'><strong>autem</strong></span> 
     </span>
    </p>
   </div>
   <div class='ocr_carea' id='block_1_18' title="bbox 2519 385 2675 412">
    <p class='ocr_par' dir='ltr' id='par_1_32' title="bbox 2519 385 2675 412">
     <span class='ocr_line' id='line_1_143' title="bbox 2519 385 2675 412; baseline 0.013 -6"><span class='ocrx_word' id='word_1_1074' title='bbox 2519 385 2527 394; x_wconf 85' lang='grc'><em>·</em></span> <span class='ocrx_word' id='word_1_1075' title='bbox 2543 385 2578 407; x_wconf 78' lang='lat' dir='ltr'><strong>Ps.</strong></span> <span class='ocrx_word' id='word_1_1076' title='bbox 2590 391 2630 412; x_wconf 85' lang='lat' dir='ltr'><strong>vu,</strong></span> <span class='ocrx_word' id='word_1_1077' title='bbox 2641 392 2675 408; x_wconf 86' lang='grc' dir='ltr'><strong>ιο.</strong></span> 
     </span>
    </p>
   </div>
   <div class='ocr_carea' id='block_1_19' title="bbox 2514 698 2726 752">
    <p class='ocr_par' dir='ltr' id='par_1_33' title="bbox 2514 698 2726 752">
     <span class='ocr_line' id='line_1_144' title="bbox 2514 698 2726 725; baseline 0 -6"><span class='ocrx_word' id='word_1_1078' title='bbox 2514 699 2523 708; x_wconf 79' lang='grc'><em>·</em></span> <span class='ocrx_word' id='word_1_1079' title='bbox 2541 698 2577 719; x_wconf 87' lang='lat' dir='ltr'><strong>Cf.</strong></span> <span class='ocrx_word' id='word_1_1080' title='bbox 2593 704 2643 725; x_wconf 83' lang='lat' dir='ltr'><strong>cap.</strong></span> <span class='ocrx_word' id='word_1_1081' title='bbox 2659 704 2726 725; x_wconf 76' lang='grc' dir='ltr'>ιιιιι,</span> 
     </span>
     <span class='ocr_line' id='line_1_145' title="bbox 2515 725 2616 752; baseline 0.01 -6"><span class='ocrx_word' id='word_1_1082' title='bbox 2515 725 2616 752; x_wconf 79' lang='lat' dir='ltr'><strong>Quarta.</strong></span> 
     </span>
    </p>
   </div>
  </div>
 </body>
</html>
