2768 4134
20 667 235 697 'Cnpameom-

20 698 93 718 meat.
102 701 126 717 n.
137 700 168 720 νις
179 700 233 719 xxv,

18 721 114 744 Comm.
124 727 149 744 n.
159 727 191 743 iv.

852 277 1041 316 SUMMA
1070 279 1292 319 CONTRA
1320 282 1596 332 GENTILES,
1626 284 1739 323 CAP.
1759 285 1871 323 XLII.

260 356 341 386 haec
362 356 551 387 humanitas
573 366 641 387 non
665 362 713 388 est
735 357 768 387 in
793 357 870 387 alio:
896 358 988 394 sicut,
1012 358 1088 390 licet
1111 361 1274 392 rationale
1303 363 1337 393 in

260 401 397 432 homine
420 401 461 431 sit
483 401 571 432 idem
595 401 686 442 quod
709 402 843 436 animal,
869 408 901 432 et
924 404 1078 435 rationale
1105 406 1145 435 sit
1167 408 1336 447 proprium

260 446 398 482 homini,
422 455 491 476 non
515 447 661 488 sequitur
684 446 776 487 quod
799 447 976 478 animalitas
999 449 1180 481 secundum
1201 451 1337 484 eandem

260 491 421 521 rationem
443 491 628 531 genericam
644 498 713 522 non
724 491 770 521 ‘sit
792 491 826 521 in
850 491 928 527 aliis,
946 492 1002 523 sed
1017 499 1143 525 tanturn
1160 496 1250 535 quod
1270 498 1338 528 ani-

260 536 387 567 malitas
409 535 591 567 secundum
608 536 699 576 quod
715 542 763 566 est
779 542 943 567 contracta
959 537 999 567 ad
1014 538 1183 570 hominem
1206 551 1275 572 non
1291 548 1338 573 est

260 581 296 612 in
318 580 389 611 aliis
412 581 616 611 animalibus.

319 625 350 656 3.
362 625 415 655 Ad
430 625 528 656 huius
544 625 740 656 evidentiam
753 625 1025 657 considerandum
1042 634 1088 658 est
1105 629 1195 669 quod
1211 640 1289 668 esse,
1302 638 1339 662 ut

261 670 439 710 superius*
462 669 613 706 diximus,
637 680 706 701 non
729 670 807 701 dicit
833 676 982 702 naturam
1009 672 1152 713 aliquam
1174 684 1275 706 unam
1298 677 1337 706 ab

260 714 468 745 inferioribus
483 714 723 746 abstrahibilem
739 721 772 746 et
787 716 1033 747 contrahibilem
1052 727 1110 757 per
1130 718 1336 752 differentias:

261 758 319 790 sed
341 758 420 789 dicit
441 765 552 790 actum
575 759 864 797 distinctissimum,
889 767 921 792 et
943 762 1161 794 actualitatem
1189 766 1338 796 omnium

261 813 347 844 quae
369 809 446 835 sunt
467 805 502 835 in
524 814 569 835 re.
594 804 642 836 Ita
664 804 756 846 quod
778 815 838 846 per
859 805 948 837 idem
971 816 1041 837 esse
1065 807 1166 839 Sortis
1183 815 1214 840 et
1229 809 1338 841 Sortes

261 854 294 880 et
308 849 412 880 homo
428 854 461 880 et
475 850 595 881 animal
612 855 644 880 et
658 850 837 881 substantia
849 856 897 881 est
911 851 945 882 in
961 861 1070 883 rerum
1086 859 1213 891 natura;
1230 864 1338 895 neque

261 892 366 927 differt
381 893 564 926 secundum
586 904 656 926 rem
680 896 713 926 in
737 894 830 926 Sorte
847 905 916 927 esse
933 896 1062 928 Sortem
1086 903 1118 928 et
1141 908 1209 930 esse
1233 900 1338 931 homi-

260 948 338 970 nem
361 944 394 969 et
417 948 486 970 esse
509 939 639 976 animal,
667 940 694 970 si
720 940 780 971 ista
806 939 916 971 dicant
942 941 1102 972 actualem
1127 944 1337 976 existentiam.

260 982 415 1015 Similiter
429 984 464 1015 in
480 983 553 1015 Deo
568 993 637 1015 non
650 983 756 1016 differt
771 993 841 1015 esse
857 984 966 1017 Deum
983 992 1015 1017 et
1030 996 1099 1018 esse
1114 988 1203 1019 hunc
1219 989 1337 1020 Deum.

269 1040 273 1043 ·
315 1028 365 1059 Ex
387 1029 453 1059 hoc
476 1030 623 1071 sequitur
639 1029 741 1070 quod,
758 1029 784 1060 si
801 1029 910 1060 Sortes
931 1031 972 1062 sit
993 1041 1091 1063 suum
1115 1043 1183 1064 esse
1207 1035 1339 1065 actualis

260 1074 458 1110 existentiae,
474 1075 559 1106 sicut
573 1074 683 1106 Sortes
707 1074 917 1106 essentialiter
931 1082 980 1107 est
994 1077 1108 1114 horno,
1124 1078 1168 1108 ita
1189 1080 1339 1110 essentia-

259 1118 332 1150 liter
347 1124 396 1150 est
410 1128 480 1151 esse
495 1120 654 1156 hominis;
670 1124 702 1150 et
717 1120 764 1150 sic
778 1120 862 1151 ratio
877 1120 1020 1152 hominis
1035 1123 1069 1153 in
1085 1122 1178 1154 Sorte
1195 1130 1242 1154 est
1256 1125 1338 1155 ratio

260 1163 394 1196 actualis
418 1165 606 1196 existentiae
628 1173 722 1201 suae;
746 1169 778 1195 et
801 1164 889 1202 ideo,
913 1167 997 1197 sicut
1018 1177 1115 1198 suum
1132 1177 1200 1199 esse
1217 1175 1264 1200 est
1279 1170 1339 1200 sibi

259 1209 443 1250 proprium,
459 1209 503 1240 ita
525 1209 607 1240 ratio
630 1208 784 1246 hominis,
802 1208 842 1240 de
858 1210 931 1250 ipso
955 1212 1164 1244 essentialiter
1179 1213 1274 1250 dicta,
1292 1219 1339 1245 est

259 1253 321 1284 sibi
342 1253 490 1294 propria;
515 1259 548 1285 et
577 1259 827 1295 consequenter,
852 1264 928 1286 cum
952 1266 1021 1287 esse
1044 1258 1214 1299 proprium
1238 1259 1339 1293 Sortis

258 1297 342 1329 nulli
364 1297 458 1342 alteri
479 1299 663 1335 conveniat,
678 1308 741 1330 nec
755 1300 826 1341 ipsa
841 1301 923 1331 ratio
939 1301 1081 1332 hominis
1092 1302 1174 1334 ‘dicti
1190 1303 1230 1334 de
1246 1304 1339 1335 Sorte

251 1342 364 1375 1ὶῆῦῖ
375 1341 470 1374 ‘alteri
493 1344 682 1380 conveniet;
708 1350 750 1380 et,
771 1345 797 1375 si
822 1345 944 1386 aliquid
967 1347 1055 1377 aliud
1078 1347 1203 1379 dicatur
1225 1349 1339 1386 homo,

259 1387 326 1420 hoc
354 1388 416 1419 erit
445 1388 629 1420 secundum
660 1389 755 1420 aliam
786 1390 956 1422 rationem.
988 1392 1095 1423 Multo
1128 1402 1205 1433 ergo
1236 1395 1340 1434 magis

259 1433 326 1465 hoc
348 1438 397 1464 est
418 1433 566 1465 invenire
587 1434 622 1465 in
646 1434 729 1471 Deo,
747 1435 780 1465 in
804 1444 872 1476 quo
895 1442 1009 1467 natura
1032 1446 1101 1468 non
1124 1447 1182 1478 per
1205 1438 1340 1479 aliquod

259 1476 418 1514 additum,
441 1477 500 1509 sed
521 1478 627 1520 seipsa
650 1485 698 1509 est
720 1479 896 1511 individua.
927 1481 1023 1518 Nam,
1047 1482 1073 1512 si
1101 1481 1190 1513 Deus
1217 1483 1269 1514 hic
1293 1488 1341 1513 est

259 1531 358 1555 suum
381 1531 451 1554 esse
473 1524 656 1564 proprium,
681 1530 712 1554 et
735 1525 768 1555 in
792 1525 866 1565 ipso
889 1535 958 1556 non
982 1525 1087 1558 differt
1110 1526 1200 1558 Deus
1223 1533 1255 1558 et
1271 1536 1340 1558 esse

259 1567 380 1610 Deum,
396 1567 512 1599 eadem
532 1568 592 1599 erit
614 1569 696 1599 ratio
713 1569 773 1600 Dei
791 1574 822 1600 et
838 1570 919 1601 ratio
935 1572 1058 1611 proprii
1074 1572 1123 1602 sui
1141 1581 1221 1602 esse.
1240 1572 1339 1613 Ergo,

259 1612 288 1644 d
309 1621 408 1644 suum
430 1621 500 1644 esse
526 1618 575 1644 est
604 1619 732 1644 tamum
761 1623 866 1645 unum
894 1621 926 1646 et
955 1615 1046 1646 alteri
1075 1625 1144 1646 non
1175 1617 1339 1653 convenit,

258 1666 370 1699 neque
385 1658 483 1690 etiam
498 1659 582 1690 ratio
605 1658 668 1690 Dei
690 1659 782 1690 alteri
802 1661 924 1700 poterit
939 1661 1124 1692 convenire.
1149 1661 1191 1692 Et
1210 1662 1256 1692 sic
1271 1671 1340 1692 non

258 1707 416 1744 poterunt
430 1712 501 1735 esse
515 1703 626 1744 plures
649 1703 694 1735 dii
716 1704 900 1736 secundum
924 1705 1062 1737 eandem
1086 1707 1257 1743 rationem,
1273 1707 1341 1738 sive

259 1757 413 1780 univoce.

315 1792 369 1824 Ad
391 1793 552 1824 rationem
575 1803 653 1834 ergo
681 1793 798 1825 dicitur
827 1795 946 1835 primo,
970 1795 1062 1836 quod
1091 1796 1194 1827 immo
1225 1805 1340 1837 seque-

259 1836 354 1870 retur*
368 1847 440 1869 non
463 1838 572 1869 solum
596 1837 687 1879 quod
709 1838 791 1870 haec
813 1839 997 1871 humanitas
1020 1840 1132 1878 Sertis,
1157 1840 1213 1872 sed
1244 1842 1340 1872 etiam

259 1882 353 1925 quod
374 1883 562 1914 humanitas
584 1892 654 1914 non
677 1889 762 1914 esset
785 1884 932 1916 eiusdem
951 1885 1084 1916 rationis
1099 1885 1133 1916 in
1149 1885 1244 1916 Sorte
1259 1891 1291 1916 et
1306 1886 1340 1916 in

259 1928 331 1961 afli·
351 1928 552 1960 hominibus.
576 1928 663 1966 Quia
679 1937 752 1973 esse
764 1928 867 1960 Sortis
882 1939 952 1962 non
967 1929 1076 1962 solum
1092 1936 1139 1961 est
1155 1940 1224 1961 esse
1243 1931 1342 1962 huius

258 1973 480 2016 humanitatis,
495 1972 553 2004 sed
576 1974 674 2004 etiam
698 1978 747 2005 est
762 1983 831 2005 esse
854 1975 1062 2006 humanitatis
1077 1975 1275 2016 simpliciter.
1299 1975 1341 2007 Et

259 2017 347 2055 ideo,
362 2018 391 2049 si
410 2027 480 2049 esse
502 2027 572 2050 non
596 2019 869 2056 communicatur,
893 2029 1002 2060 neque
1025 2020 1124 2051 etiam
1146 2020 1340 2056 humanitas,

260 2059 345 2104 quae
369 2067 418 2094 est
441 2060 555 2094 eadem
578 2063 641 2104 ipsi
665 2073 745 2100 esse,
770 2064 1076 2095 communicabitur.

315 2107 368 2139 Ad
390 2107 576 2139 instantiam
599 2107 717 2139 dicitur
739 2108 830 2150 quod
852 2118 920 2139 non
945 2114 993 2140 est
1007 2108 1112 2140 simile
1129 2108 1219 2150 quod
1239 2108 1340 2140 addu-

260 2153 344 2185 citur
366 2152 408 2184 de
430 2152 619 2184 differentia.
643 2152 730 2191 Quia
754 2153 933 2184 differentia
955 2154 1053 2184 habet
1074 2153 1235 2184 rationem
1250 2159 1341 2184 actus

259 2197 481 2231 contrahentis
504 2203 537 2229 et
558 2198 736 2234 limitanda
760 2198 836 2230 licet
859 2208 937 2230 cum
959 2200 1032 2239 ipso
1055 2207 1174 2239 genere
1193 2199 1341 2230 materia-

258 2244 331 2277 liter
352 2242 580 2275 identificetur.
611 2243 685 2274 Alia
715 2249 825 2274 autem
855 2244 936 2274 ratio
967 2249 1016 2274 est
1045 2244 1203 2274 contracti
1225 2249 1258 2274 et
1280 2244 1342 2274 alia

259 2288 491 2322 contrahentis.
515 2287 557 2320 Et
571 2287 647 2319 ideo
662 2297 732 2319 non
746 2288 938 2320 inconvenit
959 2289 1120 2320 rationem
1143 2287 1341 2320 differentiae

259 2333 319 2366 uni
340 2331 468 2365 tantum
491 2333 612 2374 speciei
636 2333 822 2371 convenire,
845 2333 1005 2364 rationem
1026 2343 1104 2364 vero
1126 2334 1253 2374 generis
1267 2334 1341 2375 plu-

258 2378 358 2411 ribus.
381 2377 462 2409 Esse
477 2387 555 2409 vero
571 2387 640 2408 non
655 2377 754 2409 habet
767 2379 928 2409 rationem
952 2383 1042 2409 actus
1066 2378 1286 2409 contrahentis
1301 2378 1341 2410 ad

258 2423 423 2460 inferiora,
438 2422 497 2454 sed
519 2423 679 2464 simplicis
698 2423 889 2455 actualitatis
913 2423 959 2454 rei
982 2432 1212 2464 quaecumque
1227 2424 1341 2454 intima

259 2468 469 2511 penetrantis.
493 2467 582 2505 Ideo,
605 2468 632 2499 si
654 2468 726 2509 ipsa
747 2478 798 2499 res
819 2474 851 2499 et
866 2467 1028 2509 quidditas
1043 2474 1120 2499 sunt
1134 2469 1244 2508 ipsum
1260 2478 1340 2505 esse,

259 2523 330 2554 non
351 2513 472 2554 poterit
484 2522 560 2544 una
582 2513 667 2544 ratio
688 2512 877 2554 quidditatis
899 2513 1039 2544 abstrahi
1054 2513 1094 2544 ab
1110 2513 1184 2554 ipso
1207 2522 1288 2550 esse,
1305 2518 1342 2544 ut

259 2559 315 2591 illa
337 2560 378 2590 sit
400 2558 599 2594 communis,
614 2567 684 2589 esse
707 2564 819 2590 autem
841 2559 882 2590 sit
904 2559 1088 2599 proprium:
1112 2557 1171 2589 sed
1194 2567 1259 2589 una
1282 2559 1342 2589 erit

259 2604 342 2635 ratio
372 2604 553 2643 utriusque,
577 2603 670 2639 et,.si
693 2612 763 2635 esse
792 2613 862 2635 non
892 2603 1164 2640 communicatur,
1188 2612 1249 2634 nec
1272 2603 1341 2644 ipsa

261 2646 423 2690 quidditas
446 2647 683 2679 communicari
705 2648 835 2688 poterit.

274 2702 279 2705 ·
314 2692 384 2724 ΧΠ.
410 2692 671 2730 Quintodecimo.
695 2692 813 2724 Divina
834 2697 948 2723 natura
963 2693 1133 2734 potissime
1147 2692 1245 2722 habet
1260 2701 1339 2722 esse.

260 2739 349 2779 Ergo
373 2744 422 2769 est
443 2738 584 2769 maxime
614 2745 691 2769 una.
722 2737 765 2768 Et
786 2738 833 2768 sic
855 2737 890 2768 in
912 2737 1007 2778 plura
1031 2746 1101 2768 non
1132 2736 1293 2768 dividitur.
1316 2754 1341 2759 —

260 2783 420 2815 Probatur
441 2781 687 2823 consequentia.
711 2781 799 2821 Quia
821 2781 1003 2814 secundum
1025 2782 1115 2813 hunc
1137 2781 1275 2812 modum
1290 2790 1341 2812 res

261 2829 361 2861 habet
375 2837 444 2860 esse
456 2837 525 2869 quo
536 2826 683 2868 possidet
696 2827 865 2859 unitatem.
878 2826 973 2859 Unde
986 2826 1249 2867 unumquodque
1263 2835 1340 2856 suae

262 2872 414 2905 divisioni
429 2882 490 2914 pro
506 2881 604 2913 posse
618 2877 789 2912 repugnat,
801 2881 844 2903 ne
854 2880 914 2912 per
924 2871 1034 2902 hocin
1050 2881 1119 2902 non
1135 2880 1203 2902 esse
1218 2870 1339 2901 tendat.

317 2916 460 2949 Adverte
489 2916 591 2959 quod,
615 2925 692 2947 cum
715 2925 821 2947 unum
849 2921 1068 2958 consequatur
1099 2925 1155 2946 ens
1174 2921 1338 2955 >tanquam

262 2963 395 3004 propria
416 2961 536 3003 passio,
557 2970 655 3002 supra
676 2962 785 3001 ipsum
809 2959 929 2992 addens
952 2966 1079 2992 tanturn
1101 2959 1339 2996 indivisionem,

263 3013 388 3049 quanto
410 3016 462 3038 res
483 3006 659 3048 perfectius
690 3015 748 3037 ens
777 3005 884 3042 fuerit,
907 3011 999 3036 tanto
1023 3010 1154 3045 oportet
1176 3010 1213 3035 ut
1235 3003 1342 3045 perfe-

263 3053 357 3084 ctiori
380 3051 483 3083 modo
507 3053 547 3082 sit
569 3060 685 3082 unum.
709 3051 751 3082 Et
773 3050 859 3086 ideo,
887 3051 913 3080 si
937 3049 1059 3090 aliquid
1082 3049 1178 3081 fuerit
1200 3050 1342 3086 maxime

264 3107 331 3134 ens,
348 3102 479 3138 oportet
501 3102 538 3128 ut
560 3096 702 3127 maxime
723 3096 765 3127 sit
783 3104 889 3127 unum
909 3100 941 3126 et
963 3094 1103 3126 maxime
1122 3093 1306 3139 indivisum.

320 3142 384 3174 Sed
408 3142 550 3173 occurrit
572 3140 720 3172 dubium.
744 3140 828 3171 Nam
845 3139 958 3170 decem
973 3140 1125 3170 homines
1140 3143 1216 3170 sunt
1235 3137 1343 3179 perfe-

264 3188 347 3218 ctius
359 3197 416 3218 ens
428 3195 529 3229 quam
540 3195 626 3219 unus
637 3186 750 3217 homo.
767 3184 810 3215 Et
820 3190 930 3216 tamen
945 3193 1015 3215 non
1027 3189 1103 3214 sunt
1113 3184 1216 3224 magis
1225 3191 1340 3215 unum.

263 3229 340 3263 Non
364 3241 442 3272 ergo
465 3230 647 3262 secundum
674 3229 812 3261 modum
840 3227 966 3260 essendi
990 3234 1038 3259 est
1059 3227 1177 3259 modus
1199 3225 1341 3259 unitatis.

2390 290 2463 327 123

1446 363 1672 404 Respondemr
1696 365 1786 405 quod
1810 365 1923 396 decem
1946 367 2095 398 homines
2110 377 2178 399 non
2194 374 2270 400 sunt
2291 369 2466 410 perfectius

1393 418 1449 438 ens
1473 418 1571 449 quam
1595 419 1680 440 unus
1703 410 1816 446 homo,
1841 411 1897 441 sed
1921 412 2138 452 multiplicius.
2163 413 2205 444 Et
2227 413 2302 445 ideo
2325 424 2394 445 non
2418 421 2466 446 est

1391 453 1494 495 magis
1516 462 1632 490 unum,
1655 453 1712 484 sed
1736 460 1783 485 est
1799 455 1914 495 plures
1936 456 2056 487 habens
2079 458 2229 489 unitates.

1446 497 1530 528 XIII.
1555 498 1791 529 Sextodec'imo.
1820 499 2115 542 Quorumcumque
2145 503 2179 533 in
2209 503 2320 543 aliquo
2346 513 2465 544 genere

1391 542 1554 573 invenitur
1588 544 1828 580 convenientia,
1860 551 1989 585 oportet
2019 546 2110 586 quod
2144 549 2254 578 omnia
2284 548 2322 578 ab
2354 549 2465 589 aliquo

1391 596 1459 617 uno
1483 587 1701 628 dependeant:
1732 587 1881 619 videmus
1910 590 1997 620 enim
2028 591 2062 621 in
2092 592 2238 631 quolibet
2269 602 2386 633 genere
2415 594 2465 623 in-

1391 633 1493 663 veniri
1515 642 1620 663 unum
1644 632 1735 673 quod
1758 638 1806 663 est
1827 643 1979 664 mensura
2001 635 2148 672 aliorum,
2170 642 2201 666 et
2220 637 2265 667 sic
2286 637 2464 668 multitudi-

1391 686 1468 715 nem
1483 677 1523 707 ab
1539 678 1662 708 unitate
1678 677 1863 718 procedere.
1889 678 1952 709 Sed
1977 680 2087 710 omnia
2109 680 2143 710 in
2167 690 2236 711 esse
2256 683 2464 713 conveniunt.

1391 721 1478 761 Ergo
1502 727 1632 762 oportet
1654 727 1691 752 ut
1714 722 1754 752 sit
1781 732 1885 753 unum
1910 723 2000 763 quod
2024 725 2173 755 omnium
2197 726 2320 756 entium
2347 727 2466 767 princi-

1391 766 1483 806 pium
1507 767 1556 797 sit.

1447 811 1730 852 Decimoseptimo.
1761 811 1797 842 In
1821 812 1969 853 quolibet
1997 814 2180 854 principatu
2209 814 2264 844 ille
2294 815 2351 855 qui
2373 815 2466 856 prae-

1392 855 1474 886 sidet
1497 856 1655 887 unitatem
1671 855 1839 888 desiderat.
1863 856 1999 897 Propter
2014 858 2104 899 quod
2119 859 2321 894 monarchia,
2338 869 2396 890 seu
2417 869 2467 890 re-

1392 910 1504 940 gnum,
1522 901 1667 942 optimus
1691 907 1739 932 est
1761 901 1970 942 principatus.
1995 902 2148 934 Similiter
2169 903 2349 934 multorum
2364 913 2467 935 mem—

1393 945 1526 976 brorum
1554 951 1601 976 est
1624 955 1729 977 unum
1760 952 1869 987 caput.
1902 946 1943 977 Et
1974 948 2019 978 sic
2044 958 2061 978 a
2084 949 2177 988 signo
2208 953 2334 979 constat
2361 949 2390 980 ei
2414 950 2468 980 cui

1393 990 1528 1021 debetur
1560 991 1769 1032 principatus,
1793 991 1951 1022 unitatem
1982 991 2101 1023 deberi.
2133 993 2219 1034 Ergo
2249 998 2280 1023 et
2307 993 2390 1030 Deo,
2415 994 2468 1025 cui

1394 1035 1544 1065 omnium
1567 1036 1720 1066 convenit
1748 1036 1948 1076 principatus
1977 1042 2134 1078 tanquam
2163 1038 2314 1069 omnium
2341 1048 2467 1075 causae,

1393 1080 1499 1110 unitas
1523 1085 1570 1110 est
1593 1080 1803 1111 attribuenda.

1448 1124 1589 1155 Adverte
1605 1124 1696 1166 quod
1712 1134 1840 1165 semper
1855 1135 1913 1166 per
1928 1135 2043 1163 unum,
2059 1127 2086 1157 si
2101 1127 2228 1168 sapiens
2244 1127 2284 1158 sit
2299 1132 2332 1158 et
2350 1128 2467 1164 bonus,

1393 1169 1509 1200 melius
1525 1170 1714 1200 universitas
1728 1171 1926 1209 gubernatur
1941 1180 2038 1212 quam
2054 1181 2113 1212 per
2127 1172 2259 1207 multos,
2275 1177 2312 1203 ut
2326 1178 2414 1212 patet
2429 1182 2468 1204 ex

1393 1214 1566 1245 Aristotele
1577 1214 1611 1245 in
1622 1214 1767 1245 Politzczs
1776 1215 1793 1231 ¹*
1806 1221 1838 1245 et
1848 1215 1907 1246 XII
1918 1216 2163 1258 Metaphysicae
2170 1218 2215 1247 ’ἦ
2232 1215 2320 1253 Ideo,
2331 1226 2407 1248 eum
2418 1227 2467 1248 sa-

1393 1258 1486 1299 piens
1501 1259 1697 1299 gubernator
1712 1260 1822 1300 cupiat
1837 1265 1960 1300 quanto
1976 1261 2093 1292 melius
2108 1266 2215 1302 potest
2230 1270 2307 1292 suos
2322 1261 2467 1293 subditos

1393 1303 1582 1343 gubemare‚
1607 1302 1764 1334 desiderat
1787 1309 1823 1334 ut
1847 1305 1935 1335 solus
1959 1305 1998 1336 sit
2020 1306 2054 1336 in
2078 1315 2138 1336 suo
2161 1303 2327 1347 regimine,
2349 1316 2391 1337 ne
2415 1307 2468 1337 alii

1393 1348 1454 1378 sibi
1476 1349 1540 1379 sint
1562 1348 1670 1388 aliqua
1693 1358 1732 1379 ex
1755 1354 1844 1389 parte
1867 1349 2118 1389 impedimento:
2142 1352 2276 1381 varietas
2293 1351 2379 1382 enim
2396 1352 2467 1392 opi-

1393 1393 1532 1424 nionum
1548 1393 1692 1433 plurium
1710 1394 1959 1433 gubernantium
1983 1404 2217 1435 saepenumero
2241 1395 2467 1427 confusionem

1394 1438 1486 1477 parit,
1502 1443 1616 1478 estque
1632 1438 1828 1478 reipublicae
1851 1447 1918 1469 non
1942 1449 2043 1479 parvo
2067 1439 2270 1471 detrimento.
2294 1441 2469 1482 Propterea

1394 1483 1477 1513 bene
1495 1482 1601 1522 inquit
1624 1482 1760 1513 Sanctus
1775 1482 1921 1514 Thomas
1945 1483 2035 1524 quod
2059 1485 2092 1515 in
2116 1485 2262 1525 quolibet
2284 1486 2466 1526 principatu

1394 1526 1448 1558 ille
1473 1527 1529 1567 qui
1553 1526 1711 1567 praesidet
1735 1528 1891 1558 unitatem
1915 1527 2082 1561 desiderat.

1450 1571 1681 1602 Comamwn
1696 1571 1812 1602 ultimo
1830 1573 1997 1603 conclusio
2014 1574 2204 1604 auctoritate
2219 1574 2365 1610 Deumn,
2382 1574 2468 1605 Audi

1395 1616 1503 1646 Israel
1514 1621 1575 1646 etc.
1588 1615 1669 1646 Item
1678 1616 1844 1652 Exodssxx,
1858 1617 1933 1647 Non
1946 1618 2074 1648 habebis
2085 1623 2146 1648 etc.
2157 1618 2238 1649 Item
2250 1619 2293 1649 ad
2304 1618 2467 1659 Ephes.1v,

1399 1661 1491 1691 Unus
1506 1660 1668 1691 Dominus
1684 1666 1745 1692 etc.

1451 1705 1536 1736 XIV.
1548 1706 1597 1736 Ex
1609 1706 1670 1736 hac
1685 1706 1898 1737 conclusione
1914 1706 2029 1747 triplex
2041 1705 2220 1737 excluditur
2232 1716 2329 1737 error.
2341 1706 2470 1738 Primus

1395 1749 1457 1782 fuit
1479 1750 1648 1791 gentilium
1673 1751 1867 1791 ponentium
1890 1750 2133 1782 multitudinem
2153 1750 2301 1788 deorum,
2318 1752 2470 1782 omnibus

1395 1795 1580 1826 substantiis
1604 1796 1807 1836 sempiternis
1830 1795 2004 1827 divinitatis
2027 1805 2150 1826 nomen
2177 1797 2415 1835 ascribentium,
2440 1803 2471 1828 et

1395 1841 1569 1881 praecipue
1581 1841 1707 1871 ratione
1718 1841 1905 1881 sapientiae,
1917 1839 2075 1872 felicitatis
2088 1846 2119 1871 et
2129 1841 2384 1880 gubernationis:
2396 1842 2471 1873 licet

1395 1885 1490 1916 multi
1508 1885 1677 1926 gentilium
1697 1891 1857 1926 ponerent
1880 1894 1984 1916 unum
2008 1894 2173 1916 summum
2189 1886 2297 1917 Deum
2321 1887 2470 1918 omnium

1396 1931 1534 1962 aliorum
1551 1930 1688 1961 deorum
1704 1935 1839 1971 patrem,
1855 1930 1938 1961 sicut
1952 1930 2115 1971 Borgona
2130 1936 2186 1961 aut
2201 1931 2342 1972 aliquem
2358 1932 2469 1963 alium.

1450 1975 1550 2006 Addit
1573 1980 1682 2006 autem
1706 1975 1842 2006 Sanctus
1858 1975 2004 2006 Thomas
2027 1975 2111 2006 hanc
2134 1976 2405 2008 consuetudinem
2420 1977 2470 2008 lo-

1396 2019 1528 2060 quendi,
1552 2025 1588 2050 ut
1610 2020 1732 2050 scilicet
1754 2020 1878 2050 ratione
1907 2020 2093 2060 sapientiae,
2117 2019 2275 2051 felicitatis
2298 2026 2330 2052 et
2351 2023 2468 2062 guber-

1394 2065 1535 2095 nationis
1565 2064 1665 2105 aliqui
1696 2064 1906 2095 nominentur
1937 2064 1991 2101 dii,
2015 2064 2049 2094 in
2073 2063 2168 2095 Sacra
2191 2065 2354 2106 Scriptura
2379 2067 2469 2098 inve-

1394 2110 1470 2140 niri:
1495 2115 1531 2140 ut
1553 2115 1642 2150 patet
1665 2109 1699 2140 in
1722 2109 1861 2146 Psalmo,
1887 2119 1962 2140 cum
1986 2109 2112 2145 dicitur,
2136 2109 2212 2140 Non
2230 2116 2277 2141 est
2290 2111 2406 2143 similis
2421 2111 2469 2142 tui

1396 2155 1429 2185 in
1453 2154 1533 2191 diis,·
1556 2159 1587 2185 et
1611 2154 1695 2190 alibi,
1719 2153 1794 2196 Ego
1818 2154 1898 2191 dixi,
1923 2154 1981 2184 Dii
2003 2154 2077 2185 estis
2103 2159 2163 2186 etc.

1450 2198 1591 2230 Adverte
1614 2198 1706 2239 quod
1728 2208 1797 2229 non
1826 2199 1963 2230 intendit
1987 2199 2124 2230 Sanctus
2146 2199 2293 2230 Thomas
2322 2209 2380 2240 per
2405 2201 2470 2231 hoc

1396 2253 1534 2275 asserere
1556 2245 1642 2284 ipsas
1665 2243 1892 2275 immateriales
1914 2245 2107 2275 substantias
2129 2244 2209 2276 deos
2231 2245 2362 2285 proprie
2386 2255 2469 2276 esse:

1396 2288 1452 2320 sed
1467 2298 1560 2319 mens
1576 2289 1645 2320 eius
1661 2294 1708 2320 est
1723 2288 1815 2329 quod
1838 2289 2002 2330 Scriptura
2025 2288 2224 2330 quandoque
2246 2289 2378 2330 quidem
2394 2299 2471 2321 cum

1395 2333 1569 2374 gentilibus
1585 2339 1744 2374 quantum
1767 2333 1807 2364 ad
1830 2343 1954 2365 nornen
1974 2335 2141 2371 convenit;
2158 2334 2215 2365 sed
2232 2339 2341 2365 tamen
2356 2334 2402 2365 illi
2418 2345 2471 2366 eas

1396 2378 1588 2409 substantias
1611 2378 1690 2409 deos
1714 2379 1844 2420 proprie
1869 2379 2083 2420 appellabant,
2100 2379 2263 2421 Scriptura
2286 2385 2395 2410 autem
2419 2389 2471 2411 eas

1396 2423 1475 2454 deos
1498 2423 1720 2464 participative
1743 2429 1870 2455 tanturn
1894 2425 2052 2455 nominat.

1453 2467 1622 2499 Secundus
1651 2478 1749 2499 error
1781 2468 1843 2500 fuit
1875 2469 2141 2500 Manichaeorum
2174 2469 2369 2510 ponentium
2403 2469 2471 2500 duo

1395 2513 1500 2553 prima
1521 2513 1680 2553 principia
1710 2523 1854 2554 quorum
1885 2515 2021 2546 alterum
2051 2515 2180 2546 alterius
2210 2524 2306 2546 causa
2327 2523 2397 2545 non
2419 2515 2470 2550 sit,

1395 2557 1558 2589 malorum
1581 2557 1703 2588 scilicet
1726 2559 1875 2590 omnium
1898 2559 2106 2600 principium,
2130 2565 2162 2590 et
2185 2560 2382 2600 principium
2412 2559 2471 2590 bo-

1395 2611 1514 2633 norum
1538 2611 1697 2633 omnium.

1455 2647 1583 2677 Tertius
1603 2656 1702 2678 error
1723 2645 1785 2677 fuit
1806 2647 2002 2678 Arianos-um
2019 2649 2212 2689 ponentium
2227 2648 2354 2678 Patrem
2371 2653 2402 2678 et
2417 2647 2469 2678 Fi-

1395 2691 1476 2722 lium
1499 2690 1582 2722 duos
1606 2691 1684 2722 deos
1708 2700 1787 2722 esse.

1449 2735 1590 2766 Adverte
1606 2735 1698 2776 quod
1711 2736 1820 2772 Arius,
1835 2741 1872 2767 ut
1886 2735 2029 2772 inferius,
2045 2737 2128 2767 libro
2143 2742 2258 2776 quarto
2271 2737 2299 2772 ¹,
2314 2741 2467 2772 narratur,

1394 2781 1592 2821 non-posuit
1614 2780 1734 2812 Filium
1758 2781 1820 2812 Dei
1842 2790 1911 2811 esse
1935 2790 2048 2812 verum
2063 2781 2182 2823 Deum,
2198 2781 2254 2812 sed
2269 2786 2396 2812 tantum
2410 2790 2470 2821 per

1395 2825 1559 2865 quandam
1588 2825 1806 2856 similitudinis
1835 2826 2116 2866 participationem
2145 2836 2222 2866 prae
2246 2826 2358 2857 ceteris
2381 2835 2469 2856 crea-

1394 2870 1484 2906 turis.
1509 2869 1573 2902 Sed
1595 2875 1715 2906 tamen,
1739 2870 1815 2901 licet
1837 2879 1904 2901 non
1928 2876 2065 2910 poneret
2093 2880 2239 2911 expresse
2270 2870 2352 2902 duos
2374 2879 2468 2901 veros

1395 2913 1494 2951 Deos,
1519 2924 1558 2946 ex
1581 2923 1638 2947 sua
1661 2921 1770 2946 tamen
1793 2915 1967 2956 positione,
1992 2914 2098 2946 addita
2120 2916 2251 2956 veritate
2275 2914 2466 2956 Scripturae,

1395 2959 1568 2999 oportebat
1590 2956 1666 2990 eum
1690 2959 1797 2991 dicere
1820 2957 1946 2990 Patrem
1970 2965 2002 2990 et
2024 2956 2142 2991 Filium
2173 2969 2242 2990 esse
2269 2959 2351 2990 duos
2374 2967 2468 2990 veros

1395 3004 1495 3035 Deos.
1518 3004 1614 3041 Nam,
1638 3014 1714 3035 cum
1739 3014 1777 3035 ex
1801 3004 1895 3035 Sacra
1918 3005 2081 3045 Scriptura
2104 3005 2257 3035 habeatur
2272 3004 2390 3035 Filium
2406 3004 2467 3034 Dei

1394 3058 1509 3080 verum
1532 3049 1640 3080 Deum
1663 3059 1742 3086 esse,
1767 3050 1793 3079 si
1822 3049 1898 3080 huic
1928 3050 2051 3080 veritati
2082 3050 2201 3089 positio
2231 3049 2299 3080 Arii
2323 3048 2466 3084 addatur,

1394 3093 1514 3125 Filium
1537 3094 1658 3125 scilicet
1681 3093 1862 3125 secundum
1885 3095 2055 3125 essentiam
2079 3104 2096 3124 a
2119 3094 2210 3125 Patre
2232 3093 2395 3133 distingui,
2418 3102 2467 3123 se-

1380 3138 1506 3180 ·quitur
1528 3145 1565 3170 ut
1592 3148 1666 3170 vere
1695 3138 1761 3170 duo
1789 3138 1842 3169 Dii
1870 3135 1942 3171 sint.
1974 3139 2015 3169 Et
2043 3144 2175 3179 propter
2204 3139 2267 3169 hoc
2298 3137 2467 3168 subintulit

1395 3183 1532 3214 Sanctus
1555 3183 1715 3214 Thomas:
1740 3193 1812 3225 cum
1836 3189 1942 3214 tamen
1958 3183 2078 3213 Filium
2100 3193 2210 3213 verum
2225 3183 2330 3213 Deum
2354 3187 2466 3215 aucto,—

1396 3227 1546 3258 ritatibus
1569 3227 1758 3269 Scripturae
1781 3227 1914 3259 credere
1935 3233 2107 3269 cogantur.

1275 3480 1277 3482 ,
1319 3440 1397 3484 ,m
1660 3451 1662 3453 ,

2495 1219 2503 1226 ·
2520 1217 2570 1238 Lib.
2581 1217 2619 1243 111,
2630 1223 2662 1243 xi,
2675 1223 2705 1242 ¹2:

2494 1243 2566 1265 s.Th.
2582 1244 2597 1266 l.
2609 1243 2642 1266 26.

2495 1272 2515 1281 ·”
2534 1271 2559 1292 S.
2575 1270 2621 1292 Th.
2644 1271 2658 1292 l.
2675 1277 2706 1297 ¹²3

2495 1297 2547 1319 Did.
2558 1297 2598 1324 XI,
2608 1303 2631 1322 x,
2644 1304 2679 1323 ¹⁴·

2496 2733 2505 2743 ”
2521 2732 2576 2760 Cap.
2589 2739 2622 2754 νυ,
