2768 4134
47 1281 56 1288 “
72 1278 129 1305 Cap.
144 1284 207 1299 xuv.

47 1602 62 1617 '⁷
72 1602 128 1629 Cap.
146 1607 221 1630 praec.

50 2438 58 2447 ⁴
76 2436 113 2458 Ct'.
131 2436 264 2458 Commeat.

50 2470 70 2485 c.
81 2469 154 2489 cxxii,
164 2463 215 2484 init.

52 3196 60 3204 '
69 3194 104 3216 Cf.
113 3198 167 3216 text.
179 3200 199 3217 et
215 3202 261 3217 var.

48 3595 56 3603 ·
75 3593 127 3615 vid.
143 3599 221 3620 supra.

287 313 368 348 214

855 296 1045 342 SUMMA
1074 294 1298 332 CONTRA
1326 292 1604 340 GENTILES,
1635 293 1747 330 CAP.
1768 293 1940 331 LXXIV.

552 454 1040 512 CAPITULUM
1078 452 1799 509 SEPTUAGESIMUM
1834 452 2245 532 QUARTUM

1158 572 1188 601 A
1226 581 1296 601 22v
1331 571 1397 601 a31
1435 572 1503 602 sine
1526 571 1633 602 titulo.

408 665 596 718 QUOD
639 663 1041 706 PRINCIPALE
1085 662 1396 704 VOLITUM
1440 662 1553 702 DEI
1598 661 1723 703 EST
1767 661 2007 704 DIVINA
2052 663 2388 705 ESSENTIA

313 834 319 842 .
430 832 435 841 ,
480 820 483 839 :
502 807 527 832 x
541 797 618 833 hoc
638 803 770 832 autem
784 793 943 831 ulterius
958 799 1118 842 apparet
1132 791 1241 841 quod
1259 791 1364 841 prin-

324 880 327 884 ,
373 841 416 866 ”“
447 853 463 897 ’ξ
481 849 487 855 ‘
517 849 639 899 cipale
651 848 805 886 divinae
815 845 1024 884 voluntatis
1034 845 1200 883 volitum
1216 853 1271 882 est
1282 845 1365 882 eius

314 912 328 939 ξ-
432 938 435 941 ,
519 902 693 941 essentia.

322 939 334 969 ι)
363 908 491 978 ⁴5:²¹
572 957 730 993 Bonum
760 954 865 991 enim
900 953 1135 990 intellectum
1171 960 1227 990 est
1260 952 1366 990 obie-

291 1018 397 1048 ctum
425 1009 644 1056 voluntatis,
666 1016 708 1046 ut
728 1007 875 1045 dictum
904 1015 959 1044 est
973 1006 1004 1043 ³¹⁸.
1034 1007 1076 1044 Id
1104 1014 1237 1044 autem
1257 1006 1366 1056 quod
1389 1018 1398 1038 ⁵

291 1076 313 1101 a
332 1064 418 1100 Deo
441 1062 700 1112 principaliter
727 1060 945 1109 intelligitur
963 1068 1019 1097 est
1038 1059 1171 1097 divina
1189 1059 1365 1104 essentia,

290 1125 333 1154 ut
361 1129 478 1166 supra
496 1117 516 1138 ²⁸
543 1116 753 1166 probatum
781 1122 848 1151 est.
887 1114 1030 1151 Divina
1059 1113 1172 1162 igitur
1204 1113 1368 1151 essentia

290 1178 345 1207 est
364 1170 402 1207 id
422 1170 471 1207 de
491 1182 572 1220 quo
591 1167 852 1220 principaliter
869 1175 926 1205 est
944 1167 1076 1206 divina
1095 1168 1288 1206 voluntas.

342 1224 448 1260 Item.
465 1222 683 1273 Appetibile
697 1229 948 1272 comparatur
966 1221 1015 1259 ad
1035 1220 1251 1271 appetitum
1270 1218 1381 1258 sicut

289 1289 455 1314 movens
470 1277 519 1314 ad
534 1284 702 1322 motum,
718 1283 760 1313 ut
780 1274 928 1325 supra*
941 1274 1090 1312 dictum
1106 1282 1172 1311 est.
1195 1275 1244 1312 Et
1263 1274 1367 1312 simi·
1384 1287 1410 1301 ¹⁰

290 1330 372 1367 liter
400 1342 440 1367 se
469 1330 585 1367 habet
613 1329 778 1366 volitum
808 1329 857 1366 ad
886 1330 1145 1366 voluntatem:
1177 1340 1270 1366 cum
1298 1341 1367 1365 vo—

290 1386 415 1421 luntas
435 1383 482 1420 sit
496 1384 545 1421 de
560 1395 700 1432 genere
718 1382 1019 1433 appetitivamm
1033 1381 1308 1432 potentiarum.
1326 1382 1367 1420 Si

290 1437 403 1486 igitur
421 1437 630 1475 voluntatis
655 1436 810 1474 divinae
837 1435 884 1473 sit
907 1435 1012 1474 aliud
1039 1435 1251 1486 principale
1271 1435 1367 1472 voli-

289 1499 374 1528 tum
390 1503 511 1540 quam
527 1490 610 1540 ipsa
621 1489 694 1527 Dei
709 1489 886 1536 essentia,
898 1497 1082 1539 sequetur
1096 1490 1206 1539 quod
1221 1489 1367 1539 aliquid

290 1544 395 1582 aliud
424 1544 469 1582 sit
497 1543 676 1594 superius
705 1543 838 1583 divina
866 1544 1076 1589 voluntate,
1104 1543 1214 1593 quod
1241 1543 1367 1593 ipsam

291 1606 435 1635 movet.
458 1597 581 1636 Cuius
601 1596 840 1635 contrarium
865 1609 911 1634 ex
935 1596 1140 1646 praedictis
1154 1596 1175 1619 *
1197 1604 1312 1646 patet.

346 1652 559 1689 Praeterea.
576 1650 792 1701 Principale
808 1650 973 1688 volitum
993 1658 1049 1688 est
1068 1650 1282 1700 unicuique
1300 1663 1368 1688 vo-

288 1705 384 1743 lenti
403 1717 520 1742 causa
539 1704 712 1743 volendi:
734 1716 828 1742 cum
847 1704 953 1742 enim
973 1703 1151 1751 dicimus,
1177 1704 1268 1742 Volo
1287 1717 1368 1742 am-

291 1759 424 1796 bulare
443 1765 480 1796 ut
496 1771 623 1805 saner,
644 1770 805 1796 causam
828 1770 901 1795 nos
930 1757 1093 1796 reddere
1118 1757 1368 1804 arbitramur,

293 1820 329 1849 et
358 1812 388 1849 si
415 1820 635 1862 quaeratur,
665 1813 794 1855 Quare
820 1813 875 1850 vis
897 1813 1040 1858 sanari,
1068 1811 1302 1862 procedetur
1329 1811 1369 1849 in
1385 1830 1410 1844 πο

290 1865 549 1914 assignatione
573 1878 781 1903 causarum
810 1877 1018 1915 quousque
1046 1865 1297 1915 perveniatur
1319 1865 1369 1903 ad

292 1918 415 1957 finem
441 1919 637 1965 ultimum,
658 1918 726 1969 qui
750 1926 806 1956 est
831 1918 1042 1968 principale
1062 1919 1239 1964 volitum,
1260 1919 1369 1968 quod

292 1981 485 2011 est-causa
504 1972 662 2010 volendi
682 1984 753 2022 per
771 1972 956 2023 seipsum.
984 1971 1024 2009 Si
1044 1971 1158 2021 igitur
1175 1973 1284 2010 Deus
1303 1972 1369 2009 ali-

291 2025 386 2076 quid
414 2026 516 2064 aliud
544 2025 805 2077 principaliter
832 2025 923 2063 velit
951 2038 1072 2075 quam
1102 2025 1288 2076 seipsum,
1311 2037 1368 2062 se-

347 2140 359 2164 5
381 2146 410 2165 ut
424 2141 460 2170 D;
476 2146 504 2166 ut
517 2148 606 2175 supra.
688 2149 703 2174 7
724 2149 804 2174 supra
816 2149 858 2167 om
876 2141 918 2167 Pe.

292 2175 324 2200 23
344 2176 449 2201 volendi
467 2176 608 2208 DYsHbP3
627 2177 734 2204 volenti.

349 2211 378 2237 15
400 2211 484 2246 igitur]
505 2213 634 2238 essentiae
652 2213 759 2238 addunt
777 2212 826 2238 Pal.
919 2220 950 2238 22
971 2213 1081 2238 ulterius
1100 2213 1135 2244 Z;
1154 2220 1208 2238 om.

1003 2148 1013 2166 ι
1022 2148 1031 2166 ι
1054 2142 1217 2166 voluntatem
1230 2143 1252 2166 Α
1267 2142 1352 2170 solun
1367 2141 1508 2167 volentem.

1421 799 1563 841 quetur
1591 791 1700 841 quod
1735 790 1881 841 aliquid
1915 790 2020 829 aliud
2050 791 2096 829 sit
2122 792 2159 830 ei
2186 805 2304 831 causa
2331 792 2501 831 volendi.

1423 845 1500 883 Sed
1521 857 1640 882 suum
1659 846 1757 882 velle
1778 852 1834 882 est
1857 856 1977 882 suum
2001 857 2098 892 esse,
2117 853 2161 883 ut
2178 855 2381 884 ostensum
2401 854 2457 884 est
2471 846 2502 884 ¹¹².

1423 900 1526 947 Ergo
1555 898 1701 948 aliquid
1730 898 1835 936 aliud
1864 898 1934 936 erit
1962 898 1997 935 ei
2026 911 2143 936 causa
2178 900 2342 938 essendi.

1423 960 1480 990 est
1507 960 1642 990 contra
1670 952 1862 990 rationem
1890 951 2007 1002 primi
2037 952 2145 991 entis.

1477 1006 1630 1044 Adhuc.
1667 1005 1887 1056 Unicuique
1920 1005 2066 1043 volenti
2099 1005 2311 1056 principale
2338 1007 2504 1045 volitum

1423 1067 1479 1097 est
1507 1072 1602 1097 suus
1631 1059 1791 1097 ultimus
1818 1059 1923 1097 finis:
1954 1071 2048 1096 nam
2075 1059 2166 1097 finis
2194 1068 2250 1097 est
2278 1072 2348 1110 per
2371 1073 2412 1098 se
2435 1074 2504 1098 vo-

1423 1113 1523 1159 litus,
1544 1121 1580 1150 et
1599 1125 1670 1163 per
1688 1125 1809 1163 quem
1828 1112 1902 1150 alia
1920 1113 2022 1150 fiunt
2040 1113 2170 1151 volita.
2192 1113 2359 1152 Ultimus
2373 1122 2505 1152 autern

1423 1166 1513 1204 finis
1526 1175 1584 1204 est
1597 1166 1680 1217 ipse
1695 1167 1820 1214 Deus:
1841 1166 1934 1216 quia
1948 1166 2031 1218 ipse
2045 1175 2105 1213 est
2119 1179 2324 1205 summum
2339 1167 2505 1216 bonum,

1423 1229 1466 1258 ut
1494 1228 1696 1258 ostensum
1725 1227 1782 1258 est
1798 1219 2090 1270 *.'1pse·igitur
2116 1227 2173 1258 est
2199 1220 2412 1271 principale
2436 1233 2505 1259 vo-

1423 1275 1535 1312 litum
1564 1287 1658 1312 suae
1686 1273 1922 1326 voluntatis..

1477 1327 1669 1378 Amplius
1686 1328 1956 1377 Unaquaeque
1971 1327 2094 1365 virtus
2109 1328 2158 1365 ad
2173 1341 2292 1366 suum
2307 1328 2506 1366 obiectum

1422 1381 1635 1432 principale
1671 1381 1892 1419 secundum
1930 1381 2201 1432 aequalitatem
2233 1381 2505 1432 proportiona-

1423 1443 1501 1473 tur:
1523 1447 1617 1473 nam
1631 1434 1754 1472 virtus
1770 1435 1823 1472 rei
1841 1435 2062 1472 secundum
2077 1435 2230 1473 obiecta
2244 1443 2505 1482 mensuratur,

1424 1497 1467 1526 ut
1492 1496 1596 1539 patet
1619 1501 1691 1538 per
1715 1488 2016 1538 Philosophum,
2039 1489 2079 1526 in
2099 1489 2113 1526 1
2132 1489 2240 1527 Caeli
2261 1496 2296 1527 et
2318 1489 2504 1527 Mundii

2382 901 2503 948 Quod

1384 1556 1407 1576 ¹⁵
1423 1544 1614 1580 Voluntas
1633 1542 1748 1591 igitur
1764 1554 1811 1580 ex
1831 1553 1960 1592 aequo
1979 1542 2299 1593 proportionatur
2314 1555 2387 1581 suo
2401 1542 2506 1594 prin-

1423 1595 1538 1646 cipali
1575 1595 1745 1634 obiecto:
1776 1603 1814 1634 et
1850 1595 2024 1634 similiter
2057 1596 2285 1645 intellectus,
2313 1605 2352 1635 et
2389 1595 2506 1639 etiam

1424 1662 1573 1688 sensus.
1603 1648 1769 1688 Divinae
1798 1658 1930 1688 autem
1958 1649 2148 1688 voluntati
2176 1649 2273 1688 nihil
2301 1662 2349 1690 ex
2370 1660 2506 1702 aequo

1423 1703 1743 1754 proportionatur
1766 1703 1839 1741 nisi
1860 1703 1947 1742 eius
1970 1703 2146 1742 essentia.
2172 1705 2275 1754 Ergo
2295 1703 2506 1765 principale

1425 1757 1623 1796 obiectum
1657 1756 1812 1795 divinae
1845 1757 2055 1796 voluntatis
2083 1766 2140 1796 est
2168 1757 2345 1797 essentia·
2360 1757 2505 1798 divina.

1481 1811 1585 1849 Cum
1605 1819 1738 1848 autern
1757 1811 1923 1849 essentia
1937 1810 2070 1849 divina
2090 1810 2137 1849 sit
2150 1811 2223 1850 Dei
2243 1811 2451 1861 intelligere
2467 1820 2507 1851 et

1425 1864 1559 1902 omnia
1588 1865 1661 1902 alia
1689 1877 1790 1914 quae
1820 1864 1860 1902 in
1888 1863 1975 1915 ipso
2004 1877 2088 1902 esse
2115 1865 2310 1911 dicuntur,
2346 1865 2507 1905 manife-

1425 1926 1530 1956 stum
1548 1926 1605 1956 est
1624 1917 1785 1956 ulterius
1803 1918 1914 1968 quod
1938 1919 2081 1956 eodem
2100 1918 2224 1957 modo
2246 1918 2509 1970 principaliter

1424 1973 1508 2009 vult
1527 1984 1568 2009 se
1588 1971 1807 2020 intelligere,
1829 1983 1870 2009 se
1886 1972 1996 2018 velle,
2017 1984 2059 2009 se
2078 1984 2163 2010 esse
2182 1985 2322 2020 unum,
2343 1981 2382 2010 et
2399 1972 2507 2031 quic·

1425 2024 1520 2076 quid
1539 2024 1645 2062 aliud
1665 2032 1722 2062 est
1741 2024 1982 2064 huiusmodi.

1594 2148 1625 2166 ια
1646 2142 1822 2174 potentiarum
1837 2140 1930 2172 GWZ;
1950 2141 1976 2166 in
1995 2141 2072 2166 nobis
2082 2141 2200 2167 addunt.
2285 2148 2319 2174 14
2337 2141 2395 2175 ipsa
2406 2142 2441 2175 Z;
2454 2148 2509 2168 om.

1067 2301 1407 2334 Commentariis
1428 2300 1743 2334 Fet-ramensis

354 2396 458 2422 nario,
484 2386 625 2417 ostendit
649 2386 786 2418 Sanctus
803 2387 948 2418 Thomas
965 2397 1049 2427 quae
1074 2388 1136 2417 sint
1160 2386 1287 2418 divinae
1313 2397 1371 2418 vo-

354 2431 485 2461 luntatis
509 2432 635 2462 obiecta
652 2432 678 2462 *ἱ
705 2431 798 2462 Circa
823 2432 887 2462 hoc
911 2438 1020 2462 autem
1045 2431 1112 2462 duo
1137 2431 1226 2462 facit:
1252 2433 1370 2473 primo,

293 2477 357 2516 agit
381 2476 420 2506 de
445 2476 546 2506 volito
570 2476 756 2516 principali;
781 2476 937 2513 secundo,
962 2476 1002 2508 de
1026 2476 1133 2507 volitis
1164 2476 1371 2513 secundariis,

293 2521 397 2561 capite
422 2521 581 2561 sequenti.

349 2565 371 2595 1.
397 2565 565 2603 Quantum
598 2564 637 2595 ad
670 2566 829 2606 primum,
863 2566 956 2606 ponit
989 2566 1072 2596 hanc
1106 2566 1369 2597 conclusionem:

291 2610 477 2651 Principale
504 2610 638 2640 volitum
666 2610 796 2640 divinae
824 2610 1002 2641 voluntatis
1018 2615 1066 2641 est
1084 2610 1196 2641 divina
1220 2611 1368 2642 essentia.

347 2655 510 2685 Probatur
526 2655 637 2695 primo
661 2655 717 2685 sic.
748 2654 849 2693 Quod
873 2665 891 2686 a
916 2655 987 2686 Deo
1012 2655 1230 2696 principaliter
1253 2656 1370 2687 intelli—

290 2700 374 2739 gitur
390 2706 438 2730 est
454 2699 561 2730 divina
578 2700 724 2730 essentia.
742 2699 829 2740 Ergo
842 2705 903 2731 etc.
916 2718 938 2723 -
950 2700 1108 2731 Probatur
1124 2702 1368 2741 consequentia.

290 2743 375 2782 Quia
398 2745 524 2775 bonum
548 2744 748 2775 intellectum
772 2750 820 2775 est
843 2745 1009 2776 obiectum
1032 2745 1217 2776 voluntatis.

345 2788 485 2820 Adverte
509 2788 600 2829 quod
624 2789 842 2830 principaliter
857 2789 1059 2820 intellectum
1075 2799 1144 2821 non
1161 2790 1269 2821 solum
1285 2790 1369 2822 acci·

290 2834 376 2874 pitur
399 2833 432 2864 id
457 2833 548 2874 quod
571 2834 689 2874 primo,
714 2833 895 2865 secundum
918 2840 1067 2865 nostrum
1096 2834 1235 2866 modum
1259 2835 1369 2866 conci-

288 2878 410 2918 piendi,
423 2878 686 2919 apprehenditur,
704 2878 759 2909 sed
777 2878 918 2909 etiamid
931 2879 1022 2919 quod
1039 2885 1086 2910 est
1104 2889 1231 2911 summe
1251 2880 1368 2911 intelli-

289 2923 400 2962 gibile:
425 2923 487 2954 tale
507 2923 595 2955 enim
617 2928 663 2954 est
680 2923 777 2954 etiam
794 2933 921 2954 summe
938 2923 1076 2955 volitum
1092 2930 1123 2955 et
1139 2925 1367 2966 principaliter.

345 2967 505 2998 Secundo.
530 2967 563 2998 Si
587 2977 655 2998 non
675 2968 720 2998 sic
744 2974 836 3004 esset,
854 2968 975 3009 aliquid
997 2974 1080 2999 esset
1095 2970 1244 3010 superius
1261 2969 1368 3000 divina

289 3012 468 3049 voluntate,
485 3011 576 3053 quod
592 3013 695 3053 ipsam
712 3018 868 3044 moveret.
886 3012 991 3044 Cuius
1007 3015 1206 3045 contrarium
1221 3024 1260 3045 ex
1276 3024 1368 3055 prae·

290 3056 382 3088 dictis
399 3063 496 3098 patet.
508 3075 531 3080 —
547 3057 705 3088 Probatur
722 3058 965 3098 consequentia.
984 3057 1070 3096 Quia
1086 3059 1260 3099 appetibile
1275 3068 1368 3090 com-

289 3107 418 3141 paratur
433 3101 474 3133 ad
489 3102 670 3142 appetitum
686 3102 770 3133 sicut
784 3111 921 3133 movens
937 3102 977 3133 ad
997 3109 1136 3134 motum.
1159 3103 1199 3134 Et
1222 3104 1368 3135 similiter

289 3146 428 3177 volitum
443 3146 484 3178 ad
499 3146 714 3178 voluntatem:
741 3156 817 3178 cum
833 3147 984 3178 voluntas
1006 3148 1047 3178 sit
1070 3147 1110 3179 de
1133 3157 1251 3188 genere
1268 3158 1367 3190 appe-

289 3191 451 3222 titivarum
475 3192 694 3232 potentiarum
718 3192 752 3222 in
775 3192 870 3223 nobis
885 3192 912 3222 *.

345 3235 600 3272 Advertendum,
614 3246 653 3268 ex
666 3236 813 3268 doctrina
828 3236 937 3267 Sancti
949 3236 1099 3268 Thomae
1113 3237 1221 3273 Ver-it„
1235 3247 1267 3278 q.
1281 3248 1366 3274 xxm,

290 3289 317 3310 a.
334 3288 360 3316 1,
374 3280 414 3311 ad
429 3281 457 3317 3,
474 3287 505 3312 et
522 3281 638 3318 Prima,
651 3290 683 3322 q.
696 3291 758 3318 xix,
774 3291 801 3312 a.
814 3290 844 3318 2,
861 3280 902 3312 ad
920 3290 950 3317 2,
967 3290 1043 3312 cum
1060 3281 1177 3312 dicitur
1192 3283 1366 3323 appetibile

290 3326 469 3365 comparari
486 3325 525 3356 ad
542 3326 722 3367 appetitum
739 3326 822 3357 sicut
837 3335 974 3356 movens
990 3325 1030 3356 ad
1046 3331 1185 3362 motum.
1197 3327 1287 3367 quod
1303 3327 1366 3359 hoc

290 3369 476 3410 intelligitur
489 3370 529 3401 de
545 3371 651 3411 primo
668 3376 699 3401 et
715 3380 773 3411 per
789 3380 822 3401 se
839 3370 1015 3411 appetibili,
1027 3370 1118 3411 quod
1135 3377 1182 3402 est
1195 3371 1279 3402 finis:
1298 3382 1365 3402 non

290 3419 398 3444 autem
415 3414 454 3445 de
471 3415 662 3446 secundario
679 3415 856 3456 appetibili,
870 3414 960 3456 quod
977 3421 1110 3456 propter
1125 3414 1224 3446 finem
1242 3417 1366 3457 appeti-

290 3463 350 3488 tur.
368 3458 451 3489 Nam
468 3460 541 3496 tale,
554 3466 590 3490 ut
606 3459 722 3491 dicitur
735 3460 746 3490 1
758 3460 857 3497 Sent.,
869 3459 900 3490 d.
912 3469 982 3496 va,
994 3470 1021 3490 a.
1033 3469 1062 3496 2,
1076 3460 1116 3490 ad
1131 3470 1159 3497 2,
1177 3470 1244 3491 non
1261 3470 1294 3491 se
1310 3462 1365 3492 ha-

290 3502 343 3532 bet
361 3508 396 3533 ut
411 3513 547 3534 movens
564 3505 776 3541 voluntatem,
790 3504 847 3535 sed
863 3510 899 3535 ut
914 3504 1062 3546 effectum
1079 3509 1110 3535 et
1125 3511 1246 3535 motum
1264 3505 1304 3536 ab
1316 3515 1364 3536 ea.

345 3547 483 3578 Adverte
507 3549 603 3579 etiam
620 3549 709 3590 quod
725 3550 831 3590 inquit
847 3549 983 3580 Sanctus
999 3549 1145 3580 Thomas
1164 3549 1365 3581 voluntatem

291 3590 324 3619 in
349 3591 439 3622 nobis
455 3593 472 3609 ⁴*
496 3602 564 3623 esse
588 3593 628 3624 de
651 3603 769 3634 genere
797 3594 1017 3635 potentiarum
1048 3594 1306 3635 appetitivarum,
1331 3600 1367 3625 ut

291 3635 473 3666 ostenderet
497 3643 647 3677 oportere
664 3639 759 3669 etiam
776 3639 808 3669 in
826 3638 909 3675 Deo,
926 3638 1107 3669 secundum
1130 3644 1278 3669 nostrum
1295 3648 1366 3669 mo-

291 3677 369 3709 dum
394 3680 602 3719 intelligendi,
627 3681 725 3713 finem
751 3692 882 3714 movere
907 3683 1119 3714 voluntatem.
1146 3682 1258 3714 Genus
1280 3684 1365 3714 enim
1391 3715 1393 3723 ¹

1425 2388 1646 2428 potentiarum
1671 2388 1920 2428 appetitivamm
1951 2387 2116 2418 invenitur
2138 2387 2171 2418 in
2195 2387 2278 2423 Deo,
2307 2397 2369 2418 suo
2392 2387 2506 2426 modo,

1425 2433 1712 2473 proportionaliter
1735 2431 1775 2463 ad
1799 2438 1948 2463 nostrum
1964 2432 2160 2473 appetitum:
2185 2433 2268 2463 sicut
2284 2438 2316 2463 et
2331 2442 2435 2473 genus
2450 2442 2507 2464 co-

1422 2477 1677 2518 gnoscitivarum
1693 2477 1924 2518 potentiarum.
1945 2476 2009 2508 Sed
2025 2477 2109 2508 sicut
2124 2477 2270 2518 potentia
2286 2478 2507 2519 cognosc'niva

1425 2527 1473 2552 est
1495 2522 1528 2552 in
1554 2522 1626 2552 Deo
1651 2527 1811 2562 quantum
1835 2521 1875 2552 ad
1906 2521 2142 2563 perfectionem
2166 2527 2268 2558 actus,
2293 2522 2350 2563 qui
2374 2527 2423 2553 est
2450 2531 2506 2554 co-

1424 2576 1591 2608 gnoscere,
1616 2576 1683 2597 non
1707 2571 1817 2597 autem
1841 2572 2000 2608 quantum
2026 2565 2066 2597 ad
2089 2565 2386 2607 imperfectionem;
2411 2567 2455 2598 ita
2474 2573 2507 2598 et

1424 2612 1587 2652 appetitus
1603 2617 1650 2642 est
1666 2611 1698 2642 in
1716 2611 1788 2642 Deo
1805 2621 1873 2642 non
1890 2610 2023 2652 quidem
2041 2616 2200 2651 quantum
2224 2611 2264 2642 ad
2287 2612 2376 2643 hunc
2397 2617 2506 2643 actum

1424 2657 1481 2697 qui
1501 2662 1548 2686 est
1564 2662 1727 2696 appetere,
1745 2656 1801 2696 qui
1818 2656 1961 2697 aliquam
1985 2655 2267 2696 imperfectionem
2285 2655 2433 2695 includit,
2449 2656 2506 2688 sed

1424 2706 1584 2742 quantum
1616 2700 1656 2732 ad
1688 2701 1769 2732 alios
1797 2707 1898 2737 actus,
1922 2700 2036 2742 quales
2059 2706 2134 2732 sunt
2156 2699 2318 2737 delectari,
2343 2710 2451 2733 ame
2470 2707 2506 2734 et

1423 2745 1612 2777 huiusmodi
1625 2746 1651 2776 ⁹.
1677 2745 1718 2776 Et
1741 2746 1819 2786 quia
1842 2754 2020 2777 commune
2037 2750 2085 2776 est
2100 2745 2270 2786 appetitui,
2285 2751 2446 2787 quantum
2465 2745 2506 2778 'ad

1424 2800 1558 2822 omnem
1583 2795 1691 2821 actum
1715 2795 1864 2831 respectu
1888 2789 1973 2826 finis,
1994 2796 2031 2821 ut
2054 2799 2073 2821 a
2094 2789 2161 2821 fine
2184 2795 2364 2828 moveatur,
2379 2789 2457 2822 ideo
2472 2796 2505 2822 et

1422 2836 1487 2867 hoc
1511 2836 1544 2866 in
1569 2835 1641 2866 Deo
1666 2845 1789 2876 ponere
1813 2840 1955 2876 oportet,
1979 2834 2160 2866 secundum
2184 2835 2339 2867 nimirum
2364 2834 2504 2867 modum

1422 2879 1623 2921 intelligendi
1647 2890 1716 2921 quo
1740 2890 1779 2911 ex
1803 2881 1956 2911 creaturis
1983 2879 2091 2911 Deum
2115 2880 2356 2922 cognoscimus,
2380 2885 2412 2911 et
2432 2888 2504 2922 quo

1423 2924 1697 2966 apprehendimus
1721 2925 1783 2956 Dei
1805 2925 2007 2956 voluntatem
2031 2934 2070 2955 ac
2093 2924 2163 2956 eius
2186 2925 2366 2956 bonitatem
2383 2930 2421 2956 ut
2434 2923 2503 2957 tho

1423 2969 1582 3001 distincta.
1599 2969 1632 3001 Si
1649 2975 1759 3000 autem
1775 2968 1848 3000 finis
1861 2969 1988 3001 divinae
2000 2969 2177 3000 voluntatis
2192 2975 2371 3011 poneretur
2380 2969 2504 3012 aliquid

1422 3015 1462 3045 ab
1478 3015 1548 3056 ipsa
1563 3014 1689 3046 realiter
1711 3014 1910 3050 distinctum..
1927 3019 2095 3056 oporteret
2109 3018 2146 3045 ut
2160 3014 2201 3045 ab
2216 3014 2275 3046 illo
2290 3014 2442 3046 vohintas
2456 3013 2503 3046 di·

1422 3060 1497 3090 vina
1520 3059 1647 3091 realiter
1669 3065 1856 3090 moveretur
1878 3059 2027 3090 motione
2051 3068 2168 3090 causae
2186 3057 2301 3090 finalis.
2318 3059 2361 3090 Et
2375 3059 2440 3090 hoc
2454 3064 2504 3090 ut

1423 3103 1673 3135 fundamentum
1696 3104 1794 3135 huius
1816 3104 1960 3135 rationis.

1478 3149 1516 3180 11.
1538 3149 1658 3180 Tertio.
1675 3148 1710 3180 Si
1725 3149 1815 3180 Deus
1831 3147 1953 3190 aliquid
1968 3147 2057 3180 aliud
2075 3147 2153 3179 velit
2167 3148 2387 3190 principaliter
2402 3156 2501 3189 qnam

1421 3194 1576 3235 seipsum,
1601 3193 1724 3234 aliquid
1754 3193 1841 3224 aliud
1871 3194 1931 3225 erit
1963 3193 2036 3224 Deo
2067 3201 2164 3224 causa
2186 3192 2327 3224 volendi.
2359 3191 2446 3233 Ergo
2470 3197 2502 3224 et

1421 3247 1518 3270 causa
1542 3238 1685 3270 essendi:
1710 3247 1787 3269 cum
1811 3247 1909 3269 suum
1933 3237 2014 3269 ve'lle
2038 3238 2078 3269 sit
2101 3246 2198 3269 suum
2215 3246 2295 3268 esse.
2309 3236 2502 3268 -Probatut

1421 3283 1666 3324 consequentia.
1695 3282 1783 3321 Quia
1807 3283 1985 3324 principale
2007 3282 2147 3314 volitum
2175 3281 2355 3322 unicuique
2378 3281 2501 3314 volenti

1421 3333 1469 3359 est
1492 3337 1589 3359 causa
1613 3327 1756 3359 volendi.

1477 3372 1618 3404 Adverte
1651 3372 1743 3413 quod
1775 3372 1855 3403 haec
1887 3372 1969 3403 ratio
1999 3370 2205 3412 distinguitur
2230 3380 2249 3401 a
2279 3369 2500 3411 praecedenti:

2531 845 2540 854 '
2556 843 2616 866 Ibid.

2533 1223 2543 1232 ·
2558 1221 2616 1250 cup.
2626 1227 2674 1244 ιιι.

2606 1493 2653 1514 .,ιι
2663 1487 2752 1516 6⁸qq.;

2625 1514 2640 1536 1.
2646 1503 2684 1542 ’²5-

1420 3418 1497 3458 quia
1521 3418 1554 3448 in
1578 3417 1632 3448 illa
1655 3417 1904 3458 comparabatur
1927 3416 2092 3447 obiectum
2115 3414 2156 3446 ad
2179 3415 2371 3456 potentiam,
2388 3415 2422 3446 in
2441 3415 2501 3446 ista
2533 3429 2535 3431 v

1420 3467 1529 3493 autem
1553 3467 1760 3503 comparatur
1783 3461 1823 3492 ad
1847 3466 1967 3497 actum,
1991 3460 2074 3490 sicut
2098 3469 2193 3490 causa
2217 3459 2258 3490 ad
2281 3459 2444 3491 effectum.

1479 3506 1618 3543 Quarto.
1643 3507 1732 3537 Deus
1756 3511 1803 3537 est
1826 3505 1959 3536 ultimus
1983 3503 2070 3535 finis:
2095 3505 2171 3546 quia
2195 3510 2242 3535 est
2257 3513 2424 3535 summum
2440 3504 2500 3535 bo-

1419 3560 1510 3582 num.
1536 3551 1623 3592 Ergo
1647 3557 1708 3582 etc.
1724 3569 1747 3573 -
1762 3550 1919 3581 Probatur
1942 3549 2185 3590 consequentia.
2210 3548 2297 3588 Quia
2320 3549 2500 3590 unicuique

1419 3595 1543 3626 volenti
1567 3594 1745 3636 principale
1768 3594 1907 3625 volitum
1931 3598 1978 3624 est
2002 3602 2080 3624 suus
2105 3593 2238 3624 ultimus
2262 3592 2345 3624 finis.

1479 3639 1612 3677 Quinto.
1645 3639 1781 3670 Divinae
1804 3637 1963 3669 voluntati
1994 3638 2073 3669 nihil
2104 3647 2143 3669 ex
2173 3646 2280 3678 aequo
2313 3638 2499 3679 proportio-

1420 3689 1514 3715 natur
1530 3685 1590 3715 nisi
1607 3684 1676 3715 eius
1693 3683 1838 3714 essentia.
1863 3682 1950 3723 Ergo
1967 3687 2027 3713 etc.
2045 3701 2066 3705 -
2082 3682 2239 3713 Probatur
2255 3682 2497 3723 consequentia.
