2768 4134
98 2101 311 2155 gcffiv¹11‚is⁵sqq.;

97 2580 106 2589 ·
121 2578 152 2599 111
167 2578 199 2600 Ριι
218 2585 309 2605 ιιιιιιιι

98 2612 120 2631 ¹3
137 2611 156 2627 s.
171 2585 217 2627 Tfi:
231 2606 246 2627 1.
264 2612 294 2633 ι3.

96 2952 105 2962 ·
120 2951 175 2979 Cap.
193 2959 266 2980 praec.

353 317 427 361 542

349 391 543 443 particula,
562 395 666 438 patet
685 386 791 436 quod
811 397 892 422 non
916 385 1032 421 habet
1050 382 1207 432 aliquod
1224 393 1324 431 opus
1342 381 1418 418 for-

349 442 508 482 mationi
523 441 586 479 tali
601 439 906 490 appropriatum.
923 436 1169 486 Relinquitur
1181 435 1295 484 igitur
1308 434 1417 484 quod

348 495 526 535 formatio
545 493 729 543 corporis,
749 491 956 542 praecipue
975 498 1166 539 quantum
1193 489 1245 527 ad
1271 488 1418 538 primas

348 558 385 587 et
411 547 640 599 principales
674 553 812 596 partes,
842 556 923 582 non
958 551 1014 581 est
1047 543 1097 581 ab
1130 542 1271 580 anima·
1289 541 1416 590 geniti,

348 615 419 640 nec
448 614 470 639 a
496 601 636 638 virtute
669 598 873 636 formativa
905 605 1040 646 agente
1073 608 1120 634 ex
1152 596 1191 633 vi
1226 596 1320 642 eius,
1349 595 1417 632 sed

347 663 481 705 agente
496 666 542 691 ex
556 653 595 690 vi
609 652 762 691 animae
777 651 1018 700 generativae
1037 649 1166 700 patriS‚
1186 649 1297 687 cuius
1317 660 1418 698 opus

347 717 402 747 est
433 708 557 745 facere
592 706 715 743 simile
749 705 946 754 generanti
979 704 1198 741 secundum
1233 702 1415 752 speciem.

400 762 508 798 Haec
526 759 639 808 igitur
657 759 715 796 vis
733 758 939 797 formativa
958 758 1096 795 eadem
1123 763 1254 794 manet
1282 755 1322 792 in
1341 754 1416 804 spi-

347 815 420 852 ritu
448 813 646 864 praedicto
674 825 697 850 a
730 811 920 862 principio
953 810 1193 848 formationis
1221 820 1348 858 usque
1376 808 1416 844 in

346 868 479 905 finem.
502 866 658 917 Species
677 874 808 903 tamen
827 864 978 902 formati
998 875 1078 900 non
1098 870 1230 900 manet
1257 862 1414 899 eadem:

346 933 439 959 nam
467 920 596 970 primo
625 920 741 957 habet
768 919 935 956 formam
964 916 1133 962 seminis,
1161 923 1297 965 postea
1330 926 1416 952 san-

345 973 484 1024 guinis,
514 981 550 1011 et
578 972 632 1010 sic
659 973 749 1010 inde
769 982 977 1021 quousque
998 969 1128 1006 veniat
1155 969 1203 1006 ad
1232 968 1416 1006 ultimum

346 1029 690 1078 complementum.
710 1025 817 1062 Licet
836 1024 941 1062 enim
960 1023 1155 1072 generatio
1180 1021 1417 1072 simplicium

346 1092 556 1131 corporum
584 1091 664 1116 non
693 1078 877 1127 procedat
904 1077 1123 1114 secundum
1147 1076 1338 1122 ordinem,
1367 1087 1416 1112 eo

345 1134 452 1184 quod
468 1132 667 1182 quodlibet
682 1143 820 1168 eorum
836 1131 951 1168 habet
965 1130 1133 1167 sormam
1149 1129 1415 1167 immediatam

344 1186 526 1225 materiae
540 1185 706 1235 primae;
726 1184 765 1221 in
785 1183 1032 1233 generatione
1051 1191 1182 1220 tamen
1202 1195 1416 1233 corporum

343 1240 519 1286 aliorum,
535 1246 688 1289 oportet
702 1250 785 1275 esse
803 1237 1099 1286 generationum
1113 1236 1305 1283 ordinem,
1326 1248 1415 1287 pro·

342 1302 427 1344 pter
445 1294 586 1330 multas
604 1292 748 1329 formas
767 1290 1016 1328 intermedias
1035 1290 1133 1328 inter
1150 1290 1320 1340 primam
1339 1290 1415 1328 for-

342 1359 450 1385 mam
466 1345 645 1383 elementi
665 1353 702 1382 et
719 1344 898 1382 ultimam
916 1344 1085 1382 formam
1100 1345 1150 1381 ad
1165 1356 1286 1394 quam
1300 1355 1414 1393 gene-

343 1401 438 1438 ratio
458 1399 669 1437 ordinatur.
690 1399 739 1436 Et
757 1398 845 1435 ideo
875 1406 964 1435 sunt
983 1399 1128 1435 multae
1147 1398 1415 1446 generationes

342 1462 379 1491 et
406 1452 672 1503 corruptiones
701 1464 783 1490 sese
812 1458 1106 1501 consequentes.

395 1508 479 1544 Nec
498 1514 553 1543 est
573 1505 852 1543 inconveniens
871 1505 901 1542 si
927 1504 1072 1554 aliquid
1092 1504 1415 1542 intermediorum

341 1567 544 1609 generatur
578 1567 615 1596 et
649 1558 776 1597 statim
810 1559 1067 1608 postmodum
1102 1558 1413 1609 interrumpitur:

341 1614 433 1664 quia
461 1612 689 1650 intermedia
708 1624 788 1650 non
809 1612 953 1649 habent
972 1611 1142 1661 speciem
1167 1613 1414 1662 completam,

342 1667 409 1705 sed
439 1674 528 1704 sunt
555 1674 598 1703 ut
625 1665 665 1703 in
692 1665 756 1703 via
775 1665 825 1703 ad
854 1665 1044 1715 speciem;
1073 1673 1110 1702 et
1137 1665 1227 1703 ideo
1252 1677 1334 1703 non
1353 1677 1415 1714 ge-

342 1727 526 1758 nerantur
552 1727 595 1756 ut
622 1726 886 1769 permaneant,
915 1718 983 1756 sed
1011 1726 1055 1755 ut
1081 1730 1152 1768 per
1179 1730 1225 1756 ea
1253 1719 1303 1756 ad
1331 1719 1416 1756 ulti-

342 1785 454 1811 mum
474 1780 701 1821 generatum
719 1771 979 1822 perveniatur.
995 1794 1021 1799 —
1036 1772 1121 1809 Nec
1140 1779 1196 1808 est
1214 1771 1360 1810 mirum
1385 1772 1415 1810 si

342 1835 420 1864 tota
448 1825 704 1875 generationis
732 1825 1000 1862 transmutatio
1024 1837 1106 1862 non
1135 1833 1191 1862 est
1219 1826 1414 1872 continua,

342 1881 409 1917 sed
439 1887 528 1916 sunt
555 1881 701 1916 multae
728 1878 995 1927 generationes
1023 1877 1292 1916 intermediae:
1323 1879 1415 1928 quia

341 1934 417 1970 hoc
436 1932 552 1970 etiam
572 1931 708 1969 accidit
726 1931 766 1968 in
785 1931 1009 1968 alteratione
1029 1939 1066 1968 et
1084 1939 1311 1979 augmento;
1332 1943 1414 1969 non

340 1985 446 2023 enim
481 1992 538 2022 est
572 1992 651 2022 tota
686 1984 858 2022 alteratio
893 1983 1089 2030 continua,
1125 1996 1256 2034 neque
1286 1992 1413 2023 totum

339 2046 604 2088 augmentum,
635 2038 702 2074 sed
736 2039 864 2075 solum
900 2045 1032 2074 motus
1066 2037 1198 2075 localis
1231 2045 1287 2090 est
1321 2049 1413 2075 vere

339 2092 557 2138 continuus,
578 2098 620 2128 ut
645 2098 749 2140 patet
773 2090 813 2128 in
833 2091 915 2127 vl11
936 2092 1187 2139 physicorum
1202 2090 1232 2128 ³¹⁸.

392 2145 550 2192 Quanto
565 2144 678 2193 igitur
691 2143 820 2193 aliqua
839 2143 965 2181 forma
979 2151 1035 2181 est
1054 2144 1223 2182 nobilior
1241 2152 1278 2181 et
1292 2144 1415 2193 magis

799 307 987 345 SUMMA
1016 305 1238 343 CONTRA
1266 301 1541 347 GENTILES,
1570 301 1666 338 LIB.
1687 301 1729 346 ΙΙ,
1759 300 1870 337 CAP.
1890 301 2100 338 LXXXIX.

1473 378 1616 416 Anima
1631 378 1745 427 igitur
1757 378 1799 415 in
1813 377 1928 415 bruto
1943 378 2062 415 habet
2075 378 2114 415 id
2130 379 2239 428 quod
2253 388 2310 418 est
2322 382 2550 422 sensitivum

1472 440 1644 478 tantum;
1671 439 1708 468 et
1725 443 1798 481 per
1813 442 2060 480 consequens
2074 443 2148 469 nec
2161 444 2246 470 esse
2264 445 2338 471 nec
2356 435 2440 474 eius
2458 449 2552 487 ope-

1473 485 1569 523 ratio
1597 497 1717 534 supra
1745 496 1889 534 corpus
1916 485 2111 531 elevatur;
2140 486 2248 523 unde
2267 495 2420 537 oportet
2441 491 2550 539 quod

1473 539 1589 576 simul
1608 550 1701 575 cum
1719 538 1968 586 generatione
1987 538 2162 588 corporis
2176 548 2392 588 generetur,
2407 549 2444 579 et
2457 555 2550 581 cum

1441 614 1449 634 ς
1473 591 1722 641 corruptione
1741 599 2026 641 corrumpatur.
2056 592 2201 633 Anima
2218 601 2352 632 autem
2370 596 2551 635 sensitiva

1472 646 1512 683 in
1531 645 1703 691 homine,
1723 656 1816 682 cum
1832 644 1974 683 habeat
1987 657 2107 695 supra
2125 646 2351 685 sensitivam
2370 656 2551 688 naturam

1472 699 1554 736 vim
1568 698 1851 745 intellectivam,
1862 711 1909 736 ex
1923 710 2003 748 qua
2017 707 2170 749 oportet
2184 708 2228 738 ut
2240 700 2326 751 ipsa
2339 702 2552 741 substantia

1472 752 1628 790 animae
1646 751 1694 789 sit
1718 752 1939 790 secundum
1962 764 2047 790 esse
2075 761 2111 790 et
2137 754 2406 804 operationem
2432 769 2551 807 supra

1472 818 1616 856 corpus
1637 806 1804 852 elevata;
1833 817 1964 855 neque
1977 818 2049 855 per
2065 807 2355 855 generationem
2375 810 2551 860 corporis

1443 875 1458 890 ο
1471 867 1687 909 generatur,
1706 871 1837 909 neque
1855 871 1927 909 per
1949 859 2032 897 eius
2055 860 2350 911 corruptionem
2374 875 2550 902 corrum-

1472 913 1587 963 pitur.
1608 913 1796 950 Diversus
1823 924 1917 962 ergo
1935 913 2081 951 modus
2100 914 2257 963 originis
2276 914 2317 953 in
2342 916 2550 956 animabus

1471 966 1678 1017 praedictis
1696 979 1779 1004 non
1802 974 1859 1004 est
1887 979 1934 1004 ex
1961 974 2069 1016 parte
2093 967 2276 1015 sensitivi,
2305 980 2351 1007 ex
2381 981 2462 1020 quo
2485 983 2551 1010 su-

1472 1020 1592 1058 mitur
1606 1020 1701 1058 ratio
1712 1020 1874 1069 generis:
1891 1021 1959 1057 sed
1975 1032 2022 1058 ex
2037 1029 2145 1070 parte
2160 1021 2390 1070 intellectivi‚
2406 1036 2454 1062 ex
2468 1037 2551 1074 quo

1472 1074 1640 1112 sumitur
1666 1073 1884 1112 differentia
1902 1073 2057 1124 speciei.
2079 1075 2192 1113 Unde
2210 1087 2294 1113 non
2312 1085 2440 1126 potest
2457 1090 2550 1116 con·

1432 1145 1455 1167 ις
1471 1128 1575 1166 cludi
1594 1128 1795 1166 diversitas
1812 1127 1974 1177 generis,
1989 1128 2060 1165 sed
2073 1130 2156 1166 sola
2174 1129 2376 1168 diversitas
2395 1131 2548 1181 speciei.

1525 1182 1646 1230 Quod
1665 1194 1762 1220 vero
1782 1182 1958 1220 secundo
1977 1181 2167 1229 obiicitur,
2187 1191 2423 1234 conceptum
2441 1185 2550 1236 prius

1471 1247 1555 1273 esse
1583 1235 1728 1273 animal
1756 1247 1879 1285 quam
1900 1235 2120 1285 hominem,
2135 1248 2219 1274 non
2241 1238 2409 1276 ostendit
2436 1239 2550 1279 ratio-

1470 1291 1600 1327 nalem
1615 1289 1791 1327 animam
1800 1301 1894 1327 cum
1908 1288 2060 1327 semine
2068 1291 2286 1340 propagari.
2302 1292 2409 1330 Nam
2417 1292 2551 1332 anima

1470 1343 1652 1381 sensitiva
1679 1355 1751 1393 per
1777 1355 1900 1392 quam
1927 1342 2074 1382 animal
2091 1351 2184 1390 erat,
2202 1356 2285 1382 non
2309 1353 2452 1393 manet,
2480 1347 2551 1385 sed

1442 1414 1456 1429 ο
1470 1396 1505 1434 ei
1534 1396 1706 1435 succedit
1733 1395 1866 1434 anima
1885 1409 1988 1447 quae
2007 1404 2063 1433 est
2091 1396 2209 1435 simul
2227 1398 2410 1437 sensitiva
2437 1407 2477 1437 et
2492 1400 2551 1438 in-

1470 1450 1669 1497 tellectiva,
1698 1462 1745 1487 ex
1773 1462 1854 1500 qua
1881 1458 1939 1488 est
1965 1449 2109 1488 animal
2137 1458 2176 1488 et
2202 1452 2327 1490 homo
2351 1452 2480 1500 simul,
2504 1461 2551 1492 ut

1471 1517 1517 1542 ex
1545 1504 1655 1541 dictis
1682 1511 1797 1554 patet.

1525 1558 1646 1605 Quod
1675 1569 1770 1594 vero
1798 1555 1910 1594 tertio
1938 1556 2129 1604 obiicitur,
2159 1557 2407 1597 diversorum
2435 1568 2551 1609 agat-

1470 1611 1569 1649 tium
1588 1610 1761 1648 actiones
1778 1621 1861 1648 non
1879 1610 2079 1649 terminari
2100 1611 2151 1649 ad
2170 1623 2298 1650 unum
2316 1614 2474 1660 factum,
2488 1613 2551 1652 *in-

1430 1681 1454 1702 ις
1470 1664 1721 1713 telligendum
1750 1671 1807 1701 est
1833 1663 1883 1701 de
1916 1663 2079 1702 diversis
2106 1664 2310 1713 agentibus
2337 1678 2419 1705 non
2447 1667 2552 1706 ordi·

1471 1718 1580 1755 natis.
1611 1717 1652 1756 Si
1682 1716 1788 1754 enim
1816 1716 1993 1754 ordinata
2022 1718 2097 1756 sint
2115 1718 2166 1756 ad
2193 1718 2375 1766 invicem,
2395 1728 2551 1771 oportet

1463 1783 1611 1812 ,eorum
1641 1783 1724 1808 esse
1752 1782 1881 1808 unum
1915 1771 2116 1809 effectum:
2151 1784 2245 1810 nam
2278 1784 2398 1811 causa
2431 1786 2550 1823 agens

1470 1825 1598 1874 prima
1625 1823 1701 1873 a'git
1727 1824 1768 1861 in
1796 1823 1980 1862 effectum
2009 1837 2151 1863 causae
2178 1827 2376 1865 secundae
2403 1828 2549 1877 agentis

1470 1877 1743 1915 vehementius
1777 1889 1900 1926 quam
1934 1877 2052 1915 etiam
2086 1877 2171 1928 ipsa
2205 1890 2325 1927 causa
2356 1881 2549 1928 secundm

1429 1946 1456 1966 το
1470 1931 1576 1968 unde
1604 1930 1788 1968 videmus
1815 1930 1925 1979 quod
1943 1931 2105 1968 effectus
2123 1931 2193 1981 qui
2221 1943 2294 1981 per
2314 1932 2550 1973 insoeumur.

1469 1992 1553 2022 tum
1582 1983 1708 2033 agitur
1733 1995 1758 2020 a
1784 1982 1986 2033 principali
2005 1991 2153 2032 agente,
2172 1984 2297 2034 magis
2314 1986 2551 2038 proprieat·

1469 2037 1650 2075 tribuitur
1662 2035 1864 2087 principali
1878 2036 2005 2086 agenti
2020 2049 2142 2088 quam
2156 2037 2427 2079 insu-umento.
2444 2041 2550 2080 Con·

1469 2090 1578 2139 tingit
1605 2098 1739 2128 autem
1773 2090 2015 2141 quandoque
2047 2091 2157 2141 quod
2191 2091 2292 2131 actio
2326 2093 2550 2146 principiis

1469 2144 1616 2194 agentis
1643 2143 1822 2194 pertingit
1849 2144 1900 2181 ad
1927 2143 2074 2194 aliquid
2102 2144 2143 2183 in
2170 2154 2332 2196 operato
2360 2148 2411 2186 ad
2438 2149 2550 2199 quod

337 2198 481 2236 distans
500 2210 522 2235 a
541 2198 665 2235 forma
684 2197 875 2244 elementi,
888 2204 995 2234 tanto
1010 2205 1164 2247 oportet
1182 2209 1264 2234 esse
1284 2199 1414 2248 plures
1430 2213 1453 2234 ‚s
1470 2210 1551 2236 non
1579 2196 1760 2248 pertingit
1785 2197 1885 2235 actio
1914 2197 2175 2236 instrumenti:
2196 2199 2295 2238 sicut
2311 2200 2372 2239 vis
2394 2209 2548 2251 vegeta-

338 2252 482 2289 formas
505 2250 764 2297 intermedias,
785 2250 928 2300 quibus
955 2251 1144 2299 gradatim
1167 2251 1217 2288 ad
1246 2251 1414 2289 formam

338 2305 516 2343 ultimam
535 2304 724 2350 veniatur,
745 2311 781 2341 et
800 2316 870 2354 per
888 2316 1134 2354 consequens
1153 2306 1284 2354 plures
1299 2317 1414 2354 gene-

339 2358 506 2396 rationes
525 2357 685 2396 medias.
707 2358 755 2395 Et
783 2357 871 2395 ideo
900 2358 938 2395 in
968 2358 1217 2407 generatione
1235 2358 1414 2397 animalis

338 2420 375 2449 et
394 2411 575 2458 hominis,
596 2411 635 2449 in
650 2411 793 2461 quibus
808 2419 864 2448 est
882 2411 1007 2449 forma
1021 2411 1308 2461 perfectissima,
1323 2421 1413 2450 sunt

1469 2251 1548 2290 tiva
1576 2252 1626 2289 ad
1655 2250 1827 2301 speciem
1854 2251 1982 2288 carnis
2008 2251 2197 2302 perducit,
2229 2253 2280 2291 ad
2315 2266 2438 2304 quam
2465 2266 2548 2294 non

1469 2313 1595 2356 potest
1622 2305 1837 2355 perducere
1865 2306 1972 2342 calor
1990 2305 2098 2354 ignis,
2118 2306 2187 2356 qui
2210 2314 2268 2344 est
2294 2307 2379 2345 eius
2406 2307 2548 2348 insu-u·

1469 2366 1660 2405 mentum,
1675 2357 1762 2396 licet
1781 2366 1965 2408 operetur
1982 2358 2232 2409 disponendo
2249 2360 2301 2398 ad
2320 2372 2408 2399 eam
2427 2363 2545 2401 tesol-

1467 2413 1599 2450 vendo
1619 2420 1656 2450 et
1684 2412 1970 2450 consumendo.
1991 2412 2096 2450 Cum
2123 2412 2238 2462 igitur
2264 2414 2396 2452 omnis
2421 2415 2547 2454 virtus

338 2465 528 2515 plurimae
556 2465 704 2502 formae
733 2473 769 2501 et
795 2465 1062 2512 generationes
1091 2464 1355 2513 intermediae,
1375 2474 1413 2504 et
1426 2481 1453 2501 ⁴⁰
1467 2474 1628 2504 naturae
1647 2465 1771 2503 activa
1789 2473 2041 2515 comparetur
2063 2466 2113 2504 ad
2138 2465 2270 2505 Deum
2289 2467 2388 2506 sicut
2406 2468 2545 2508 instru-

338 2530 408 2568 per
421 2530 665 2568 consequens
679 2518 958 2567 corruptiones,
974 2518 1065 2568 quia
1078 2521 1275 2569 generatio
1290 2522 1410 2566 unius,

337 2578 388 2609 est
415 2573 605 2621 corruptio
633 2572 784 2609 alterius
797 2571 828 2608 ²⁸.
859 2571 1002 2610 Anima
1029 2571 1144 2620 igitur
1176 2572 1410 2622 vegetabilis,

337 2637 437 2674 quae
457 2624 585 2674 primo
605 2624 712 2671 inest,
733 2636 825 2662 cum
845 2626 1010 2676 embryo
1028 2625 1124 2663 vivit
1146 2625 1225 2664 vita
1243 2627 1409 2676 plantae,

336 2678 607 2728 corrumpitur,
637 2686 674 2716 et
705 2678 875 2716 succedit
903 2679 1033 2717 anima
1065 2679 1279 2729 perfectior,
1308 2692 1410 2730 quae

1467 2527 1646 2558 mentum
1680 2519 1729 2556 ad
1761 2519 1936 2570 primum
1969 2527 2007 2557 et
2040 2519 2253 2570 principale
2286 2532 2415 2571 agens,
2448 2521 2545 2562 nihil

1466 2573 1648 2623 prohibet
1680 2571 1720 2610 in
1753 2584 1836 2610 uno
1873 2579 1910 2610 et
1947 2573 2089 2612 eodem
2121 2581 2304 2622 generato
2341 2575 2452 2625 quod
2487 2583 2546 2615 est

1466 2627 1602 2673 homo,
1622 2625 1817 2664 actionem
1836 2634 1998 2664 naturae
2025 2626 2075 2664 ad
2094 2626 2242 2677 aliquid
2270 2628 2443 2667 hominis
2469 2636 2544 2668 ter—

1465 2679 1617 2726 minari,
1647 2687 1684 2717 et
1711 2691 1793 2717 non
1827 2680 1878 2717 ad
1905 2687 2033 2717 totum
2061 2681 2171 2730 quod
2204 2680 2249 2718 fit
2276 2681 2428 2721 actione
2455 2681 2542 2722 Det.

336 2740 391 2769 est
419 2731 600 2769 nutritiva
629 2740 665 2769 et
693 2732 874 2770 sensitiva
902 2732 1029 2779 simul,
1058 2741 1095 2770 et
1123 2741 1216 2771 tunc
1244 2734 1409 2784 embryo
1424 2753 1449 2774 ις
1466 2733 1622 2784 Corpus
1641 2732 1756 2782 igitur
1782 2732 1954 2771 hominis
1976 2733 2167 2772 formatur
2193 2733 2310 2773 simul
2338 2743 2375 2773 et
2401 2735 2543 2781 vit-tun

335 2784 429 2822 vivit
455 2785 533 2822 vita
561 2785 751 2831 animalis;
773 2786 847 2823 hac
865 2794 997 2824 autem
1021 2795 1214 2837 corrupta,
1239 2786 1411 2825 succedit

336 2838 465 2876 anima
480 2838 673 2876 rationalis
687 2839 736 2876 ab
756 2839 971 2878 extrinseco
991 2839 1177 2887 immissa,
1195 2840 1280 2879 licet
1298 2853 1409 2891 prae·

335 2892 515 2930 cedentes
542 2891 682 2929 fuerint
709 2892 848 2930 virtute
877 2893 1047 2931 seminis.

389 2945 458 2982 His
473 2945 586 2993 igitur
595 2945 696 2991 visis,
707 2945 814 2983 facile
829 2954 886 2983 est
899 2947 1135 2997 respondere
1150 2947 1199 2984 ad
1215 2947 1366 2985 obiecta
1374 2947 1406 2985 ⁴⁸.

336 2998 454 3044 Quod
470 2998 575 3036 enim
589 2999 718 3048 primo
733 2999 921 3046 obiicitur,
938 3008 1118 3050 oportere
1132 2999 1306 3038 animam
1322 3013 1407 3039 sen·
1423 3019 1449 3041 50

335 3050 486 3088 sitivam
513 3052 684 3089 eundem
703 3053 870 3090 modum
890 3052 1046 3102 originis
1071 3053 1111 3091 in
1131 3053 1292 3091 homine
1312 3063 1349 3092 et
1367 3053 1407 3092 in

335 3103 454 3141 brutis
478 3105 631 3151 habere,
657 3118 702 3143 ex
727 3117 774 3143 eo
799 3107 907 3156 quod
927 3107 1072 3144 animal
1089 3107 1138 3145 de
1157 3107 1212 3144 eis
1237 3107 1406 3146 univoce

335 3157 593 3205 praedicatur:
610 3180 635 3187 -
650 3158 817 3197 dicimus
832 3160 908 3197 hoc
927 3160 1189 3198 necessarium
1210 3172 1290 3199 non
1309 3173 1404 3199 esse.

336 3210 415 3247 Etsi
443 3210 548 3248 enim
576 3211 706 3249 anima
734 3213 915 3250 sensitiva
947 3213 985 3251 in
1025 3213 1185 3251 homine
1223 3221 1259 3251 et
1291 3215 1406 3253 bruto

1465 2787 1537 2825 Dei
1566 2786 1678 2837 quasi
1706 2785 1930 2837 principalis
1961 2787 2108 2836 agentis
2135 2795 2173 2825 et
2203 2787 2332 2838 primi,
2360 2796 2398 2827 et
2423 2789 2543 2829 etiam

1465 2841 1604 2879 virtute
1634 2839 1792 2878 seminis
1820 2839 1933 2890 quasi
1960 2840 2106 2889 agentis
2134 2841 2315 2880 secundi:
2343 2842 2413 2881 sed
2440 2843 2541 2883 aetio

1464 2894 1537 2932 Dei
1556 2892 1738 2944 producit
1755 2892 1931 2932 animam
1950 2894 2180 2942 humanam,
2199 2906 2322 2945 quam
2341 2895 2463 2934 virtus
2481 2909 2541 2935 se-

1463 2947 1580 2986 minis
1600 2948 1817 2997 producere
1835 2958 1917 2985 non
1936 2955 2073 2996 potest,
2093 2948 2163 2986 sed
2178 2947 2352 2998 disponit
2368 2949 2419 2988 ad
2437 2959 2539 2989 eam.

1518 3001 1631 3039 Unde
1645 3008 1750 3051 patet
1763 3000 1905 3038 solutio
1924 3001 1975 3038 ad
1993 3009 2191 3050 quartum.
2211 3001 2276 3040 Sic
2289 3001 2397 3040 enim
2415 3003 2541 3042 homo

1463 3054 1534 3092 sibi
1560 3054 1684 3092 simile
1717 3054 1757 3092 in
1790 3054 1918 3104 specie
1953 3062 2120 3102 generat,
2155 3054 2390 3105 inquantum
2418 3055 2541 3095 virtus

1462 3108 1621 3146 seminis
1640 3107 1724 3145 eius
1751 3107 1977 3158 dispositive
1996 3115 2181 3158 operatur
2197 3109 2249 3146 ad
2267 3108 2446 3148 ultimam
2464 3110 2540 3154 fon·

1461 3173 1581 3208 mam,
1611 3173 1657 3199 ex
1686 3173 1766 3211 qua
1793 3161 1917 3199 homo
1944 3161 2116 3211 speciem
2144 3161 2310 3200 sortitur.

1515 3215 1647 3252 Deum
1674 3226 1772 3252 vero
1790 3213 1973 3252 adulteris
2000 3215 2203 3265 cooperari
2230 3215 2271 3253 in
2298 3215 2453 3254 actione
2470 3223 2539 3253 na-

336 3263 567 3301 conveniant
587 3266 804 3303 secundum
823 3267 974 3315 generis
1000 3266 1203 3313 rationem,
1222 3267 1407 3306 differunt
1422 3286 1444 3307 55
1461 3276 1581 3315 turae,
1615 3267 1711 3306 nihil
1738 3276 1795 3305 est
1822 3267 2114 3306 inconveniens.
2144 3269 2238 3306 Non
2266 3267 2372 3306 enim
2399 3275 2538 3308 natura

336 3322 463 3353 tamen
493 3317 630 3367 specie,
660 3318 757 3356 sicut
784 3327 821 3356 et
849 3332 894 3357 ea
923 3332 1095 3370 quorum
1123 3327 1213 3357 sunt
1240 3320 1404 3359 formae:

336 3368 431 3406 sicut
450 3370 555 3408 enim
575 3371 717 3408 animal
736 3373 843 3422 quod
863 3381 920 3410 est
939 3374 1074 3420 horno,
1094 3373 1143 3411 ab
1163 3372 1244 3411 aliis
1259 3374 1405 3413 anima·

336 3420 435 3481 libus
454 3423 580 3473 specie
599 3423 725 3462 differt
744 3437 814 3475 per
832 3427 909 3464 hoc
928 3427 1036 3476 quod
1056 3434 1111 3464 est
1138 3425 1334 3474 rationale,
1355 3427 1406 3466 ita

337 3485 465 3512 amma
484 3476 664 3514 sensitiva
683 3478 853 3516 hominis
882 3480 931 3517 ab
953 3479 1084 3518 anima
1103 3479 1284 3520 sensitiva
1303 3481 1405 3519 bruti

1461 3322 1729 3359 adulterorum
1752 3322 1856 3359 mala
1875 3329 1942 3368 est,
1962 3322 2031 3359 sed
2049 3323 2242 3360 voluntas.
2273 3320 2384 3358 Actio
2404 3329 2538 3360 autem

1461 3387 1563 3425 quae
1582 3382 1639 3413 est
1657 3387 1705 3413 ex
1724 3373 1864 3412 virtute
1883 3374 2042 3413 seminis
2060 3374 2238 3425 ipsorum
2257 3381 2314 3411 est
2341 3374 2536 3423 naturalis,

1462 3440 1542 3466 non
1575 3427 1804 3466 voluntaria.
1835 3427 1948 3466 Unde
1982 3439 2064 3466 non
2097 3435 2154 3465 est
2187 3426 2468 3466 inconveniens
2503 3427 2537 3469 si

1461 3482 1569 3519 Deus
1588 3481 1639 3519 illi
1659 3481 1874 3531 operationi
1889 3487 2122 3531 cooperatur
2136 3480 2316 3518 ultimam
2335 3481 2536 3531 perfectio·

338 3527 462 3575 specie
491 3529 616 3567 differt
635 3542 704 3580 per
723 3532 799 3568 hoc
818 3533 926 3582 quod
947 3542 1002 3570 est
1029 3533 1145 3571 etiam
1164 3532 1402 3572 intellectiva.
1419 3546 1446 3566 ⁶0
1461 3547 1553 3572 nem
1582 3534 1817 3572 inducendo.

392 3625 403 3642 1
424 3620 545 3660 particula
564 3628 605 3661 om
625 3622 672 3646 Pa.
761 3631 779 3655 4
798 3623 886 3656 geniti]
905 3625 990 3656 genita
1008 3626 1154 3651 aDvac.

338 3652 519 3719 hiufingptezm]
539 3661 614 3687 igitur
632 3657 773 3684 EGNYZb.
845 3667 860 3691 7
879 3658 916 3692 ut]
937 3661 1007 3693 quod
1026 3660 1092 3686 EPc.

1246 3625 1279 3650 30
1297 3626 1375 3651 etiam
1394 3633 1437 3651 om
1457 3626 1541 3652 aDW.

1166 3667 1199 3686 ¹2
1218 3668 1253 3686 ux
1271 3668 1325 3694 quo
1344 3661 1386 3686 Ita
1405 3661 1544 3694 YZsGPA;
1563 3669 1627 3688 rasa
1646 3662 1697 3696 pN,
1715 3670 1746 3688 ex
1763 3669 1816 3695 qua
1833 3661 1924 3688 ceteri.

1634 3626 1665 3652 3²
1685 3625 1784 3661 solum]
1804 3627 1878 3651 solun
1895 3625 1998 3651 Gth.

1996 3659 2031 3692 43
2050 3660 2164 3686 homini·
2183 3668 2225 3687 om
2244 3661 2370 3688 EGNYz.
2443 3661 2476 3687 5⁵
2495 3661 2535 3688 ni-
