2768 4134
49 2243 58 2252 ·
74 2241 109 2264 Cf.
120 2247 204 2268 mnu,
220 2241 266 2263 Νο-

291 297 370 334 400

292 366 506 395 instrumento
524 361 701 390 coniuncto
722 358 761 388 ad
777 356 983 388 sentiendum
999 357 1116 386 utitur:
1134 355 1236 396 fitque
1257 355 1296 385 ab
1314 365 1367 385 ex-

292 407 439 438 cellentia
462 405 584 445 proprii
614 403 772 434 sensibilis
800 408 955 441 tanquam
979 411 997 431 a
1021 401 1154 441 proprio
1179 400 1366 440 corruptivo

290 452 402 491 organi
427 450 476 480 sui
506 454 542 489 ut
572 457 732 488 organum
763 453 820 477 est.
852 445 1002 477 Secunda
1025 455 1102 476 vero
1133 455 1201 475 non
1230 450 1277 475 est
1308 445 1367 474 sibi

290 495 430 537 propria,
455 493 511 523 sed
539 499 586 523 est
613 493 674 523 sibi
704 498 735 523 et
766 491 835 522 aliis
865 490 978 521 formis
1002 490 1253 521 accidentalibus
1276 498 1366 520 com-

290 540 414 571 munis:
441 547 617 569 commune
642 543 689 568 est
713 537 800 567 enim
824 537 916 566 omni
940 535 1099 566 accidenti
1119 540 1155 566 ut
1171 534 1211 565 ad
1227 535 1277 565 sui
1293 535 1368 564 sub-

290 585 364 615 iecti
395 583 639 624 corruptionem
670 586 906 621 corrumpatur.
938 581 1028 611 Haec
1059 586 1168 611 autem
1201 580 1367 619 corruptio

290 629 411 669 organi,
436 633 472 658 ut
495 627 618 658 dictum
643 632 700 663 est,
725 637 743 657 a
767 626 998 657 communibus
1023 625 1215 666 corruptivis
1239 623 1284 660 fit,
1309 624 1369 654 sci-

290 675 364 704 licet
388 683 406 703 a
429 673 637 713 qualitatibus
661 671 772 702 activis
796 677 832 702 ut
855 671 1041 701 naturaliter
1064 676 1173 710 agunt.

345 718 393 748 Ex
416 718 454 748 iis
470 722 558 758 patet
572 726 640 747 non
657 726 726 747 esse
749 722 893 747 mentem
918 716 1027 746 Sancti
1043 715 1193 745 Thomae
1211 714 1275 744 hoc
1291 714 1367 744 loco

290 763 381 804 quod
405 772 518 793 sensus
541 772 600 803 per
623 771 667 798 se,
684 762 807 802 absque
823 761 935 801 organi
954 760 1175 800 corruptione,
1200 759 1239 789 ab
1264 759 1368 789 excel·
1388 789 1390 791 ,

289 808 387 839 lentia
409 808 534 848 proprii
557 807 716 838 sensibilis
741 811 983 846 corrumpatur:
1009 805 1064 835 sed
1088 804 1180 845 quod
1199 803 1240 834 ad
1256 804 1369 844 organi

289 854 534 893 corruptionem
547 852 775 892 corrumpitur,
789 850 986 891 quandoque
1000 848 1133 890 quidem
1149 849 1280 890 propria
1297 858 1367 879 cor-

288 898 452 938 ruptione,
470 897 602 938 quando
625 896 747 927 scilicet
762 905 931 936 organum,
948 895 1144 935 inquantum
1167 893 1367 930 huiusmodi,

289 944 328 973 ab
354 943 542 973 excellentia
565 942 689 982 proprii
717 941 875 971 sensibilis
906 939 1143 979 corrumpitur;
1168 937 1367 979 quandoque

289 998 366 1018 vero
383 988 593 1028 corruptione
610 986 762 1017 omnibus
786 984 1006 1016 accidentibus
1031 984 1209 1020 communi,
1234 982 1366 1023 quando

289 1033 411 1063 scilicet
434 1041 604 1072 organum,
626 1032 822 1071 inquantum
845 1030 1039 1065 subiectum,
1056 1027 1275 1068 corrumpitur
1296 1037 1367 1058 cor-

288 1078 440 1118 ruptione
463 1087 532 1107 non
556 1077 594 1106 ab
619 1075 809 1106 excellentia
831 1074 956 1114 proprii
978 1073 1146 1110 sensibilis,
1163 1072 1220 1103 sed
1242 1073 1282 1103 ab
1298 1072 1367 1103 aliis

289 1123 458 1163 agentibus
481 1121 709 1161 proveniente;
741 1118 922 1150 secundum
946 1127 1045 1158 quam
1077 1119 1146 1159 ipse
1174 1127 1286 1148 sensus
1309 1127 1368 1158 per

290 1166 437 1198 accidens
461 1166 626 1205 corrumpi
642 1164 769 1201 dicitur,
785 1174 854 1195 non
870 1168 980 1194 autem
995 1164 1127 1204 propria
1146 1162 1366 1203 corruptione.

346 1212 376 1242 3.
394 1210 457 1242 Sed
473 1211 557 1241 circa
573 1211 666 1240 istam
689 1210 938 1249 responsionem
959 1207 1096 1238 dubium
1120 1208 1270 1238 occurrit.
1288 1206 1367 1238 Sen-

289 1256 380 1287 sibile
412 1256 499 1286 enim
530 1255 704 1291 excellens,
729 1255 754 1284 si
784 1254 916 1295 propria
946 1253 1157 1294 corruptione
1188 1252 1368 1292 corrumpit

289 1310 419 1332 sensum
443 1310 501 1340 per
516 1310 560 1336 se,
577 1300 641 1330 hoc
664 1309 732 1330 non
756 1304 864 1339 potest
887 1299 949 1328 nisi
971 1307 1030 1338 per
1052 1298 1274 1338 receptionem
1291 1306 1368 1327 suae

289 1347 409 1387 speciei
432 1345 590 1376 sensibilis
612 1346 646 1375 in
670 1354 767 1375 sensu
792 1349 823 1374 et
846 1344 880 1374 in
904 1353 1038 1383 organo.
1063 1342 1127 1373 Sed
1150 1343 1274 1384 species
1295 1351 1368 1372 sen-

289 1391 387 1422 sibilis
412 1391 549 1421 existens
572 1390 606 1420 in
630 1399 727 1420 sensu
751 1398 820 1419 non
842 1394 951 1429 potest
974 1397 1106 1418 sensum
1129 1394 1185 1418 aut
1208 1396 1368 1428 organum

288 1446 401 1467 sensus
426 1444 650 1475 corrumpere:
676 1444 751 1465 cum
775 1434 846 1464 talis
863 1433 987 1474 species
1002 1433 1119 1463 habeat
1134 1433 1167 1463 in
1184 1442 1281 1463 sensu
1298 1442 1367 1463 esse

288 1480 518 1517 intentionale;
544 1479 679 1510 intentio
707 1484 816 1510 autem
848 1478 1032 1509 naturalem
1061 1478 1367 1508 transmutationem

289 1536 354 1557 non
379 1530 498 1561 causet,
523 1530 560 1555 ut
591 1524 708 1555 dicitur
737 1524 854 1561 Prima,
878 1533 910 1564 q.
934 1533 1027 1560 mvn,
1052 1533 1080 1553 a.
1106 1523 1136 1560 3,
1161 1528 1194 1554 et
1216 1523 1243 1553 11
1267 1523 1367 1558 sent„

290 1572 405 1608 d.x111,
430 1581 458 1601 a.
478 1570 507 1601 3.
532 1570 619 1610 Ergo
644 1574 705 1600 etc.

344 1615 572 1656 Respondetur
587 1614 738 1655 negando
754 1614 928 1644 minorem.
941 1629 962 1635 -
978 1612 1031 1643 Ad
1047 1613 1272 1644 auctoritatem
1289 1612 1368 1643 San—

290 1662 332 1692 cti
349 1661 498 1691 Thomae
515 1660 632 1690 dicitur
648 1658 749 1699 quod,
765 1659 841 1689 licet
860 1657 965 1688 forma
980 1658 1103 1688 habens
1123 1667 1191 1688 esse
1215 1657 1369 1688 intentio-

289 1706 372 1742 nale,
389 1707 585 1746 inquantum
608 1703 807 1740 huiusmodi,
824 1712 892 1734 non
916 1703 956 1733 sit
979 1703 1165 1743 corruptiva
1188 1707 1243 1732 aut
1267 1702 1369 1732 activa

290 1751 426 1781 alicuius
442 1750 575 1781 effectus
598 1749 752 1780 naturalis
768 1747 949 1779 secundum
966 1757 1010 1784 se,
1030 1753 1138 1788 potest
1153 1753 1262 1778 tamen
1279 1747 1369 1777 obie-

290 1801 380 1827 ctum
403 1805 526 1831 sensus,
542 1794 639 1824 talem
664 1793 803 1824 formam
827 1792 1057 1833 imprimendo,
1074 1792 1253 1823 naturalem
1269 1797 1370 1822 trans-

290 1841 505 1871 mutationem
530 1849 674 1870 causare:
700 1839 793 1874 sicut,
813 1838 888 1868 licet
911 1838 1011 1867 virtus
1034 1837 1219 1878 principalis
1235 1837 1368 1877 agentis,

291 1886 428 1916 existens
452 1884 706 1915 intentionaliter
728 1884 761 1914 in
784 1884 1015 1918 instrumento,
1040 1891 1108 1912 non
1136 1882 1239 1922 possit
1261 1891 1300 1911 ex
1324 1891 1368 1917 se,

290 1931 484 1970 inquantum
501 1929 597 1959 habet
612 1929 675 1959 tale
692 1937 760 1958 esse
784 1927 992 1963 diminutum,
1009 1925 1161 1957 effectum
1184 1926 1370 1966 principalis

291 1975 412 2015 agentis
438 1983 584 2010 causare;
609 1974 717 2014 ipsum
741 1978 849 2002 tamen
874 1971 1052 2012 principale
1076 1980 1174 2011 agens
1189 1976 1298 2011 potest
1313 1979 1372 2010 per

290 2021 404 2060 ipsam,
436 2019 481 2049 sic
513 2019 703 2049 existentem
734 2017 766 2047 in
798 2017 1031 2052 instrumento,
1061 2016 1197 2056 operari.
1230 2014 1372 2046 Intendit

291 2074 367 2104 ergo
392 2064 528 2094 Sanctus
557 2062 703 2093 Thomas
736 2061 828 2102 quod
858 2061 996 2092 intentio
1024 2060 1205 2091 secundum
1236 2069 1270 2091 se
1302 2069 1370 2091 non

291 2115 398 2150 potest
428 2107 608 2139 naturalem
638 2106 941 2137 transmutationem
975 2115 1116 2136 causare.
1152 2105 1228 2136 Non
1262 2110 1371 2135 autem

291 2159 387 2194 negat
403 2154 483 2193 quin
499 2153 676 2189 obiectum,
694 2161 751 2192 per
766 2152 870 2192 ipsam
885 2151 1101 2182 intentionem
1118 2159 1241 2190 organo
1258 2159 1372 2181 sensus

291 2200 491 2240 impressam,
517 2198 628 2238 organi
652 2197 902 2237 proportionem
925 2196 1050 2226 solvere
1073 2196 1186 2236 possit.

347 2244 417 2274 XV.
443 2243 577 2273 Decimo
590 2243 617 2272 ⁴.
643 2241 854 2282 intelligibile,
874 2242 1071 2281 inquantum
1093 2240 1304 2280 intelligibile,
1326 2245 1373 2270 est

292 2289 509 2319 necessarium
534 2293 566 2318 et
588 2286 843 2327 incorruptibile.
876 2285 977 2324 Quod
1007 2290 1095 2326 patet
1125 2295 1163 2315 ex
1193 2285 1258 2316 hoc
1282 2284 1372 2325 quod

292 2333 471 2364 necessaria
493 2338 568 2363 sunt
591 2331 772 2362 secundum
796 2341 830 2361 se
854 2330 995 2371 perfecte
1019 2330 1185 2361 intellectu
1201 2330 1371 2370 cognosci-

293 2378 386 2408 bilia:
412 2377 633 2417 contingentia
658 2382 767 2406 autem
790 2385 858 2406 non
878 2375 941 2406 nisi
963 2376 1159 2415 inquantum
1175 2380 1250 2405 sunt
1265 2375 1372 2405 incor-

292 2422 464 2463 ruptibilia,
481 2422 602 2452 scilicet
617 2422 812 2461 inquantum
829 2426 904 2451 sunt
920 2420 1122 2451 universalia.
1139 2420 1226 2460 Ergo
1243 2425 1373 2460 oportet

292 2467 494 2498 intellectum
518 2476 586 2497 esse
610 2465 899 2506 incorruptibilem.
915 2483 938 2487 -
952 2465 1111 2496 Probatur
1127 2465 1370 2504 consequentia.

293 2512 380 2551 Quia
396 2511 486 2552 quod
502 2511 655 2542 convenit
670 2510 863 2551 intelligibili
886 2511 1082 2550 inquantum
1099 2515 1146 2541 est
1161 2509 1371 2550 intelligibile,

293 2562 424 2598 oportet
447 2556 622 2587 convenire
646 2556 823 2586 intellectui
846 2556 1042 2596 inquantum
1065 2554 1270 2586 huiusmodi:
1295 2555 1371 2595 quia

292 2601 528 2643 perfectionem
553 2606 584 2631 et
607 2600 807 2641 perfectibile
831 2605 962 2641 oportet
985 2609 1053 2630 esse
1077 2600 1174 2631 unius
1189 2599 1326 2640 generis.

347 2646 442 2677 Circa
471 2646 559 2676 illam
589 2646 866 2686 propositionem,
898 2644 1092 2676 Necessaria
1123 2649 1201 2675 sunt
1223 2644 1372 2686 perfecte

293 2692 456 2722 intellectu
480 2690 725 2732 cognoscibilia,
750 2689 984 2721 advertendum
1009 2689 1099 2730 quod
1123 2689 1268 2730 loquitur
1292 2689 1371 2720 San-

291 2742 361 2767 ctus
386 2736 531 2766 Thomas
562 2735 603 2766 de
633 2735 710 2776 ipsis
741 2735 928 2766 necessariis
958 2734 1139 2765 secundum
1163 2744 1197 2766 se
1222 2733 1371 2765 conside-

291 2782 376 2818 ratis,
401 2786 432 2812 et
463 2780 503 2811 de
533 2779 734 2821 perfectione
765 2780 961 2820 cognitionis
992 2789 1026 2810 se
1056 2785 1187 2810 tenente
1219 2789 1257 2810 ex
1280 2785 1370 2820 parte

290 2826 508 2867 intelligentis
533 2825 758 2856 Necessarium
783 2826 880 2862 enim,
898 2829 1056 2865 quantum
1078 2830 1124 2855 est
1141 2834 1179 2855 ex
1196 2834 1240 2861 se,
1257 2829 1370 2855 natum

291 2877 338 2902 est
361 2871 496 2911 intelligi
520 2876 606 2901 certa
630 2870 816 2910 cognitione
841 2875 873 2900 et
896 2869 1047 2906 evidenti,
1064 2878 1148 2910 quae
1165 2875 1212 2900 est
1227 2868 1370 2910 perfecta

290 2916 434 2956 cognitio
459 2925 498 2959 ex
522 2921 612 2956 parte
637 2915 874 2955 cognoscentis.

347 2971 376 2992 2.
403 2960 498 2991 Circa
522 2960 776 3000 consequentiae
807 2959 1046 3000 probationem,
1071 2957 1244 2989 dubitatur.
1275 2958 1369 2997 Quo—

290 3006 378 3036 niam
402 3006 428 3036 si
451 3005 526 3036 ideo
551 3005 733 3036 intellectus
764 3010 810 3034 est
841 3003 1093 3044 incorruptibilis
1117 3004 1192 3044 quia
1216 3014 1273 3034 sua
1297 3013 1369 3045 per-

290 3050 387 3081 fectio
413 3056 460 3081 est
483 3049 745 3090 incorruptibilis,
770 3059 810 3080 eo
835 3048 925 3089 quod
949 3054 1098 3089 oporteat
1121 3047 1322 3089 perfectibile
1338 3054 1370 3080 et

289 3095 502 3136 perfectivum
526 3104 596 3125 esse
619 3095 716 3125 unius
739 3094 875 3134 generis,
900 3099 1054 3133 sequetur
1077 3103 1196 3134 corpus
1227 3094 1369 3125 hominis

290 3150 359 3171 esse
381 3139 636 3180 incorruptibile.
661 3139 740 3170 Eius
764 3139 850 3169 enim
875 3138 1043 3179 perfectio,
1060 3138 1182 3169 scilicet
1197 3139 1304 3169 anima
1319 3139 1368 3169 in-

289 3185 459 3222 tellectiva,
484 3190 532 3215 est
554 3184 817 3224 incorruptibilis.

347 3229 375 3260 3.
396 3229 448 3260 Ad
464 3230 561 3260 huius
577 3228 782 3265 evidentiam,
799 3227 1072 3259 considerandum
1089 3233 1135 3259 est
1152 3227 1242 3268 quod
1263 3227 1368 3268 perfe-

292 3275 355 3304 ctio
377 3275 507 3315 propria
523 3274 658 3304 alicuius
675 3278 881 3314 comparatur
897 3272 936 3303 ad
952 3282 1048 3304 suum
1065 3272 1264 3313 perfectibile
1285 3273 1368 3304 sicut

291 3320 441 3359 proprius
453 3325 543 3350 actus
555 3318 595 3349 ad
607 3319 772 3359 propriam
785 3318 976 3358 potentiam.
990 3317 1144 3358 Proprius
1156 3322 1264 3348 autem
1278 3323 1368 3348 actus

291 3369 322 3393 et
346 3365 475 3404 propria
499 3364 645 3404 potentia
668 3364 701 3394 in
726 3363 844 3394 eodem
873 3372 980 3393 rerum
1005 3362 1119 3393 ordine
1147 3368 1366 3402 reponuntur:

292 3418 367 3438 cum
383 3414 531 3448 oporteat
547 3409 714 3439 materiam
731 3417 799 3439 esse
816 3408 1097 3448 proportionatam
1122 3406 1255 3437 formae.
1273 3407 1368 3438 Unde

291 3453 378 3483 nulla
402 3454 545 3493 potentia
569 3453 698 3493 respicit
722 3458 877 3493 tanquam
901 3453 1066 3493 propriam
1090 3451 1229 3482 formam
1246 3452 1368 3492 aliquid

291 3498 464 3536 superioris
488 3504 543 3528 aut
566 3498 725 3528 inferioris
750 3497 887 3528 ordinis:
913 3497 1059 3537 alioquin
1090 3506 1157 3528 non
1187 3502 1270 3527 esset
1293 3506 1368 3537 pro-

292 3542 398 3580 portio
422 3543 504 3573 inter
526 3543 692 3573 materiam
718 3548 749 3573 et
773 3542 921 3573 formam.
947 3541 1037 3573 Sicut
1053 3541 1186 3572 materia
1202 3542 1368 3581 generabi-

293 3586 372 3616 lium
395 3596 462 3616 non
486 3587 614 3627 respicit
638 3593 793 3627 tanquam
818 3588 987 3627 proprium
1011 3592 1120 3617 actum
1141 3585 1280 3616 formam
1297 3596 1367 3616 cor-

292 3631 379 3670 poris
403 3631 556 3668 caelestis,
574 3641 649 3662 cum
666 3632 719 3662 illa
735 3632 774 3662 sit
798 3632 972 3672 superioris
995 3631 1127 3668 ordinis,
1144 3636 1259 3671 utpote
1284 3640 1368 3671 quae

293 3680 339 3705 est
364 3676 557 3715 completiva
580 3677 679 3706 totius
696 3677 879 3716 capacitatis
895 3686 972 3708 suae
989 3677 1151 3713 materiae,
1169 3675 1259 3716 quod
1277 3685 1369 3706 com—

807 280 995 318 SUMMA
1025 278 1248 315 CONTRA
1277 276 1553 321 GENTILES,
1583 276 1677 312 LIB.
1698 277 1740 321 ΙΙ,
1771 275 1882 312 CAP.
1903 276 1983 312 LV.

1420 355 1624 395 plementum
1647 355 1800 384 materiae
1822 353 2056 394 generabilium
2075 363 2133 394 per
2147 363 2247 385 unam
2263 355 2402 386 formam
2419 365 2498 386 con-

1419 400 1529 429 venire
1545 409 1614 429 non
1630 404 1754 439 potest:
1779 407 1888 439 neque
1911 398 2009 428 etiam
2027 399 2162 429 materia
2178 399 2258 429 caeli
2274 405 2322 430 est
2335 401 2498 441 receptiva

1420 444 1556 474 alicuius
1574 443 1698 474 formae
1717 443 1950 484 generabilium
1968 448 2000 473 et
2015 443 2285 483 corruptibilium,
2303 445 2379 483 quia
2394 444 2499 476 forma

1420 489 1465 519 rei
1489 488 1681 528 generabilis
1705 494 1736 519 et
1760 488 1977 528 corruptibilis
2001 488 2153 528 relinquit
2182 488 2349 518 materiam
2375 489 2411 519 in
2434 499 2499 529 qua

1420 534 1572 573 recipitur
1595 533 1629 563 in
1652 534 1798 573 potentia
1821 533 1862 563 ad
1885 533 1980 563 aliam
1996 531 2147 569 formam,
2164 531 2255 573 quod
2271 538 2319 562 est
2334 542 2352 562 a
2367 535 2500 565 materia

1421 578 1501 609 caeli
1524 578 1622 618 longe
1646 578 1800 609 alienum.

1478 622 1565 653 Cum
1581 632 1658 663 ergo
1674 623 1782 663 inquit
1802 622 1939 654 Sanctus
1956 622 2102 653 Thomas
2126 627 2277 663 oportere
2300 620 2501 662 perfectibile

1421 673 1452 698 et
1476 677 1568 698 suam
1592 667 1828 708 perfectionem
1844 677 1914 698 esse
1930 667 2076 697 eiusdem
2098 667 2235 707 generis,
2253 676 2310 707 per
2326 676 2396 697 esse
2417 666 2501 697 eius-

1421 713 1492 743 dem
1515 713 1648 754 generis
1671 712 1808 743 intendit
1824 722 1893 743 esse
1909 711 2051 742 eiusdem
2076 712 2212 743 ordinis.
2238 711 2290 743 Sic
2310 712 2407 748 enim,
2425 720 2502 742 cum

1420 758 1621 798 intelligibile
1644 758 1840 798 inquantum
1867 756 2068 797 intelligibile
2092 757 2132 787 sit
2161 757 2312 798 proprius
2339 762 2430 787 actus
2452 757 2501 786 in-

1421 802 1593 843 telligentis
1622 803 1819 843 inquantum
1847 801 2030 842 intelligens
2055 807 2116 838 est,
2141 807 2271 842 oportet
2299 801 2501 832 intellectum

1422 853 1453 878 et
1476 847 1687 888 intelligibile,
1711 848 1907 887 inquantum
1930 845 2130 882 huiusmodi,
2154 855 2223 877 esse
2253 847 2351 878 unius
2380 846 2501 877 ordinis

1421 902 1539 923 rerum.
1565 893 1606 923 Et
1629 891 1716 929 ideo,
1740 901 1817 923 cum
1840 891 2042 931 intelligibile
2066 896 2103 921 ut
2126 891 2172 921 sic
2194 891 2235 921 sit
2257 890 2298 921 de
2321 891 2435 922 ordine
2450 891 2501 921 in-

1421 937 1691 978 corruptibilium,
1715 946 1792 967 cum
1815 937 1855 967 sit
1878 936 2074 966 abstractum
2098 945 2116 966 a
2138 935 2272 966 materia
2301 935 2500 973 individuali,

1421 992 1504 1023 quae
1521 988 1569 1013 est
1584 982 1782 1023 principium
1806 981 2035 1021 corruptionis,
2052 989 2186 1011 necesse
2202 985 2250 1011 est
2264 980 2501 1021 intelligentem

1421 1032 1457 1058 ut
1480 1028 1526 1058 sic
1550 1037 1620 1058 esse
1643 1026 1935 1067 incorruptibilem.

1475 1080 1508 1110 4.
1532 1072 1602 1103 Istis
1625 1072 1811 1112 suppositis,
1836 1070 1953 1102 dicitur
1975 1069 2016 1101 ad
2038 1069 2270 1106 obiectionem,
2294 1079 2333 1100 ex
2356 1069 2503 1101 doctrina

1420 1116 1530 1147 Sancti
1549 1117 1700 1148 Thomae
1714 1117 1832 1153 Prima,
1849 1126 1881 1156 q.
1898 1125 1992 1146 Lxxvr
2004 1116 2031 1152 ²²,
2049 1120 2080 1145 et
2096 1115 2129 1145 in
2146 1114 2212 1153 Qu.
2225 1114 2266 1146 de
2281 1114 2410 1151 Anima,
2427 1125 2456 1146 a.
2470 1115 2501 1152 8,

1420 1160 1512 1201 quod
1535 1162 1643 1193 anima
1666 1161 1862 1192 intellectiva
1886 1166 1934 1191 est
1957 1159 2104 1191 eiusdem
2126 1160 2254 1200 generis
2273 1160 2340 1190 sive
2356 1159 2503 1191 eiusdem

1420 1205 1542 1237 ordinis
1566 1216 1643 1237 cum
1666 1216 1806 1247 corpore
1835 1206 1982 1236 humano
2011 1210 2172 1245 quantum
2195 1204 2236 1235 ad
2259 1214 2298 1235 ea
2319 1205 2506 1236 secundum

1421 1260 1504 1291 quae
1520 1251 1583 1282 tale
1600 1261 1719 1292 corpus
1743 1251 1917 1282 assumitur
1941 1255 1977 1280 ut
2000 1249 2201 1290 perfectibile
2225 1249 2264 1280 ab
2288 1250 2405 1281 anima.
2425 1250 2504 1281 Non

1421 1301 1530 1327 autem
1554 1302 1685 1337 oportet
1715 1301 1751 1327 ut
1781 1296 1821 1326 sit
1852 1295 1998 1326 eiusdem
2022 1294 2144 1326 ordinis
2175 1300 2336 1335 quantum
2359 1294 2400 1326 ad
2422 1295 2504 1327 illud

1420 1341 1511 1382 quod
1535 1341 1748 1382 consequitur
1771 1351 1810 1371 ex
1833 1340 2024 1371 necessitate
2051 1340 2204 1370 materiae
2236 1345 2268 1370 et
2290 1350 2359 1371 non
2387 1349 2504 1372 secun-

1421 1386 1501 1417 dum
1523 1386 1741 1417 intentionem
1764 1386 1903 1426 primam
1927 1384 2073 1425 eligentis
2096 1385 2264 1415 materiam
2289 1390 2423 1426 propter
2437 1384 2506 1416 for—

1420 1440 1519 1462 mam.
1533 1431 1664 1472 Corpus
1680 1436 1790 1462 autem
1806 1430 1988 1461 humanum
2004 1429 2161 1470 accipitur
2176 1435 2213 1461 ut
2227 1430 2361 1460 materia
2377 1431 2505 1461 animae

1420 1476 1636 1507 intellectivae
1658 1477 1855 1516 inquantum
1885 1480 1934 1506 est
1957 1474 2156 1505 conveniens
2186 1475 2440 1506 instrumentum
2463 1474 2506 1506 ad

1420 1521 1627 1561 operationes
1650 1521 1827 1557 sensitivas,
1844 1520 1962 1561 quibus
1985 1519 2203 1550 mediantibus
2226 1520 2364 1560 accipiat
2379 1520 2507 1561 species

1419 1566 1636 1606 intelligibiles
1662 1576 1685 1602 ,a
1713 1566 1825 1597 rebus:
1852 1575 1917 1596 non
1941 1564 2038 1600 enim,
2062 1570 2100 1595 ut
2123 1564 2240 1595 dicitur
2269 1564 2377 1595 Prima
2399 1564 2507 1602 Parte,

1420 1612 1476 1642 ubi
1500 1620 1607 1651 supra,
1623 1621 1651 1642 a.
1671 1612 1700 1648 5,
1718 1610 1759 1641 ad
1779 1620 1809 1647 2,
1834 1610 1965 1641 animae
1988 1609 2206 1640 intellectivae
2228 1609 2363 1640 debetur
2384 1619 2505 1651 corpus

1416 1661 1555 1697 propter
1581 1656 1685 1696 ipsam
1716 1655 1968 1686 intellectualem
1999 1655 2224 1694 operationem
2252 1654 2431 1686 secundum
2457 1663 2504 1691 se,

1420 1700 1477 1732 sed
1495 1706 1634 1741 propter
1656 1700 1843 1731 sensitivam
1867 1699 2029 1730 virtutem.
2055 1699 2099 1730 Ut
2121 1699 2167 1730 sic
2191 1704 2311 1736 autem,
2327 1704 2403 1730 sunt
2418 1700 2504 1731 eius·-

1421 1745 1496 1776 dem
1520 1745 1642 1776 ordinis
1666 1745 1774 1776 anima
1797 1750 1829 1776 et
1852 1753 1988 1785 corpus:
2015 1744 2092 1784 quia
2115 1744 2223 1774 anima
2238 1743 2435 1775 intellectiva
2453 1754 2504 1775 re-

1421 1791 1520 1831 quirit
1543 1799 1703 1830 organum
1727 1789 1904 1830 aequaliter
1933 1789 2230 1830 proportionatum,
2254 1794 2291 1820 ut
2314 1794 2362 1819 est
2385 1789 2507 1830 princiz

1421 1836 1514 1876 pium
1538 1834 1715 1871 sentiendi;
1741 1841 1772 1866 et
1796 1843 1916 1874 corpus
1940 1838 1988 1864 est
2018 1834 2063 1863 sic
2094 1834 2381 1874 proportionatum
2404 1839 2441 1865 ut
2463 1835 2506 1865 sit

1421 1880 1622 1911 conveniens
1653 1879 1693 1910 ad
1724 1878 1941 1910 sentiendum.
1977 1877 2071 1908 Unde
2101 1883 2278 1918 utrumque
2308 1879 2443 1919 ponitur
2469 1879 2504 1910 in

1422 1923 1536 1955 ordine
1569 1923 1788 1954 sensibilium:
1822 1932 1928 1954 unum
1958 1921 2093 1962 quidem
2126 1922 2210 1953 sicut
2241 1928 2343 1960 actus,
2367 1923 2509 1955 alterum

1421 1978 1498 1999 vero
1523 1969 1606 1999 sicut
1629 1968 1786 2009 potentia.
1812 1967 2074 2008 Corruptibilitas
2097 1972 2207 1998 autem
2231 1967 2378 2008 sequitur
2394 1977 2433 1999 ex
2446 1977 2507 1999 ne-

1422 2014 1569 2044 cessitate
1592 2013 1755 2050 materiae,
1777 2022 1817 2044 eo
1842 2011 1934 2053 quod
1957 2021 2076 2053 corpus
2100 2012 2146 2043 sic
2169 2012 2346 2052 aequaliter
2367 2021 2507 2054 propor-⁴

1422 2059 1595 2096 tionatum,
1613 2064 1645 2089 et
1659 2068 1698 2089 ex
1714 2057 1883 2088 contrariis
1898 2057 2048 2094 mixtum,
2064 2057 2247 2088 necessario
2263 2063 2504 2099 corrumpatur:

1424 2109 1455 2134 et
1470 2102 1588 2134 accidit
1602 2103 1665 2144 ipsi
1680 2103 1877 2144 inquantum
1893 2102 2067 2134 assumitur
2082 2107 2119 2133 ut
2134 2102 2268 2133 materia
2282 2102 2354 2133 talis
2369 2102 2508 2134 formae.

1425 2148 1516 2179 Sicut
1531 2147 1647 2179 accidit
1663 2147 1759 2185 ferro,
1772 2153 1808 2179 ut
1824 2148 1962 2179 sumitur
1973 2153 2129 2188 tanquam
2140 2147 2276 2178 materia
2287 2156 2402 2185 serrae,
2414 2147 2508 2189 quod

1425 2194 1608 2234 rubiginem
1631 2193 1817 2224 contrahat:
1842 2193 1974 2233 eligeret
1989 2193 2078 2223 enim
2093 2191 2206 2223 artifex
2220 2192 2324 2232 magis
2338 2193 2508 2224 materiam

1425 2238 1466 2269 ad
1482 2248 1582 2279 quam
1597 2247 1666 2269 non
1683 2238 1896 2278 consequitur
1911 2237 1982 2268 talis
2000 2236 2157 2274 defectus,
2173 2237 2200 2268 si
2223 2242 2335 2278 posset
2357 2237 2506 2270 inveniri.

1426 2283 1503 2314 Ideo
1527 2293 1595 2314 non
1619 2288 1750 2324 oportet
1773 2283 1916 2314 animam
1939 2282 2170 2313 intellectivam
2193 2286 2226 2313 et
2247 2291 2368 2323 corpus
2391 2283 2509 2315 huma-

1425 2338 1505 2359 num
1530 2338 1599 2359 esse
1623 2327 1770 2359 eiusdem
1794 2327 1916 2359 ordinis
1944 2333 2104 2369 quantum
2134 2326 2175 2358 ad
2204 2327 2507 2368 corruptibilitatem

1425 2379 1481 2404 aut
1504 2373 1860 2414 incorruptibilitatem:
1892 2372 1950 2403 sed
1979 2373 2063 2404 bene
2089 2371 2288 2413 intelligibile
2319 2378 2351 2403 et
2380 2372 2507 2404 intelle-

1426 2425 1525 2455 ctum,
1551 2419 1627 2459 quia
1651 2418 1901 2459 corruptibilitas
1924 2427 1995 2448 non
2018 2422 2126 2458 potest
2149 2417 2243 2458 sequi
2264 2427 2304 2460 ‘ex
2326 2417 2435 2459 aliqua
2448 2427 2507 2449 ne—

1426 2464 1572 2495 cessitate
1596 2463 1749 2494 materiae
1781 2464 1815 2494 in
1845 2463 2024 2500 intellectu,
2048 2471 2125 2493 cum
2156 2462 2196 2492 sit
2225 2462 2446 2494 immaterialis
2474 2467 2508 2494 et

1425 2509 1602 2540 immixtus.

1481 2553 1576 2585 Unde
1600 2552 1641 2584 ad
1664 2553 1834 2589 rationem,
1854 2558 1992 2594 negatur
2015 2552 2260 2593 consequentia.
2285 2551 2373 2590 Quia
2396 2561 2508 2584 corru-

1425 2598 1578 2639 ptibilitas
1602 2598 1749 2638 sequitur
1773 2607 1891 2638 corpus
1915 2597 2058 2628 hominis
2074 2606 2113 2627 ex
2129 2597 2319 2633 necessitate
2342 2597 2507 2628 materiae.

1424 2644 1610 2684 Propositio
1634 2648 1745 2674 autem
1768 2643 1877 2674 Sancti
1893 2642 2044 2673 Thomae
2061 2642 2107 2672 sic
2122 2641 2311 2682 intelligitur
2327 2641 2419 2682 quod
2433 2651 2508 2683 per-

1423 2688 1601 2720 fectionem
1625 2694 1656 2718 et
1680 2687 1880 2728 perfectibile
1904 2692 2036 2728 oportet
2059 2695 2128 2718 esse
2159 2686 2306 2718 eiusdem
2330 2686 2452 2718 ordinis
2475 2692 2508 2718 et

1423 2733 1515 2765 modi
1531 2732 1668 2770 essendi,
1689 2733 1753 2764 nisi
1770 2742 1835 2774 per
1857 2731 2008 2764 accidens
2031 2732 2130 2763 aliter
2152 2731 2282 2763 eveniat
2304 2741 2346 2763 ex
2370 2732 2507 2763 necessi-

1423 2783 1489 2810 tate
1513 2778 1680 2814 materiae,
1705 2782 1736 2808 et
1752 2782 1890 2819 praeter
1913 2777 2043 2819 agentis
2061 2777 2205 2818 primam
2229 2776 2452 2808 intentionem.

1479 2823 1563 2854 XVI.
1585 2822 1773 2854 Undecimo.
1795 2822 1980 2854 Intellectus
2003 2831 2072 2853 non
2096 2820 2262 2862 perficitur
2285 2831 2343 2862 per
2364 2827 2506 2859 motum,

1422 2868 1479 2900 sed
1503 2878 1561 2910 per
1583 2869 1647 2899 hoc
1671 2867 1763 2908 quod
1786 2873 1834 2898 est
1857 2873 1945 2898 extra
1967 2872 2098 2898 motum
2122 2867 2271 2898 existens.
2288 2866 2390 2905 Quod
2405 2871 2505 2907 patet,

1420 2914 1497 2954 quia
1513 2912 1679 2954 perficitur
1694 2922 1752 2954 per
1768 2913 1936 2943 scientiam
1956 2917 1988 2943 et
2011 2911 2228 2952 prudentiam,
2245 2910 2362 2943 sedatis
2377 2911 2506 2943 animae

1418 2958 1636 3000 passionibus,
1660 2963 1696 2988 ut
1719 2957 1837 2988 dicitur
1853 2957 1910 2988 Vll
1926 2957 2155 2998 Physicorum.
2181 2957 2268 2997 Ergo
2291 2956 2411 2988 modus
2428 2956 2506 2988 sub-

1419 3004 1555 3034 stantiae
1579 3002 1788 3043 intelligentis
1812 3008 1860 3034 est
1883 3001 1975 3043 quod
1999 3011 2068 3032 esse
2092 3011 2190 3033 suum
2205 3002 2246 3033 sit
2261 3011 2359 3042 supra
2373 3006 2505 3034 motum

1419 3054 1451 3079 et
1474 3054 1614 3089 tempus.
1633 3047 1720 3088 Ergo
1737 3053 1798 3078 etc.
1815 3065 1837 3070 —
1852 3047 2012 3078 Probatur
2027 3047 2132 3087 prima
2155 3046 2399 3088 consequentia.
2417 3045 2505 3085 Quia

1419 3092 1683 3134 unumquodque
1704 3091 1870 3134 perficitur
1885 3091 2068 3123 secundum
2091 3090 2230 3123 modum
2253 3101 2330 3123 suae
2353 3091 2502 3123 substan-

1417 3138 1491 3169 tiae.
1516 3156 1540 3160 —
1564 3137 1715 3169 Secunda
1739 3138 1835 3168 etiam
1851 3137 2024 3178 probatur.
2056 3135 2143 3175 Quia
2167 3146 2236 3168 esse
2260 3135 2432 3168 cuiuslibet
2453 3134 2502 3165 rei

1419 3183 1637 3224 corruptibilis
1661 3182 1806 3214 subiacet
1829 3183 1935 3213 motui
1960 3187 1991 3212 et
2015 3181 2166 3222 tempori.

1477 3237 1507 3258 2.
1533 3227 1597 3259 Sed
1619 3226 1746 3258 videtur
1761 3227 1821 3258 ista
1836 3227 1918 3258 ratio
1934 3236 2004 3258 non
2020 3225 2227 3258 concludere.
2247 3224 2334 3263 Quia
2352 3223 2428 3254 licet
2443 3232 2502 3264 per

1419 3273 1634 3304 cessationem
1658 3272 1794 3303 alicuius
1817 3277 1927 3302 motus
1948 3271 2118 3302 extrinseci
2133 3271 2240 3302 anima
2259 3277 2316 3310 per
2331 3268 2501 3299 scientiam

1421 3324 1452 3349 et
1482 3317 1689 3358 prudentiam
1722 3315 1916 3357 perficiatur,
1940 3325 2017 3347 cum
2046 3316 2112 3346 hoc
2140 3320 2249 3345 tamen
2279 3319 2361 3344 stare
2393 3318 2501 3354 potest

1421 3362 1512 3403 quod
1536 3372 1593 3403 per
1615 3367 1744 3393 motum
1768 3362 1869 3402 ipsius
1892 3361 2075 3392 intellectus
2104 3357 2289 3399 perficiatur
2312 3358 2419 3388 anima
2442 3367 2501 3398 per

1421 3407 1626 3448 prudentiam
1643 3412 1675 3438 et
1691 3406 1876 3437 scientiam:
1902 3406 1994 3442 sicut,
2011 3404 2087 3445 quia
2110 3412 2168 3444 per
2190 3401 2304 3434 flatum
2327 3403 2416 3434 venti
2439 3403 2500 3433 im·-

1420 3451 1549 3493 peditur
1573 3451 1748 3492 aliquando
1773 3461 1815 3482 ne
1838 3451 1964 3492 lignum
1987 3448 2206 3484 comburatur,
2223 3446 2298 3478 ideo
2322 3457 2391 3478 non
2407 3456 2499 3478 com-

1422 3498 1546 3528 buritur
1561 3497 1622 3528 nisi
1639 3501 1782 3527 cessante
1799 3501 1897 3526 vento
1913 3499 1946 3525 et
1961 3498 2055 3524 motu
2071 3493 2162 3529 aeris,
2179 3498 2210 3523 et
2226 3498 2336 3523 tamen
2354 3497 2499 3523 cessante

1421 3547 1514 3573 motu
1539 3542 1618 3572 aeris
1643 3541 1846 3572 comburitur
1867 3539 1993 3579 lignum
2008 3547 2066 3578 per
2081 3543 2209 3567 motum
2226 3537 2327 3577 ipsius
2343 3536 2432 3577 ligni.
2450 3536 2498 3568 Si-

1422 3587 1550 3623 militer,
1562 3586 1638 3617 licet
1653 3585 1694 3616 ad
1709 3583 1939 3626 acquirendam
1955 3582 2121 3614 scientiam
2135 3587 2166 3612 et
2182 3581 2387 3622 prudentiam
2399 3590 2498 3621 opor—

1421 3637 1485 3662 teat
1509 3630 1611 3662 sedari
1642 3631 1768 3661 animae
1798 3628 1963 3669 passiones
1994 3632 2024 3658 et
2055 3627 2313 3667 perturbationes
2341 3626 2498 3666 corporis,

1422 3676 1498 3716 quia
1520 3676 1594 3707 illae
1617 3674 1774 3706 iudicium
1798 3672 1979 3703 intellectus
2004 3671 2186 3712 impediunt
2210 3681 2286 3718 cum
2310 3670 2429 3702 fuerint
2448 3671 2498 3701 in-

2529 1118 2538 1128 ·
2553 1118 2604 1140 Art.
2617 1123 2637 1146 5.
2652 1116 2681 1139 ad
2691 1124 2713 1139 r.
