2768 4134
65 2946 73 2955 ·
89 2944 159 2966 Num.
174 2950 188 2971 ι,
201 2950 226 2966 11.

67 3131 76 3140 ·
89 3130 221 3151 Comment.
231 3135 281 3157 cap.

67 3163 74 3178 1
97 3155 144 3183 (lib.
162 3156 200 3185 11),
220 3163 242 3177 n.
260 3163 282 3178 ιν

66 3189 118 3211 sqq.

300 316 378 363 408

300 396 380 425 talis.
406 392 505 431 Quod
535 390 748 431 improbabile
772 388 908 424 videtur,
940 393 976 418 ut
1004 386 1138 417 inferius
1167 384 1371 416 ostendetur:

300 440 374 469 licet
398 439 436 467 ab
461 437 617 476 opinione
641 434 784 464 Platonis
807 442 876 464 non
901 431 1072 462 discordet.

357 491 386 512 2.
417 479 671 515 Advertendum,
704 479 787 509 circa
818 478 956 518 primam
983 475 1258 517 improbationem
1285 473 1374 504 solu-

299 526 395 556 tionis
420 525 521 561 datae‚
539 523 630 564 quod
652 524 727 553 licet
751 531 863 553 sensus
883 522 922 552 sit
937 521 1084 562 potentia
1099 520 1234 560 passiva,
1253 525 1283 550 et
1299 517 1373 549 ideo

299 579 430 601 necesse
455 570 493 599 sit
517 575 552 599 ut
576 568 692 598 sentire
717 568 755 597 sit
771 566 934 608 quoddam
954 566 1027 607 pati
1044 570 1074 596 et
1089 564 1215 595 moveri
1230 573 1251 594 a
1273 562 1374 594 sensi-

299 615 414 645 bilibus
437 613 663 649 exterioribus,
681 618 718 642 ut
734 611 850 642 dicitur
867 611 893 642 11
910 611 949 642 de
964 611 1083 641 Anima
1089 617 1101 647 ;
1125 615 1156 640 et
1179 618 1236 649 per
1260 616 1375 639 conse·

300 669 403 700 quens
427 658 517 699 quod
533 658 567 688 in
589 656 759 688 sentiendo
776 666 888 687 sensus
904 665 973 687 non
989 665 1023 686 se
1039 655 1155 685 habeat
1174 660 1211 684 ut
1226 661 1374 688 movens,

299 703 355 734 sed
371 709 407 734 ut
430 703 576 743 potentia
599 708 699 739 mota,
728 707 759 732 et
783 702 865 732 sicut
888 701 921 732 id
945 710 1013 741 quo
1038 708 1197 739 organum
1223 703 1376 729 movetur

299 748 454 788 spirituali
477 748 639 778 motione:
663 756 732 777 non
747 752 857 777 tamen
881 747 925 776 sic
942 745 1058 776 dicitur
1080 744 1228 784 potentia
1250 743 1376 784 passiva

301 802 423 829 sensus,
441 797 471 822 et
496 793 612 823 sentire
628 791 754 822 moveri
771 797 802 821 et
826 791 902 832 pati,
920 790 1011 831 quasi
1036 798 1149 819 sensus
1172 788 1300 819 nullum
1319 787 1376 818 ha-

299 838 373 868 beat
396 842 505 868 actum
529 837 586 877 qui
610 837 649 867 sit
673 836 830 877 operatio.
854 836 930 866 Hoc
955 835 1042 865 enim
1066 831 1235 863 manifeste
1259 832 1376 863 falsum

301 891 370 913 esse
394 886 535 913 constat:
561 891 601 912 eo
626 881 716 922 quod
741 881 881 911 sensatio
906 879 1052 920 operatio
1078 877 1239 918 quaedam
1264 886 1378 908 sensus

300 928 350 963 sit,
367 936 433 967 qua
447 926 569 957 iudicat
584 925 624 956 de
640 925 792 956 sensibili.
815 924 888 961 Sed,
909 933 984 955 cum
1001 923 1173 963 dupliciter
1195 922 1377 962 comparari

299 972 402 1012 possit
425 972 571 1012 potentia
594 970 634 1001 ad
657 980 753 1001 suum
778 970 954 1005 obiectum,
971 974 1027 999 aut
1050 968 1173 998 scilicet
1195 966 1378 998 secundum

301 1016 392 1056 quod
415 1016 563 1046 absolute
586 1015 619 1045 in
643 1021 756 1045 natura
773 1020 830 1050 est,
846 1020 901 1044 aut
925 1012 1107 1044 secundum
1128 1011 1219 1052 quod
1241 1012 1307 1042 iam
1331 1016 1379 1042 est

301 1070 358 1101 per
382 1070 473 1091 suam
497 1059 741 1090 similitudinem
765 1059 930 1099 potentiae
946 1058 1086 1094 unitum,
1107 1056 1225 1088 dicitur
1246 1056 1378 1097 proprie

301 1105 423 1146 aliquid
447 1105 593 1145 potentia
612 1105 738 1144 passiva
762 1109 817 1133 aut
841 1103 944 1133 activa
967 1112 1025 1143 per
1041 1102 1322 1142 comparationem
1339 1099 1378 1131 ad

302 1151 466 1180 obiectum
490 1150 523 1179 in
546 1154 660 1179 natura
676 1147 927 1183 consideratum,
943 1157 1012 1178 non
1037 1152 1146 1177 autem
1170 1151 1206 1177 ut
1230 1144 1379 1176 conside-

301 1200 388 1224 ratur
410 1200 567 1233 tanquam
590 1202 649 1233 per
672 1202 763 1223 suam
788 1192 1033 1223 similitudinem
1056 1192 1185 1222 unitum
1201 1191 1379 1231 potentiae.

301 1239 385 1269 Nam
401 1239 427 1269 si
443 1238 589 1278 potentia
605 1238 645 1268 sit
660 1238 762 1278 ipsius
779 1238 899 1268 obiecti
915 1238 1169 1273 transmutativa,
1187 1235 1304 1267 dicitur
1319 1244 1380 1276 po-

301 1283 399 1313 tentia
418 1283 531 1320 activa,
549 1288 756 1323 comparatur
772 1282 860 1313 enim
883 1282 924 1312 ad
940 1282 1106 1313 obiectum
1123 1282 1206 1312 sicut
1222 1290 1320 1321 agens
1339 1279 1380 1310 ad

301 1328 438 1368 patiens:
465 1328 547 1358 sicut
570 1328 717 1367 potentia
733 1326 920 1358 calefactiva
942 1327 1026 1367 ignis
1042 1333 1089 1357 est
1102 1326 1250 1367 potentia
1266 1326 1380 1362 activa,

302 1373 377 1412 quia
394 1378 441 1403 est
456 1372 699 1403 transmutativa
715 1371 944 1402 calefactibilis.
971 1371 1004 1403 Si
1024 1377 1132 1402 autem
1148 1372 1218 1412 ipsa
1234 1371 1380 1411 potentia

302 1418 341 1447 sit
365 1417 403 1447 ab
428 1417 557 1447 obiecto
572 1417 833 1454 transmutabilis,
853 1417 898 1447 sic
923 1422 970 1447 est
993 1417 1134 1458 passiva:
1160 1426 1200 1447 eo
1226 1415 1316 1456 quod
1340 1414 1380 1446 ad

302 1462 468 1492 obiectum
485 1467 692 1502 comparetur
707 1462 791 1492 sicut
805 1462 931 1502 patiens
944 1461 983 1492 ad
1001 1471 1108 1502 agens.
1126 1461 1174 1492 Ex
1189 1461 1254 1491 hoc
1271 1466 1380 1491 autem

303 1506 392 1547 quod
408 1507 553 1547 potentia
570 1512 776 1547 comparatur
792 1506 832 1537 ad
848 1516 945 1538 suum
961 1507 1128 1538 obiectum
1145 1512 1181 1537 ut
1205 1511 1252 1536 est
1266 1506 1300 1536 in
1324 1515 1381 1536 na-

302 1558 373 1582 tura
385 1552 467 1582 sicut
478 1551 603 1592 patiens
620 1551 660 1582 ad
675 1561 783 1591 agens,
800 1552 946 1592 sequitur
959 1551 1050 1592 quod
1065 1551 1244 1583 similitudo
1261 1551 1382 1582 obiecti

302 1597 335 1627 in
355 1597 501 1637 potentia
524 1603 653 1636 recepta
677 1602 883 1637 comparatur
905 1595 945 1627 ad
971 1597 1076 1637 ipsam
1097 1597 1278 1637 potentiam
1299 1596 1382 1627 sicut

303 1647 393 1671 actus
414 1647 445 1671 et
464 1640 568 1671 forma
585 1641 624 1672 ad
649 1642 842 1672 subiectum.
866 1641 908 1672 Et
924 1642 1000 1681 quia
1016 1651 1085 1672 non
1101 1641 1290 1672 inconvenit
1306 1641 1382 1671 sub-

302 1686 423 1716 iectum
441 1692 472 1715 et
489 1691 598 1716 actum
614 1687 683 1716 eius
702 1686 798 1716 simul
823 1685 862 1716 ad
886 1695 985 1717 unam
1010 1687 1235 1727 operationem
1259 1685 1382 1726 produ-

305 1731 387 1761 ctive
412 1739 615 1767 concurrere,
639 1730 714 1761 ideo
742 1730 822 1761 nihil
849 1731 1000 1771 prohibet
1031 1731 1174 1771 aliquam
1201 1730 1382 1771 potentiam

305 1785 373 1806 esse
397 1775 567 1815 passivam,
585 1781 616 1806 et
638 1783 747 1806 tamen
765 1775 862 1806 simul
881 1785 958 1806 curn
981 1775 1193 1807 similitudine
1209 1775 1328 1806 obiecti
1347 1775 1382 1806 in

304 1821 373 1860 ipsa
389 1826 518 1860 recepta
534 1820 574 1850 ad
593 1820 734 1860 aliquam
751 1821 976 1861 operationem
993 1821 1183 1852 convenire:
1200 1821 1283 1852 sicut
1299 1819 1382 1850 cale·

305 1864 455 1901 factibile,
472 1865 568 1895 simul
593 1874 668 1895 cum
686 1864 790 1895 forma
807 1865 921 1896 caloris
937 1866 970 1896 in
990 1866 1062 1906 ipso
1079 1871 1207 1896 causata
1223 1875 1241 1895 a
1265 1864 1381 1901 calido,

304 1914 411 1949 potest
435 1908 617 1939 calefacere.

361 1953 412 1984 Sic
436 1954 533 1994 igitur
556 1963 668 1984 sensus
692 1959 739 1983 est
762 1954 908 1993 potentia
931 1953 1067 1993 passiva,
1092 1963 1156 1993 qua
1180 1963 1339 1993 organum
1364 1962 1381 1983 a

304 1998 446 2028 sensibili
462 1999 582 2038 patitur
594 2007 652 2038 per
667 1998 889 2037 receptionem
904 1998 1024 2038 speciei
1041 1998 1212 2028 sensibilis:
1225 2003 1257 2028 et
1272 2003 1382 2028 tamen

305 2048 352 2073 est
375 2043 573 2083 principium
590 2042 788 2082 operationis
804 2042 973 2073 sentiendi.
998 2042 1040 2072 Et
1058 2042 1144 2079 ideo,
1165 2051 1241 2073 cum
1265 2042 1382 2073 dicitur

305 2097 322 2117 a
346 2087 546 2128 Philosopho
571 2087 661 2128 quod
679 2087 800 2117 sentire
823 2087 942 2118 accidit
965 2087 997 2117 in
1023 2087 1092 2127 ipso
1118 2087 1242 2117 moveri
1266 2096 1286 2117 a
1309 2096 1381 2118 sen-

304 2132 457 2168 sibilibus,
474 2142 542 2163 non
559 2138 606 2163 est
622 2142 734 2163 sensus
751 2131 841 2172 quod
857 2132 965 2172 ipsum
989 2132 1115 2162 moveri
1138 2142 1156 2162 a
1179 2131 1383 2162 sensibilibus

305 2178 344 2207 sit
368 2178 576 2208 essentialiter
592 2178 724 2207 sentire:
742 2186 811 2207 non
834 2177 922 2207 enim
946 2177 1064 2207 sentire
1081 2182 1128 2208 est
1143 2176 1287 2217 recipere
1307 2177 1383 2216 (nisi

304 2222 547 2263 antecedentis),
564 2221 619 2253 sed
644 2222 780 2262 operari,
797 2222 873 2262 quia
890 2226 936 2252 est
951 2221 1094 2252 iudicare
1110 2221 1150 2252 de
1173 2231 1207 2252 re
1231 2221 1383 2252 sensibili.

306 2268 369 2298 Sed
385 2274 431 2298 est
455 2277 567 2298 sensus
584 2266 675 2307 quod
699 2267 826 2302 sentire,
848 2267 873 2296 si
901 2266 935 2296 in
958 2267 1083 2297 ratione
1106 2267 1383 2297 transmutationis

306 2313 538 2348 consideretur,
554 2321 622 2343 non
647 2311 800 2342 convenit
823 2319 862 2341 ex
885 2311 949 2341 hoc
973 2311 1064 2351 quod
1087 2320 1201 2342 sensus
1224 2320 1383 2351 organum

306 2364 360 2388 aut
385 2358 551 2388 obiectum
574 2362 776 2392 transmutet,
796 2355 852 2386 sed
877 2364 915 2385 ex
938 2356 1003 2386 hoc
1027 2355 1117 2396 quod
1140 2365 1254 2387 sensus
1277 2362 1308 2386 et
1332 2365 1383 2387 or-

306 2411 426 2443 ganum
443 2411 461 2432 a
477 2401 681 2432 sensibilibus
697 2405 937 2431 transmutatur.
950 2400 1026 2431 Non
1040 2401 1128 2431 enim
1143 2401 1261 2431 sentire
1277 2406 1385 2441 potest

307 2457 419 2478 sensus
442 2447 504 2477 nisi
528 2446 648 2476 obiecti
671 2445 916 2476 similitudinem
940 2446 974 2476 in
998 2455 1031 2476 se
1054 2446 1202 2486 recipiat:
1221 2445 1312 2486 quod
1337 2452 1384 2477 est

306 2492 430 2522 moveri
455 2496 486 2522 et
509 2491 585 2531 pati.

364 2537 393 2567 3.
415 2537 450 2566 In
467 2535 609 2567 secunda
624 2535 875 2575 improbatione,
892 2543 968 2565 cum
985 2534 1102 2565 dicitur
1117 2535 1208 2575 quod
1224 2535 1292 2566 alia
1310 2544 1384 2575 ope-

308 2582 393 2612 ratio
411 2586 457 2611 est
459 2582 582 2623 facere
597 2585 719 2610 motum
735 2585 767 2610 et
783 2580 927 2620 recipere
942 2585 1075 2616 motum,
1092 2579 1276 2611 notandum
1293 2579 1384 2621 quod

308 2626 454 2666 operatio
471 2635 539 2656 non
563 2625 720 2665 accipitur
735 2625 788 2654 hic
803 2633 864 2664 pro
881 2630 955 2655 actu
979 2624 1141 2665 producto
1165 2626 1205 2655 ab
1230 2634 1270 2656 eo
1292 2625 1385 2656 cuius

307 2671 423 2701 dicitur
447 2671 604 2711 operatio,
629 2670 773 2710 recipere
798 2669 885 2700 enim
902 2676 1030 2700 motum
1046 2679 1115 2701 non
1132 2676 1179 2701 est
1203 2675 1293 2701 actus
1308 2679 1385 2710 pro-

308 2715 423 2746 ductus
440 2725 458 2745 a
474 2715 605 2746 mobili:
622 2714 689 2751 sed,
705 2715 794 2744 iuxta
811 2724 848 2745 ea
869 2723 953 2755 quae
975 2714 1127 2746 dicuntur
1143 2715 1255 2746 Tertio
1273 2715 1381 2752 huius,

308 2770 376 2801 cap.
390 2770 464 2797 xxn,
482 2759 638 2800 accipitur
661 2759 808 2800 operatio
833 2765 930 2800 prout
955 2760 1104 2790 ultimum
1114 2769 1179 2800 per
1194 2759 1281 2801 quod
1302 2769 1384 2790 una-

307 2814 452 2846 quaeque
475 2814 528 2836 res
551 2804 728 2835 ordinatur
751 2803 794 2834 ad
820 2813 915 2835 suum
928 2804 1035 2846 finem
1063 2804 1180 2836 dicitur
1207 2805 1276 2835 eius
1304 2813 1384 2845 ope-

307 2851 403 2886 rati0;
427 2849 609 2880 secundum
634 2858 733 2889 quem
760 2848 898 2879 modum
923 2848 1061 2880 calefieri
1090 2855 1122 2880 et
1145 2850 1244 2880 secari
1268 2849 1386 2880 dicitur

308 2895 454 2936 operatio
478 2893 697 2925 calefactibilis
721 2899 752 2924 et
775 2894 931 2924 secabilis.

364 2939 417 2970 lv.
443 2938 538 2970 Circa
562 2938 812 2969 fundamentum
829 2939 962 2969 rationis
985 2938 1172 2979 principalis
1185 2939 1212 2974 ⁴²,
1237 2938 1387 2969 videlicet

309 2984 399 3025 quod
423 2983 618 3025 impossibile
635 2988 683 3014 est
698 2987 732 3013 ut
748 2983 952 3014 diversorum
975 2984 1152 3014 secundum
1177 2993 1245 3014 esse
1260 2984 1302 3014 sit
1318 2994 1384 3015 una

309 3029 456 3070 operatio
479 3028 656 3060 secundum
673 3027 760 3068 quod
783 3029 953 3069 egreditur
971 3029 1011 3059 ab
1035 3033 1162 3069 agente,
1188 3029 1263 3059 licet
1279 3030 1387 3070 possit

309 3083 376 3104 esse
400 3083 466 3104 una
483 3083 525 3104 ex
540 3078 637 3114 parte
654 3073 789 3113 operati,
807 3072 943 3104 dubium
960 3074 1110 3104 occurrit.
1135 3073 1169 3104 Si
1185 3074 1271 3104 enirn
1289 3075 1384 3111 actio,

310 3124 345 3149 ut
369 3119 516 3159 superius
532 3119 549 3135 ὕ
574 3123 620 3148 est
644 3117 905 3154 determinatum,
921 3118 1001 3148 nihil
1025 3118 1210 3149 absolutum
1234 3120 1328 3160 ponit
1350 3120 1385 3150 in

310 3170 434 3203 agente,
452 3163 507 3194 sed
525 3169 572 3194 est
595 3168 722 3193 tantum
745 3168 854 3194 motus
875 3164 945 3204 ipse
965 3163 1021 3203 qui
1037 3163 1191 3203 recipitur
1214 3165 1247 3195 in
1271 3173 1384 3205 passo;

310 3209 334 3238 si
360 3208 444 3238 actio
473 3213 521 3238 est
550 3217 615 3238 una
644 3216 682 3237 ex
710 3213 800 3247 parte
831 3208 966 3248 operati,
995 3216 1127 3239 necesse
1151 3214 1199 3239 est
1228 3214 1264 3240 ut
1288 3210 1384 3240 etiarn

311 3253 349 3283 sit
373 3262 436 3283 una
461 3252 641 3283 secundum
667 3252 758 3292 quod
781 3252 943 3292 egreditur
966 3252 1005 3282 ab
1030 3258 1154 3292 agente.

366 3297 603 3338 Respondetur,
631 3297 821 3328 sustinendo
851 3297 941 3338 quod
972 3297 1056 3327 actio
1087 3297 1167 3328 nihil
1198 3298 1384 3330 absolutum

310 3347 410 3381 ponat
426 3342 458 3372 in
476 3347 601 3383 agente,
619 3341 709 3382 quod
726 3342 801 3373 licet
820 3342 904 3372 actio
921 3341 1127 3373 materialiter
1150 3342 1235 3373 dicat
1259 3349 1384 3374 tantum

310 3392 437 3416 motum
448 3387 498 3418 vel
511 3387 728 3418 mutationem
739 3388 773 3418 in
786 3396 882 3427 passo
899 3392 1074 3427 receptam,
1088 3386 1264 3418 formaliter
1275 3393 1383 3419 tamen

311 3437 465 3461 connotat
489 3438 672 3472 respectum
697 3432 828 3472 originis
850 3432 883 3463 in
899 3437 1024 3472 agente.
1050 3431 1091 3462 Et
1114 3431 1188 3462 ideo
1214 3433 1268 3463 ubi
1293 3432 1385 3473 plura

311 3475 435 3513 agentia
451 3476 490 3506 ad
507 3485 610 3507 unum
628 3475 779 3507 effectum
793 3482 1002 3513 concurrunt,
1016 3476 1091 3507 licet
1106 3482 1216 3507 motus
1232 3477 1272 3507 sit
1287 3486 1383 3515 unus,

311 3526 474 3559 respectus
497 3526 605 3552 tamen
624 3521 757 3562 originis
774 3526 848 3552 sunt
864 3521 973 3562 plures
989 3521 1022 3552 in
1039 3521 1187 3562 pluribus
1204 3522 1383 3562 agentibus.

312 3563 404 3593 Unde
428 3570 534 3604 potest
551 3565 613 3596 dici
637 3566 681 3596 ibi
698 3575 766 3597 esse
786 3575 885 3597 unam
910 3566 1073 3597 actionem
1096 3566 1311 3603 materialiter,
1329 3567 1384 3598 sed

310 3607 418 3646 plures
434 3608 620 3640 formaliter.
637 3610 679 3640 Et
695 3611 739 3641 sic
755 3610 945 3652 intelligitur
961 3610 1147 3651 exemplum
1165 3610 1273 3642 Sancti
1293 3610 1384 3642 Tho-

311 3660 393 3687 mae,
411 3661 485 3682 cum
502 3654 607 3693 inquit
623 3655 724 3694 quod,
741 3655 851 3686 multis
873 3655 1072 3686 trahentibus
1090 3664 1218 3691 navem,
1236 3661 1385 3696 exparte

311 3696 506 3726 trahentium
520 3703 596 3728 sunt
607 3699 728 3730 multae
744 3700 897 3736 actiones,
912 3701 988 3740 quia
1000 3705 1078 3730 sunt
1092 3700 1212 3731 diversi
1229 3700 1386 3741 impulsus

798 308 986 346 SUMMA
1016 306 1239 343 CONTRA
1268 302 1544 348 GENTILES,
1574 303 1668 339 LIB.
1690 303 1731 347 ΙΙ,
1763 302 1874 339 CAP.
1896 303 2007 339 LVII.

1427 385 1470 415 ad
1494 384 1707 415 trahendum:
1730 388 1806 414 sunt
1829 383 1917 413 enim
1943 383 2065 413 multae
2088 382 2275 422 formaliter,
2299 391 2432 426 propter
2456 385 2503 416 di-

1427 439 1537 460 versos
1560 428 1732 469 impulsus,
1756 427 1840 458 idest
1862 426 2002 458 diversas
2026 427 2261 467 applicationes
2284 429 2440 461 virtutum
2464 430 2504 461 ad

1427 473 1630 509 trahendum,
1654 473 1688 503 in
1705 482 1773 514 quo
1797 470 1996 512 significatur
2011 481 2081 502 esse
2097 471 2240 503 diversos
2255 479 2420 514 respectus
2439 476 2504 505 ori-

1427 519 1509 559 ginis
1532 518 1566 548 in
1589 517 1667 558 ipsis
1690 517 1890 548 trahentibus
1920 516 2039 553 navim,
2064 517 2147 547 sicut
2174 523 2249 548 sunt
2273 517 2416 549 diversae
2442 520 2505 550 vir-

1427 569 1529 599 tutes;
1560 562 1708 603 quamvis
1731 561 1936 592 materialiter
1959 562 1999 591 sit
2027 570 2093 591 una
2122 562 2217 592 actio.
2250 561 2401 602 Intelligit
2427 572 2504 603 ergo

1428 608 1565 639 Sanctus
1582 607 1728 637 Thomas
1744 605 2006 647 propositionem
2022 612 2222 647 assumptam
2238 606 2279 637 de
2301 607 2425 638 unitate
2440 606 2506 638 for-

1428 653 1504 683 mali
1529 652 1677 688 actionis,
1694 660 1779 692 quae
1798 650 1931 681 resultat
1947 660 1985 682 ex
2005 652 2130 682 unitate
2153 657 2319 692 respectus
2342 652 2507 692 importati

1428 707 1486 738 per
1505 697 1685 727 actionem:
1702 705 1771 726 non
1787 701 1897 726 autem
1913 695 1954 726 de
1969 697 2091 728 unitate
2107 697 2275 734 materiali,
2292 697 2333 728 de
2349 706 2414 737 qua
2429 706 2507 737 pro—

1429 742 1514 774 cedit
1538 742 1690 772 obiectio.
2496 751 2498 753 ’

1483 787 1522 818 V.
1539 785 1689 817 Secundo
1696 785 1932 826 principaliter
1943 786 1970 816 *.
1985 784 2138 826 Sequitur
2150 786 2242 828 quod
2253 796 2374 827 corpus
2390 793 2422 817 et
2438 787 2508 817 eius

1428 837 1534 872 partes
1550 840 1619 862 non
1636 835 1884 871 consequuntur
1899 830 2043 871 speciem
2059 830 2098 860 ab
2115 831 2232 862 anima.
2252 831 2350 872 Ergo,
2367 832 2508 863 abeunte

1429 877 1546 913 anima,
1563 885 1683 916 corpus
1700 881 1731 906 et
1755 875 1824 906 eius
1848 879 1953 915 partes
1969 875 2184 906 remanebunt
2206 875 2353 907 eiusdem
2376 877 2507 917 speciei.

1430 922 1505 952 Hoc
1529 926 1639 951 autem
1656 929 1725 951 esse
1749 919 1867 951 falsum
1891 925 2034 951 constat:
2059 930 2137 951 cum
2159 926 2239 951 tunc
2262 921 2343 952 nulli
2366 922 2508 962 partium

1430 967 1561 1007 propria
1585 966 1733 1006 operatio
1764 965 1850 1002 insit,
1879 974 1964 1006 quae
1993 965 2138 1005 speciem
2168 967 2390 1006 consequitur.
2421 967 2508 1007 Ergo

1430 1021 1500 1042 non
1523 1011 1634 1041 unitur
1657 1011 1765 1041 anima
1789 1010 1922 1051 corpori
1950 1015 2078 1040 tantum
2102 1016 2138 1042 ut
2160 1016 2281 1041 motor.
2305 1028 2329 1034 —
2351 1011 2510 1042 Probatur

1431 1056 1573 1096 sequela.
1591 1055 1677 1094 Quia
1693 1054 1815 1085 mobile
1831 1064 1899 1086 non
1916 1055 2048 1086 sortitur
2063 1054 2240 1086 formaliter
2256 1056 2399 1096 speciem
2415 1066 2434 1086 a
2449 1066 2509 1088 suo

1432 1106 1561 1131 motore
1585 1106 1621 1130 ut
1645 1100 1701 1130 sic.

1491 1145 1612 1175 Tertio.
1637 1143 1768 1184 Corpus
1784 1153 1852 1174 non
1868 1144 2000 1175 habebit
2015 1154 2084 1175 esse
2100 1154 2158 1185 per
2173 1145 2330 1175 animam:
2348 1145 2425 1185 quia
2439 1153 2512 1175 mo-

1432 1190 1496 1220 bile
1519 1199 1588 1220 non
1611 1190 1708 1220 habet
1733 1197 1804 1219 esse
1826 1198 1885 1229 per
1914 1198 2012 1220 suum
2039 1195 2203 1221 motorem
2231 1188 2303 1232 (qui
2327 1189 2450 1220 scilicet
2473 1190 2514 1220 sit

1432 1240 1542 1266 motor
1563 1232 1717 1275 tantum).
1741 1233 1828 1274 Ergo
1851 1243 1914 1264 nec
1936 1235 2023 1265 vivet
2044 1244 2103 1275 per
2125 1235 2284 1266 animam:
2309 1235 2386 1275 quia
2404 1235 2514 1266 viuere

1434 1279 1613 1310 viventibus
1636 1284 1684 1310 est
1706 1288 1784 1310 esse.
1809 1278 1885 1310 Hoc
1908 1285 1956 1310 est
1979 1278 2108 1311 falsum.
2131 1279 2219 1320 Ergo
2244 1285 2306 1310 etc.

1491 1323 1630 1361 Quarto.
1656 1323 1809 1364 Sequitur
1833 1323 1924 1364 quod
1951 1324 1985 1355 in
2015 1325 2140 1355 unione
2172 1324 2300 1356 animae
2329 1324 2369 1355 ad
2393 1333 2513 1365 corpus

1433 1378 1501 1399 non
1521 1369 1580 1399 erit
1603 1368 1711 1410 aliqua
1734 1369 1910 1409 generatio,
1927 1378 2036 1410 neque
2058 1369 2092 1399 in
2108 1369 2312 1410 separatione
2335 1369 2512 1409 corruptio.

1434 1413 1476 1445 Et
1498 1423 1558 1454 per
1581 1422 1787 1454 consequens
1817 1423 1907 1444 mors
1936 1422 2006 1444 non
2035 1414 2095 1445 erit
2123 1414 2290 1455 corruptio
2315 1413 2472 1445 animalis.
2491 1430 2515 1437 -·

1434 1458 1594 1489 Probatur
1617 1459 1863 1499 consequentia.
1891 1458 1979 1497 Quia
2008 1459 2131 1490 mobile
2158 1468 2228 1490 non
2255 1464 2428 1500 generatur
2456 1467 2515 1499 per

1435 1503 1689 1545 applicationem
1713 1504 1850 1535 motoris
1874 1502 1914 1534 ad
1937 1504 2057 1544 ipsum,
2080 1513 2190 1545 neque
2213 1513 2271 1544 per
2294 1504 2365 1535 eius
2387 1512 2516 1545 separa-

1433 1551 1559 1581 tionem
1583 1549 1818 1590 corrumpitur:
1843 1558 1920 1580 cum
1947 1549 2071 1580 mobile
2098 1558 2168 1580 non
2195 1548 2378 1590 dependeat
2401 1559 2420 1580 a
2441 1557 2516 1585 mo-

1434 1601 1506 1626 tore
1521 1600 1558 1625 ut
1573 1594 1619 1624 sic
1635 1593 1818 1625 secundum
1842 1603 1922 1631 esse,
1938 1594 1995 1626 sed
2022 1599 2150 1625 tantum
2173 1593 2356 1626 secundum
2377 1594 2514 1628 moveri.

1494 1638 1628 1676 Quinto.
1653 1639 1722 1669 Erit
1749 1639 1782 1669 in
1811 1644 1971 1679 potestate
2002 1639 2129 1670 animae
2159 1639 2297 1680 separari
2327 1649 2345 1669 a
2376 1638 2520 1684 corpore

1437 1693 1512 1714 curn
1536 1682 1685 1720 voluerit,
1710 1687 1742 1714 et
1763 1683 1882 1713 iterum
1897 1683 1983 1714 uniri
1998 1685 2027 1714 ei
2047 1692 2123 1714 curn
2142 1683 2292 1714 voluerit.
2309 1682 2411 1722 Quod
2425 1685 2515 1726 patet

1435 1738 1505 1759 esse
1521 1727 1649 1759 falsum.
1662 1746 1684 1750 —
1695 1727 1854 1758 Probatur
1869 1729 2114 1768 consequentia.
2132 1727 2228 1766 Quia,
2245 1728 2428 1760 secundum
2439 1727 2516 1759 'Pla-

1435 1779 1559 1809 tonem,
1571 1773 1679 1804 anima
1695 1778 1807 1803 movet
1822 1781 1942 1813 corpus
1958 1774 2041 1804 sicut
2052 1782 2190 1804 movens
2205 1773 2359 1814 seipsum.
2377 1773 2516 1804 Movens

1436 1823 1546 1849 autem
1569 1818 1713 1858 seipsum
1729 1818 1763 1848 in
1779 1827 1814 1848 se
1830 1818 1926 1849 habet
1941 1827 2077 1849 movere
2093 1824 2125 1849 et
2140 1827 2208 1849 non
2223 1827 2368 1850 movere.
2385 1818 2420 1850 Si
2436 1827 2514 1859 ergo

1435 1872 1504 1893 non
1527 1862 1639 1893 unitur
1669 1863 1799 1902 corpori
1829 1862 1891 1893 nisi
1919 1868 1957 1894 ut
1978 1868 2099 1900 motor,
2128 1863 2248 1903 poterit
2271 1863 2357 1894 uniri
2384 1869 2416 1895 et
2445 1872 2515 1895 non

1435 1907 1520 1938 uniri
1545 1907 1575 1936 ei
1598 1912 1634 1936 ut
1657 1906 1807 1936 voluerit.

1490 1950 1545 1981 VI.
1571 1949 1741 1988 Quantum
1765 1950 1804 1980 ad
1828 1949 2011 1981 secundum
2027 1951 2055 1987 ὓ,
2078 1951 2195 1991 probat
2211 1950 2348 1982 Sanctus
2369 1951 2516 1983 Thomas

1435 1994 1526 2036 quod
1549 1994 1662 2025 anima
1686 1995 1801 2026 unitur
1822 1995 1958 2036 corpori
1981 2000 2018 2026 ut
2030 1995 2162 2037 forma.
2468 2006 2470 2009 ’

1491 2039 1536 2070 Et
1558 2040 1716 2082 arguitur
1724 2040 1837 2081 primo
1852 2040 1910 2071 sic.
1935 2040 1996 2071 Per
2016 2040 2159 2071 animam
2175 2049 2295 2082 corpus
2314 2039 2351 2072 fit
2366 2046 2442 2072 actu
2457 2049 2515 2073 ens

1436 2084 1476 2115 de
1500 2085 1647 2125 potentia
1671 2090 1755 2116 ente.
1780 2085 1867 2126 Ergo
1892 2091 1953 2116 etc.
1974 2103 1996 2107 -
2016 2084 2175 2116 Probatur
2197 2085 2404 2123 antecedens.
2428 2084 2516 2125 Quia

1437 2139 1548 2160 semen
1572 2135 1646 2160 ante
1675 2129 1909 2161 animationem
1940 2136 1988 2161 est
2010 2130 2123 2160 vivens
2146 2135 2273 2162 tantum
2300 2130 2334 2162 in
2357 2131 2514 2172 potentia,

1436 2183 1495 2215 per
1517 2174 1660 2205 animam
1683 2180 1793 2206 autem
1817 2174 1852 2206 fit
1875 2175 1987 2206 vivens
2009 2179 2094 2205 actu.
2111 2193 2133 2198 -
2150 2174 2395 2217 Consequentia
2417 2176 2515 2207 etiam

1436 2219 1602 2260 probatur.
1627 2218 1714 2257 Quia
1730 2228 1798 2260 quo
1822 2219 1945 2260 aliquid
1968 2218 2005 2251 fit
2028 2219 2068 2250 de
2091 2220 2238 2260 potentia
2257 2226 2332 2251 ente
2356 2226 2430 2252 actu
2446 2230 2514 2258 ens,

1438 2271 1486 2295 est
1508 2263 1614 2295 forma
1638 2270 1670 2295 et
1693 2269 1783 2295 actus
1806 2264 1917 2305 ipsius.

1495 2318 1525 2339 2.
1555 2308 1651 2340 Circa
1682 2310 1912 2349 probationem
1942 2308 2163 2341 antecedentis
2193 2308 2331 2341 dubium
2361 2309 2515 2344 occurrit.

1437 2353 1532 2390 Nam,
1549 2359 1586 2384 ut
1601 2354 1738 2385 habetur
1750 2354 1776 2385 11
1789 2354 1887 2396 Pnys.
1899 2355 1917 2372 ⁴
1933 2359 1966 2386 et
1981 2354 2010 2385 V
2022 2354 2166 2395 Metapa.
2178 2355 2224 2391 ”,
2241 2363 2353 2386 semen
2369 2363 2404 2386 se
2418 2355 2516 2386 habet

1438 2399 1471 2429 in
1494 2399 1704 2439 generatione
1728 2405 1764 2430 ut
1788 2398 1940 2431 efficiens.
1966 2399 2100 2431 Materia
2115 2404 2225 2430 autem
2241 2405 2273 2430 et
2289 2399 2432 2431 efficiens
2445 2408 2515 2432 non

1438 2443 1628 2474 coincidunt
1651 2445 1685 2475 in
1708 2444 1796 2475 idem
1820 2453 1970 2475 numero.
1994 2444 2081 2485 Ergo
2098 2453 2211 2475 semen
2233 2453 2303 2475 non
2319 2450 2367 2476 est
2382 2445 2516 2476 materia

1437 2489 1584 2520 viventis.
1606 2488 1710 2520 Cuius
1733 2490 1925 2530 oppositum
1940 2489 2069 2520 videtur
2093 2489 2177 2520 velle
2200 2489 2337 2520 Sancms
2359 2489 2515 2528 Thomas,

1438 2543 1515 2565 cum
1530 2534 1637 2575 inquit
1652 2543 1763 2564 semen
1786 2540 1860 2565 ante
1876 2534 2110 2565 animationem
2124 2534 2233 2565 vivere
2254 2539 2383 2566 tantum
2405 2535 2440 2566 in
2454 2540 2516 2576 po-

1437 2579 1548 2615 tentia,
1572 2588 1630 2620 per
1653 2580 1795 2610 animam
1819 2584 1928 2610 autem
1951 2577 2022 2610 fieri
2043 2580 2156 2610 vivens
2178 2585 2264 2610 actu.

1493 2623 1546 2655 Ad
1573 2624 1671 2655 huius
1700 2622 1905 2661 evidentiam,
1929 2623 2100 2655 sciendum
2129 2623 2220 2665 quod
2249 2625 2364 2665 opinio
2391 2624 2518 2656 Arim-

1437 2668 1520 2706 telis,
1544 2673 1581 2700 ut
1603 2674 1691 2709 patet
1714 2668 1774 2699 XV
1790 2668 1830 2699 de
1852 2669 1994 2700 Animal.
2008 2669 2035 2706 ⁴⁶,
2052 2668 2123 2706 fuit,
2147 2678 2259 2700 semen
2282 2669 2430 2700 animalis
2447 2678 2516 2701 non

1438 2722 1633 2744 concurrere
1657 2712 1697 2744 ad
1720 2714 1964 2754 generationem
1987 2719 2024 2744 ut
2047 2714 2226 2751 materiam,
2251 2713 2308 2745 sed
2330 2719 2458 2746 tantum
2479 2719 2519 2746 ut

1438 2768 1547 2800 agens,
1571 2759 1768 2799 inquantum
1791 2758 1825 2790 in
1853 2759 1926 2800 ipso
1950 2764 1998 2790 est
2024 2758 2125 2790 virtus
2147 2759 2341 2800 generantis.
2364 2757 2460 2791 Unde
2483 2763 2519 2790 et

1438 2804 1466 2835 11
1482 2804 1582 2845 Phys.
1606 2809 1639 2834 et
1658 2803 1688 2834 V
1707 2803 1851 2845 Metaph.
1875 2812 1988 2835 semen
2011 2804 2107 2844 ponit
2129 2804 2163 2835 in
2186 2813 2306 2845 genere
2329 2813 2446 2835 causae
2469 2803 2517 2835 ef-

1437 2849 1587 2880 ficientis.
1603 2866 1625 2870 —
1637 2849 1702 2879 Alii
1719 2855 1829 2880 autem
1845 2854 1975 2890 ponunt
1990 2858 2103 2880 semen
2119 2858 2313 2880 concurrere
2328 2848 2369 2880 ad
2383 2857 2517 2890 genera-

1437 2895 1563 2926 tionem
1586 2893 1670 2924 sicut
1685 2894 1863 2930 materiam,
1877 2903 1915 2925 ex
1931 2903 1996 2935 qua
2019 2903 2077 2934 per
2097 2894 2216 2926 multas
2231 2894 2516 2926 transmutationes

1438 2939 1597 2971 formatur
1619 2948 1750 2980 corpus.

1494 2983 1671 3024 Sequendo
1695 2992 1773 3024 ergo
1790 2983 1982 3024 opinionem
1998 2983 2191 3020 Aristotelis,
2207 2993 2275 3015 non
2294 2988 2403 3025 potest
2420 2983 2518 3015 intel-'—

1438 3029 1494 3069 ligi
1518 3028 1609 3069 quod
1625 3029 1678 3059 hic
1694 3027 1812 3059 dicitur
1826 3027 1866 3059 de
1883 3028 2007 3059 semine
2023 3037 2041 3058 a
2056 3033 2228 3068 generante
2245 3028 2369 3060 deciso:
2395 3027 2452 3060 sed
2466 3028 2517 3060 in·-

1438 3073 1651 3114 telligendum
1668 3080 1715 3104 est
1730 3073 1865 3104 nomine
1887 3073 2020 3104 seminis
2035 3073 2165 3114 sanguis
2179 3069 2374 3111 menstruus,
2390 3082 2431 3105 ex
2444 3078 2517 3114 quo*

1439 3128 1559 3160 corpus
1575 3118 1721 3149 animalis
1736 3117 1870 3159 perfecti
1892 3122 2077 3159 generatum
2103 3123 2158 3148 aut
2176 3118 2413 3159 quodcumque
2426 3113 2517 3148 eliud

1438 3173 1472 3195 se
1495 3164 1619 3195 habens
1642 3168 1678 3194 ut
1701 3164 1834 3194 materia
1857 3163 2006 3204 proxima
2027 3163 2244 3203 generationis
2261 3163 2307 3194 rei
2321 3161 2475 3194 viventis..

1494 3208 1559 3240 Sed
1574 3209 1601 3239 si
1625 3208 1763 3239 aliorum
1780 3208 1972 3248 opinionem
1996 3208 2090 3248 sequi
2113 3207 2322 3244 voluerimus,
2338 3214 2514 3247 possumus

1439 3253 1556 3290 dicere,
1570 3262 1608 3284 ex
1633 3252 1780 3284 doctrina
1792 3252 1901 3284 Sancti
1914 3252 2045 3283 Thoma
2055 3252 2216 3288 Potentia,
2229 3259 2262 3292 q.
2273 3260 2318 3288 m,
2335 3260 2363 3281 a.
2381 3259 2400 3292 9
2414 3255 2446 3282 et
2462 3258 2512 3288 11,

1438 3299 1471 3329 in
1495 3307 1601 3339 respp.
1619 3297 1660 3328 ad
1676 3307 1773 3338 argg.,
1790 3303 1821 3328 et
1837 3296 1971 3328 inferius
1986 3297 2020 3328 in
2035 3297 2101 3327 hoc
2117 3295 2279 3332 Secundo,
2296 3304 2367 3336 cap.
2388 3305 2513 3332 Lxxx1x,

1438 3342 1529 3384 quod
1545 3351 1656 3374 semen
1681 3342 1828 3373 animalis
1851 3342 2017 3373 concurrit
2040 3346 2072 3372 et
2093 3339 2238 3371 effective
2255 3344 2287 3370 et
2308 3339 2514 3371 materialiter

1438 3387 1478 3418 ad
1505 3388 1761 3428 generationem,
1786 3386 1967 3418 secundum
1997 3385 2122 3417 diversa
2151 3393 2235 3425 quae
2262 3384 2295 3414 in
2319 3385 2391 3425 ipso
2420 3393 2513 3425 repe-

1437 3433 1574 3463 riuntur.
1591 3432 1648 3463 Est
1664 3432 1802 3463 enimin
1825 3431 1950 3462 semine
1972 3428 2163 3470 corpulenta
2186 3428 2372 3466 substantia,
2397 3438 2436 3460 ex
2448 3438 2513 3470 qua

1437 3477 1604 3508 multoties
1631 3481 1841 3507 transmutata
1868 3483 1987 3515 corpus
2018 3472 2190 3504 formatur:
2223 3478 2254 3504 et
2281 3479 2440 3514 qnantum
2472 3473 2512 3505 ad

1436 3522 1501 3552 hoc
1517 3531 1629 3552 semen
1653 3530 1687 3552 se
1703 3521 1799 3552 habet
1821 3526 1859 3552 ut
1873 3518 2014 3551 materia.
2039 3517 2097 3548 Est
2116 3517 2212 3548 etiam
2236 3518 2365 3558 spiritus
2383 3518 2418 3549 in
2439 3519 2512 3559 ipso

1438 3571 1620 3603 contentus,
1645 3567 1678 3597 in
1703 3575 1770 3606 quo
1799 3570 1846 3596 est
1874 3564 1974 3594 virtus
2005 3561 2174 3593 formativa
2203 3562 2286 3594 sicut
2315 3563 2349 3594 in
2378 3563 2512 3604 proprio

1437 3611 1595 3647 subiecto,
1621 3616 1652 3641 et
1676 3610 1733 3650 qui
1757 3618 1824 3640 non
1848 3607 2022 3639 destruitur
2044 3606 2100 3637 sed
2124 3612 2301 3648 permanet,
2319 3607 2415 3639 etiam
2439 3616 2512 3648 per-

1438 3654 1520 3686 fecta
1543 3655 1768 3695 generatione:
1797 3658 1829 3684 et
1856 3657 2016 3692 quantum
2046 3651 2086 3682 ad
2116 3652 2180 3683 hoc
2210 3651 2356 3684 effective
2386 3651 2427 3683 ad
2457 3661 2512 3693 ge·

1436 3700 1639 3730 nerationem
1663 3698 1835 3729 concurrit.
1861 3696 2023 3736 Loquitur
2048 3705 2125 3736 ergo
2149 3696 2286 3728 Sanctus
2310 3695 2467 3734 Thomas,
2486 3697 2510 3727 si

2534 783 2544 792 ·
2559 782 2594 804 Cf.
2611 788 2634 804 n.
2649 788 2665 805 ι.

2542 1954 2552 1965 ·
2566 1953 2604 1976 Ct'.
2617 1959 2683 1977 nun.
2698 1960 2715 1976 ι.

2542 2354 2758 2383 Ὀιρ.ιιι.5;ι.Τ1ι.

2541 2381 2665 2431 Qum,
2671 2414 2693 2438 ³³
2703 2407 2758 2430 nia.

2542 2434 2584 2463 lv,
2599 2440 2626 2463 ιι.
2641 2440 2663 2463 7.

2543 2662 2552 2672 “
2586 2660 2612 2687 ,1
2618 2659 2758 2684 deamat.

2604 2703 2612 2713 .
2620 2691 2672 2717 up.
2680 2692 2720 2710 xx.
