<?xml version="1.0" encoding="UTF-8"?>
<!DOCTYPE html PUBLIC "-//W3C//DTD XHTML 1.0 Transitional//EN"
    "http://www.w3.org/TR/xhtml1/DTD/xhtml1-transitional.dtd">
<html xmlns="http://www.w3.org/1999/xhtml" xml:lang="en" lang="en">
 <head>
  <title>
</title>
<meta http-equiv="Content-Type" content="text/html;charset=utf-8" />
  <meta name='ocr-system' content='tesseract 3.04.00' />
  <meta name='ocr-capabilities' content='ocr_page ocr_carea ocr_par ocr_line ocrx_word'/>
</head>
<body>
  <div class='ocr_page' id='page_1' title='image "./operaomniaiussui13thom_0270.png"; bbox 0 0 2768 4134; ppageno 0'>
   <div class='ocr_carea' id='block_1_1' title="bbox 74 346 257 375">
    <p class='ocr_par' dir='ltr' id='par_1_1' title="bbox 74 346 257 375">
     <span class='ocr_line' id='line_1_1' title="bbox 74 346 257 375; baseline -0.011 -6"><span class='ocrx_word' id='word_1_1' title='bbox 74 346 83 358; x_wconf 69' lang='lat'><strong><em>⁶</em></strong></span> <span class='ocrx_word' id='word_1_2' title='bbox 96 347 165 369; x_wconf 90' lang='lat' dir='ltr'><strong>Num.</strong></span> <span class='ocrx_word' id='word_1_3' title='bbox 178 352 226 374; x_wconf 81' lang='lat' dir='ltr'><strong>vin,</strong></span> <span class='ocrx_word' id='word_1_4' title='bbox 238 353 257 375; x_wconf 87' lang='lat'><strong>3.</strong></span> 
     </span>
    </p>
   </div>
   <div class='ocr_carea' id='block_1_2' title="bbox 66 2627 201 2649">
    <p class='ocr_par' dir='ltr' id='par_1_2' title="bbox 66 2627 201 2649">
     <span class='ocr_line' id='line_1_2' title="bbox 66 2627 201 2649; baseline 0.007 -1"><span class='ocrx_word' id='word_1_5' title='bbox 66 2630 75 2638; x_wconf 89' lang='lat'><strong>·</strong></span> <span class='ocrx_word' id='word_1_6' title='bbox 90 2627 159 2649; x_wconf 87' lang='lat' dir='ltr'><strong>Num.</strong></span> <span class='ocrx_word' id='word_1_7' title='bbox 171 2633 201 2649; x_wconf 79' lang='lat' dir='ltr'><strong>vr.</strong></span> 
     </span>
    </p>
   </div>
   <div class='ocr_carea' id='block_1_3' title="bbox 67 2893 279 2921">
    <p class='ocr_par' dir='ltr' id='par_1_3' title="bbox 67 2893 279 2921">
     <span class='ocr_line' id='line_1_3' title="bbox 67 2893 279 2921; baseline 0.005 -6"><span class='ocrx_word' id='word_1_8' title='bbox 67 2895 76 2904; x_wconf 91' lang='grc'>·</span> <span class='ocrx_word' id='word_1_9' title='bbox 91 2893 128 2916; x_wconf 82' lang='lat' dir='ltr'><strong>Cf.</strong></span> <span class='ocrx_word' id='word_1_10' title='bbox 139 2900 162 2916; x_wconf 93' lang='lat' dir='ltr'><strong>n.</strong></span> <span class='ocrx_word' id='word_1_11' title='bbox 171 2894 279 2921; x_wconf 84' lang='lat' dir='ltr'><strong>v11¹,init.</strong></span> 
     </span>
    </p>
   </div>
   <div class='ocr_carea' id='block_1_4' title="bbox 73 3524 289 3608">
    <p class='ocr_par' dir='ltr' id='par_1_4' title="bbox 73 3524 289 3608">
     <span class='ocr_line' id='line_1_4' title="bbox 73 3524 288 3549; baseline -0.019 0"><span class='ocrx_word' id='word_1_12' title='bbox 73 3528 82 3537; x_wconf 88' lang='lat'>&#39;</span> <span class='ocrx_word' id='word_1_13' title='bbox 99 3526 133 3549; x_wconf 81' lang='lat' dir='ltr'><strong>cf.</strong></span> <span class='ocrx_word' id='word_1_14' title='bbox 150 3525 199 3548; x_wconf 86' lang='lat' dir='ltr'><strong>init.</strong></span> <span class='ocrx_word' id='word_1_15' title='bbox 220 3524 288 3546; x_wconf 89' lang='lat' dir='ltr'><strong>Com·</strong></span> 
     </span>
     <span class='ocr_line' id='line_1_5' title="bbox 75 3557 145 3575; baseline 0 0"><span class='ocrx_word' id='word_1_16' title='bbox 75 3557 145 3575; x_wconf 87' lang='lat' dir='ltr'><strong>ment.</strong></span> 
     </span>
     <span class='ocr_line' id='line_1_6' title="bbox 75 3578 289 3608; baseline -0.014 -6"><span class='ocrx_word' id='word_1_17' title='bbox 75 3582 85 3591; x_wconf 87' lang='grc'>·</span> <span class='ocrx_word' id='word_1_18' title='bbox 95 3580 152 3608; x_wconf 83' lang='lat' dir='ltr'><strong>Cap.</strong></span> <span class='ocrx_word' id='word_1_19' title='bbox 159 3585 226 3606; x_wconf 72' lang='lat' dir='ltr'><strong>Lxur,</strong></span> <span class='ocrx_word' id='word_1_20' title='bbox 234 3578 289 3600; x_wconf 85' lang='lat' dir='ltr'><strong>Ter-</strong></span> 
     </span>
    </p>
   </div>
   <div class='ocr_carea' id='block_1_5' title="bbox 75 3632 290 3682">
    <p class='ocr_par' dir='ltr' id='par_1_5' title="bbox 75 3632 290 3682">
     <span class='ocr_line' id='line_1_7' title="bbox 76 3632 290 3659; baseline -0.009 -4"><span class='ocrx_word' id='word_1_21' title='bbox 76 3635 95 3644; x_wconf 91' lang='grc'><strong>··</strong></span> <span class='ocrx_word' id='word_1_22' title='bbox 106 3632 142 3656; x_wconf 79' lang='lat' dir='ltr'><strong>Cf.</strong></span> <span class='ocrx_word' id='word_1_23' title='bbox 152 3638 240 3659; x_wconf 84' lang='lat' dir='ltr'><strong>n.xvn,</strong></span> <span class='ocrx_word' id='word_1_24' title='bbox 251 3637 290 3658; x_wconf 84' lang='lat' dir='ltr'><strong>xx,</strong></span> 
     </span>
     <span class='ocr_line' id='line_1_8' title="bbox 75 3666 123 3682; baseline 0 0"><span class='ocrx_word' id='word_1_25' title='bbox 75 3666 123 3682; x_wconf 78' lang='lat' dir='ltr'><strong>xxi.</strong></span> 
     </span>
    </p>
   </div>
   <div class='ocr_carea' id='block_1_6' title="bbox 321 266 393 314">
    <p class='ocr_par' dir='ltr' id='par_1_6' title="bbox 321 266 393 314">
     <span class='ocr_line' id='line_1_9' title="bbox 321 266 393 314; baseline 0 -12"><span class='ocrx_word' id='word_1_26' title='bbox 321 266 393 314; x_wconf 85' lang='lat'><strong>196</strong></span> 
     </span>
    </p>
   </div>
   <div class='ocr_carea' id='block_1_7' title="bbox 301 338 1391 3696">
    <p class='ocr_par' dir='ltr' id='par_1_7' title="bbox 310 338 1389 738">
     <span class='ocr_line' id='line_1_10' title="bbox 371 338 1389 381; baseline -0.004 -8"><span class='ocrx_word' id='word_1_27' title='bbox 371 344 455 373; x_wconf 90' lang='lat' dir='ltr'>XIV.</span> <span class='ocrx_word' id='word_1_28' title='bbox 474 341 526 372; x_wconf 90' lang='lat' dir='ltr'><strong>Ad</strong></span> <span class='ocrx_word' id='word_1_29' title='bbox 542 342 684 381; x_wconf 90' lang='lat' dir='ltr'><strong>primum</strong></span> <span class='ocrx_word' id='word_1_30' title='bbox 701 340 797 380; x_wconf 86' lang='lat' dir='ltr'><strong>igitur</strong></span> <span class='ocrx_word' id='word_1_31' title='bbox 812 339 901 370; x_wconf 90' lang='lat' dir='ltr'><strong>Scoti</strong></span> <span class='ocrx_word' id='word_1_32' title='bbox 913 340 930 355; x_wconf 51' lang='lat' dir='ltr'><strong>a</strong></span> <span class='ocrx_word' id='word_1_33' title='bbox 947 338 1064 369; x_wconf 90' lang='lat' dir='ltr'><strong>dicitur</strong></span> <span class='ocrx_word' id='word_1_34' title='bbox 1079 339 1198 379; x_wconf 90' lang='lat' dir='ltr'><strong>primo,</strong></span> <span class='ocrx_word' id='word_1_35' title='bbox 1215 338 1306 379; x_wconf 94' lang='lat' dir='ltr'><strong>quod</strong></span> <span class='ocrx_word' id='word_1_36' title='bbox 1321 348 1389 369; x_wconf 93' lang='lat' dir='ltr'><strong>non</strong></span> 
     </span>
     <span class='ocr_line' id='line_1_11' title="bbox 313 383 1389 428; baseline -0.004 -10"><span class='ocrx_word' id='word_1_37' title='bbox 313 386 460 428; x_wconf 87' lang='lat' dir='ltr'>procedit</span> <span class='ocrx_word' id='word_1_38' title='bbox 483 391 594 416; x_wconf 90' lang='lat' dir='ltr'><strong>contra</strong></span> <span class='ocrx_word' id='word_1_39' title='bbox 610 394 741 415; x_wconf 91' lang='lat' dir='ltr'><strong>sensum</strong></span> <span class='ocrx_word' id='word_1_40' title='bbox 765 383 874 415; x_wconf 85' lang='lat' dir='ltr'>Sancti</span> <span class='ocrx_word' id='word_1_41' title='bbox 890 383 1050 414; x_wconf 90' lang='lat' dir='ltr'><strong>Thomae.</strong></span> <span class='ocrx_word' id='word_1_42' title='bbox 1074 383 1225 414; x_wconf 88' lang='lat' dir='ltr'>Procedit</span> <span class='ocrx_word' id='word_1_43' title='bbox 1248 384 1336 414; x_wconf 91' lang='lat' dir='ltr'><strong>enim</strong></span> <span class='ocrx_word' id='word_1_44' title='bbox 1352 393 1389 414; x_wconf 90' lang='lat' dir='ltr'><strong>ac</strong></span> 
     </span>
     <span class='ocr_line' id='line_1_12' title="bbox 314 428 1389 469; baseline -0.004 -7"><span class='ocrx_word' id='word_1_45' title='bbox 314 433 339 462; x_wconf 92' lang='lat' dir='ltr'><strong>si</strong></span> <span class='ocrx_word' id='word_1_46' title='bbox 370 431 490 462; x_wconf 90' lang='lat' dir='ltr'><strong>diceret</strong></span> <span class='ocrx_word' id='word_1_47' title='bbox 519 430 655 460; x_wconf 89' lang='lat' dir='ltr'><strong>Sanctus</strong></span> <span class='ocrx_word' id='word_1_48' title='bbox 679 429 825 459; x_wconf 85' lang='lat' dir='ltr'>Thomas</span> <span class='ocrx_word' id='word_1_49' title='bbox 853 438 949 468; x_wconf 91' lang='lat' dir='ltr'><strong>posse</strong></span> <span class='ocrx_word' id='word_1_50' title='bbox 979 428 1076 459; x_wconf 89' lang='lat' dir='ltr'><strong>simul</strong></span> <span class='ocrx_word' id='word_1_51' title='bbox 1107 434 1189 459; x_wconf 89' lang='lat' dir='ltr'><strong>stare</strong></span> <span class='ocrx_word' id='word_1_52' title='bbox 1218 434 1254 459; x_wconf 95' lang='lat' dir='ltr'><strong>ut</strong></span> <span class='ocrx_word' id='word_1_53' title='bbox 1285 429 1389 469; x_wconf 90' lang='lat' dir='ltr'><strong>prima</strong></span> 
     </span>
     <span class='ocr_line' id='line_1_13' title="bbox 313 472 1389 514; baseline -0.003 -8"><span class='ocrx_word' id='word_1_54' title='bbox 313 485 407 507; x_wconf 91' lang='lat' dir='ltr'><strong>causa</strong></span> <span class='ocrx_word' id='word_1_55' title='bbox 426 474 606 505; x_wconf 90' lang='lat' dir='ltr'><strong>necessario</strong></span> <span class='ocrx_word' id='word_1_56' title='bbox 622 473 768 504; x_wconf 89' lang='lat' dir='ltr'><strong>absolute</strong></span> <span class='ocrx_word' id='word_1_57' title='bbox 785 473 943 514; x_wconf 91' lang='lat' dir='ltr'><strong>producat</strong></span> <span class='ocrx_word' id='word_1_58' title='bbox 960 472 1123 509; x_wconf 91' lang='lat' dir='ltr'><strong>effectum,</strong></span> <span class='ocrx_word' id='word_1_59' title='bbox 1140 479 1172 504; x_wconf 90' lang='lat' dir='ltr'><strong>et</strong></span> <span class='ocrx_word' id='word_1_60' title='bbox 1187 479 1296 504; x_wconf 88' lang='lat' dir='ltr'><strong>tamen</strong></span> <span class='ocrx_word' id='word_1_61' title='bbox 1314 472 1389 504; x_wconf 88' lang='lat' dir='ltr'><strong>effe-</strong></span> 
     </span>
     <span class='ocr_line' id='line_1_14' title="bbox 312 517 1388 559; baseline -0.002 -9"><span class='ocrx_word' id='word_1_62' title='bbox 312 526 382 551; x_wconf 88' lang='lat' dir='ltr'><strong>ctus</strong></span> <span class='ocrx_word' id='word_1_63' title='bbox 406 520 630 559; x_wconf 85' lang='lat' dir='ltr'><strong>contingenter</strong></span> <span class='ocrx_word' id='word_1_64' title='bbox 653 519 789 554; x_wconf 88' lang='lat' dir='ltr'><strong>eveniat,</strong></span> <span class='ocrx_word' id='word_1_65' title='bbox 809 517 950 548; x_wconf 85' lang='lat' dir='ltr'><strong>admisso</strong></span> <span class='ocrx_word' id='word_1_66' title='bbox 975 518 1071 548; x_wconf 87' lang='lat' dir='ltr'><strong>etiam</strong></span> <span class='ocrx_word' id='word_1_67' title='bbox 1096 527 1227 549; x_wconf 90' lang='lat' dir='ltr'><strong>causam</strong></span> <span class='ocrx_word' id='word_1_68' title='bbox 1250 518 1388 558; x_wconf 86' lang='lat' dir='ltr'>primam</span> 
     </span>
     <span class='ocr_line' id='line_1_15' title="bbox 310 562 1388 604; baseline -0.002 -9"><span class='ocrx_word' id='word_1_69' title='bbox 310 564 491 595; x_wconf 89' lang='lat' dir='ltr'><strong>necessario</strong></span> <span class='ocrx_word' id='word_1_70' title='bbox 515 573 620 604; x_wconf 89' lang='lat' dir='ltr'><strong>agere,</strong></span> <span class='ocrx_word' id='word_1_71' title='bbox 636 573 705 594; x_wconf 91' lang='lat' dir='ltr'><strong>non</strong></span> <span class='ocrx_word' id='word_1_72' title='bbox 726 562 858 603; x_wconf 90' lang='lat' dir='ltr'><strong>quidem</strong></span> <span class='ocrx_word' id='word_1_73' title='bbox 882 568 1031 602; x_wconf 89' lang='lat' dir='ltr'><strong>respectu</strong></span> <span class='ocrx_word' id='word_1_74' title='bbox 1048 562 1154 593; x_wconf 86' lang='lat' dir='ltr'><strong>ultimi</strong></span> <span class='ocrx_word' id='word_1_75' title='bbox 1170 562 1304 594; x_wconf 86' lang='lat' dir='ltr'><strong>effectus</strong></span> <span class='ocrx_word' id='word_1_76' title='bbox 1319 572 1388 593; x_wconf 91' lang='lat' dir='ltr'><strong>me—</strong></span> 
     </span>
     <span class='ocr_line' id='line_1_16' title="bbox 311 606 1388 648; baseline -0.002 -8"><span class='ocrx_word' id='word_1_77' title='bbox 311 609 418 640; x_wconf 88' lang='lat' dir='ltr'><strong>diante</strong></span> <span class='ocrx_word' id='word_1_78' title='bbox 443 618 539 639; x_wconf 90' lang='lat' dir='ltr'><strong>causa</strong></span> <span class='ocrx_word' id='word_1_79' title='bbox 561 607 704 638; x_wconf 91' lang='lat' dir='ltr'><strong>secunda</strong></span> <span class='ocrx_word' id='word_1_80' title='bbox 727 607 888 648; x_wconf 90' lang='lat' dir='ltr'><strong>producti,</strong></span> <span class='ocrx_word' id='word_1_81' title='bbox 906 606 962 637; x_wconf 89' lang='lat' dir='ltr'><strong>sed</strong></span> <span class='ocrx_word' id='word_1_82' title='bbox 981 613 1131 647; x_wconf 91' lang='lat' dir='ltr'><strong>respectu</strong></span> <span class='ocrx_word' id='word_1_83' title='bbox 1147 608 1248 648; x_wconf 89' lang='lat' dir='ltr'><strong>ipsius</strong></span> <span class='ocrx_word' id='word_1_84' title='bbox 1271 617 1388 638; x_wconf 91' lang='lat' dir='ltr'><strong>causae</strong></span> 
     </span>
     <span class='ocr_line' id='line_1_17' title="bbox 311 652 1388 693; baseline 0 -9"><span class='ocrx_word' id='word_1_85' title='bbox 311 653 482 690; x_wconf 89' lang='lat' dir='ltr'><strong>secundae,</strong></span> <span class='ocrx_word' id='word_1_86' title='bbox 506 654 549 684; x_wconf 90' lang='lat' dir='ltr'><strong>ita</strong></span> <span class='ocrx_word' id='word_1_87' title='bbox 572 652 722 684; x_wconf 90' lang='lat' dir='ltr'><strong>videlicet</strong></span> <span class='ocrx_word' id='word_1_88' title='bbox 749 652 839 693; x_wconf 92' lang='lat' dir='ltr'><strong>quod</strong></span> <span class='ocrx_word' id='word_1_89' title='bbox 862 652 895 682; x_wconf 90' lang='lat' dir='ltr'><strong>in</strong></span> <span class='ocrx_word' id='word_1_90' title='bbox 920 661 1050 682; x_wconf 90' lang='lat' dir='ltr'><strong>causam</strong></span> <span class='ocrx_word' id='word_1_91' title='bbox 1074 652 1252 683; x_wconf 87' lang='lat' dir='ltr'><strong>secundam</strong></span> <span class='ocrx_word' id='word_1_92' title='bbox 1275 662 1388 684; x_wconf 90' lang='lat' dir='ltr'><strong>neces-</strong></span> 
     </span>
     <span class='ocr_line' id='line_1_18' title="bbox 310 699 500 738; baseline 0 -9"><span class='ocrx_word' id='word_1_93' title='bbox 310 699 393 729; x_wconf 88' lang='lat' dir='ltr'><strong>sario</strong></span> <span class='ocrx_word' id='word_1_94' title='bbox 418 704 500 738; x_wconf 90' lang='lat' dir='ltr'><strong>agat.</strong></span> 
     </span>
    </p>

    <p class='ocr_par' dir='ltr' id='par_1_8' title="bbox 306 741 1387 1231">
     <span class='ocr_line' id='line_1_19' title="bbox 366 741 1385 778; baseline -0.001 -5"><span class='ocrx_word' id='word_1_95' title='bbox 366 743 491 774; x_wconf 85' lang='lat' dir='ltr'>Dicitur</span> <span class='ocrx_word' id='word_1_96' title='bbox 517 742 673 778; x_wconf 89' lang='lat' dir='ltr'><strong>secundo,</strong></span> <span class='ocrx_word' id='word_1_97' title='bbox 699 752 736 773; x_wconf 85' lang='lat' dir='ltr'><strong>ex</strong></span> <span class='ocrx_word' id='word_1_98' title='bbox 765 741 911 772; x_wconf 91' lang='lat' dir='ltr'><strong>doctrina</strong></span> <span class='ocrx_word' id='word_1_99' title='bbox 942 741 1051 772; x_wconf 85' lang='lat' dir='ltr'><strong>Sancti</strong></span> <span class='ocrx_word' id='word_1_100' title='bbox 1075 741 1225 772; x_wconf 87' lang='lat' dir='ltr'><strong>Thomae</strong></span> <span class='ocrx_word' id='word_1_101' title='bbox 1249 742 1262 772; x_wconf 96' lang='lat' dir='ltr'><strong>I</strong></span> <span class='ocrx_word' id='word_1_102' title='bbox 1286 742 1385 777; x_wconf 78' lang='lat' dir='ltr'><strong>Sent„</strong></span> 
     </span>
     <span class='ocr_line' id='line_1_20' title="bbox 310 785 1387 827; baseline 0 -9"><span class='ocrx_word' id='word_1_103' title='bbox 310 787 340 818; x_wconf 94' lang='lat' dir='ltr'><strong>d.</strong></span> <span class='ocrx_word' id='word_1_104' title='bbox 358 798 485 824; x_wconf 84' lang='lat' dir='ltr'><strong>xxxvm,</strong></span> <span class='ocrx_word' id='word_1_105' title='bbox 503 797 531 818; x_wconf 91' lang='lat' dir='ltr'><strong>a.</strong></span> <span class='ocrx_word' id='word_1_106' title='bbox 550 788 579 823; x_wconf 86' lang='lat'><strong>5,</strong></span> <span class='ocrx_word' id='word_1_107' title='bbox 598 793 630 818; x_wconf 90' lang='lat' dir='ltr'><strong>et</strong></span> <span class='ocrx_word' id='word_1_108' title='bbox 646 787 753 821; x_wconf 85' lang='lat' dir='ltr'><strong>Verit.,</strong></span> <span class='ocrx_word' id='word_1_109' title='bbox 768 796 798 827; x_wconf 94' lang='lat' dir='ltr'><strong>q.</strong></span> <span class='ocrx_word' id='word_1_110' title='bbox 812 797 842 822; x_wconf 84' lang='grc' dir='ltr'><strong>ν,</strong></span> <span class='ocrx_word' id='word_1_111' title='bbox 856 797 883 816; x_wconf 91' lang='lat' dir='ltr'><strong>a.</strong></span> <span class='ocrx_word' id='word_1_112' title='bbox 902 796 932 826; x_wconf 92' lang='lat'><strong>9,</strong></span> <span class='ocrx_word' id='word_1_113' title='bbox 947 785 987 816; x_wconf 88' lang='lat' dir='ltr'><strong>ad</strong></span> <span class='ocrx_word' id='word_1_114' title='bbox 1003 794 1053 822; x_wconf 82' lang='grc' dir='ltr'><strong>ιο,</strong></span> <span class='ocrx_word' id='word_1_115' title='bbox 1070 786 1172 826; x_wconf 94' lang='lat' dir='ltr'><strong>quod,</strong></span> <span class='ocrx_word' id='word_1_116' title='bbox 1190 796 1266 817; x_wconf 91' lang='lat' dir='ltr'><strong>cum</strong></span> <span class='ocrx_word' id='word_1_117' title='bbox 1283 787 1387 818; x_wconf 80' lang='lat' dir='ltr'><strong>virtus</strong></span> 
     </span>
     <span class='ocr_line' id='line_1_21' title="bbox 309 831 1387 873; baseline -0.001 -10"><span class='ocrx_word' id='word_1_118' title='bbox 309 842 430 863; x_wconf 84' lang='lat' dir='ltr'><strong>causae</strong></span> <span class='ocrx_word' id='word_1_119' title='bbox 447 833 578 873; x_wconf 86' lang='lat' dir='ltr'><em>primae</em></span> <span class='ocrx_word' id='word_1_120' title='bbox 602 832 781 872; x_wconf 82' lang='lat' dir='ltr'><strong>recipiatur</strong></span> <span class='ocrx_word' id='word_1_121' title='bbox 797 832 829 861; x_wconf 87' lang='lat' dir='ltr'><strong>in</strong></span> <span class='ocrx_word' id='word_1_122' title='bbox 847 840 948 861; x_wconf 88' lang='lat' dir='ltr'><strong>causa</strong></span> <span class='ocrx_word' id='word_1_123' title='bbox 963 831 1108 861; x_wconf 85' lang='lat' dir='ltr'><strong>secunda</strong></span> <span class='ocrx_word' id='word_1_124' title='bbox 1123 831 1302 862; x_wconf 82' lang='lat' dir='ltr'><strong>secundum</strong></span> <span class='ocrx_word' id='word_1_125' title='bbox 1318 842 1387 862; x_wconf 89' lang='lat' dir='ltr'><strong>mo-</strong></span> 
     </span>
     <span class='ocr_line' id='line_1_22' title="bbox 309 876 1385 917; baseline -0.001 -9"><span class='ocrx_word' id='word_1_126' title='bbox 309 877 386 908; x_wconf 84' lang='lat' dir='ltr'><strong>dum</strong></span> <span class='ocrx_word' id='word_1_127' title='bbox 410 887 530 908; x_wconf 84' lang='lat' dir='ltr'><strong>causae</strong></span> <span class='ocrx_word' id='word_1_128' title='bbox 551 877 722 912; x_wconf 85' lang='lat' dir='ltr'><strong>secundae,</strong></span> <span class='ocrx_word' id='word_1_129' title='bbox 743 882 858 917; x_wconf 86' lang='lat' dir='ltr'><strong>agente</strong></span> <span class='ocrx_word' id='word_1_130' title='bbox 874 877 978 916; x_wconf 90' lang='lat' dir='ltr'><strong>prima</strong></span> <span class='ocrx_word' id='word_1_131' title='bbox 993 885 1090 906; x_wconf 90' lang='lat' dir='ltr'><strong>causa</strong></span> <span class='ocrx_word' id='word_1_132' title='bbox 1105 876 1139 906; x_wconf 91' lang='lat' dir='ltr'><strong>in</strong></span> <span class='ocrx_word' id='word_1_133' title='bbox 1154 876 1343 913; x_wconf 89' lang='lat' dir='ltr'><strong>secundam,</strong></span> <span class='ocrx_word' id='word_1_134' title='bbox 1360 877 1385 908; x_wconf 89' lang='lat' dir='ltr'><strong>si</strong></span> 
     </span>
     <span class='ocr_line' id='line_1_23' title="bbox 306 920 1387 962; baseline 0 -9"><span class='ocrx_word' id='word_1_135' title='bbox 306 932 405 953; x_wconf 86' lang='lat' dir='ltr'><strong>causa</strong></span> <span class='ocrx_word' id='word_1_136' title='bbox 429 922 571 953; x_wconf 89' lang='lat' dir='ltr'><strong>secunda</strong></span> <span class='ocrx_word' id='word_1_137' title='bbox 587 923 778 962; x_wconf 88' lang='lat' dir='ltr'><strong>contingens</strong></span> <span class='ocrx_word' id='word_1_138' title='bbox 794 922 834 951; x_wconf 90' lang='lat' dir='ltr'><strong>sit</strong></span> <span class='ocrx_word' id='word_1_139' title='bbox 855 926 887 951; x_wconf 92' lang='lat' dir='ltr'><strong>et</strong></span> <span class='ocrx_word' id='word_1_140' title='bbox 906 920 1107 957; x_wconf 89' lang='lat' dir='ltr'><strong>defectibilis,</strong></span> <span class='ocrx_word' id='word_1_141' title='bbox 1132 922 1229 952; x_wconf 91' lang='lat' dir='ltr'><strong>etiam</strong></span> <span class='ocrx_word' id='word_1_142' title='bbox 1253 921 1387 953; x_wconf 86' lang='lat' dir='ltr'><strong>effectus</strong></span> 
     </span>
     <span class='ocr_line' id='line_1_24' title="bbox 310 965 1386 1008; baseline 0.001 -11"><span class='ocrx_word' id='word_1_143' title='bbox 310 967 534 1008; x_wconf 87' lang='lat' dir='ltr'><strong>contingenter</strong></span> <span class='ocrx_word' id='word_1_144' title='bbox 557 967 684 998; x_wconf 90' lang='lat' dir='ltr'><strong>eveniet</strong></span> <span class='ocrx_word' id='word_1_145' title='bbox 699 972 731 997; x_wconf 90' lang='lat' dir='ltr'><strong>et</strong></span> <span class='ocrx_word' id='word_1_146' title='bbox 746 965 979 997; x_wconf 87' lang='lat' dir='ltr'><strong>defectibiliter.</strong></span> <span class='ocrx_word' id='word_1_147' title='bbox 1003 965 1099 996; x_wconf 89' lang='lat' dir='ltr'><strong>Unde</strong></span> <span class='ocrx_word' id='word_1_148' title='bbox 1122 972 1327 1007; x_wconf 86' lang='lat' dir='ltr'><strong>assumptum</strong></span> <span class='ocrx_word' id='word_1_149' title='bbox 1347 966 1386 998; x_wconf 92' lang='lat' dir='ltr'><strong>ad</strong></span> 
     </span>
     <span class='ocr_line' id='line_1_25' title="bbox 308 1009 1386 1052; baseline 0 -10"><span class='ocrx_word' id='word_1_150' title='bbox 308 1013 535 1052; x_wconf 88' lang='lat' dir='ltr'><strong>probationem</strong></span> <span class='ocrx_word' id='word_1_151' title='bbox 559 1012 812 1052; x_wconf 86' lang='lat' dir='ltr'><strong>consequentiae</strong></span> <span class='ocrx_word' id='word_1_152' title='bbox 842 1009 959 1041; x_wconf 87' lang='lat' dir='ltr'><strong>falsum</strong></span> <span class='ocrx_word' id='word_1_153' title='bbox 983 1015 1044 1040; x_wconf 90' lang='lat' dir='ltr'><strong>est:</strong></span> <span class='ocrx_word' id='word_1_154' title='bbox 1069 1016 1154 1041; x_wconf 88' lang='lat' dir='ltr'><strong>stant</strong></span> <span class='ocrx_word' id='word_1_155' title='bbox 1178 1012 1266 1043; x_wconf 90' lang='lat' dir='ltr'><strong>enim</strong></span> <span class='ocrx_word' id='word_1_156' title='bbox 1289 1012 1386 1043; x_wconf 91' lang='lat' dir='ltr'><strong>simul</strong></span> 
     </span>
     <span class='ocr_line' id='line_1_26' title="bbox 309 1057 1387 1096; baseline 0 -9"><span class='ocrx_word' id='word_1_157' title='bbox 309 1066 439 1087; x_wconf 91' lang='lat' dir='ltr'><strong>causam</strong></span> <span class='ocrx_word' id='word_1_158' title='bbox 455 1062 655 1092; x_wconf 90' lang='lat' dir='ltr'><strong>moventem,</strong></span> <span class='ocrx_word' id='word_1_159' title='bbox 672 1057 866 1096; x_wconf 87' lang='lat' dir='ltr'><strong>inquantum</strong></span> <span class='ocrx_word' id='word_1_160' title='bbox 882 1060 972 1086; x_wconf 88' lang='lat' dir='ltr'><strong>mota</strong></span> <span class='ocrx_word' id='word_1_161' title='bbox 989 1061 1046 1091; x_wconf 87' lang='lat' dir='ltr'><strong>est,</strong></span> <span class='ocrx_word' id='word_1_162' title='bbox 1063 1057 1245 1087; x_wconf 90' lang='lat' dir='ltr'><strong>necessario</strong></span> <span class='ocrx_word' id='word_1_163' title='bbox 1261 1057 1387 1088; x_wconf 90' lang='lat' dir='ltr'><strong>moveri</strong></span> 
     </span>
     <span class='ocr_line' id='line_1_27' title="bbox 309 1100 1387 1142; baseline 0.001 -10"><span class='ocrx_word' id='word_1_164' title='bbox 309 1111 326 1131; x_wconf 87' lang='lat' dir='ltr'><strong>a</strong></span> <span class='ocrx_word' id='word_1_165' title='bbox 350 1111 446 1142; x_wconf 87' lang='lat' dir='ltr'><strong>causa</strong></span> <span class='ocrx_word' id='word_1_166' title='bbox 468 1102 586 1142; x_wconf 88' lang='lat' dir='ltr'><strong>prima;</strong></span> <span class='ocrx_word' id='word_1_167' title='bbox 609 1107 640 1132; x_wconf 89' lang='lat' dir='ltr'><strong>et</strong></span> <span class='ocrx_word' id='word_1_168' title='bbox 663 1107 770 1132; x_wconf 90' lang='lat' dir='ltr'><strong>tamen</strong></span> <span class='ocrx_word' id='word_1_169' title='bbox 787 1110 855 1131; x_wconf 92' lang='lat' dir='ltr'><strong>non</strong></span> <span class='ocrx_word' id='word_1_170' title='bbox 871 1100 1054 1131; x_wconf 88' lang='lat' dir='ltr'><strong>necessario</strong></span> <span class='ocrx_word' id='word_1_171' title='bbox 1077 1110 1221 1138; x_wconf 91' lang='lat' dir='ltr'><strong>movere,</strong></span> <span class='ocrx_word' id='word_1_172' title='bbox 1239 1111 1279 1132; x_wconf 91' lang='lat' dir='ltr'><strong>eo</strong></span> <span class='ocrx_word' id='word_1_173' title='bbox 1296 1101 1387 1142; x_wconf 92' lang='lat' dir='ltr'><strong>quod</strong></span> 
     </span>
     <span class='ocr_line' id='line_1_28' title="bbox 308 1145 1387 1186; baseline 0.002 -10"><span class='ocrx_word' id='word_1_174' title='bbox 308 1146 393 1176; x_wconf 93' lang='lat' dir='ltr'><strong>actio</strong></span> <span class='ocrx_word' id='word_1_175' title='bbox 417 1147 540 1186; x_wconf 85' lang='lat' dir='ltr'><strong>primae</strong></span> <span class='ocrx_word' id='word_1_176' title='bbox 563 1156 678 1177; x_wconf 89' lang='lat' dir='ltr'><strong>causae</strong></span> <span class='ocrx_word' id='word_1_177' title='bbox 701 1145 909 1176; x_wconf 84' lang='lat' dir='ltr'><strong>modificetur</strong></span> <span class='ocrx_word' id='word_1_178' title='bbox 926 1146 960 1176; x_wconf 93' lang='lat' dir='ltr'><strong>in</strong></span> <span class='ocrx_word' id='word_1_179' title='bbox 984 1155 1081 1176; x_wconf 91' lang='lat' dir='ltr'><strong>causa</strong></span> <span class='ocrx_word' id='word_1_180' title='bbox 1104 1146 1247 1177; x_wconf 89' lang='lat' dir='ltr'><strong>secunda</strong></span> <span class='ocrx_word' id='word_1_181' title='bbox 1271 1156 1387 1178; x_wconf 90' lang='lat' dir='ltr'><strong>secun—</strong></span> 
     </span>
     <span class='ocr_line' id='line_1_29' title="bbox 308 1189 1006 1231; baseline -0.001 -10"><span class='ocrx_word' id='word_1_182' title='bbox 308 1190 387 1221; x_wconf 89' lang='lat' dir='ltr'><strong>dum</strong></span> <span class='ocrx_word' id='word_1_183' title='bbox 410 1190 557 1222; x_wconf 89' lang='lat' dir='ltr'><strong>modum.</strong></span> <span class='ocrx_word' id='word_1_184' title='bbox 571 1191 672 1231; x_wconf 92' lang='lat' dir='ltr'><strong>ipsius</strong></span> <span class='ocrx_word' id='word_1_185' title='bbox 695 1200 811 1221; x_wconf 91' lang='lat' dir='ltr'><strong>causae</strong></span> <span class='ocrx_word' id='word_1_186' title='bbox 835 1189 1006 1221; x_wconf 91' lang='lat' dir='ltr'><strong>secundae.</strong></span> 
     </span>
    </p>

    <p class='ocr_par' dir='ltr' id='par_1_9' title="bbox 301 1234 1386 1626">
     <span class='ocr_line' id='line_1_30' title="bbox 363 1234 1386 1277; baseline 0.001 -11"><span class='ocrx_word' id='word_1_187' title='bbox 363 1245 392 1266; x_wconf 89' lang='lat'><strong>2.</strong></span> <span class='ocrx_word' id='word_1_188' title='bbox 417 1235 469 1266; x_wconf 91' lang='lat' dir='ltr'><strong>Ad</strong></span> <span class='ocrx_word' id='word_1_189' title='bbox 492 1235 673 1266; x_wconf 88' lang='lat' dir='ltr'><strong>secundum</strong></span> <span class='ocrx_word' id='word_1_190' title='bbox 698 1235 814 1266; x_wconf 91' lang='lat' dir='ltr'><strong>dicitur</strong></span> <span class='ocrx_word' id='word_1_191' title='bbox 830 1234 922 1275; x_wconf 92' lang='lat' dir='ltr'><strong>quod</strong></span> <span class='ocrx_word' id='word_1_192' title='bbox 941 1244 1038 1266; x_wconf 90' lang='lat' dir='ltr'><strong>causa</strong></span> <span class='ocrx_word' id='word_1_193' title='bbox 1061 1236 1176 1276; x_wconf 91' lang='lat' dir='ltr'><strong>prima,</strong></span> <span class='ocrx_word' id='word_1_194' title='bbox 1200 1235 1386 1277; x_wconf 88' lang='lat' dir='ltr'><strong>producens</strong></span> 
     </span>
     <span class='ocr_line' id='line_1_31' title="bbox 308 1279 1386 1322; baseline 0.001 -11"><span class='ocrx_word' id='word_1_195' title='bbox 308 1279 460 1311; x_wconf 86' lang='lat' dir='ltr'><strong>effectum</strong></span> <span class='ocrx_word' id='word_1_196' title='bbox 474 1280 638 1311; x_wconf 88' lang='lat' dir='ltr'><strong>mediante</strong></span> <span class='ocrx_word' id='word_1_197' title='bbox 654 1290 751 1311; x_wconf 89' lang='lat' dir='ltr'><strong>causa</strong></span> <span class='ocrx_word' id='word_1_198' title='bbox 769 1279 922 1317; x_wconf 92' lang='lat' dir='ltr'><strong>secunda,</strong></span> <span class='ocrx_word' id='word_1_199' title='bbox 939 1290 1007 1311; x_wconf 92' lang='lat' dir='ltr'><strong>non</strong></span> <span class='ocrx_word' id='word_1_200' title='bbox 1023 1281 1058 1311; x_wconf 92' lang='lat' dir='ltr'><strong>in</strong></span> <span class='ocrx_word' id='word_1_201' title='bbox 1081 1280 1190 1322; x_wconf 90' lang='lat' dir='ltr'><strong>aliqua</strong></span> <span class='ocrx_word' id='word_1_202' title='bbox 1210 1281 1309 1322; x_wconf 84' lang='lat' dir='ltr'><strong>priori</strong></span> <span class='ocrx_word' id='word_1_203' title='bbox 1326 1281 1386 1312; x_wconf 93' lang='lat' dir='ltr'><strong>du-</strong></span> 
     </span>
     <span class='ocr_line' id='line_1_32' title="bbox 307 1324 1386 1367; baseline 0.002 -12"><span class='ocrx_word' id='word_1_204' title='bbox 307 1325 431 1356; x_wconf 85' lang='lat' dir='ltr'><strong>ratione</strong></span> <span class='ocrx_word' id='word_1_205' title='bbox 455 1326 581 1366; x_wconf 87' lang='lat' dir='ltr'><strong>attingit</strong></span> <span class='ocrx_word' id='word_1_206' title='bbox 604 1324 756 1356; x_wconf 89' lang='lat' dir='ltr'><strong>effectum</strong></span> <span class='ocrx_word' id='word_1_207' title='bbox 784 1326 818 1356; x_wconf 95' lang='lat' dir='ltr'><strong>in</strong></span> <span class='ocrx_word' id='word_1_208' title='bbox 848 1335 915 1366; x_wconf 91' lang='lat' dir='ltr'><strong>qua</strong></span> <span class='ocrx_word' id='word_1_209' title='bbox 941 1335 1010 1356; x_wconf 90' lang='lat' dir='ltr'><strong>non</strong></span> <span class='ocrx_word' id='word_1_210' title='bbox 1041 1326 1214 1367; x_wconf 82' lang='lat' dir='ltr'><strong>attingatur</strong></span> <span class='ocrx_word' id='word_1_211' title='bbox 1242 1336 1260 1356; x_wconf 94' lang='lat' dir='ltr'><strong>a</strong></span> <span class='ocrx_word' id='word_1_212' title='bbox 1289 1336 1386 1357; x_wconf 88' lang='lat' dir='ltr'><strong>causa</strong></span> 
     </span>
     <span class='ocr_line' id='line_1_33' title="bbox 306 1369 1385 1411; baseline 0.002 -11"><span class='ocrx_word' id='word_1_213' title='bbox 306 1369 462 1401; x_wconf 86' lang='lat' dir='ltr'><strong>secunda:</strong></span> <span class='ocrx_word' id='word_1_214' title='bbox 479 1370 555 1401; x_wconf 91' lang='lat' dir='ltr'><strong>licet</strong></span> <span class='ocrx_word' id='word_1_215' title='bbox 575 1369 700 1401; x_wconf 92' lang='lat' dir='ltr'><strong>dicatur</strong></span> <span class='ocrx_word' id='word_1_216' title='bbox 714 1370 804 1411; x_wconf 89' lang='lat' dir='ltr'><strong>prius</strong></span> <span class='ocrx_word' id='word_1_217' title='bbox 820 1380 925 1410; x_wconf 91' lang='lat' dir='ltr'><strong>agere,</strong></span> <span class='ocrx_word' id='word_1_218' title='bbox 942 1370 1137 1410; x_wconf 86' lang='lat' dir='ltr'><strong>inquantum</strong></span> <span class='ocrx_word' id='word_1_219' title='bbox 1158 1370 1301 1402; x_wconf 88' lang='lat' dir='ltr'><strong>secunda</strong></span> <span class='ocrx_word' id='word_1_220' title='bbox 1315 1381 1385 1402; x_wconf 89' lang='lat' dir='ltr'><strong>non</strong></span> 
     </span>
     <span class='ocr_line' id='line_1_34' title="bbox 307 1414 1385 1456; baseline 0.002 -11"><span class='ocrx_word' id='word_1_221' title='bbox 307 1415 372 1455; x_wconf 91' lang='lat' dir='ltr'><strong>agit</strong></span> <span class='ocrx_word' id='word_1_222' title='bbox 394 1415 455 1446; x_wconf 93' lang='lat' dir='ltr'><strong>nisi</strong></span> <span class='ocrx_word' id='word_1_223' title='bbox 478 1415 596 1446; x_wconf 90' lang='lat' dir='ltr'><strong>virtute</strong></span> <span class='ocrx_word' id='word_1_224' title='bbox 619 1415 752 1456; x_wconf 85' lang='lat' dir='ltr'><strong>primae.</strong></span> <span class='ocrx_word' id='word_1_225' title='bbox 777 1414 872 1447; x_wconf 90' lang='lat' dir='ltr'><strong>Unde</strong></span> <span class='ocrx_word' id='word_1_226' title='bbox 887 1425 956 1446; x_wconf 90' lang='lat' dir='ltr'><strong>non</strong></span> <span class='ocrx_word' id='word_1_227' title='bbox 981 1421 1112 1456; x_wconf 89' lang='lat' dir='ltr'><strong>oportet</strong></span> <span class='ocrx_word' id='word_1_228' title='bbox 1134 1421 1171 1446; x_wconf 93' lang='lat' dir='ltr'><strong>ut</strong></span> <span class='ocrx_word' id='word_1_229' title='bbox 1194 1415 1328 1447; x_wconf 82' lang='lat' dir='ltr'><strong>effectus</strong></span> <span class='ocrx_word' id='word_1_230' title='bbox 1351 1417 1385 1447; x_wconf 92' lang='lat' dir='ltr'><strong>in</strong></span> 
     </span>
     <span class='ocr_line' id='line_1_35' title="bbox 307 1460 1383 1501; baseline 0.002 -11"><span class='ocrx_word' id='word_1_231' title='bbox 307 1460 418 1501; x_wconf 90' lang='lat' dir='ltr'><strong>aliquo</strong></span> <span class='ocrx_word' id='word_1_232' title='bbox 442 1461 542 1500; x_wconf 88' lang='lat' dir='ltr'><strong>priori</strong></span> <span class='ocrx_word' id='word_1_233' title='bbox 565 1461 695 1491; x_wconf 89' lang='lat' dir='ltr'><strong>instanti</strong></span> <span class='ocrx_word' id='word_1_234' title='bbox 714 1460 830 1491; x_wconf 89' lang='lat' dir='ltr'><strong>habeat</strong></span> <span class='ocrx_word' id='word_1_235' title='bbox 851 1460 1078 1491; x_wconf 90' lang='lat' dir='ltr'><strong>necessitatem</strong></span> <span class='ocrx_word' id='word_1_236' title='bbox 1102 1470 1120 1491; x_wconf 92' lang='lat' dir='ltr'><strong>a</strong></span> <span class='ocrx_word' id='word_1_237' title='bbox 1144 1461 1248 1501; x_wconf 90' lang='lat' dir='ltr'><strong>prima</strong></span> <span class='ocrx_word' id='word_1_238' title='bbox 1271 1471 1383 1492; x_wconf 87' lang='lat' dir='ltr'><strong>causa:</strong></span> 
     </span>
     <span class='ocr_line' id='line_1_36' title="bbox 301 1504 1385 1547; baseline 0.003 -12"><span class='ocrx_word' id='word_1_239' title='bbox 301 1504 373 1541; x_wconf 77' lang='lat' dir='ltr'><strong>-sed,</strong></span> <span class='ocrx_word' id='word_1_240' title='bbox 399 1505 495 1536; x_wconf 89' lang='lat' dir='ltr'><strong>simul</strong></span> <span class='ocrx_word' id='word_1_241' title='bbox 525 1504 705 1546; x_wconf 91' lang='lat' dir='ltr'><strong>productus</strong></span> <span class='ocrx_word' id='word_1_242' title='bbox 734 1515 752 1536; x_wconf 94' lang='lat' dir='ltr'><strong>a</strong></span> <span class='ocrx_word' id='word_1_243' title='bbox 775 1515 871 1536; x_wconf 89' lang='lat' dir='ltr'><strong>causa</strong></span> <span class='ocrx_word' id='word_1_244' title='bbox 893 1506 1072 1536; x_wconf 88' lang='lat' dir='ltr'><strong>necessaria</strong></span> <span class='ocrx_word' id='word_1_245' title='bbox 1103 1511 1134 1536; x_wconf 91' lang='lat' dir='ltr'><strong>et</strong></span> <span class='ocrx_word' id='word_1_246' title='bbox 1164 1506 1385 1547; x_wconf 84' lang='lat' dir='ltr'><strong>contingente,</strong></span> 
     </span>
     <span class='ocr_line' id='line_1_37' title="bbox 307 1550 1386 1592; baseline 0.003 -12"><span class='ocrx_word' id='word_1_247' title='bbox 307 1555 440 1590; x_wconf 91' lang='lat' dir='ltr'><strong>propter</strong></span> <span class='ocrx_word' id='word_1_248' title='bbox 463 1559 578 1581; x_wconf 89' lang='lat' dir='ltr'><strong>causae</strong></span> <span class='ocrx_word' id='word_1_249' title='bbox 602 1550 763 1581; x_wconf 89' lang='lat' dir='ltr'><strong>secundae</strong></span> <span class='ocrx_word' id='word_1_250' title='bbox 787 1550 1043 1590; x_wconf 86' lang='lat' dir='ltr'><strong>contingentiam</strong></span> <span class='ocrx_word' id='word_1_251' title='bbox 1061 1555 1093 1581; x_wconf 92' lang='lat' dir='ltr'><strong>et</strong></span> <span class='ocrx_word' id='word_1_252' title='bbox 1108 1551 1178 1591; x_wconf 89' lang='lat' dir='ltr'><strong>ipse</strong></span> <span class='ocrx_word' id='word_1_253' title='bbox 1194 1552 1386 1592; x_wconf 87' lang='lat' dir='ltr'><strong>contingen·</strong></span> 
     </span>
     <span class='ocr_line' id='line_1_38' title="bbox 306 1594 514 1626; baseline 0 -1"><span class='ocrx_word' id='word_1_254' title='bbox 306 1594 384 1626; x_wconf 89' lang='lat' dir='ltr'><strong>tiam</strong></span> <span class='ocrx_word' id='word_1_255' title='bbox 407 1594 514 1625; x_wconf 89' lang='lat' dir='ltr'><strong>habet.</strong></span> 
     </span>
    </p>

    <p class='ocr_par' dir='ltr' id='par_1_10' title="bbox 305 1638 1385 2039">
     <span class='ocr_line' id='line_1_39' title="bbox 363 1638 1385 1682; baseline 0.003 -12"><span class='ocrx_word' id='word_1_256' title='bbox 363 1639 394 1671; x_wconf 86' lang='lat'><strong>3.</strong></span> <span class='ocrx_word' id='word_1_257' title='bbox 418 1638 471 1670; x_wconf 87' lang='lat' dir='ltr'><strong>Ad</strong></span> <span class='ocrx_word' id='word_1_258' title='bbox 493 1640 624 1671; x_wconf 91' lang='lat' dir='ltr'><strong>tertium</strong></span> <span class='ocrx_word' id='word_1_259' title='bbox 648 1639 764 1671; x_wconf 88' lang='lat' dir='ltr'><strong>dicitur</strong></span> <span class='ocrx_word' id='word_1_260' title='bbox 793 1640 912 1681; x_wconf 90' lang='lat' dir='ltr'><strong>primo,</strong></span> <span class='ocrx_word' id='word_1_261' title='bbox 937 1639 1028 1681; x_wconf 91' lang='lat' dir='ltr'><strong>quod</strong></span> <span class='ocrx_word' id='word_1_262' title='bbox 1051 1640 1169 1672; x_wconf 92' lang='lat' dir='ltr'><strong>habere</strong></span> <span class='ocrx_word' id='word_1_263' title='bbox 1192 1642 1385 1682; x_wconf 89' lang='lat' dir='ltr'><strong>contingen-</strong></span> 
     </span>
     <span class='ocr_line' id='line_1_40' title="bbox 307 1684 1384 1726; baseline 0.002 -10"><span class='ocrx_word' id='word_1_264' title='bbox 307 1686 385 1716; x_wconf 86' lang='lat' dir='ltr'><strong>tiam</strong></span> <span class='ocrx_word' id='word_1_265' title='bbox 409 1695 428 1716; x_wconf 89' lang='lat' dir='ltr'><strong>a</strong></span> <span class='ocrx_word' id='word_1_266' title='bbox 451 1695 548 1716; x_wconf 89' lang='lat' dir='ltr'><strong>causa</strong></span> <span class='ocrx_word' id='word_1_267' title='bbox 570 1686 675 1726; x_wconf 90' lang='lat' dir='ltr'><strong>prima</strong></span> <span class='ocrx_word' id='word_1_268' title='bbox 693 1684 866 1726; x_wconf 87' lang='lat' dir='ltr'><strong>dupliciter</strong></span> <span class='ocrx_word' id='word_1_269' title='bbox 881 1691 989 1726; x_wconf 91' lang='lat' dir='ltr'><strong>potest</strong></span> <span class='ocrx_word' id='word_1_270' title='bbox 1007 1685 1152 1726; x_wconf 86' lang='lat' dir='ltr'><strong>intelligi.</strong></span> <span class='ocrx_word' id='word_1_271' title='bbox 1179 1686 1255 1717; x_wconf 92' lang='lat' dir='ltr'><strong>Uno</strong></span> <span class='ocrx_word' id='word_1_272' title='bbox 1271 1686 1384 1723; x_wconf 92' lang='lat' dir='ltr'><strong>modo,</strong></span> 
     </span>
     <span class='ocr_line' id='line_1_41' title="bbox 307 1729 1385 1771; baseline 0.002 -10"><span class='ocrx_word' id='word_1_273' title='bbox 307 1729 399 1771; x_wconf 92' lang='lat' dir='ltr'><strong>quod</strong></span> <span class='ocrx_word' id='word_1_274' title='bbox 422 1730 526 1771; x_wconf 90' lang='lat' dir='ltr'><strong>prima</strong></span> <span class='ocrx_word' id='word_1_275' title='bbox 556 1740 652 1761; x_wconf 91' lang='lat' dir='ltr'><strong>causa</strong></span> <span class='ocrx_word' id='word_1_276' title='bbox 682 1731 723 1761; x_wconf 90' lang='lat' dir='ltr'><strong>sit</strong></span> <span class='ocrx_word' id='word_1_277' title='bbox 746 1739 843 1761; x_wconf 87' lang='lat' dir='ltr'><strong>causa</strong></span> <span class='ocrx_word' id='word_1_278' title='bbox 867 1731 1108 1771; x_wconf 86' lang='lat' dir='ltr'><strong>contingentiae</strong></span> <span class='ocrx_word' id='word_1_279' title='bbox 1132 1740 1250 1762; x_wconf 92' lang='lat' dir='ltr'><strong>rerum.</strong></span> <span class='ocrx_word' id='word_1_280' title='bbox 1275 1732 1317 1763; x_wconf 92' lang='lat' dir='ltr'><strong>Et</strong></span> <span class='ocrx_word' id='word_1_281' title='bbox 1340 1733 1385 1763; x_wconf 91' lang='lat' dir='ltr'><strong>sic</strong></span> 
     </span>
     <span class='ocr_line' id='line_1_42' title="bbox 306 1775 1384 1817; baseline 0.003 -12"><span class='ocrx_word' id='word_1_282' title='bbox 306 1785 421 1806; x_wconf 90' lang='lat' dir='ltr'><strong>verum</strong></span> <span class='ocrx_word' id='word_1_283' title='bbox 444 1781 492 1805; x_wconf 90' lang='lat' dir='ltr'><strong>est</strong></span> <span class='ocrx_word' id='word_1_284' title='bbox 515 1775 736 1816; x_wconf 87' lang='lat' dir='ltr'><strong>contingentia</strong></span> <span class='ocrx_word' id='word_1_285' title='bbox 759 1776 877 1806; x_wconf 89' lang='lat' dir='ltr'><strong>habere</strong></span> <span class='ocrx_word' id='word_1_286' title='bbox 901 1785 919 1806; x_wconf 91' lang='lat' dir='ltr'><strong>a</strong></span> <span class='ocrx_word' id='word_1_287' title='bbox 943 1785 1040 1806; x_wconf 91' lang='lat' dir='ltr'><strong>causa</strong></span> <span class='ocrx_word' id='word_1_288' title='bbox 1062 1775 1166 1816; x_wconf 90' lang='lat' dir='ltr'><strong>prima</strong></span> <span class='ocrx_word' id='word_1_289' title='bbox 1193 1777 1384 1817; x_wconf 89' lang='lat' dir='ltr'><strong>contingen-</strong></span> 
     </span>
     <span class='ocr_line' id='line_1_43' title="bbox 305 1820 1385 1856; baseline 0.002 -6"><span class='ocrx_word' id='word_1_290' title='bbox 305 1820 398 1850; x_wconf 81' lang='lat' dir='ltr'><strong>tiam:</strong></span> <span class='ocrx_word' id='word_1_291' title='bbox 423 1825 533 1850; x_wconf 90' lang='lat' dir='ltr'><strong>causat</strong></span> <span class='ocrx_word' id='word_1_292' title='bbox 556 1821 644 1851; x_wconf 92' lang='lat' dir='ltr'><strong>enim</strong></span> <span class='ocrx_word' id='word_1_293' title='bbox 660 1820 750 1850; x_wconf 89' lang='lat' dir='ltr'><strong>Deus</strong></span> <span class='ocrx_word' id='word_1_294' title='bbox 773 1826 805 1851; x_wconf 89' lang='lat' dir='ltr'><strong>et</strong></span> <span class='ocrx_word' id='word_1_295' title='bbox 828 1830 888 1856; x_wconf 89' lang='lat' dir='ltr'><strong>res,</strong></span> <span class='ocrx_word' id='word_1_296' title='bbox 906 1826 937 1851; x_wconf 91' lang='lat' dir='ltr'><strong>et</strong></span> <span class='ocrx_word' id='word_1_297' title='bbox 953 1821 1178 1851; x_wconf 87' lang='lat' dir='ltr'><strong>necessitatem</strong></span> <span class='ocrx_word' id='word_1_298' title='bbox 1203 1826 1234 1852; x_wconf 91' lang='lat' dir='ltr'><strong>et</strong></span> <span class='ocrx_word' id='word_1_299' title='bbox 1258 1822 1385 1852; x_wconf 88' lang='lat' dir='ltr'><strong>contin—</strong></span> 
     </span>
     <span class='ocr_line' id='line_1_44' title="bbox 306 1864 1385 1906; baseline 0.002 -11"><span class='ocrx_word' id='word_1_300' title='bbox 306 1865 448 1905; x_wconf 87' lang='lat' dir='ltr'><strong>gentiam</strong></span> <span class='ocrx_word' id='word_1_301' title='bbox 471 1874 590 1895; x_wconf 91' lang='lat' dir='ltr'><strong>rerum.</strong></span> <span class='ocrx_word' id='word_1_302' title='bbox 606 1883 630 1887; x_wconf 97' lang='lat'><em>-</em></span> <span class='ocrx_word' id='word_1_303' title='bbox 647 1864 723 1895; x_wconf 85' lang='lat' dir='ltr'><strong>Alio</strong></span> <span class='ocrx_word' id='word_1_304' title='bbox 747 1864 860 1902; x_wconf 91' lang='lat' dir='ltr'><strong>modo,</strong></span> <span class='ocrx_word' id='word_1_305' title='bbox 885 1864 977 1905; x_wconf 89' lang='lat' dir='ltr'><strong>quod</strong></span> <span class='ocrx_word' id='word_1_306' title='bbox 1000 1875 1050 1896; x_wconf 90' lang='lat' dir='ltr'><strong>res</strong></span> <span class='ocrx_word' id='word_1_307' title='bbox 1073 1866 1136 1896; x_wconf 91' lang='lat' dir='ltr'><strong>sint</strong></span> <span class='ocrx_word' id='word_1_308' title='bbox 1160 1866 1385 1906; x_wconf 89' lang='lat' dir='ltr'><strong>contingentes</strong></span> 
     </span>
     <span class='ocr_line' id='line_1_45' title="bbox 306 1909 1384 1950; baseline 0.002 -10"><span class='ocrx_word' id='word_1_309' title='bbox 306 1914 439 1950; x_wconf 90' lang='lat' dir='ltr'><strong>propter</strong></span> <span class='ocrx_word' id='word_1_310' title='bbox 455 1910 711 1949; x_wconf 86' lang='lat' dir='ltr'><strong>contingentiam</strong></span> <span class='ocrx_word' id='word_1_311' title='bbox 727 1914 759 1940; x_wconf 93' lang='lat' dir='ltr'><strong>et</strong></span> <span class='ocrx_word' id='word_1_312' title='bbox 774 1909 987 1941; x_wconf 86' lang='lat' dir='ltr'><strong>inefficaciam</strong></span> <span class='ocrx_word' id='word_1_313' title='bbox 1005 1919 1120 1941; x_wconf 90' lang='lat' dir='ltr'><strong>causae</strong></span> <span class='ocrx_word' id='word_1_314' title='bbox 1139 1911 1273 1950; x_wconf 87' lang='lat' dir='ltr'><strong>primae,</strong></span> <span class='ocrx_word' id='word_1_315' title='bbox 1291 1911 1384 1942; x_wconf 90' lang='lat' dir='ltr'><strong>cuius</strong></span> 
     </span>
     <span class='ocr_line' id='line_1_46' title="bbox 306 1953 1385 1994; baseline 0.002 -10"><span class='ocrx_word' id='word_1_316' title='bbox 306 1953 440 1985; x_wconf 84' lang='lat' dir='ltr'><strong>effectus</strong></span> <span class='ocrx_word' id='word_1_317' title='bbox 463 1953 612 1994; x_wconf 85' lang='lat' dir='ltr'><strong>impediri</strong></span> <span class='ocrx_word' id='word_1_318' title='bbox 629 1954 741 1994; x_wconf 89' lang='lat' dir='ltr'><strong>possit.</strong></span> <span class='ocrx_word' id='word_1_319' title='bbox 762 1954 804 1985; x_wconf 91' lang='lat' dir='ltr'><strong>Et</strong></span> <span class='ocrx_word' id='word_1_320' title='bbox 819 1955 883 1985; x_wconf 93' lang='lat' dir='ltr'><strong>hoc</strong></span> <span class='ocrx_word' id='word_1_321' title='bbox 900 1953 1002 1985; x_wconf 90' lang='lat' dir='ltr'><strong>modo</strong></span> <span class='ocrx_word' id='word_1_322' title='bbox 1019 1964 1070 1985; x_wconf 88' lang='lat' dir='ltr'><strong>res</strong></span> <span class='ocrx_word' id='word_1_323' title='bbox 1085 1963 1153 1985; x_wconf 91' lang='lat' dir='ltr'><strong>non</strong></span> <span class='ocrx_word' id='word_1_324' title='bbox 1170 1954 1289 1986; x_wconf 89' lang='lat' dir='ltr'><strong>habent</strong></span> <span class='ocrx_word' id='word_1_325' title='bbox 1305 1965 1385 1986; x_wconf 92' lang='lat' dir='ltr'><strong>con-</strong></span> 
     </span>
     <span class='ocr_line' id='line_1_47' title="bbox 305 1998 795 2039; baseline 0 -10"><span class='ocrx_word' id='word_1_326' title='bbox 305 1998 495 2039; x_wconf 88' lang='lat' dir='ltr'><strong>tingentiam</strong></span> <span class='ocrx_word' id='word_1_327' title='bbox 519 2008 538 2029; x_wconf 87' lang='lat' dir='ltr'><strong>a</strong></span> <span class='ocrx_word' id='word_1_328' title='bbox 561 2008 657 2029; x_wconf 87' lang='lat' dir='ltr'><strong>causa</strong></span> <span class='ocrx_word' id='word_1_329' title='bbox 680 1999 795 2039; x_wconf 89' lang='lat' dir='ltr'><strong>prima.</strong></span> 
     </span>
    </p>

    <p class='ocr_par' dir='ltr' id='par_1_11' title="bbox 305 2042 1386 2442">
     <span class='ocr_line' id='line_1_48' title="bbox 361 2042 1385 2084; baseline 0.001 -10"><span class='ocrx_word' id='word_1_330' title='bbox 361 2043 488 2074; x_wconf 89' lang='lat' dir='ltr'><strong>Dicitur</strong></span> <span class='ocrx_word' id='word_1_331' title='bbox 503 2042 649 2074; x_wconf 90' lang='lat' dir='ltr'><strong>secundo</strong></span> <span class='ocrx_word' id='word_1_332' title='bbox 666 2043 768 2084; x_wconf 91' lang='lat' dir='ltr'><strong>quod,</strong></span> <span class='ocrx_word' id='word_1_333' title='bbox 785 2044 811 2074; x_wconf 93' lang='lat' dir='ltr'><strong>si</strong></span> <span class='ocrx_word' id='word_1_334' title='bbox 835 2043 959 2084; x_wconf 92' lang='lat' dir='ltr'><strong>aliquid</strong></span> <span class='ocrx_word' id='word_1_335' title='bbox 976 2053 1091 2075; x_wconf 90' lang='lat' dir='ltr'><strong>eorum</strong></span> <span class='ocrx_word' id='word_1_336' title='bbox 1108 2053 1192 2084; x_wconf 87' lang='lat' dir='ltr'><strong>quae</strong></span> <span class='ocrx_word' id='word_1_337' title='bbox 1216 2050 1290 2075; x_wconf 90' lang='lat' dir='ltr'><strong>nata</strong></span> <span class='ocrx_word' id='word_1_338' title='bbox 1310 2050 1385 2075; x_wconf 91' lang='lat' dir='ltr'><strong>sunt</strong></span> 
     </span>
     <span class='ocr_line' id='line_1_49' title="bbox 305 2087 1385 2129; baseline 0.001 -10"><span class='ocrx_word' id='word_1_339' title='bbox 305 2087 443 2129; x_wconf 90' lang='lat' dir='ltr'><strong>produci</strong></span> <span class='ocrx_word' id='word_1_340' title='bbox 467 2098 484 2118; x_wconf 90' lang='lat' dir='ltr'><strong>a</strong></span> <span class='ocrx_word' id='word_1_341' title='bbox 509 2098 605 2119; x_wconf 91' lang='lat' dir='ltr'><strong>causa</strong></span> <span class='ocrx_word' id='word_1_342' title='bbox 631 2088 736 2129; x_wconf 91' lang='lat' dir='ltr'><strong>prima</strong></span> <span class='ocrx_word' id='word_1_343' title='bbox 763 2088 926 2120; x_wconf 87' lang='lat' dir='ltr'><strong>mediante</strong></span> <span class='ocrx_word' id='word_1_344' title='bbox 955 2098 1052 2119; x_wconf 89' lang='lat' dir='ltr'><strong>causa</strong></span> <span class='ocrx_word' id='word_1_345' title='bbox 1082 2088 1226 2119; x_wconf 89' lang='lat' dir='ltr'><strong>secunda</strong></span> <span class='ocrx_word' id='word_1_346' title='bbox 1257 2090 1385 2120; x_wconf 92' lang='lat' dir='ltr'><strong>contin-</strong></span> 
     </span>
     <span class='ocr_line' id='line_1_50' title="bbox 305 2133 1384 2174; baseline 0.002 -10"><span class='ocrx_word' id='word_1_347' title='bbox 305 2134 404 2174; x_wconf 85' lang='lat' dir='ltr'><strong>genti,</strong></span> <span class='ocrx_word' id='word_1_348' title='bbox 421 2143 439 2163; x_wconf 95' lang='lat' dir='ltr'><strong>a</strong></span> <span class='ocrx_word' id='word_1_349' title='bbox 461 2133 531 2164; x_wconf 89' lang='lat' dir='ltr'><strong>sola</strong></span> <span class='ocrx_word' id='word_1_350' title='bbox 547 2143 644 2164; x_wconf 86' lang='lat' dir='ltr'><strong>causa</strong></span> <span class='ocrx_word' id='word_1_351' title='bbox 666 2133 770 2174; x_wconf 88' lang='lat' dir='ltr'><strong>prima</strong></span> <span class='ocrx_word' id='word_1_352' title='bbox 788 2133 1032 2174; x_wconf 88' lang='lat' dir='ltr'><strong>produceretur,</strong></span> <span class='ocrx_word' id='word_1_353' title='bbox 1050 2133 1130 2165; x_wconf 93' lang='lat' dir='ltr'><strong>illud</strong></span> <span class='ocrx_word' id='word_1_354' title='bbox 1150 2139 1234 2165; x_wconf 87' lang='lat' dir='ltr'><strong>esset</strong></span> <span class='ocrx_word' id='word_1_355' title='bbox 1257 2135 1384 2166; x_wconf 88' lang='lat' dir='ltr'><strong>contin-</strong></span> 
     </span>
     <span class='ocr_line' id='line_1_51' title="bbox 305 2177 1385 2219; baseline 0.001 -10"><span class='ocrx_word' id='word_1_356' title='bbox 305 2187 384 2218; x_wconf 90' lang='lat' dir='ltr'><strong>gens</strong></span> <span class='ocrx_word' id='word_1_357' title='bbox 407 2177 590 2209; x_wconf 87' lang='lat' dir='ltr'><strong>secundum</strong></span> <span class='ocrx_word' id='word_1_358' title='bbox 606 2177 699 2219; x_wconf 88' lang='lat' dir='ltr'><strong>quod</strong></span> <span class='ocrx_word' id='word_1_359' title='bbox 713 2184 761 2209; x_wconf 90' lang='lat' dir='ltr'><strong>est</strong></span> <span class='ocrx_word' id='word_1_360' title='bbox 776 2187 840 2209; x_wconf 88' lang='lat' dir='ltr'><strong>res:</strong></span> <span class='ocrx_word' id='word_1_361' title='bbox 866 2179 943 2219; x_wconf 91' lang='lat' dir='ltr'><strong>quia</strong></span> <span class='ocrx_word' id='word_1_362' title='bbox 958 2184 1080 2219; x_wconf 89' lang='lat' dir='ltr'><strong>posset,</strong></span> <span class='ocrx_word' id='word_1_363' title='bbox 1098 2185 1258 2219; x_wconf 90' lang='lat' dir='ltr'><strong>quantum</strong></span> <span class='ocrx_word' id='word_1_364' title='bbox 1282 2185 1330 2210; x_wconf 91' lang='lat' dir='ltr'><strong>est</strong></span> <span class='ocrx_word' id='word_1_365' title='bbox 1346 2189 1385 2210; x_wconf 88' lang='lat' dir='ltr'><strong>ex</strong></span> 
     </span>
     <span class='ocr_line' id='line_1_52' title="bbox 305 2222 1384 2264; baseline 0.002 -11"><span class='ocrx_word' id='word_1_366' title='bbox 305 2233 350 2259; x_wconf 91' lang='lat' dir='ltr'><strong>se,</strong></span> <span class='ocrx_word' id='word_1_367' title='bbox 374 2222 512 2254; x_wconf 89' lang='lat' dir='ltr'><strong>deficere</strong></span> <span class='ocrx_word' id='word_1_368' title='bbox 537 2228 568 2254; x_wconf 90' lang='lat' dir='ltr'><strong>et</strong></span> <span class='ocrx_word' id='word_1_369' title='bbox 590 2232 659 2253; x_wconf 91' lang='lat' dir='ltr'><strong>non</strong></span> <span class='ocrx_word' id='word_1_370' title='bbox 683 2232 762 2254; x_wconf 89' lang='lat' dir='ltr'><strong>esse.</strong></span> <span class='ocrx_word' id='word_1_371' title='bbox 788 2223 881 2254; x_wconf 88' lang='lat' dir='ltr'><strong>Esset</strong></span> <span class='ocrx_word' id='word_1_372' title='bbox 900 2223 997 2254; x_wconf 86' lang='lat' dir='ltr'><strong>etiam</strong></span> <span class='ocrx_word' id='word_1_373' title='bbox 1021 2224 1214 2264; x_wconf 88' lang='lat' dir='ltr'><strong>contingens</strong></span> <span class='ocrx_word' id='word_1_374' title='bbox 1238 2224 1384 2256; x_wconf 86' lang='lat' dir='ltr'><strong>absolute</strong></span> 
     </span>
     <span class='ocr_line' id='line_1_53' title="bbox 305 2267 1386 2309; baseline 0.002 -11"><span class='ocrx_word' id='word_1_375' title='bbox 305 2268 340 2298; x_wconf 89' lang='lat' dir='ltr'><strong>in</strong></span> <span class='ocrx_word' id='word_1_376' title='bbox 362 2267 487 2298; x_wconf 91' lang='lat' dir='ltr'><strong>ratione</strong></span> <span class='ocrx_word' id='word_1_377' title='bbox 518 2267 666 2299; x_wconf 82' lang='lat' dir='ltr'><strong>effectus:</strong></span> <span class='ocrx_word' id='word_1_378' title='bbox 696 2268 773 2308; x_wconf 87' lang='lat' dir='ltr'><strong>quia</strong></span> <span class='ocrx_word' id='word_1_379' title='bbox 801 2274 884 2299; x_wconf 91' lang='lat' dir='ltr'><strong>esset</strong></span> <span class='ocrx_word' id='word_1_380' title='bbox 912 2267 1046 2299; x_wconf 84' lang='lat' dir='ltr'><strong>effectus</strong></span> <span class='ocrx_word' id='word_1_381' title='bbox 1074 2274 1169 2299; x_wconf 88' lang='lat' dir='ltr'><strong>natus</strong></span> <span class='ocrx_word' id='word_1_382' title='bbox 1197 2268 1336 2309; x_wconf 88' lang='lat' dir='ltr'><strong>produci</strong></span> <span class='ocrx_word' id='word_1_383' title='bbox 1368 2279 1386 2300; x_wconf 92' lang='lat' dir='ltr'><strong>a</strong></span> 
     </span>
     <span class='ocr_line' id='line_1_54' title="bbox 307 2311 1385 2354; baseline 0.001 -11"><span class='ocrx_word' id='word_1_384' title='bbox 307 2322 403 2344; x_wconf 87' lang='lat' dir='ltr'><strong>causa</strong></span> <span class='ocrx_word' id='word_1_385' title='bbox 426 2313 557 2353; x_wconf 90' lang='lat' dir='ltr'><strong>propria</strong></span> <span class='ocrx_word' id='word_1_386' title='bbox 580 2311 769 2353; x_wconf 88' lang='lat' dir='ltr'><strong>impedibili.</strong></span> <span class='ocrx_word' id='word_1_387' title='bbox 794 2312 871 2344; x_wconf 90' lang='lat' dir='ltr'><strong>Non</strong></span> <span class='ocrx_word' id='word_1_388' title='bbox 895 2318 979 2343; x_wconf 85' lang='lat' dir='ltr'><strong>esset</strong></span> <span class='ocrx_word' id='word_1_389' title='bbox 1001 2318 1109 2343; x_wconf 89' lang='lat' dir='ltr'><strong>tamen</strong></span> <span class='ocrx_word' id='word_1_390' title='bbox 1135 2314 1329 2354; x_wconf 91' lang='lat' dir='ltr'><strong>contingens</strong></span> <span class='ocrx_word' id='word_1_391' title='bbox 1351 2315 1385 2344; x_wconf 90' lang='lat' dir='ltr'><strong>in</strong></span> 
     </span>
     <span class='ocr_line' id='line_1_55' title="bbox 307 2356 1386 2397; baseline 0.002 -9"><span class='ocrx_word' id='word_1_392' title='bbox 307 2356 420 2388; x_wconf 89' lang='lat' dir='ltr'><strong>ordine</strong></span> <span class='ocrx_word' id='word_1_393' title='bbox 444 2357 485 2388; x_wconf 91' lang='lat' dir='ltr'><strong>ad</strong></span> <span class='ocrx_word' id='word_1_394' title='bbox 516 2366 647 2388; x_wconf 86' lang='lat' dir='ltr'><strong>causam</strong></span> <span class='ocrx_word' id='word_1_395' title='bbox 675 2362 753 2388; x_wconf 92' lang='lat' dir='ltr'><strong>tunc</strong></span> <span class='ocrx_word' id='word_1_396' title='bbox 781 2357 1030 2397; x_wconf 89' lang='lat' dir='ltr'><strong>producentem,</strong></span> <span class='ocrx_word' id='word_1_397' title='bbox 1054 2357 1110 2388; x_wconf 93' lang='lat' dir='ltr'><strong>sed</strong></span> <span class='ocrx_word' id='word_1_398' title='bbox 1139 2364 1222 2389; x_wconf 90' lang='lat' dir='ltr'><strong>esset</strong></span> <span class='ocrx_word' id='word_1_399' title='bbox 1252 2357 1386 2390; x_wconf 85' lang='lat' dir='ltr'><strong>effectus</strong></span> 
     </span>
     <span class='ocr_line' id='line_1_56' title="bbox 307 2401 617 2442; baseline -0.003 -9"><span class='ocrx_word' id='word_1_400' title='bbox 307 2402 407 2433; x_wconf 82' lang='lat' dir='ltr'><strong>libere</strong></span> <span class='ocrx_word' id='word_1_401' title='bbox 424 2401 617 2442; x_wconf 80' lang='lat' dir='ltr'><strong>productus.</strong></span> 
     </span>
    </p>

    <p class='ocr_par' dir='ltr' id='par_1_12' title="bbox 306 2445 1387 2891">
     <span class='ocr_line' id='line_1_57' title="bbox 362 2445 1386 2488; baseline 0.001 -11"><span class='ocrx_word' id='word_1_402' title='bbox 362 2457 394 2487; x_wconf 85' lang='lat'><strong>4.</strong></span> <span class='ocrx_word' id='word_1_403' title='bbox 419 2446 470 2478; x_wconf 88' lang='lat' dir='ltr'><strong>Ad</strong></span> <span class='ocrx_word' id='word_1_404' title='bbox 502 2452 654 2487; x_wconf 86' lang='lat' dir='ltr'><strong>quartum</strong></span> <span class='ocrx_word' id='word_1_405' title='bbox 678 2445 795 2477; x_wconf 89' lang='lat' dir='ltr'><strong>dicitur</strong></span> <span class='ocrx_word' id='word_1_406' title='bbox 822 2445 912 2486; x_wconf 92' lang='lat' dir='ltr'><strong>quod</strong></span> <span class='ocrx_word' id='word_1_407' title='bbox 942 2455 1057 2478; x_wconf 90' lang='lat' dir='ltr'><strong>eorum</strong></span> <span class='ocrx_word' id='word_1_408' title='bbox 1088 2455 1173 2488; x_wconf 88' lang='lat' dir='ltr'><strong>quae</strong></span> <span class='ocrx_word' id='word_1_409' title='bbox 1199 2447 1386 2479; x_wconf 89' lang='lat' dir='ltr'><strong>immediate</strong></span> 
     </span>
     <span class='ocr_line' id='line_1_58' title="bbox 307 2490 1386 2533; baseline 0.002 -11"><span class='ocrx_word' id='word_1_410' title='bbox 307 2501 325 2522; x_wconf 88' lang='lat' dir='ltr'><strong>a</strong></span> <span class='ocrx_word' id='word_1_411' title='bbox 348 2491 420 2522; x_wconf 94' lang='lat' dir='ltr'><strong>Deo</strong></span> <span class='ocrx_word' id='word_1_412' title='bbox 444 2490 681 2532; x_wconf 88' lang='lat' dir='ltr'><strong>producuntur,</strong></span> <span class='ocrx_word' id='word_1_413' title='bbox 705 2496 861 2531; x_wconf 85' lang='lat' dir='ltr'><strong>tanquam</strong></span> <span class='ocrx_word' id='word_1_414' title='bbox 885 2490 1006 2522; x_wconf 87' lang='lat' dir='ltr'><strong>scilicet</strong></span> <span class='ocrx_word' id='word_1_415' title='bbox 1030 2501 1048 2522; x_wconf 87' lang='lat' dir='ltr'><strong>a</strong></span> <span class='ocrx_word' id='word_1_416' title='bbox 1071 2491 1143 2523; x_wconf 93' lang='lat' dir='ltr'><strong>solo</strong></span> <span class='ocrx_word' id='word_1_417' title='bbox 1167 2491 1240 2523; x_wconf 91' lang='lat' dir='ltr'><strong>Deo</strong></span> <span class='ocrx_word' id='word_1_418' title='bbox 1263 2492 1386 2533; x_wconf 89' lang='lat' dir='ltr'><strong>produ-</strong></span> 
     </span>
     <span class='ocr_line' id='line_1_59' title="bbox 308 2536 1386 2578; baseline 0.001 -11"><span class='ocrx_word' id='word_1_419' title='bbox 308 2536 424 2572; x_wconf 86' lang='lat' dir='ltr'><strong>cibilia,</strong></span> <span class='ocrx_word' id='word_1_420' title='bbox 448 2536 557 2577; x_wconf 89' lang='lat' dir='ltr'><strong>aliqua</strong></span> <span class='ocrx_word' id='word_1_421' title='bbox 584 2541 659 2567; x_wconf 91' lang='lat' dir='ltr'><strong>sunt</strong></span> <span class='ocrx_word' id='word_1_422' title='bbox 687 2545 736 2566; x_wconf 91' lang='lat' dir='ltr'><strong>res</strong></span> <span class='ocrx_word' id='word_1_423' title='bbox 763 2536 797 2566; x_wconf 90' lang='lat' dir='ltr'><strong>in</strong></span> <span class='ocrx_word' id='word_1_424' title='bbox 828 2545 861 2566; x_wconf 91' lang='lat' dir='ltr'><strong>se</strong></span> <span class='ocrx_word' id='word_1_425' title='bbox 894 2537 1103 2572; x_wconf 87' lang='lat' dir='ltr'><strong>necessariae,</strong></span> <span class='ocrx_word' id='word_1_426' title='bbox 1134 2537 1218 2567; x_wconf 90' lang='lat' dir='ltr'><strong>sicut</strong></span> <span class='ocrx_word' id='word_1_427' title='bbox 1247 2546 1386 2578; x_wconf 85' lang='lat' dir='ltr'><strong>corpora</strong></span> 
     </span>
     <span class='ocr_line' id='line_1_60' title="bbox 307 2580 1386 2621; baseline 0.002 -9"><span class='ocrx_word' id='word_1_428' title='bbox 307 2581 456 2612; x_wconf 86' lang='lat' dir='ltr'><strong>caelestia</strong></span> <span class='ocrx_word' id='word_1_429' title='bbox 471 2586 503 2612; x_wconf 91' lang='lat' dir='ltr'><strong>et</strong></span> <span class='ocrx_word' id='word_1_430' title='bbox 525 2581 652 2612; x_wconf 90' lang='lat' dir='ltr'><strong>animae</strong></span> <span class='ocrx_word' id='word_1_431' title='bbox 667 2580 852 2616; x_wconf 85' lang='lat' dir='ltr'><strong>rationales;</strong></span> <span class='ocrx_word' id='word_1_432' title='bbox 873 2580 981 2621; x_wconf 90' lang='lat' dir='ltr'><strong>aliqua</strong></span> <span class='ocrx_word' id='word_1_433' title='bbox 997 2590 1074 2612; x_wconf 90' lang='lat' dir='ltr'><strong>vero</strong></span> <span class='ocrx_word' id='word_1_434' title='bbox 1098 2586 1174 2612; x_wconf 90' lang='lat' dir='ltr'><strong>sunt</strong></span> <span class='ocrx_word' id='word_1_435' title='bbox 1197 2591 1246 2612; x_wconf 60' lang='lat' dir='ltr'><strong>res</strong></span> <span class='ocrx_word' id='word_1_436' title='bbox 1270 2591 1386 2614; x_wconf 87' lang='lat' dir='ltr'><strong>secun·</strong></span> 
     </span>
     <span class='ocr_line' id='line_1_61' title="bbox 307 2625 1386 2667; baseline 0.001 -10"><span class='ocrx_word' id='word_1_437' title='bbox 307 2626 386 2657; x_wconf 91' lang='lat' dir='ltr'><strong>dum</strong></span> <span class='ocrx_word' id='word_1_438' title='bbox 410 2635 443 2657; x_wconf 91' lang='lat' dir='ltr'><strong>se</strong></span> <span class='ocrx_word' id='word_1_439' title='bbox 467 2627 703 2666; x_wconf 90' lang='lat' dir='ltr'><strong>contingentes,</strong></span> <span class='ocrx_word' id='word_1_440' title='bbox 727 2631 763 2656; x_wconf 92' lang='lat' dir='ltr'><strong>ut</strong></span> <span class='ocrx_word' id='word_1_441' title='bbox 785 2625 895 2665; x_wconf 87' lang='lat' dir='ltr'><strong>gratia,</strong></span> <span class='ocrx_word' id='word_1_442' title='bbox 920 2626 1008 2656; x_wconf 90' lang='lat' dir='ltr'><strong>iuxta</strong></span> <span class='ocrx_word' id='word_1_443' title='bbox 1032 2635 1070 2657; x_wconf 88' lang='lat' dir='ltr'><strong>ea</strong></span> <span class='ocrx_word' id='word_1_444' title='bbox 1093 2635 1177 2667; x_wconf 91' lang='lat' dir='ltr'><strong>quae</strong></span> <span class='ocrx_word' id='word_1_445' title='bbox 1205 2628 1354 2667; x_wconf 89' lang='lat' dir='ltr'><strong>superius</strong></span> <span class='ocrx_word' id='word_1_446' title='bbox 1369 2628 1386 2645; x_wconf 72' lang='lat'><strong>⁴*</strong></span> 
     </span>
     <span class='ocr_line' id='line_1_62' title="bbox 307 2670 1386 2710; baseline 0.002 -9"><span class='ocrx_word' id='word_1_447' title='bbox 307 2671 340 2701; x_wconf 93' lang='lat' dir='ltr'><strong>in</strong></span> <span class='ocrx_word' id='word_1_448' title='bbox 364 2670 507 2702; x_wconf 92' lang='lat' dir='ltr'><strong>secunda</strong></span> <span class='ocrx_word' id='word_1_449' title='bbox 530 2671 655 2701; x_wconf 89' lang='lat' dir='ltr'><strong>ratione</strong></span> <span class='ocrx_word' id='word_1_450' title='bbox 679 2675 754 2701; x_wconf 92' lang='lat' dir='ltr'><strong>sunt</strong></span> <span class='ocrx_word' id='word_1_451' title='bbox 774 2670 869 2706; x_wconf 87' lang='lat' dir='ltr'><strong>dicta,</strong></span> <span class='ocrx_word' id='word_1_452' title='bbox 887 2670 963 2710; x_wconf 91' lang='lat' dir='ltr'><strong>quia</strong></span> <span class='ocrx_word' id='word_1_453' title='bbox 986 2671 1109 2701; x_wconf 90' lang='lat' dir='ltr'><strong>scilicet</strong></span> <span class='ocrx_word' id='word_1_454' title='bbox 1132 2677 1207 2702; x_wconf 90' lang='lat' dir='ltr'><strong>sunt</strong></span> <span class='ocrx_word' id='word_1_455' title='bbox 1230 2671 1310 2703; x_wconf 89' lang='lat' dir='ltr'><strong>tales</strong></span> <span class='ocrx_word' id='word_1_456' title='bbox 1329 2681 1386 2703; x_wconf 90' lang='lat' dir='ltr'><strong>na-</strong></span> 
     </span>
     <span class='ocr_line' id='line_1_63' title="bbox 307 2714 1385 2756; baseline 0.001 -10"><span class='ocrx_word' id='word_1_457' title='bbox 307 2721 397 2746; x_wconf 91' lang='lat' dir='ltr'><strong>turae</strong></span> <span class='ocrx_word' id='word_1_458' title='bbox 420 2716 539 2756; x_wconf 89' lang='lat' dir='ltr'><strong>quibus</strong></span> <span class='ocrx_word' id='word_1_459' title='bbox 563 2715 717 2746; x_wconf 89' lang='lat' dir='ltr'><strong>convenit</strong></span> <span class='ocrx_word' id='word_1_460' title='bbox 740 2714 921 2746; x_wconf 91' lang='lat' dir='ltr'><strong>secundum</strong></span> <span class='ocrx_word' id='word_1_461' title='bbox 945 2725 979 2746; x_wconf 89' lang='lat' dir='ltr'><strong>se</strong></span> <span class='ocrx_word' id='word_1_462' title='bbox 1004 2721 1039 2747; x_wconf 90' lang='lat' dir='ltr'><strong>ut</strong></span> <span class='ocrx_word' id='word_1_463' title='bbox 1060 2716 1186 2756; x_wconf 88' lang='lat' dir='ltr'><strong>possint</strong></span> <span class='ocrx_word' id='word_1_464' title='bbox 1209 2726 1275 2747; x_wconf 92' lang='lat' dir='ltr'><strong>non</strong></span> <span class='ocrx_word' id='word_1_465' title='bbox 1301 2726 1385 2754; x_wconf 85' lang='lat' dir='ltr'><strong>esse;</strong></span> 
     </span>
     <span class='ocr_line' id='line_1_64' title="bbox 306 2760 1387 2800; baseline 0.001 -9"><span class='ocrx_word' id='word_1_466' title='bbox 306 2761 386 2791; x_wconf 87' lang='lat' dir='ltr'><strong>nihil</strong></span> <span class='ocrx_word' id='word_1_467' title='bbox 402 2766 511 2792; x_wconf 87' lang='lat' dir='ltr'><strong>tamen</strong></span> <span class='ocrx_word' id='word_1_468' title='bbox 528 2766 576 2791; x_wconf 88' lang='lat' dir='ltr'><strong>est</strong></span> <span class='ocrx_word' id='word_1_469' title='bbox 592 2760 786 2800; x_wconf 89' lang='lat' dir='ltr'><strong>contingens</strong></span> <span class='ocrx_word' id='word_1_470' title='bbox 802 2760 1024 2800; x_wconf 83' lang='lat' dir='ltr'><strong>contingentia</strong></span> <span class='ocrx_word' id='word_1_471' title='bbox 1047 2762 1263 2792; x_wconf 91' lang='lat' dir='ltr'><strong>conveniente</strong></span> <span class='ocrx_word' id='word_1_472' title='bbox 1286 2762 1333 2793; x_wconf 91' lang='lat' dir='ltr'><strong>rei</strong></span> <span class='ocrx_word' id='word_1_473' title='bbox 1353 2762 1387 2792; x_wconf 88' lang='lat' dir='ltr'><strong>in</strong></span> 
     </span>
     <span class='ocr_line' id='line_1_65' title="bbox 308 2804 1387 2847; baseline 0.001 -11"><span class='ocrx_word' id='word_1_474' title='bbox 308 2804 421 2836; x_wconf 90' lang='lat' dir='ltr'><strong>ordine</strong></span> <span class='ocrx_word' id='word_1_475' title='bbox 445 2804 485 2836; x_wconf 88' lang='lat' dir='ltr'><strong>ad</strong></span> <span class='ocrx_word' id='word_1_476' title='bbox 509 2814 649 2841; x_wconf 86' lang='lat' dir='ltr'><strong>causam,</strong></span> <span class='ocrx_word' id='word_1_477' title='bbox 669 2810 825 2845; x_wconf 85' lang='lat' dir='ltr'><strong>tanquam</strong></span> <span class='ocrx_word' id='word_1_478' title='bbox 846 2804 968 2836; x_wconf 90' lang='lat' dir='ltr'><strong>scilicet</strong></span> <span class='ocrx_word' id='word_1_479' title='bbox 991 2814 1121 2836; x_wconf 89' lang='lat' dir='ltr'><strong>causam</strong></span> <span class='ocrx_word' id='word_1_480' title='bbox 1143 2807 1387 2847; x_wconf 86' lang='lat' dir='ltr'><strong>contingentem</strong></span> 
     </span>
     <span class='ocr_line' id='line_1_66' title="bbox 308 2848 1386 2891; baseline 0.001 -10"><span class='ocrx_word' id='word_1_481' title='bbox 308 2855 339 2880; x_wconf 89' lang='lat' dir='ltr'><strong>et</strong></span> <span class='ocrx_word' id='word_1_482' title='bbox 361 2849 584 2891; x_wconf 89' lang='lat' dir='ltr'><strong>impedibilem</strong></span> <span class='ocrx_word' id='word_1_483' title='bbox 607 2850 740 2885; x_wconf 87' lang='lat' dir='ltr'><strong>habens,</strong></span> <span class='ocrx_word' id='word_1_484' title='bbox 765 2849 821 2880; x_wconf 91' lang='lat' dir='ltr'><strong>sed</strong></span> <span class='ocrx_word' id='word_1_485' title='bbox 844 2855 920 2880; x_wconf 90' lang='lat' dir='ltr'><strong>sunt</strong></span> <span class='ocrx_word' id='word_1_486' title='bbox 943 2848 1077 2880; x_wconf 84' lang='lat' dir='ltr'><strong>effectus</strong></span> <span class='ocrx_word' id='word_1_487' title='bbox 1100 2849 1200 2881; x_wconf 93' lang='lat' dir='ltr'><strong>libere</strong></span> <span class='ocrx_word' id='word_1_488' title='bbox 1224 2851 1386 2891; x_wconf 87' lang='lat' dir='ltr'><strong>producti.</strong></span> 
     </span>
    </p>

    <p class='ocr_par' dir='ltr' id='par_1_13' title="bbox 307 2894 1391 3518">
     <span class='ocr_line' id='line_1_67' title="bbox 362 2894 1387 2936; baseline 0.001 -10"><span class='ocrx_word' id='word_1_489' title='bbox 362 2895 432 2926; x_wconf 90' lang='lat' dir='ltr'><strong>XV.</strong></span> <span class='ocrx_word' id='word_1_490' title='bbox 457 2894 557 2926; x_wconf 77' lang='lat' dir='ltr'><strong>Sexto</strong></span> <span class='ocrx_word' id='word_1_491' title='bbox 575 2895 602 2925; x_wconf 60' lang='lat'><strong>⁴.</strong></span> <span class='ocrx_word' id='word_1_492' title='bbox 627 2894 716 2925; x_wconf 90' lang='lat' dir='ltr'><strong>Deus</strong></span> <span class='ocrx_word' id='word_1_493' title='bbox 742 2894 912 2934; x_wconf 88' lang='lat' dir='ltr'><strong>cognoscit</strong></span> <span class='ocrx_word' id='word_1_494' title='bbox 938 2903 1210 2936; x_wconf 90' lang='lat' dir='ltr'><strong>unumquemque</strong></span> <span class='ocrx_word' id='word_1_495' title='bbox 1234 2895 1387 2927; x_wconf 85' lang='lat' dir='ltr'><strong>effectum</strong></span> 
     </span>
     <span class='ocr_line' id='line_1_68' title="bbox 307 2938 1388 2980; baseline 0 -9"><span class='ocrx_word' id='word_1_496' title='bbox 307 2949 376 2971; x_wconf 91' lang='lat' dir='ltr'><strong>non</strong></span> <span class='ocrx_word' id='word_1_497' title='bbox 399 2939 508 2971; x_wconf 88' lang='lat' dir='ltr'><strong>solum</strong></span> <span class='ocrx_word' id='word_1_498' title='bbox 532 2940 565 2970; x_wconf 91' lang='lat' dir='ltr'><strong>in</strong></span> <span class='ocrx_word' id='word_1_499' title='bbox 590 2949 634 2976; x_wconf 88' lang='lat' dir='ltr'><strong>se,</strong></span> <span class='ocrx_word' id='word_1_500' title='bbox 658 2938 715 2970; x_wconf 92' lang='lat' dir='ltr'><strong>sed</strong></span> <span class='ocrx_word' id='word_1_501' title='bbox 740 2939 837 2969; x_wconf 89' lang='lat' dir='ltr'><strong>etiam</strong></span> <span class='ocrx_word' id='word_1_502' title='bbox 860 2939 893 2969; x_wconf 92' lang='lat' dir='ltr'><strong>in</strong></span> <span class='ocrx_word' id='word_1_503' title='bbox 918 2938 1032 2970; x_wconf 88' lang='lat' dir='ltr'><strong>ordine</strong></span> <span class='ocrx_word' id='word_1_504' title='bbox 1063 2939 1103 2970; x_wconf 89' lang='lat' dir='ltr'><strong>ad</strong></span> <span class='ocrx_word' id='word_1_505' title='bbox 1127 2940 1287 2980; x_wconf 91' lang='lat' dir='ltr'><strong>quaslibet</strong></span> <span class='ocrx_word' id='word_1_506' title='bbox 1313 2950 1388 2972; x_wconf 89' lang='lat' dir='ltr'><strong>suas</strong></span> 
     </span>
     <span class='ocr_line' id='line_1_69' title="bbox 309 2983 1388 3025; baseline 0.001 -9"><span class='ocrx_word' id='word_1_507' title='bbox 309 2994 420 3016; x_wconf 87' lang='lat' dir='ltr'><strong>causas</strong></span> <span class='ocrx_word' id='word_1_508' title='bbox 443 2985 617 3025; x_wconf 88' lang='lat' dir='ltr'><strong>proximas.</strong></span> <span class='ocrx_word' id='word_1_509' title='bbox 643 2984 730 3024; x_wconf 87' lang='lat' dir='ltr'><strong>Ergo</strong></span> <span class='ocrx_word' id='word_1_510' title='bbox 747 2984 918 3024; x_wconf 88' lang='lat' dir='ltr'><strong>cognoscit</strong></span> <span class='ocrx_word' id='word_1_511' title='bbox 933 2983 1041 3024; x_wconf 84' lang='lat' dir='ltr'><strong>aliqua</strong></span> <span class='ocrx_word' id='word_1_512' title='bbox 1058 2990 1089 3015; x_wconf 91' lang='lat' dir='ltr'><strong>et</strong></span> <span class='ocrx_word' id='word_1_513' title='bbox 1105 2986 1244 3022; x_wconf 87' lang='lat' dir='ltr'><strong>evenire,</strong></span> <span class='ocrx_word' id='word_1_514' title='bbox 1261 2991 1292 3016; x_wconf 91' lang='lat' dir='ltr'><strong>et</strong></span> <span class='ocrx_word' id='word_1_515' title='bbox 1308 2995 1388 3017; x_wconf 91' lang='lat' dir='ltr'><strong>con-</strong></span> 
     </span>
     <span class='ocr_line' id='line_1_70' title="bbox 307 3028 1387 3071; baseline 0.002 -11"><span class='ocrx_word' id='word_1_516' title='bbox 307 3030 467 3071; x_wconf 86' lang='lat' dir='ltr'><strong>tingenter</strong></span> <span class='ocrx_word' id='word_1_517' title='bbox 491 3029 629 3060; x_wconf 82' lang='lat' dir='ltr'><strong>ev‘enire.</strong></span> <span class='ocrx_word' id='word_1_518' title='bbox 654 3028 742 3069; x_wconf 90' lang='lat' dir='ltr'><strong>Ergo</strong></span> <span class='ocrx_word' id='word_1_519' title='bbox 766 3038 843 3059; x_wconf 92' lang='lat' dir='ltr'><strong>cum</strong></span> <span class='ocrx_word' id='word_1_520' title='bbox 868 3028 1060 3059; x_wconf 86' lang='lat' dir='ltr'><strong>certitudine</strong></span> <span class='ocrx_word' id='word_1_521' title='bbox 1084 3028 1210 3060; x_wconf 91' lang='lat' dir='ltr'><strong>divinae</strong></span> <span class='ocrx_word' id='word_1_522' title='bbox 1234 3031 1387 3062; x_wconf 83' lang='lat' dir='ltr'><strong>scientiae</strong></span> 
     </span>
     <span class='ocr_line' id='line_1_71' title="bbox 308 3073 1388 3114; baseline 0 -8"><span class='ocrx_word' id='word_1_523' title='bbox 308 3080 369 3106; x_wconf 87' lang='lat' dir='ltr'><strong>stat</strong></span> <span class='ocrx_word' id='word_1_524' title='bbox 386 3083 494 3106; x_wconf 90' lang='lat' dir='ltr'><strong>rerum</strong></span> <span class='ocrx_word' id='word_1_525' title='bbox 510 3074 742 3114; x_wconf 88' lang='lat' dir='ltr'><strong>contingentia.</strong></span> <span class='ocrx_word' id='word_1_526' title='bbox 758 3091 780 3096; x_wconf 81' lang='lat'><em>-</em></span> <span class='ocrx_word' id='word_1_527' title='bbox 796 3073 955 3104; x_wconf 88' lang='lat' dir='ltr'><strong>Probatur</strong></span> <span class='ocrx_word' id='word_1_528' title='bbox 969 3073 1175 3105; x_wconf 88' lang='lat' dir='ltr'><strong>antecedens.</strong></span> <span class='ocrx_word' id='word_1_529' title='bbox 1195 3074 1282 3113; x_wconf 89' lang='lat' dir='ltr'><strong>Quia</strong></span> <span class='ocrx_word' id='word_1_530' title='bbox 1299 3075 1388 3106; x_wconf 88' lang='lat' dir='ltr'><strong>Deus</strong></span> 
     </span>
     <span class='ocr_line' id='line_1_72' title="bbox 309 3118 1388 3160; baseline 0.001 -10"><span class='ocrx_word' id='word_1_531' title='bbox 309 3125 356 3151; x_wconf 89' lang='lat' dir='ltr'><strong>est</strong></span> <span class='ocrx_word' id='word_1_532' title='bbox 386 3120 536 3160; x_wconf 88' lang='lat' dir='ltr'><strong>cognitor</strong></span> <span class='ocrx_word' id='word_1_533' title='bbox 565 3119 666 3150; x_wconf 88' lang='lat' dir='ltr'><strong>totius</strong></span> <span class='ocrx_word' id='word_1_534' title='bbox 697 3127 777 3154; x_wconf 87' lang='lat' dir='ltr'><strong>esse,</strong></span> <span class='ocrx_word' id='word_1_535' title='bbox 803 3118 896 3149; x_wconf 87' lang='lat' dir='ltr'><strong>cuius</strong></span> <span class='ocrx_word' id='word_1_536' title='bbox 927 3123 975 3148; x_wconf 88' lang='lat' dir='ltr'><strong>est</strong></span> <span class='ocrx_word' id='word_1_537' title='bbox 1005 3119 1212 3159; x_wconf 90' lang='lat' dir='ltr'><strong>principium.</strong></span> <span class='ocrx_word' id='word_1_538' title='bbox 1236 3138 1259 3143; x_wconf 94' lang='lat'>—</span> <span class='ocrx_word' id='word_1_539' title='bbox 1282 3120 1388 3151; x_wconf 87' lang='lat' dir='ltr'><strong>Prima</strong></span> 
     </span>
     <span class='ocr_line' id='line_1_73' title="bbox 309 3162 1389 3205; baseline 0.001 -10"><span class='ocrx_word' id='word_1_540' title='bbox 309 3173 444 3205; x_wconf 91' lang='lat' dir='ltr'><strong>quoque</strong></span> <span class='ocrx_word' id='word_1_541' title='bbox 468 3163 704 3204; x_wconf 83' lang='lat' dir='ltr'><strong>consequentia</strong></span> <span class='ocrx_word' id='word_1_542' title='bbox 727 3168 825 3204; x_wconf 86' lang='lat' dir='ltr'><strong>patet.</strong></span> <span class='ocrx_word' id='word_1_543' title='bbox 850 3162 937 3201; x_wconf 86' lang='lat' dir='ltr'><strong>Quia</strong></span> <span class='ocrx_word' id='word_1_544' title='bbox 960 3163 1042 3194; x_wconf 89' lang='lat' dir='ltr'><strong>ordo</strong></span> <span class='ocrx_word' id='word_1_545' title='bbox 1067 3165 1327 3205; x_wconf 90' lang='lat' dir='ltr'><strong>contingentium</strong></span> <span class='ocrx_word' id='word_1_546' title='bbox 1348 3164 1389 3196; x_wconf 91' lang='lat' dir='ltr'><strong>ad</strong></span> 
     </span>
     <span class='ocr_line' id='line_1_74' title="bbox 309 3207 1389 3250; baseline 0.001 -10"><span class='ocrx_word' id='word_1_547' title='bbox 309 3219 382 3240; x_wconf 87' lang='lat' dir='ltr'><strong>suas</strong></span> <span class='ocrx_word' id='word_1_548' title='bbox 407 3218 517 3240; x_wconf 83' lang='lat' dir='ltr'><strong>causas</strong></span> <span class='ocrx_word' id='word_1_549' title='bbox 541 3208 705 3249; x_wconf 83' lang='lat' dir='ltr'><strong>proximas</strong></span> <span class='ocrx_word' id='word_1_550' title='bbox 739 3213 786 3239; x_wconf 84' lang='lat' dir='ltr'><strong>est</strong></span> <span class='ocrx_word' id='word_1_551' title='bbox 814 3213 851 3239; x_wconf 91' lang='lat' dir='ltr'><strong>ut</strong></span> <span class='ocrx_word' id='word_1_552' title='bbox 874 3207 1100 3248; x_wconf 89' lang='lat' dir='ltr'><strong>contingenter</strong></span> <span class='ocrx_word' id='word_1_553' title='bbox 1131 3218 1169 3240; x_wconf 90' lang='lat' dir='ltr'><strong>ex</strong></span> <span class='ocrx_word' id='word_1_554' title='bbox 1199 3210 1244 3240; x_wconf 91' lang='lat' dir='ltr'><strong>eis</strong></span> <span class='ocrx_word' id='word_1_555' title='bbox 1272 3219 1389 3250; x_wconf 89' lang='lat' dir='ltr'><strong>prove·</strong></span> 
     </span>
     <span class='ocr_line' id='line_1_75' title="bbox 310 3252 1389 3293; baseline 0.002 -9"><span class='ocrx_word' id='word_1_556' title='bbox 310 3254 409 3285; x_wconf 91' lang='lat' dir='ltr'><strong>niant.</strong></span> <span class='ocrx_word' id='word_1_557' title='bbox 433 3271 456 3277; x_wconf 90' lang='lat'>-</span> <span class='ocrx_word' id='word_1_558' title='bbox 479 3252 629 3285; x_wconf 86' lang='lat' dir='ltr'><strong>Secunda</strong></span> <span class='ocrx_word' id='word_1_559' title='bbox 654 3262 731 3284; x_wconf 92' lang='lat' dir='ltr'><strong>vero</strong></span> <span class='ocrx_word' id='word_1_560' title='bbox 756 3253 920 3293; x_wconf 87' lang='lat' dir='ltr'><strong>probatur.</strong></span> <span class='ocrx_word' id='word_1_561' title='bbox 953 3252 1040 3291; x_wconf 88' lang='lat' dir='ltr'><strong>Quia</strong></span> <span class='ocrx_word' id='word_1_562' title='bbox 1067 3254 1200 3284; x_wconf 88' lang='lat' dir='ltr'><strong>scientia</strong></span> <span class='ocrx_word' id='word_1_563' title='bbox 1229 3254 1290 3285; x_wconf 91' lang='lat' dir='ltr'><strong>Dei</strong></span> <span class='ocrx_word' id='word_1_564' title='bbox 1321 3264 1389 3286; x_wconf 88' lang='lat' dir='ltr'><strong>non</strong></span> 
     </span>
     <span class='ocr_line' id='line_1_76' title="bbox 310 3297 1391 3339; baseline 0.001 -10"><span class='ocrx_word' id='word_1_565' title='bbox 310 3305 393 3330; x_wconf 88' lang='lat' dir='ltr'><strong>esset</strong></span> <span class='ocrx_word' id='word_1_566' title='bbox 416 3307 490 3329; x_wconf 89' lang='lat' dir='ltr'><strong>vera</strong></span> <span class='ocrx_word' id='word_1_567' title='bbox 513 3304 545 3329; x_wconf 92' lang='lat' dir='ltr'><strong>et</strong></span> <span class='ocrx_word' id='word_1_568' title='bbox 567 3297 711 3339; x_wconf 89' lang='lat' dir='ltr'><strong>perfecta</strong></span> <span class='ocrx_word' id='word_1_569' title='bbox 726 3298 752 3327; x_wconf 89' lang='lat' dir='ltr'><strong>si</strong></span> <span class='ocrx_word' id='word_1_570' title='bbox 768 3307 836 3328; x_wconf 93' lang='lat' dir='ltr'><strong>non</strong></span> <span class='ocrx_word' id='word_1_571' title='bbox 853 3297 918 3328; x_wconf 80' lang='lat' dir='ltr'><strong>hoc</strong></span> <span class='ocrx_word' id='word_1_572' title='bbox 934 3297 1036 3328; x_wconf 90' lang='lat' dir='ltr'><strong>modo</strong></span> <span class='ocrx_word' id='word_1_573' title='bbox 1053 3307 1102 3328; x_wconf 93' lang='lat' dir='ltr'><strong>res</strong></span> <span class='ocrx_word' id='word_1_574' title='bbox 1127 3299 1292 3329; x_wconf 90' lang='lat' dir='ltr'><strong>evenirent</strong></span> <span class='ocrx_word' id='word_1_575' title='bbox 1308 3299 1391 3330; x_wconf 90' lang='lat' dir='ltr'><strong>sicut</strong></span> 
     </span>
     <span class='ocr_line' id='line_1_77' title="bbox 312 3341 1390 3384; baseline 0 -10"><span class='ocrx_word' id='word_1_576' title='bbox 312 3343 400 3374; x_wconf 90' lang='lat' dir='ltr'><strong>Deus</strong></span> <span class='ocrx_word' id='word_1_577' title='bbox 425 3353 477 3374; x_wconf 88' lang='lat' dir='ltr'><strong>eas</strong></span> <span class='ocrx_word' id='word_1_578' title='bbox 507 3343 635 3374; x_wconf 90' lang='lat' dir='ltr'><strong>evenire</strong></span> <span class='ocrx_word' id='word_1_579' title='bbox 667 3342 846 3382; x_wconf 87' lang='lat' dir='ltr'><strong>cognoscit.</strong></span> <span class='ocrx_word' id='word_1_580' title='bbox 876 3341 910 3373; x_wconf 88' lang='lat' dir='ltr'><strong>Si</strong></span> <span class='ocrx_word' id='word_1_581' title='bbox 940 3351 1017 3382; x_wconf 89' lang='lat' dir='ltr'><strong>ergo</strong></span> <span class='ocrx_word' id='word_1_582' title='bbox 1049 3343 1218 3382; x_wconf 90' lang='lat' dir='ltr'><strong>cognoscit</strong></span> <span class='ocrx_word' id='word_1_583' title='bbox 1247 3349 1278 3374; x_wconf 90' lang='lat' dir='ltr'><strong>et</strong></span> <span class='ocrx_word' id='word_1_584' title='bbox 1305 3344 1390 3384; x_wconf 88' lang='lat' dir='ltr'><strong>ipsas</strong></span> 
     </span>
     <span class='ocr_line' id='line_1_78' title="bbox 311 3386 1390 3428; baseline 0 -9"><span class='ocrx_word' id='word_1_585' title='bbox 311 3388 428 3419; x_wconf 83' lang='lat' dir='ltr'><strong>habere</strong></span> <span class='ocrx_word' id='word_1_586' title='bbox 453 3398 523 3419; x_wconf 88' lang='lat' dir='ltr'><strong>esse</strong></span> <span class='ocrx_word' id='word_1_587' title='bbox 545 3387 732 3428; x_wconf 89' lang='lat' dir='ltr'><strong>aliquando,</strong></span> <span class='ocrx_word' id='word_1_588' title='bbox 751 3387 819 3418; x_wconf 86' lang='lat' dir='ltr'><strong>sive</strong></span> <span class='ocrx_word' id='word_1_589' title='bbox 843 3386 1018 3427; x_wconf 86' lang='lat' dir='ltr'><strong>aliquando</strong></span> <span class='ocrx_word' id='word_1_590' title='bbox 1043 3388 1183 3424; x_wconf 85' lang='lat' dir='ltr'><strong>evenire,</strong></span> <span class='ocrx_word' id='word_1_591' title='bbox 1208 3393 1239 3418; x_wconf 91' lang='lat' dir='ltr'><strong>et</strong></span> <span class='ocrx_word' id='word_1_592' title='bbox 1263 3389 1390 3419; x_wconf 89' lang='lat' dir='ltr'><strong>contin-</strong></span> 
     </span>
     <span class='ocr_line' id='line_1_79' title="bbox 313 3431 1390 3472; baseline 0 -9"><span class='ocrx_word' id='word_1_593' title='bbox 313 3438 434 3472; x_wconf 87' lang='lat' dir='ltr'><strong>genter,</strong></span> <span class='ocrx_word' id='word_1_594' title='bbox 459 3442 535 3463; x_wconf 90' lang='lat' dir='ltr'><strong>cum</strong></span> <span class='ocrx_word' id='word_1_595' title='bbox 558 3433 690 3463; x_wconf 91' lang='lat' dir='ltr'><strong>veritate</strong></span> <span class='ocrx_word' id='word_1_596' title='bbox 714 3442 791 3463; x_wconf 87' lang='lat' dir='ltr'><strong>suae</strong></span> <span class='ocrx_word' id='word_1_597' title='bbox 821 3431 1018 3472; x_wconf 88' lang='lat' dir='ltr'><strong>cognitionis</strong></span> <span class='ocrx_word' id='word_1_598' title='bbox 1051 3437 1083 3462; x_wconf 88' lang='lat' dir='ltr'><strong>et</strong></span> <span class='ocrx_word' id='word_1_599' title='bbox 1106 3431 1297 3464; x_wconf 88' lang='lat' dir='ltr'><strong>certitudine</strong></span> <span class='ocrx_word' id='word_1_600' title='bbox 1330 3438 1390 3463; x_wconf 89' lang='lat' dir='ltr'><strong>stat</strong></span> 
     </span>
     <span class='ocr_line' id='line_1_80' title="bbox 315 3476 970 3518; baseline -0.002 -10"><span class='ocrx_word' id='word_1_601' title='bbox 315 3477 405 3517; x_wconf 89' lang='lat' dir='ltr'><strong>quod</strong></span> <span class='ocrx_word' id='word_1_602' title='bbox 429 3476 561 3508; x_wconf 88' lang='lat' dir='ltr'><strong>effectus</strong></span> <span class='ocrx_word' id='word_1_603' title='bbox 585 3478 810 3518; x_wconf 89' lang='lat' dir='ltr'><strong>contingenter</strong></span> <span class='ocrx_word' id='word_1_604' title='bbox 833 3477 970 3507; x_wconf 87' lang='lat' dir='ltr'><strong>eveniat.</strong></span> 
     </span>
    </p>

    <p class='ocr_par' dir='ltr' id='par_1_14' title="bbox 316 3520 1390 3696">
     <span class='ocr_line' id='line_1_81' title="bbox 371 3520 1389 3562; baseline 0.001 -10"><span class='ocrx_word' id='word_1_605' title='bbox 371 3522 454 3552; x_wconf 95' lang='lat' dir='ltr'><strong>XVI.</strong></span> <span class='ocrx_word' id='word_1_606' title='bbox 471 3522 640 3560; x_wconf 86' lang='lat' dir='ltr'><strong>Quantum</strong></span> <span class='ocrx_word' id='word_1_607' title='bbox 659 3521 699 3552; x_wconf 91' lang='lat' dir='ltr'><strong>ad</strong></span> <span class='ocrx_word' id='word_1_608' title='bbox 723 3521 904 3552; x_wconf 90' lang='lat' dir='ltr'><strong>secundum</strong></span> <span class='ocrx_word' id='word_1_609' title='bbox 920 3521 947 3557; x_wconf 75' lang='grc'><strong>“,</strong></span> <span class='ocrx_word' id='word_1_610' title='bbox 972 3520 1147 3562; x_wconf 89' lang='lat' dir='ltr'><strong>respondet</strong></span> <span class='ocrx_word' id='word_1_611' title='bbox 1170 3520 1209 3551; x_wconf 89' lang='lat' dir='ltr'><strong>ad</strong></span> <span class='ocrx_word' id='word_1_612' title='bbox 1233 3522 1389 3553; x_wconf 88' lang='lat' dir='ltr'><strong>obiectio-</strong></span> 
     </span>
     <span class='ocr_line' id='line_1_82' title="bbox 316 3564 1389 3607; baseline 0 -10"><span class='ocrx_word' id='word_1_613' title='bbox 316 3576 392 3597; x_wconf 90' lang='lat' dir='ltr'><strong>nem</strong></span> <span class='ocrx_word' id='word_1_614' title='bbox 409 3565 524 3597; x_wconf 87' lang='lat' dir='ltr'><strong>factam</strong></span> <span class='ocrx_word' id='word_1_615' title='bbox 534 3567 561 3597; x_wconf 64' lang='lat'><strong>⁶.</strong></span> <span class='ocrx_word' id='word_1_616' title='bbox 581 3566 622 3597; x_wconf 90' lang='lat' dir='ltr'><strong>Et</strong></span> <span class='ocrx_word' id='word_1_617' title='bbox 638 3565 715 3598; x_wconf 92' lang='lat' dir='ltr'><strong>dicit</strong></span> <span class='ocrx_word' id='word_1_618' title='bbox 730 3567 834 3607; x_wconf 86' lang='lat' dir='ltr'><strong>ipsam</strong></span> <span class='ocrx_word' id='word_1_619' title='bbox 849 3565 1016 3607; x_wconf 86' lang='lat' dir='ltr'><strong>tripliciter</strong></span> <span class='ocrx_word' id='word_1_620' title='bbox 1030 3564 1167 3596; x_wconf 87' lang='lat' dir='ltr'><strong>deficere</strong></span> <span class='ocrx_word' id='word_1_621' title='bbox 1176 3566 1221 3596; x_wconf 57' lang='lat'><strong>⁴⁴.</strong></span> <span class='ocrx_word' id='word_1_622' title='bbox 1239 3565 1389 3597; x_wconf 86' lang='lat' dir='ltr'><strong>Obiectio</strong></span> 
     </span>
     <span class='ocr_line' id='line_1_83' title="bbox 318 3609 1390 3651; baseline 0.001 -10"><span class='ocrx_word' id='word_1_623' title='bbox 318 3616 426 3641; x_wconf 89' lang='lat' dir='ltr'><strong>autern</strong></span> <span class='ocrx_word' id='word_1_624' title='bbox 450 3617 524 3641; x_wconf 90' lang='lat' dir='ltr'><strong>erat.</strong></span> <span class='ocrx_word' id='word_1_625' title='bbox 551 3610 705 3651; x_wconf 86' lang='lat' dir='ltr'><strong>Cognitio</strong></span> <span class='ocrx_word' id='word_1_626' title='bbox 727 3611 835 3642; x_wconf 90' lang='lat' dir='ltr'><strong>omnis</strong></span> <span class='ocrx_word' id='word_1_627' title='bbox 849 3620 934 3651; x_wconf 89' lang='lat' dir='ltr'><strong>quae</strong></span> <span class='ocrx_word' id='word_1_628' title='bbox 957 3616 1005 3642; x_wconf 86' lang='lat' dir='ltr'><strong>est</strong></span> <span class='ocrx_word' id='word_1_629' title='bbox 1020 3609 1060 3642; x_wconf 90' lang='lat' dir='ltr'><strong>de</strong></span> <span class='ocrx_word' id='word_1_630' title='bbox 1080 3611 1292 3651; x_wconf 84' lang='lat' dir='ltr'><strong>contingenti,</strong></span> <span class='ocrx_word' id='word_1_631' title='bbox 1314 3620 1390 3642; x_wconf 88' lang='lat' dir='ltr'><strong>cum</strong></span> 
     </span>
     <span class='ocr_line' id='line_1_84' title="bbox 319 3654 1390 3696; baseline 0 -10"><span class='ocrx_word' id='word_1_632' title='bbox 319 3659 366 3686; x_wconf 88' lang='lat' dir='ltr'><strong>est</strong></span> <span class='ocrx_word' id='word_1_633' title='bbox 389 3654 544 3691; x_wconf 86' lang='lat' dir='ltr'><strong>futurum,</strong></span> <span class='ocrx_word' id='word_1_634' title='bbox 569 3655 634 3686; x_wconf 83' lang='lat' dir='ltr'><strong>falli</strong></span> <span class='ocrx_word' id='word_1_635' title='bbox 658 3661 780 3696; x_wconf 90' lang='lat' dir='ltr'><strong>potest:</strong></span> <span class='ocrx_word' id='word_1_636' title='bbox 806 3665 882 3686; x_wconf 90' lang='lat' dir='ltr'><strong>cum</strong></span> <span class='ocrx_word' id='word_1_637' title='bbox 914 3655 1016 3696; x_wconf 82' lang='lat' dir='ltr'><strong>possit</strong></span> <span class='ocrx_word' id='word_1_638' title='bbox 1044 3655 1172 3686; x_wconf 88' lang='lat' dir='ltr'><strong>evenire</strong></span> <span class='ocrx_word' id='word_1_639' title='bbox 1200 3656 1390 3696; x_wconf 87' lang='lat' dir='ltr'><strong>oppositum</strong></span> 
     </span>
    </p>
   </div>
   <div class='ocr_carea' id='block_1_8' title="bbox 884 259 1950 306">
    <p class='ocr_par' dir='ltr' id='par_1_15' title="bbox 884 259 1950 306">
     <span class='ocr_line' id='line_1_85' title="bbox 884 259 1950 306; baseline 0.001 -8"><span class='ocrx_word' id='word_1_640' title='bbox 884 261 1072 298; x_wconf 91' lang='lat' dir='ltr'><strong>SUMMA</strong></span> <span class='ocrx_word' id='word_1_641' title='bbox 1103 259 1325 297; x_wconf 90' lang='lat' dir='ltr'><strong>CONTRA</strong></span> <span class='ocrx_word' id='word_1_642' title='bbox 1354 259 1633 306; x_wconf 92' lang='lat' dir='ltr'><strong>GENTILES,</strong></span> <span class='ocrx_word' id='word_1_643' title='bbox 1664 260 1775 298; x_wconf 92' lang='lat' dir='ltr'><strong>CAP.</strong></span> <span class='ocrx_word' id='word_1_644' title='bbox 1800 262 1950 299; x_wconf 92' lang='lat' dir='ltr'><strong>LXVII.</strong></span> 
     </span>
    </p>
   </div>
   <div class='ocr_carea' id='block_1_9' title="bbox 1438 338 2558 3697">
    <p class='ocr_par' dir='ltr' id='par_1_16' title="bbox 1442 338 2523 516">
     <span class='ocr_line' id='line_1_86' title="bbox 1445 338 2523 382; baseline 0.004 -13"><span class='ocrx_word' id='word_1_645' title='bbox 1445 339 1514 369; x_wconf 91' lang='lat' dir='ltr'><strong>eius</strong></span> <span class='ocrx_word' id='word_1_646' title='bbox 1538 338 1630 379; x_wconf 88' lang='lat' dir='ltr'><strong>quod</strong></span> <span class='ocrx_word' id='word_1_647' title='bbox 1653 340 1865 378; x_wconf 88' lang='lat' dir='ltr'><strong>existimatur;</strong></span> <span class='ocrx_word' id='word_1_648' title='bbox 1890 341 2037 382; x_wconf 83' lang='lat' dir='ltr'><strong>alioquin</strong></span> <span class='ocrx_word' id='word_1_649' title='bbox 2060 341 2278 372; x_wconf 89' lang='lat' dir='ltr'><strong>necessarium</strong></span> <span class='ocrx_word' id='word_1_650' title='bbox 2302 347 2394 377; x_wconf 85' lang='lat' dir='ltr'><strong>esset.</strong></span> <span class='ocrx_word' id='word_1_651' title='bbox 2422 342 2523 381; x_wconf 94' lang='lat' dir='ltr'><strong>Quod</strong></span> 
     </span>
     <span class='ocr_line' id='line_1_87' title="bbox 1444 384 2522 427; baseline 0.005 -14"><span class='ocrx_word' id='word_1_652' title='bbox 1444 384 1542 414; x_wconf 89' lang='lat' dir='ltr'><strong>etiam</strong></span> <span class='ocrx_word' id='word_1_653' title='bbox 1565 388 1654 423; x_wconf 87' lang='lat' dir='ltr'><strong>patet</strong></span> <span class='ocrx_word' id='word_1_654' title='bbox 1670 394 1708 415; x_wconf 83' lang='lat' dir='ltr'><strong>ex</strong></span> <span class='ocrx_word' id='word_1_655' title='bbox 1723 389 1834 416; x_wconf 88' lang='lat' dir='ltr'><strong>nostra</strong></span> <span class='ocrx_word' id='word_1_656' title='bbox 1856 387 2056 426; x_wconf 86' lang='lat' dir='ltr'><strong>cognitione,</strong></span> <span class='ocrx_word' id='word_1_657' title='bbox 2073 395 2157 426; x_wconf 90' lang='lat' dir='ltr'><strong>quae</strong></span> <span class='ocrx_word' id='word_1_658' title='bbox 2176 391 2224 416; x_wconf 89' lang='lat' dir='ltr'><strong>est</strong></span> <span class='ocrx_word' id='word_1_659' title='bbox 2247 385 2287 416; x_wconf 86' lang='lat' dir='ltr'><strong>de</strong></span> <span class='ocrx_word' id='word_1_660' title='bbox 2303 386 2381 427; x_wconf 88' lang='lat' dir='ltr'><strong>ipsis</strong></span> <span class='ocrx_word' id='word_1_661' title='bbox 2395 392 2522 418; x_wconf 87' lang='lat' dir='ltr'><strong>tantum</strong></span> 
     </span>
     <span class='ocr_line' id='line_1_88' title="bbox 1444 428 2521 473; baseline 0.004 -15"><span class='ocrx_word' id='word_1_662' title='bbox 1444 428 1681 459; x_wconf 90' lang='lat' dir='ltr'><strong>coniecturalis.</strong></span> <span class='ocrx_word' id='word_1_663' title='bbox 1705 429 1768 460; x_wconf 91' lang='lat' dir='ltr'><strong>Dei</strong></span> <span class='ocrx_word' id='word_1_664' title='bbox 1791 435 1900 461; x_wconf 89' lang='lat' dir='ltr'><strong>autem</strong></span> <span class='ocrx_word' id='word_1_665' title='bbox 1928 431 2072 471; x_wconf 86' lang='lat' dir='ltr'><strong>cognitio</strong></span> <span class='ocrx_word' id='word_1_666' title='bbox 2097 429 2163 461; x_wconf 88' lang='lat' dir='ltr'><strong>falli</strong></span> <span class='ocrx_word' id='word_1_667' title='bbox 2190 440 2260 461; x_wconf 93' lang='lat' dir='ltr'><strong>non</strong></span> <span class='ocrx_word' id='word_1_668' title='bbox 2288 436 2405 471; x_wconf 88' lang='lat' dir='ltr'><strong>potest.</strong></span> <span class='ocrx_word' id='word_1_669' title='bbox 2433 432 2521 473; x_wconf 87' lang='lat' dir='ltr'><strong>Ergo</strong></span> 
     </span>
     <span class='ocr_line' id='line_1_89' title="bbox 1442 473 2240 516; baseline 0.004 -13"><span class='ocrx_word' id='word_1_670' title='bbox 1442 482 1511 503; x_wconf 92' lang='lat' dir='ltr'><strong>non</strong></span> <span class='ocrx_word' id='word_1_671' title='bbox 1534 478 1644 513; x_wconf 89' lang='lat' dir='ltr'><strong>potest</strong></span> <span class='ocrx_word' id='word_1_672' title='bbox 1667 482 1736 504; x_wconf 89' lang='lat' dir='ltr'><strong>esse</strong></span> <span class='ocrx_word' id='word_1_673' title='bbox 1759 473 1801 505; x_wconf 92' lang='lat' dir='ltr'><strong>de</strong></span> <span class='ocrx_word' id='word_1_674' title='bbox 1824 474 1940 506; x_wconf 88' lang='lat' dir='ltr'><strong>futuris</strong></span> <span class='ocrx_word' id='word_1_675' title='bbox 1964 475 2240 516; x_wconf 89' lang='lat' dir='ltr'><strong>contingentibus.</strong></span> 
     </span>
    </p>

    <p class='ocr_par' dir='ltr' id='par_1_17' title="bbox 1440 517 2522 737">
     <span class='ocr_line' id='line_1_90' title="bbox 1500 517 2521 560; baseline 0.004 -13"><span class='ocrx_word' id='word_1_676' title='bbox 1500 517 1534 548; x_wconf 91' lang='lat' dir='ltr'><strong>Si</strong></span> <span class='ocrx_word' id='word_1_677' title='bbox 1557 522 1668 548; x_wconf 88' lang='lat' dir='ltr'><strong>autem</strong></span> <span class='ocrx_word' id='word_1_678' title='bbox 1691 517 1851 549; x_wconf 89' lang='lat' dir='ltr'><strong>diceretur</strong></span> <span class='ocrx_word' id='word_1_679' title='bbox 1870 519 1971 560; x_wconf 91' lang='lat' dir='ltr'><strong>quod,</strong></span> <span class='ocrx_word' id='word_1_680' title='bbox 1987 520 2064 551; x_wconf 91' lang='lat' dir='ltr'><strong>licet</strong></span> <span class='ocrx_word' id='word_1_681' title='bbox 2082 519 2191 551; x_wconf 91' lang='lat' dir='ltr'><strong>divina</strong></span> <span class='ocrx_word' id='word_1_682' title='bbox 2213 520 2348 551; x_wconf 87' lang='lat' dir='ltr'><strong>scientia</strong></span> <span class='ocrx_word' id='word_1_683' title='bbox 2371 519 2438 552; x_wconf 89' lang='lat' dir='ltr'><strong>falli</strong></span> <span class='ocrx_word' id='word_1_684' title='bbox 2452 530 2521 552; x_wconf 91' lang='lat' dir='ltr'><strong>non</strong></span> 
     </span>
     <span class='ocr_line' id='line_1_91' title="bbox 1442 562 2521 603; baseline 0.005 -12"><span class='ocrx_word' id='word_1_685' title='bbox 1442 562 1555 602; x_wconf 90' lang='lat' dir='ltr'><strong>possit,</strong></span> <span class='ocrx_word' id='word_1_686' title='bbox 1578 567 1688 603; x_wconf 91' lang='lat' dir='ltr'><strong>potest</strong></span> <span class='ocrx_word' id='word_1_687' title='bbox 1710 567 1819 593; x_wconf 91' lang='lat' dir='ltr'><strong>tamen</strong></span> <span class='ocrx_word' id='word_1_688' title='bbox 1841 565 1959 596; x_wconf 84' lang='lat' dir='ltr'><strong>mutari</strong></span> <span class='ocrx_word' id='word_1_689' title='bbox 1973 564 2156 596; x_wconf 86' lang='lat' dir='ltr'><strong>secundum</strong></span> <span class='ocrx_word' id='word_1_690' title='bbox 2179 574 2286 596; x_wconf 91' lang='lat' dir='ltr'><strong>rerum</strong></span> <span class='ocrx_word' id='word_1_691' title='bbox 2305 566 2521 597; x_wconf 88' lang='lat' dir='ltr'><strong>mutationem</strong></span> 
     </span>
     <span class='ocr_line' id='line_1_92' title="bbox 1442 607 2522 651; baseline 0.005 -15"><span class='ocrx_word' id='word_1_692' title='bbox 1442 616 1499 647; x_wconf 89' lang='lat' dir='ltr'><strong>per</strong></span> <span class='ocrx_word' id='word_1_693' title='bbox 1521 616 1643 637; x_wconf 88' lang='lat' dir='ltr'><strong>novam</strong></span> <span class='ocrx_word' id='word_1_694' title='bbox 1666 607 1712 637; x_wconf 91' lang='lat' dir='ltr'><strong>rei</strong></span> <span class='ocrx_word' id='word_1_695' title='bbox 1736 608 1969 648; x_wconf 88' lang='lat' dir='ltr'><strong>cognitionem,</strong></span> <span class='ocrx_word' id='word_1_696' title='bbox 1993 610 2057 640; x_wconf 93' lang='lat' dir='ltr'><strong>hoc</strong></span> <span class='ocrx_word' id='word_1_697' title='bbox 2077 619 2146 641; x_wconf 92' lang='lat' dir='ltr'><strong>non</strong></span> <span class='ocrx_word' id='word_1_698' title='bbox 2167 610 2273 641; x_wconf 88' lang='lat' dir='ltr'><strong>obstat</strong></span> <span class='ocrx_word' id='word_1_699' title='bbox 2288 610 2421 641; x_wconf 88' lang='lat' dir='ltr'><strong>rationi:</strong></span> <span class='ocrx_word' id='word_1_700' title='bbox 2445 611 2522 651; x_wconf 85' lang='lat' dir='ltr'><strong>quia</strong></span> 
     </span>
     <span class='ocr_line' id='line_1_93' title="bbox 1441 651 2520 696; baseline 0.005 -15"><span class='ocrx_word' id='word_1_701' title='bbox 1441 651 1643 692; x_wconf 86' lang='lat' dir='ltr'><strong>impossibile</strong></span> <span class='ocrx_word' id='word_1_702' title='bbox 1674 657 1722 682; x_wconf 91' lang='lat' dir='ltr'><strong>est</strong></span> <span class='ocrx_word' id='word_1_703' title='bbox 1744 651 1836 692; x_wconf 91' lang='lat' dir='ltr'><strong>quod</strong></span> <span class='ocrx_word' id='word_1_704' title='bbox 1865 653 1955 684; x_wconf 90' lang='lat' dir='ltr'><strong>Deus</strong></span> <span class='ocrx_word' id='word_1_705' title='bbox 1985 654 2108 695; x_wconf 88' lang='lat' dir='ltr'><strong>aliquid</strong></span> <span class='ocrx_word' id='word_1_706' title='bbox 2131 655 2172 686; x_wconf 90' lang='lat' dir='ltr'><strong>de</strong></span> <span class='ocrx_word' id='word_1_707' title='bbox 2202 664 2291 686; x_wconf 92' lang='lat' dir='ltr'><strong>novo</strong></span> <span class='ocrx_word' id='word_1_708' title='bbox 2322 664 2520 696; x_wconf 89' lang='lat' dir='ltr'><strong>cognoscere</strong></span> 
     </span>
     <span class='ocr_line' id='line_1_94' title="bbox 1440 696 2069 737; baseline 0.003 -10"><span class='ocrx_word' id='word_1_709' title='bbox 1440 697 1584 737; x_wconf 88' lang='lat' dir='ltr'><strong>incipiat,</strong></span> <span class='ocrx_word' id='word_1_710' title='bbox 1609 705 1650 727; x_wconf 93' lang='lat' dir='ltr'><strong>eo</strong></span> <span class='ocrx_word' id='word_1_711' title='bbox 1672 696 1763 736; x_wconf 93' lang='lat' dir='ltr'><strong>quod</strong></span> <span class='ocrx_word' id='word_1_712' title='bbox 1785 697 1996 728; x_wconf 71' lang='lat' dir='ltr'><strong>iminutabilis</strong></span> <span class='ocrx_word' id='word_1_713' title='bbox 2018 698 2069 730; x_wconf 73' lang='lat' dir='ltr'><strong>sit.</strong></span> 
     </span>
    </p>

    <p class='ocr_par' dir='ltr' id='par_1_18' title="bbox 1439 741 2557 1367">
     <span class='ocr_line' id='line_1_95' title="bbox 1496 741 2557 785; baseline 0.004 -14"><span class='ocrx_word' id='word_1_714' title='bbox 1496 741 1597 772; x_wconf 89' lang='lat' dir='ltr'><strong>XVII.</strong></span> <span class='ocrx_word' id='word_1_715' title='bbox 1621 741 1812 781; x_wconf 86' lang='lat' dir='ltr'><strong>Respondet</strong></span> <span class='ocrx_word' id='word_1_716' title='bbox 1835 751 1912 782; x_wconf 91' lang='lat' dir='ltr'><strong>ergo</strong></span> <span class='ocrx_word' id='word_1_717' title='bbox 1936 743 2043 782; x_wconf 91' lang='lat' dir='ltr'><strong>primo</strong></span> <span class='ocrx_word' id='word_1_718' title='bbox 2060 745 2088 779; x_wconf 76' lang='lat'><strong>*,</strong></span> <span class='ocrx_word' id='word_1_719' title='bbox 2116 750 2148 775; x_wconf 90' lang='lat' dir='ltr'><strong>et</strong></span> <span class='ocrx_word' id='word_1_720' title='bbox 2177 744 2268 785; x_wconf 91' lang='lat' dir='ltr'><strong>quod</strong></span> <span class='ocrx_word' id='word_1_721' title='bbox 2292 744 2409 775; x_wconf 85' lang='lat' dir='ltr'><strong>falsum</strong></span> <span class='ocrx_word' id='word_1_722' title='bbox 2432 754 2521 775; x_wconf 89' lang='lat' dir='ltr'><strong>assu·</strong></span> <span class='ocrx_word' id='word_1_723' title='bbox 2548 753 2557 762; x_wconf 93' lang='lat'>·</span> 
     </span>
     <span class='ocr_line' id='line_1_96' title="bbox 1440 785 2521 828; baseline 0.004 -12"><span class='ocrx_word' id='word_1_724' title='bbox 1440 787 1549 822; x_wconf 88' lang='lat' dir='ltr'><strong>mitur,</strong></span> <span class='ocrx_word' id='word_1_725' title='bbox 1574 791 1606 816; x_wconf 93' lang='lat' dir='ltr'><strong>et</strong></span> <span class='ocrx_word' id='word_1_726' title='bbox 1629 785 1721 826; x_wconf 93' lang='lat' dir='ltr'><strong>quod</strong></span> <span class='ocrx_word' id='word_1_727' title='bbox 1744 786 1778 816; x_wconf 91' lang='lat' dir='ltr'><strong>in</strong></span> <span class='ocrx_word' id='word_1_728' title='bbox 1802 786 1888 817; x_wconf 88' lang='lat' dir='ltr'><strong>illius</strong></span> <span class='ocrx_word' id='word_1_729' title='bbox 1911 788 2136 828; x_wconf 88' lang='lat' dir='ltr'><strong>assumptione</strong></span> <span class='ocrx_word' id='word_1_730' title='bbox 2159 790 2374 820; x_wconf 86' lang='lat' dir='ltr'><strong>committitur</strong></span> <span class='ocrx_word' id='word_1_731' title='bbox 2397 789 2521 820; x_wconf 86' lang='lat' dir='ltr'><strong>fallacia</strong></span> 
     </span>
     <span class='ocr_line' id='line_1_97' title="bbox 1440 830 2521 874; baseline 0.004 -13"><span class='ocrx_word' id='word_1_732' title='bbox 1440 832 1675 872; x_wconf 80' lang='lat' dir='ltr'><strong>consequentis.</strong></span> <span class='ocrx_word' id='word_1_733' title='bbox 1690 830 1822 862; x_wconf 87' lang='lat' dir='ltr'><strong>Falsum</strong></span> <span class='ocrx_word' id='word_1_734' title='bbox 1834 830 1969 872; x_wconf 88' lang='lat' dir='ltr'><strong>quidem</strong></span> <span class='ocrx_word' id='word_1_735' title='bbox 1980 833 2164 870; x_wconf 82' lang='lat' dir='ltr'><strong>assumitur,</strong></span> <span class='ocrx_word' id='word_1_736' title='bbox 2177 834 2254 874; x_wconf 87' lang='lat' dir='ltr'><strong>quia</strong></span> <span class='ocrx_word' id='word_1_737' title='bbox 2264 843 2334 865; x_wconf 88' lang='lat' dir='ltr'><strong>non</strong></span> <span class='ocrx_word' id='word_1_738' title='bbox 2347 839 2394 865; x_wconf 88' lang='lat' dir='ltr'><strong>est</strong></span> <span class='ocrx_word' id='word_1_739' title='bbox 2406 843 2521 865; x_wconf 89' lang='lat' dir='ltr'><strong>verum</strong></span> 
     </span>
     <span class='ocr_line' id='line_1_98' title="bbox 1441 875 2522 920; baseline 0.004 -14"><span class='ocrx_word' id='word_1_740' title='bbox 1441 876 1533 916; x_wconf 91' lang='lat' dir='ltr'><strong>quod</strong></span> <span class='ocrx_word' id='word_1_741' title='bbox 1549 877 1657 906; x_wconf 91' lang='lat' dir='ltr'><strong>omnis</strong></span> <span class='ocrx_word' id='word_1_742' title='bbox 1681 876 1826 916; x_wconf 87' lang='lat' dir='ltr'><strong>cognitio</strong></span> <span class='ocrx_word' id='word_1_743' title='bbox 1843 875 1884 907; x_wconf 92' lang='lat' dir='ltr'><strong>de</strong></span> <span class='ocrx_word' id='word_1_744' title='bbox 1900 876 2012 907; x_wconf 88' lang='lat' dir='ltr'><strong>futuro</strong></span> <span class='ocrx_word' id='word_1_745' title='bbox 2029 877 2232 918; x_wconf 88' lang='lat' dir='ltr'><strong>contingenti</strong></span> <span class='ocrx_word' id='word_1_746' title='bbox 2247 877 2313 910; x_wconf 87' lang='lat' dir='ltr'><strong>falli</strong></span> <span class='ocrx_word' id='word_1_747' title='bbox 2336 879 2448 920; x_wconf 87' lang='lat' dir='ltr'><strong>possit,</strong></span> <span class='ocrx_word' id='word_1_748' title='bbox 2466 884 2522 910; x_wconf 87' lang='lat' dir='ltr'><strong>aut</strong></span> 
     </span>
     <span class='ocr_line' id='line_1_99' title="bbox 1440 920 2521 964; baseline 0.003 -12"><span class='ocrx_word' id='word_1_749' title='bbox 1440 920 1758 962; x_wconf 88' lang='lat' dir='ltr'><strong>quomodocumque</strong></span> <span class='ocrx_word' id='word_1_750' title='bbox 1781 921 1905 952; x_wconf 87' lang='lat' dir='ltr'><strong>variari.</strong></span> <span class='ocrx_word' id='word_1_751' title='bbox 1930 921 2014 953; x_wconf 88' lang='lat' dir='ltr'><strong>Nam</strong></span> <span class='ocrx_word' id='word_1_752' title='bbox 2038 922 2257 962; x_wconf 88' lang='lat' dir='ltr'><strong>posteriorum</strong></span> <span class='ocrx_word' id='word_1_753' title='bbox 2279 924 2412 955; x_wconf 79' lang='lat' dir='ltr'><strong>variatio</strong></span> <span class='ocrx_word' id='word_1_754' title='bbox 2432 924 2521 964; x_wconf 90' lang='lat' dir='ltr'><strong>prio-</strong></span> 
     </span>
     <span class='ocr_line' id='line_1_100' title="bbox 1440 966 2520 1008; baseline 0.002 -12"><span class='ocrx_word' id='word_1_755' title='bbox 1440 967 1528 997; x_wconf 87' lang='lat' dir='ltr'><strong>ribus</strong></span> <span class='ocrx_word' id='word_1_756' title='bbox 1556 966 1801 996; x_wconf 89' lang='lat' dir='ltr'><strong>variabilitatem</strong></span> <span class='ocrx_word' id='word_1_757' title='bbox 1831 976 1900 997; x_wconf 92' lang='lat' dir='ltr'><strong>non</strong></span> <span class='ocrx_word' id='word_1_758' title='bbox 1926 966 2067 997; x_wconf 91' lang='lat' dir='ltr'><strong>inducit:</strong></span> <span class='ocrx_word' id='word_1_759' title='bbox 2093 976 2169 998; x_wconf 91' lang='lat' dir='ltr'><strong>cum</strong></span> <span class='ocrx_word' id='word_1_760' title='bbox 2197 967 2365 1008; x_wconf 83' lang='lat' dir='ltr'><strong>contingat</strong></span> <span class='ocrx_word' id='word_1_761' title='bbox 2387 968 2520 1000; x_wconf 83' lang='lat' dir='ltr'><strong>effectus</strong></span> 
     </span>
     <span class='ocr_line' id='line_1_101' title="bbox 1440 1011 2520 1052; baseline 0.003 -11"><span class='ocrx_word' id='word_1_762' title='bbox 1440 1011 1574 1042; x_wconf 88' lang='lat' dir='ltr'><strong>ultimos</strong></span> <span class='ocrx_word' id='word_1_763' title='bbox 1589 1011 1816 1052; x_wconf 87' lang='lat' dir='ltr'><strong>contingentes</strong></span> <span class='ocrx_word' id='word_1_764' title='bbox 1831 1021 1911 1048; x_wconf 87' lang='lat' dir='ltr'><strong>esse,</strong></span> <span class='ocrx_word' id='word_1_765' title='bbox 1927 1012 2040 1052; x_wconf 89' lang='lat' dir='ltr'><strong>primis</strong></span> <span class='ocrx_word' id='word_1_766' title='bbox 2061 1012 2166 1044; x_wconf 91' lang='lat' dir='ltr'><strong>causis</strong></span> <span class='ocrx_word' id='word_1_767' title='bbox 2180 1012 2368 1043; x_wconf 88' lang='lat' dir='ltr'><strong>necessariis</strong></span> <span class='ocrx_word' id='word_1_768' title='bbox 2383 1013 2520 1044; x_wconf 82' lang='lat' dir='ltr'><strong>existen-</strong></span> 
     </span>
     <span class='ocr_line' id='line_1_102' title="bbox 1440 1055 2521 1097; baseline 0.002 -11"><span class='ocrx_word' id='word_1_769' title='bbox 1440 1056 1536 1087; x_wconf 90' lang='lat' dir='ltr'><strong>tibus.</strong></span> <span class='ocrx_word' id='word_1_770' title='bbox 1561 1056 1602 1086; x_wconf 86' lang='lat' dir='ltr'><strong>Et</strong></span> <span class='ocrx_word' id='word_1_771' title='bbox 1625 1055 1712 1092; x_wconf 91' lang='lat' dir='ltr'><strong>ideo,</strong></span> <span class='ocrx_word' id='word_1_772' title='bbox 1729 1065 1806 1087; x_wconf 89' lang='lat' dir='ltr'><strong>cum</strong></span> <span class='ocrx_word' id='word_1_773' title='bbox 1829 1066 1879 1087; x_wconf 88' lang='lat' dir='ltr'><strong>res</strong></span> <span class='ocrx_word' id='word_1_774' title='bbox 1902 1057 2000 1087; x_wconf 89' lang='lat' dir='ltr'><strong>scitae</strong></span> <span class='ocrx_word' id='word_1_775' title='bbox 2020 1066 2039 1087; x_wconf 91' lang='lat' dir='ltr'><strong>a</strong></span> <span class='ocrx_word' id='word_1_776' title='bbox 2054 1056 2127 1087; x_wconf 93' lang='lat' dir='ltr'><strong>Deo</strong></span> <span class='ocrx_word' id='word_1_777' title='bbox 2150 1057 2347 1097; x_wconf 90' lang='lat' dir='ltr'><strong>posteriores</strong></span> <span class='ocrx_word' id='word_1_778' title='bbox 2370 1057 2434 1088; x_wconf 90' lang='lat' dir='ltr'><strong>sint</strong></span> <span class='ocrx_word' id='word_1_779' title='bbox 2451 1058 2521 1089; x_wconf 92' lang='lat' dir='ltr'><strong>eius</strong></span> 
     </span>
     <span class='ocr_line' id='line_1_103' title="bbox 1439 1101 2522 1143; baseline 0.002 -12"><span class='ocrx_word' id='word_1_780' title='bbox 1439 1101 1584 1137; x_wconf 87' lang='lat' dir='ltr'><strong>scientia,</strong></span> <span class='ocrx_word' id='word_1_781' title='bbox 1601 1110 1669 1131; x_wconf 91' lang='lat' dir='ltr'><strong>non</strong></span> <span class='ocrx_word' id='word_1_782' title='bbox 1693 1106 1803 1132; x_wconf 91' lang='lat' dir='ltr'><strong>autem</strong></span> <span class='ocrx_word' id='word_1_783' title='bbox 1826 1101 1950 1141; x_wconf 87' lang='lat' dir='ltr'><strong>priores</strong></span> <span class='ocrx_word' id='word_1_784' title='bbox 1973 1102 2057 1132; x_wconf 91' lang='lat' dir='ltr'><strong>sicut</strong></span> <span class='ocrx_word' id='word_1_785' title='bbox 2086 1101 2175 1143; x_wconf 91' lang='lat' dir='ltr'><strong>apud</strong></span> <span class='ocrx_word' id='word_1_786' title='bbox 2204 1111 2276 1139; x_wconf 87' lang='lat' dir='ltr'><strong>nos,</strong></span> <span class='ocrx_word' id='word_1_787' title='bbox 2300 1102 2444 1143; x_wconf 85' lang='lat' dir='ltr'><strong>ipsarum</strong></span> <span class='ocrx_word' id='word_1_788' title='bbox 2467 1112 2522 1133; x_wconf 88' lang='lat' dir='ltr'><strong>va-</strong></span> 
     </span>
     <span class='ocr_line' id='line_1_104' title="bbox 1439 1145 2521 1188; baseline 0.002 -12"><span class='ocrx_word' id='word_1_789' title='bbox 1439 1146 1533 1177; x_wconf 88' lang='lat' dir='ltr'><strong>riatio</strong></span> <span class='ocrx_word' id='word_1_790' title='bbox 1556 1155 1626 1176; x_wconf 92' lang='lat' dir='ltr'><strong>non</strong></span> <span class='ocrx_word' id='word_1_791' title='bbox 1649 1145 1775 1177; x_wconf 89' lang='lat' dir='ltr'><strong>inducit</strong></span> <span class='ocrx_word' id='word_1_792' title='bbox 1797 1146 2011 1177; x_wconf 85' lang='lat' dir='ltr'><strong>variationem</strong></span> <span class='ocrx_word' id='word_1_793' title='bbox 2041 1147 2074 1177; x_wconf 90' lang='lat' dir='ltr'><strong>in</strong></span> <span class='ocrx_word' id='word_1_794' title='bbox 2104 1147 2237 1178; x_wconf 88' lang='lat' dir='ltr'><strong>scientia</strong></span> <span class='ocrx_word' id='word_1_795' title='bbox 2265 1146 2388 1178; x_wconf 89' lang='lat' dir='ltr'><strong>divina:</strong></span> <span class='ocrx_word' id='word_1_796' title='bbox 2412 1156 2521 1188; x_wconf 87' lang='lat' dir='ltr'><strong>neque</strong></span> 
     </span>
     <span class='ocr_line' id='line_1_105' title="bbox 1440 1190 2522 1233; baseline 0.002 -12"><span class='ocrx_word' id='word_1_797' title='bbox 1440 1190 1563 1222; x_wconf 86' lang='lat' dir='ltr'><strong>scilicet</strong></span> <span class='ocrx_word' id='word_1_798' title='bbox 1586 1190 1627 1221; x_wconf 90' lang='lat' dir='ltr'><strong>de</strong></span> <span class='ocrx_word' id='word_1_799' title='bbox 1650 1191 1783 1222; x_wconf 88' lang='lat' dir='ltr'><strong>veritate</strong></span> <span class='ocrx_word' id='word_1_800' title='bbox 1806 1191 1840 1221; x_wconf 91' lang='lat' dir='ltr'><strong>in</strong></span> <span class='ocrx_word' id='word_1_801' title='bbox 1864 1190 2046 1228; x_wconf 88' lang='lat' dir='ltr'><strong>falsitatem,</strong></span> <span class='ocrx_word' id='word_1_802' title='bbox 2069 1200 2179 1233; x_wconf 90' lang='lat' dir='ltr'><strong>neque</strong></span> <span class='ocrx_word' id='word_1_803' title='bbox 2209 1191 2250 1223; x_wconf 90' lang='lat' dir='ltr'><strong>de</strong></span> <span class='ocrx_word' id='word_1_804' title='bbox 2276 1193 2459 1233; x_wconf 82' lang='lat' dir='ltr'><strong>ignorantia</strong></span> <span class='ocrx_word' id='word_1_805' title='bbox 2481 1191 2522 1224; x_wconf 87' lang='lat' dir='ltr'><strong>ad</strong></span> 
     </span>
     <span class='ocr_line' id='line_1_106' title="bbox 1440 1234 2523 1278; baseline 0.002 -12"><span class='ocrx_word' id='word_1_806' title='bbox 1440 1236 1676 1276; x_wconf 89' lang='lat' dir='ltr'><strong>cognitionem.</strong></span> <span class='ocrx_word' id='word_1_807' title='bbox 1696 1252 1720 1257; x_wconf 94' lang='lat'><em>-</em></span> <span class='ocrx_word' id='word_1_808' title='bbox 1740 1234 1966 1267; x_wconf 86' lang='lat' dir='ltr'><strong>Committitur</strong></span> <span class='ocrx_word' id='word_1_809' title='bbox 1989 1245 2126 1277; x_wconf 92' lang='lat' dir='ltr'><strong>quoque</strong></span> <span class='ocrx_word' id='word_1_810' title='bbox 2149 1236 2275 1268; x_wconf 84' lang='lat' dir='ltr'><strong>fallacia</strong></span> <span class='ocrx_word' id='word_1_811' title='bbox 2297 1237 2523 1278; x_wconf 75' lang='lat' dir='ltr'><strong>consequentis</strong></span> 
     </span>
     <span class='ocr_line' id='line_1_107' title="bbox 1439 1279 2522 1322; baseline 0.001 -11"><span class='ocrx_word' id='word_1_812' title='bbox 1439 1281 1466 1311; x_wconf 92' lang='lat' dir='ltr'><strong>si</strong></span> <span class='ocrx_word' id='word_1_813' title='bbox 1490 1290 1529 1311; x_wconf 78' lang='lat' dir='ltr'><strong>ex</strong></span> <span class='ocrx_word' id='word_1_814' title='bbox 1552 1281 1616 1311; x_wconf 91' lang='lat' dir='ltr'><strong>hoc</strong></span> <span class='ocrx_word' id='word_1_815' title='bbox 1640 1279 1732 1321; x_wconf 91' lang='lat' dir='ltr'><strong>quod</strong></span> <span class='ocrx_word' id='word_1_816' title='bbox 1758 1286 1869 1312; x_wconf 92' lang='lat' dir='ltr'><strong>nostra</strong></span> <span class='ocrx_word' id='word_1_817' title='bbox 1893 1282 2038 1322; x_wconf 88' lang='lat' dir='ltr'><strong>cognitio</strong></span> <span class='ocrx_word' id='word_1_818' title='bbox 2062 1281 2102 1312; x_wconf 89' lang='lat' dir='ltr'><strong>de</strong></span> <span class='ocrx_word' id='word_1_819' title='bbox 2126 1283 2223 1313; x_wconf 87' lang='lat' dir='ltr'><strong>rebus</strong></span> <span class='ocrx_word' id='word_1_820' title='bbox 2245 1282 2451 1313; x_wconf 85' lang='lat' dir='ltr'><strong>variabilibus</strong></span> <span class='ocrx_word' id='word_1_821' title='bbox 2474 1288 2522 1314; x_wconf 88' lang='lat' dir='ltr'><strong>est</strong></span> 
     </span>
     <span class='ocr_line' id='line_1_108' title="bbox 1439 1325 2405 1367; baseline 0.003 -12"><span class='ocrx_word' id='word_1_822' title='bbox 1439 1325 1610 1362; x_wconf 86' lang='lat' dir='ltr'><strong>variabilis,</strong></span> <span class='ocrx_word' id='word_1_823' title='bbox 1634 1330 1786 1366; x_wconf 86' lang='lat' dir='ltr'><strong>arguatur</strong></span> <span class='ocrx_word' id='word_1_824' title='bbox 1809 1325 1841 1356; x_wconf 94' lang='lat' dir='ltr'><strong>id</strong></span> <span class='ocrx_word' id='word_1_825' title='bbox 1859 1327 1894 1357; x_wconf 93' lang='lat' dir='ltr'><strong>in</strong></span> <span class='ocrx_word' id='word_1_826' title='bbox 1917 1327 2011 1357; x_wconf 89' lang='lat' dir='ltr'><strong>omni</strong></span> <span class='ocrx_word' id='word_1_827' title='bbox 2035 1327 2224 1367; x_wconf 89' lang='lat' dir='ltr'><strong>cognitione</strong></span> <span class='ocrx_word' id='word_1_828' title='bbox 2247 1326 2405 1358; x_wconf 87' lang='lat' dir='ltr'><strong>accidere.</strong></span> 
     </span>
    </p>

    <p class='ocr_par' dir='ltr' id='par_1_19' title="bbox 1438 1370 2558 2077">
     <span class='ocr_line' id='line_1_109' title="bbox 1496 1370 2523 1412; baseline 0.002 -11"><span class='ocrx_word' id='word_1_829' title='bbox 1496 1370 1637 1402; x_wconf 88' lang='lat' dir='ltr'><strong>Adverte</strong></span> <span class='ocrx_word' id='word_1_830' title='bbox 1668 1370 1770 1411; x_wconf 88' lang='lat' dir='ltr'><strong>quod,</strong></span> <span class='ocrx_word' id='word_1_831' title='bbox 1795 1380 1872 1402; x_wconf 92' lang='lat' dir='ltr'><strong>cum</strong></span> <span class='ocrx_word' id='word_1_832' title='bbox 1901 1372 2046 1412; x_wconf 85' lang='lat' dir='ltr'><strong>arguitur</strong></span> <span class='ocrx_word' id='word_1_833' title='bbox 2075 1372 2132 1408; x_wconf 90' lang='lat' dir='ltr'><strong>sic,</strong></span> <span class='ocrx_word' id='word_1_834' title='bbox 2161 1371 2305 1403; x_wconf 76' lang='lat' dir='ltr'><strong>Scientia</strong></span> <span class='ocrx_word' id='word_1_835' title='bbox 2337 1377 2452 1403; x_wconf 80' lang='lat' dir='ltr'><strong>nostra</strong></span> <span class='ocrx_word' id='word_1_836' title='bbox 2481 1371 2523 1403; x_wconf 82' lang='lat' dir='ltr'><strong>de</strong></span> 
     </span>
     <span class='ocr_line' id='line_1_110' title="bbox 1440 1415 2522 1459; baseline 0.002 -13"><span class='ocrx_word' id='word_1_837' title='bbox 1440 1415 1536 1447; x_wconf 81' lang='lat' dir='ltr'><strong>rebus</strong></span> <span class='ocrx_word' id='word_1_838' title='bbox 1559 1415 1772 1447; x_wconf 78' lang='lat' dir='ltr'><strong>variabilibus</strong></span> <span class='ocrx_word' id='word_1_839' title='bbox 1794 1421 1842 1446; x_wconf 82' lang='lat' dir='ltr'><strong>est</strong></span> <span class='ocrx_word' id='word_1_840' title='bbox 1865 1416 2044 1453; x_wconf 78' lang='lat' dir='ltr'><strong>variabilis,</strong></span> <span class='ocrx_word' id='word_1_841' title='bbox 2059 1416 2156 1459; x_wconf 82' lang='lat' dir='ltr'><strong>Ergo</strong></span> <span class='ocrx_word' id='word_1_842' title='bbox 2175 1417 2283 1448; x_wconf 83' lang='lat' dir='ltr'><strong>omnis</strong></span> <span class='ocrx_word' id='word_1_843' title='bbox 2300 1417 2448 1459; x_wconf 79' lang='lat' dir='ltr'><strong>cognitio</strong></span> <span class='ocrx_word' id='word_1_844' title='bbox 2473 1422 2522 1448; x_wconf 80' lang='lat' dir='ltr'><strong>ta—</strong></span> 
     </span>
     <span class='ocr_line' id='line_1_111' title="bbox 1440 1460 2522 1496; baseline 0.002 -5"><span class='ocrx_word' id='word_1_845' title='bbox 1440 1461 1519 1492; x_wconf 84' lang='lat' dir='ltr'><strong>lium</strong></span> <span class='ocrx_word' id='word_1_846' title='bbox 1533 1466 1581 1492; x_wconf 85' lang='lat' dir='ltr'><strong>est</strong></span> <span class='ocrx_word' id='word_1_847' title='bbox 1595 1461 1775 1496; x_wconf 71' lang='lat' dir='ltr'><strong>variabilis,</strong></span> <span class='ocrx_word' id='word_1_848' title='bbox 1792 1470 1862 1492; x_wconf 90' lang='lat' dir='ltr'><strong>non</strong></span> <span class='ocrx_word' id='word_1_849' title='bbox 1877 1462 2092 1492; x_wconf 87' lang='lat' dir='ltr'><strong>committitur</strong></span> <span class='ocrx_word' id='word_1_850' title='bbox 2107 1460 2286 1494; x_wconf 82' lang='lat' dir='ltr'><strong>formaliter</strong></span> <span class='ocrx_word' id='word_1_851' title='bbox 2304 1461 2429 1493; x_wconf 87' lang='lat' dir='ltr'><strong>fallacia</strong></span> <span class='ocrx_word' id='word_1_852' title='bbox 2443 1471 2522 1493; x_wconf 82' lang='lat' dir='ltr'><strong>con·</strong></span> 
     </span>
     <span class='ocr_line' id='line_1_112' title="bbox 1438 1505 2523 1548; baseline 0.002 -11"><span class='ocrx_word' id='word_1_853' title='bbox 1438 1506 1619 1548; x_wconf 65' lang='lat' dir='ltr'><strong>sequentis:</strong></span> <span class='ocrx_word' id='word_1_854' title='bbox 1642 1516 1730 1543; x_wconf 89' lang='lat' dir='ltr'><strong>curn,</strong></span> <span class='ocrx_word' id='word_1_855' title='bbox 1754 1511 1791 1537; x_wconf 92' lang='lat' dir='ltr'><strong>ut</strong></span> <span class='ocrx_word' id='word_1_856' title='bbox 1814 1505 1931 1537; x_wconf 92' lang='lat' dir='ltr'><strong>dicitur</strong></span> <span class='ocrx_word' id='word_1_857' title='bbox 1954 1507 1988 1537; x_wconf 91' lang='lat' dir='ltr'><strong>in</strong></span> <span class='ocrx_word' id='word_1_858' title='bbox 2007 1512 2144 1538; x_wconf 84' lang='lat' dir='ltr'><strong>tractatu</strong></span> <span class='ocrx_word' id='word_1_859' title='bbox 2167 1507 2393 1538; x_wconf 82' lang='lat' dir='ltr'><strong>Fallaciarum</strong></span> <span class='ocrx_word' id='word_1_860' title='bbox 2413 1506 2523 1539; x_wconf 80' lang='lat' dir='ltr'><strong>Sancti</strong></span> 
     </span>
     <span class='ocr_line' id='line_1_113' title="bbox 1439 1550 2558 1588; baseline 0.001 -6"><span class='ocrx_word' id='word_1_861' title='bbox 1439 1551 1590 1582; x_wconf 84' lang='lat' dir='ltr'><strong>Thornae</strong></span> <span class='ocrx_word' id='word_1_862' title='bbox 1606 1552 1634 1588; x_wconf 47' lang='grc' dir='ltr'>ἡ</span> <span class='ocrx_word' id='word_1_863' title='bbox 1658 1551 1712 1582; x_wconf 91' lang='lat' dir='ltr'><strong>illa</strong></span> <span class='ocrx_word' id='word_1_864' title='bbox 1735 1550 1860 1582; x_wconf 85' lang='lat' dir='ltr'><strong>fallacia</strong></span> <span class='ocrx_word' id='word_1_865' title='bbox 1883 1551 2009 1583; x_wconf 87' lang='lat' dir='ltr'><strong>accidat</strong></span> <span class='ocrx_word' id='word_1_866' title='bbox 2033 1557 2160 1583; x_wconf 89' lang='lat' dir='ltr'><strong>tantum</strong></span> <span class='ocrx_word' id='word_1_867' title='bbox 2188 1553 2221 1583; x_wconf 91' lang='lat' dir='ltr'><strong>in</strong></span> <span class='ocrx_word' id='word_1_868' title='bbox 2245 1552 2522 1584; x_wconf 85' lang='lat' dir='ltr'><strong>conditionalibus</strong></span> <span class='ocrx_word' id='word_1_869' title='bbox 2548 1556 2558 1566; x_wconf 93' lang='grc'>·</span> 
     </span>
     <span class='ocr_line' id='line_1_114' title="bbox 1439 1595 2522 1637; baseline 0.002 -11"><span class='ocrx_word' id='word_1_870' title='bbox 1439 1596 1784 1637; x_wconf 87' lang='lat' dir='ltr'><strong>argumentationibus.</strong></span> <span class='ocrx_word' id='word_1_871' title='bbox 1816 1595 1881 1627; x_wconf 89' lang='lat' dir='ltr'><strong>Sed</strong></span> <span class='ocrx_word' id='word_1_872' title='bbox 1903 1602 2013 1628; x_wconf 89' lang='lat' dir='ltr'><strong>tamen</strong></span> <span class='ocrx_word' id='word_1_873' title='bbox 2036 1596 2214 1628; x_wconf 87' lang='lat' dir='ltr'><strong>virtualiter</strong></span> <span class='ocrx_word' id='word_1_874' title='bbox 2236 1602 2269 1628; x_wconf 91' lang='lat' dir='ltr'><strong>et</strong></span> <span class='ocrx_word' id='word_1_875' title='bbox 2296 1596 2522 1629; x_wconf 77' lang='lat' dir='ltr'><strong>fundamenta-</strong></span> 
     </span>
     <span class='ocr_line' id='line_1_115' title="bbox 1438 1640 2520 1678; baseline 0.002 -6"><span class='ocrx_word' id='word_1_876' title='bbox 1438 1642 1511 1673; x_wconf 89' lang='lat' dir='ltr'><strong>liter</strong></span> <span class='ocrx_word' id='word_1_877' title='bbox 1534 1641 1604 1672; x_wconf 83' lang='lat' dir='ltr'><strong>talis</strong></span> <span class='ocrx_word' id='word_1_878' title='bbox 1627 1640 1752 1672; x_wconf 82' lang='lat' dir='ltr'><strong>fallacia</strong></span> <span class='ocrx_word' id='word_1_879' title='bbox 1776 1641 2000 1677; x_wconf 88' lang='lat' dir='ltr'><strong>committitur,</strong></span> <span class='ocrx_word' id='word_1_880' title='bbox 2017 1642 2101 1673; x_wconf 90' lang='lat' dir='ltr'><strong>sicut</strong></span> <span class='ocrx_word' id='word_1_881' title='bbox 2123 1642 2157 1673; x_wconf 89' lang='lat' dir='ltr'><strong>in</strong></span> <span class='ocrx_word' id='word_1_882' title='bbox 2180 1642 2251 1678; x_wconf 88' lang='lat' dir='ltr'><strong>ista,</strong></span> <span class='ocrx_word' id='word_1_883' title='bbox 2266 1641 2380 1673; x_wconf 90' lang='lat' dir='ltr'><strong>Homo</strong></span> <span class='ocrx_word' id='word_1_884' title='bbox 2403 1642 2520 1678; x_wconf 80' lang='lat' dir='ltr'><strong>currit,</strong></span> 
     </span>
     <span class='ocr_line' id='line_1_116' title="bbox 1439 1685 2522 1728; baseline 0.001 -11"><span class='ocrx_word' id='word_1_885' title='bbox 1439 1686 1534 1728; x_wconf 82' lang='lat' dir='ltr'><strong>Ergo</strong></span> <span class='ocrx_word' id='word_1_886' title='bbox 1552 1695 1648 1717; x_wconf 87' lang='lat' dir='ltr'><strong>omne</strong></span> <span class='ocrx_word' id='word_1_887' title='bbox 1663 1685 1790 1716; x_wconf 85' lang='lat' dir='ltr'><strong>animal</strong></span> <span class='ocrx_word' id='word_1_888' title='bbox 1804 1686 1930 1717; x_wconf 84' lang='lat' dir='ltr'><strong>cur-rit:</strong></span> <span class='ocrx_word' id='word_1_889' title='bbox 1945 1687 2023 1727; x_wconf 89' lang='lat' dir='ltr'><strong>quia</strong></span> <span class='ocrx_word' id='word_1_890' title='bbox 2038 1687 2215 1718; x_wconf 85' lang='lat' dir='ltr'><strong>virtualiter</strong></span> <span class='ocrx_word' id='word_1_891' title='bbox 2230 1687 2416 1719; x_wconf 88' lang='lat' dir='ltr'><strong>continetur</strong></span> <span class='ocrx_word' id='word_1_892' title='bbox 2427 1695 2522 1728; x_wconf 88' lang='lat' dir='ltr'><strong>argu-</strong></span> 
     </span>
     <span class='ocr_line' id='line_1_117' title="bbox 1439 1731 2521 1773; baseline 0.001 -11"><span class='ocrx_word' id='word_1_893' title='bbox 1439 1732 1597 1763; x_wconf 90' lang='lat' dir='ltr'><strong>mentatio</strong></span> <span class='ocrx_word' id='word_1_894' title='bbox 1621 1741 1639 1761; x_wconf 86' lang='lat' dir='ltr'><strong>a</strong></span> <span class='ocrx_word' id='word_1_895' title='bbox 1663 1731 1826 1771; x_wconf 90' lang='lat' dir='ltr'><strong>positione</strong></span> <span class='ocrx_word' id='word_1_896' title='bbox 1850 1732 2083 1772; x_wconf 90' lang='lat' dir='ltr'><strong>consequentis</strong></span> <span class='ocrx_word' id='word_1_897' title='bbox 2105 1731 2146 1762; x_wconf 84' lang='lat' dir='ltr'><strong>ad</strong></span> <span class='ocrx_word' id='word_1_898' title='bbox 2169 1732 2369 1773; x_wconf 85' lang='lat' dir='ltr'><strong>positionem</strong></span> <span class='ocrx_word' id='word_1_899' title='bbox 2392 1737 2521 1764; x_wconf 86' lang='lat' dir='ltr'><strong>antece-</strong></span> 
     </span>
     <span class='ocr_line' id='line_1_118' title="bbox 1439 1774 2520 1819; baseline 0.001 -12"><span class='ocrx_word' id='word_1_900' title='bbox 1439 1775 1555 1813; x_wconf 91' lang='lat' dir='ltr'><strong>dentis,</strong></span> <span class='ocrx_word' id='word_1_901' title='bbox 1571 1777 1617 1807; x_wconf 90' lang='lat' dir='ltr'><strong>sic</strong></span> <span class='ocrx_word' id='word_1_902' title='bbox 1634 1775 1812 1816; x_wconf 86' lang='lat' dir='ltr'><strong>arguendo,</strong></span> <span class='ocrx_word' id='word_1_903' title='bbox 1829 1774 1866 1806; x_wconf 80' lang='lat' dir='ltr'><strong>Si</strong></span> <span class='ocrx_word' id='word_1_904' title='bbox 1880 1777 1977 1807; x_wconf 81' lang='lat' dir='ltr'><strong>homo</strong></span> <span class='ocrx_word' id='word_1_905' title='bbox 1997 1777 2112 1812; x_wconf 84' lang='lat' dir='ltr'><strong>currit,</strong></span> <span class='ocrx_word' id='word_1_906' title='bbox 2129 1777 2257 1808; x_wconf 80' lang='lat' dir='ltr'><strong>animal</strong></span> <span class='ocrx_word' id='word_1_907' title='bbox 2271 1777 2395 1808; x_wconf 84' lang='lat' dir='ltr'><strong>currit:</strong></span> <span class='ocrx_word' id='word_1_908' title='bbox 2412 1777 2520 1819; x_wconf 74' lang='lat' dir='ltr'><strong>Ergo,</strong></span> 
     </span>
     <span class='ocr_line' id='line_1_119' title="bbox 1438 1820 2521 1862; baseline 0.001 -10"><span class='ocrx_word' id='word_1_909' title='bbox 1438 1822 1468 1852; x_wconf 82' lang='lat' dir='ltr'><strong>si</strong></span> <span class='ocrx_word' id='word_1_910' title='bbox 1491 1821 1618 1852; x_wconf 84' lang='lat' dir='ltr'><strong>animal</strong></span> <span class='ocrx_word' id='word_1_911' title='bbox 1641 1820 1755 1857; x_wconf 83' lang='lat' dir='ltr'><strong>currit,</strong></span> <span class='ocrx_word' id='word_1_912' title='bbox 1779 1820 1877 1851; x_wconf 76' lang='lat' dir='ltr'><strong>homo</strong></span> <span class='ocrx_word' id='word_1_913' title='bbox 1901 1822 2027 1852; x_wconf 81' lang='lat' dir='ltr'><strong>currit:</strong></span> <span class='ocrx_word' id='word_1_914' title='bbox 2050 1826 2207 1862; x_wconf 86' lang='lat' dir='ltr'><strong>tanquam</strong></span> <span class='ocrx_word' id='word_1_915' title='bbox 2229 1821 2380 1853; x_wconf 87' lang='lat' dir='ltr'><strong>videlicet</strong></span> <span class='ocrx_word' id='word_1_916' title='bbox 2405 1830 2521 1853; x_wconf 79' lang='lat' dir='ltr'><strong>conse-</strong></span> 
     </span>
     <span class='ocr_line' id='line_1_120' title="bbox 1439 1864 2521 1908; baseline 0.002 -12"><span class='ocrx_word' id='word_1_917' title='bbox 1439 1875 1544 1907; x_wconf 90' lang='lat' dir='ltr'><strong>quens</strong></span> <span class='ocrx_word' id='word_1_918' title='bbox 1560 1865 1599 1896; x_wconf 90' lang='lat' dir='ltr'><strong>sit</strong></span> <span class='ocrx_word' id='word_1_919' title='bbox 1615 1866 1753 1896; x_wconf 90' lang='lat' dir='ltr'><strong>omnino</strong></span> <span class='ocrx_word' id='word_1_920' title='bbox 1769 1864 1857 1896; x_wconf 89' lang='lat' dir='ltr'><strong>idem</strong></span> <span class='ocrx_word' id='word_1_921' title='bbox 1876 1875 1953 1896; x_wconf 87' lang='lat' dir='ltr'><strong>cum</strong></span> <span class='ocrx_word' id='word_1_922' title='bbox 1975 1865 2199 1897; x_wconf 84' lang='lat' dir='ltr'><strong>antecedente.</strong></span> <span class='ocrx_word' id='word_1_923' title='bbox 2216 1865 2369 1897; x_wconf 89' lang='lat' dir='ltr'><strong>Similiter</strong></span> <span class='ocrx_word' id='word_1_924' title='bbox 2391 1866 2426 1897; x_wconf 90' lang='lat' dir='ltr'><strong>in</strong></span> <span class='ocrx_word' id='word_1_925' title='bbox 2444 1875 2521 1908; x_wconf 85' lang='lat' dir='ltr'><strong>pro·</strong></span> 
     </span>
     <span class='ocr_line' id='line_1_121' title="bbox 1439 1909 2521 1952; baseline 0.003 -12"><span class='ocrx_word' id='word_1_926' title='bbox 1439 1911 1548 1952; x_wconf 88' lang='lat' dir='ltr'><strong>posito</strong></span> <span class='ocrx_word' id='word_1_927' title='bbox 1580 1910 1756 1941; x_wconf 86' lang='lat' dir='ltr'><strong>virtualiter</strong></span> <span class='ocrx_word' id='word_1_928' title='bbox 1786 1910 1974 1941; x_wconf 87' lang='lat' dir='ltr'><strong>continetur</strong></span> <span class='ocrx_word' id='word_1_929' title='bbox 2005 1910 2118 1941; x_wconf 90' lang='lat' dir='ltr'><strong>similis</strong></span> <span class='ocrx_word' id='word_1_930' title='bbox 2147 1909 2400 1952; x_wconf 83' lang='lat' dir='ltr'><strong>argumentatio:</strong></span> <span class='ocrx_word' id='word_1_931' title='bbox 2429 1920 2467 1946; x_wconf 83' lang='lat' dir='ltr'><strong>ac</strong></span> <span class='ocrx_word' id='word_1_932' title='bbox 2494 1912 2521 1943; x_wconf 79' lang='lat' dir='ltr'><strong>si</strong></span> 
     </span>
     <span class='ocr_line' id='line_1_122' title="bbox 1440 1954 2521 1995; baseline 0.003 -10"><span class='ocrx_word' id='word_1_933' title='bbox 1440 1955 1578 1986; x_wconf 90' lang='lat' dir='ltr'><strong>omnino</strong></span> <span class='ocrx_word' id='word_1_934' title='bbox 1599 1955 1639 1985; x_wconf 94' lang='lat' dir='ltr'><strong>sit</strong></span> <span class='ocrx_word' id='word_1_935' title='bbox 1659 1954 1745 1985; x_wconf 92' lang='lat' dir='ltr'><strong>idem</strong></span> <span class='ocrx_word' id='word_1_936' title='bbox 1770 1955 1995 1995; x_wconf 88' lang='lat' dir='ltr'><strong>cognitionem</strong></span> <span class='ocrx_word' id='word_1_937' title='bbox 2018 1960 2163 1986; x_wconf 87' lang='lat' dir='ltr'><strong>nostram</strong></span> <span class='ocrx_word' id='word_1_938' title='bbox 2186 1964 2296 1987; x_wconf 89' lang='lat' dir='ltr'><strong>rerum</strong></span> <span class='ocrx_word' id='word_1_939' title='bbox 2318 1955 2521 1988; x_wconf 83' lang='lat' dir='ltr'><strong>variabilium</strong></span> 
     </span>
     <span class='ocr_line' id='line_1_123' title="bbox 1439 1999 2521 2040; baseline 0.002 -10"><span class='ocrx_word' id='word_1_940' title='bbox 1439 1999 1626 2030; x_wconf 86' lang='lat' dir='ltr'><strong>variabilem</strong></span> <span class='ocrx_word' id='word_1_941' title='bbox 1649 2009 1730 2036; x_wconf 89' lang='lat' dir='ltr'><strong>esse,</strong></span> <span class='ocrx_word' id='word_1_942' title='bbox 1758 2005 1790 2030; x_wconf 92' lang='lat' dir='ltr'><strong>et</strong></span> <span class='ocrx_word' id='word_1_943' title='bbox 1813 1999 1962 2031; x_wconf 88' lang='lat' dir='ltr'><strong>absolute</strong></span> <span class='ocrx_word' id='word_1_944' title='bbox 1986 2000 2210 2040; x_wconf 88' lang='lat' dir='ltr'><strong>cognitionem</strong></span> <span class='ocrx_word' id='word_1_945' title='bbox 2233 1999 2347 2031; x_wconf 71' lang='lat' dir='ltr'><strong>talium</strong></span> <span class='ocrx_word' id='word_1_946' title='bbox 2372 2009 2443 2032; x_wconf 85' lang='lat' dir='ltr'><strong>esse</strong></span> <span class='ocrx_word' id='word_1_947' title='bbox 2466 2010 2521 2032; x_wconf 83' lang='lat' dir='ltr'><strong>va-</strong></span> 
     </span>
     <span class='ocr_line' id='line_1_124' title="bbox 1439 2044 2479 2077; baseline 0.002 -2"><span class='ocrx_word' id='word_1_948' title='bbox 1439 2044 1597 2075; x_wconf 85' lang='lat' dir='ltr'><strong>riabilem.</strong></span> <span class='ocrx_word' id='word_1_949' title='bbox 2476 2076 2479 2077; x_wconf 13' lang='grc' dir='ltr'><em>γ</em></span> 
     </span>
    </p>

    <p class='ocr_par' dir='ltr' id='par_1_20' title="bbox 1439 2088 2522 2668">
     <span class='ocr_line' id='line_1_125' title="bbox 1496 2088 2522 2131; baseline 0.002 -12"><span class='ocrx_word' id='word_1_950' title='bbox 1496 2088 1610 2120; x_wconf 87' lang='lat' dir='ltr'><strong>XVIII.</strong></span> <span class='ocrx_word' id='word_1_951' title='bbox 1635 2088 1699 2120; x_wconf 91' lang='lat' dir='ltr'><strong>Sed</strong></span> <span class='ocrx_word' id='word_1_952' title='bbox 1723 2089 1865 2120; x_wconf 89' lang='lat' dir='ltr'><strong>occurrit</strong></span> <span class='ocrx_word' id='word_1_953' title='bbox 1887 2088 2025 2120; x_wconf 89' lang='lat' dir='ltr'><strong>dubium</strong></span> <span class='ocrx_word' id='word_1_954' title='bbox 2053 2090 2137 2120; x_wconf 89' lang='lat' dir='ltr'><strong>circa</strong></span> <span class='ocrx_word' id='word_1_955' title='bbox 2160 2090 2300 2130; x_wconf 86' lang='lat' dir='ltr'><strong>primam</strong></span> <span class='ocrx_word' id='word_1_956' title='bbox 2323 2095 2449 2131; x_wconf 84' lang='lat' dir='ltr'><strong>partem</strong></span> <span class='ocrx_word' id='word_1_957' title='bbox 2472 2098 2522 2121; x_wconf 81' lang='lat' dir='ltr'><strong>re·</strong></span> 
     </span>
     <span class='ocr_line' id='line_1_126' title="bbox 1439 2133 2522 2175; baseline 0.001 -10"><span class='ocrx_word' id='word_1_958' title='bbox 1439 2134 1637 2175; x_wconf 90' lang='lat' dir='ltr'><strong>sponsionis.</strong></span> <span class='ocrx_word' id='word_1_959' title='bbox 1660 2134 1751 2165; x_wconf 90' lang='lat' dir='ltr'><strong>Licet</strong></span> <span class='ocrx_word' id='word_1_960' title='bbox 1767 2134 1855 2164; x_wconf 90' lang='lat' dir='ltr'><strong>enim</strong></span> <span class='ocrx_word' id='word_1_961' title='bbox 1871 2134 2005 2165; x_wconf 80' lang='lat' dir='ltr'><strong>variatio</strong></span> <span class='ocrx_word' id='word_1_962' title='bbox 2022 2134 2210 2175; x_wconf 84' lang='lat' dir='ltr'><strong>posterioris</strong></span> <span class='ocrx_word' id='word_1_963' title='bbox 2224 2143 2294 2166; x_wconf 87' lang='lat' dir='ltr'><strong>non</strong></span> <span class='ocrx_word' id='word_1_964' title='bbox 2310 2133 2442 2166; x_wconf 80' lang='lat' dir='ltr'><strong>inducat</strong></span> <span class='ocrx_word' id='word_1_965' title='bbox 2463 2143 2522 2166; x_wconf 84' lang='lat' dir='ltr'><strong>ne-</strong></span> 
     </span>
     <span class='ocr_line' id='line_1_127' title="bbox 1440 2179 2522 2221; baseline 0.001 -11"><span class='ocrx_word' id='word_1_966' title='bbox 1440 2179 1578 2210; x_wconf 87' lang='lat' dir='ltr'><strong>cessario</strong></span> <span class='ocrx_word' id='word_1_967' title='bbox 1593 2179 1807 2210; x_wconf 89' lang='lat' dir='ltr'><strong>variationem</strong></span> <span class='ocrx_word' id='word_1_968' title='bbox 1822 2179 1939 2219; x_wconf 87' lang='lat' dir='ltr'><strong>prioris</strong></span> <span class='ocrx_word' id='word_1_969' title='bbox 1960 2179 1995 2210; x_wconf 90' lang='lat' dir='ltr'><strong>in</strong></span> <span class='ocrx_word' id='word_1_970' title='bbox 2010 2179 2176 2216; x_wconf 88' lang='lat' dir='ltr'><strong>omnibus,</strong></span> <span class='ocrx_word' id='word_1_971' title='bbox 2192 2179 2250 2210; x_wconf 90' lang='lat' dir='ltr'><strong>ubi</strong></span> <span class='ocrx_word' id='word_1_972' title='bbox 2263 2185 2375 2210; x_wconf 84' lang='lat' dir='ltr'><strong>tamen</strong></span> <span class='ocrx_word' id='word_1_973' title='bbox 2391 2184 2522 2221; x_wconf 83' lang='lat' dir='ltr'><strong>oportet</strong></span> 
     </span>
     <span class='ocr_line' id='line_1_128' title="bbox 1439 2223 2521 2264; baseline 0.001 -9"><span class='ocrx_word' id='word_1_974' title='bbox 1439 2225 1528 2264; x_wconf 89' lang='lat' dir='ltr'><strong>prius</strong></span> <span class='ocrx_word' id='word_1_975' title='bbox 1552 2229 1584 2255; x_wconf 90' lang='lat' dir='ltr'><strong>et</strong></span> <span class='ocrx_word' id='word_1_976' title='bbox 1614 2224 1776 2264; x_wconf 89' lang='lat' dir='ltr'><strong>posterius</strong></span> <span class='ocrx_word' id='word_1_977' title='bbox 1799 2232 1869 2254; x_wconf 90' lang='lat' dir='ltr'><strong>esse</strong></span> <span class='ocrx_word' id='word_1_978' title='bbox 1897 2223 2087 2264; x_wconf 79' lang='lat' dir='ltr'><strong>adaequata,</strong></span> <span class='ocrx_word' id='word_1_979' title='bbox 2110 2224 2156 2255; x_wconf 88' lang='lat' dir='ltr'><strong>ibi</strong></span> <span class='ocrx_word' id='word_1_980' title='bbox 2182 2224 2376 2260; x_wconf 87' lang='lat' dir='ltr'><strong>necessario,</strong></span> <span class='ocrx_word' id='word_1_981' title='bbox 2399 2225 2521 2256; x_wconf 82' lang='lat' dir='ltr'><strong>variato</strong></span> 
     </span>
     <span class='ocr_line' id='line_1_129' title="bbox 1439 2268 2521 2310; baseline 0.001 -11"><span class='ocrx_word' id='word_1_982' title='bbox 1439 2278 1519 2305; x_wconf 91' lang='lat' dir='ltr'><strong>uno,</strong></span> <span class='ocrx_word' id='word_1_983' title='bbox 1543 2278 1676 2299; x_wconf 86' lang='lat' dir='ltr'><strong>necesse</strong></span> <span class='ocrx_word' id='word_1_984' title='bbox 1700 2274 1748 2299; x_wconf 87' lang='lat' dir='ltr'><strong>est</strong></span> <span class='ocrx_word' id='word_1_985' title='bbox 1774 2268 1911 2299; x_wconf 88' lang='lat' dir='ltr'><strong>alterum</strong></span> <span class='ocrx_word' id='word_1_986' title='bbox 1935 2269 2059 2304; x_wconf 86' lang='lat' dir='ltr'><strong>variari,</strong></span> <span class='ocrx_word' id='word_1_987' title='bbox 2083 2268 2110 2300; x_wconf 90' lang='lat' dir='ltr'><strong>si</strong></span> <span class='ocrx_word' id='word_1_988' title='bbox 2133 2268 2250 2300; x_wconf 86' lang='lat' dir='ltr'><strong>debeat</strong></span> <span class='ocrx_word' id='word_1_989' title='bbox 2271 2268 2449 2310; x_wconf 71' lang='lat' dir='ltr'><strong>aequalitas</strong></span> <span class='ocrx_word' id='word_1_990' title='bbox 2470 2278 2521 2300; x_wconf 87' lang='lat' dir='ltr'><strong>re·</strong></span> 
     </span>
     <span class='ocr_line' id='line_1_130' title="bbox 1439 2313 2522 2355; baseline 0.002 -11"><span class='ocrx_word' id='word_1_991' title='bbox 1439 2323 1587 2344; x_wconf 88' lang='lat' dir='ltr'><strong>manere:</strong></span> <span class='ocrx_word' id='word_1_992' title='bbox 1616 2322 1703 2350; x_wconf 89' lang='lat' dir='ltr'><strong>nam,</strong></span> <span class='ocrx_word' id='word_1_993' title='bbox 1734 2313 1760 2344; x_wconf 87' lang='lat' dir='ltr'><strong>si</strong></span> <span class='ocrx_word' id='word_1_994' title='bbox 1789 2313 1828 2344; x_wconf 85' lang='lat' dir='ltr'><strong>ab</strong></span> <span class='ocrx_word' id='word_1_995' title='bbox 1857 2322 1925 2344; x_wconf 88' lang='lat' dir='ltr'><strong>uno</strong></span> <span class='ocrx_word' id='word_1_996' title='bbox 1956 2313 2143 2354; x_wconf 86' lang='lat' dir='ltr'><strong>aequalium</strong></span> <span class='ocrx_word' id='word_1_997' title='bbox 2170 2319 2376 2345; x_wconf 89' lang='lat' dir='ltr'><strong>removeatur</strong></span> <span class='ocrx_word' id='word_1_998' title='bbox 2398 2313 2522 2355; x_wconf 84' lang='lat' dir='ltr'><strong>aliquid</strong></span> 
     </span>
     <span class='ocr_line' id='line_1_131' title="bbox 1440 2358 2521 2399; baseline 0 -9"><span class='ocrx_word' id='word_1_999' title='bbox 1440 2358 1637 2399; x_wconf 84' lang='lat' dir='ltr'><strong>quantitatis,</strong></span> <span class='ocrx_word' id='word_1_1000' title='bbox 1653 2367 1722 2389; x_wconf 91' lang='lat' dir='ltr'><strong>non</strong></span> <span class='ocrx_word' id='word_1_1001' title='bbox 1739 2363 1906 2389; x_wconf 90' lang='lat' dir='ltr'><strong>remanent</strong></span> <span class='ocrx_word' id='word_1_1002' title='bbox 1926 2358 2066 2399; x_wconf 86' lang='lat' dir='ltr'><strong>amplius</strong></span> <span class='ocrx_word' id='word_1_1003' title='bbox 2081 2358 2229 2399; x_wconf 86' lang='lat' dir='ltr'><strong>aequalia</strong></span> <span class='ocrx_word' id='word_1_1004' title='bbox 2247 2358 2309 2389; x_wconf 88' lang='lat' dir='ltr'><strong>nisi</strong></span> <span class='ocrx_word' id='word_1_1005' title='bbox 2328 2358 2521 2390; x_wconf 80' lang='lat' dir='ltr'><strong>tantundem</strong></span> 
     </span>
     <span class='ocr_line' id='line_1_132' title="bbox 1440 2401 2521 2439; baseline 0.001 -5"><span class='ocrx_word' id='word_1_1006' title='bbox 1440 2404 1480 2434; x_wconf 91' lang='lat' dir='ltr'><strong>ab</strong></span> <span class='ocrx_word' id='word_1_1007' title='bbox 1504 2403 1568 2434; x_wconf 88' lang='lat' dir='ltr'><strong>alio</strong></span> <span class='ocrx_word' id='word_1_1008' title='bbox 1584 2408 1800 2434; x_wconf 88' lang='lat' dir='ltr'><strong>removeatur.</strong></span> <span class='ocrx_word' id='word_1_1009' title='bbox 1818 2401 1932 2439; x_wconf 90' lang='lat' dir='ltr'><strong>Modo,</strong></span> <span class='ocrx_word' id='word_1_1010' title='bbox 1948 2403 2032 2434; x_wconf 91' lang='lat' dir='ltr'><strong>inter</strong></span> <span class='ocrx_word' id='word_1_1011' title='bbox 2046 2403 2214 2434; x_wconf 87' lang='lat' dir='ltr'><strong>scientiam</strong></span> <span class='ocrx_word' id='word_1_1012' title='bbox 2234 2402 2377 2434; x_wconf 85' lang='lat' dir='ltr'><strong>divinam</strong></span> <span class='ocrx_word' id='word_1_1013' title='bbox 2400 2409 2433 2434; x_wconf 92' lang='lat' dir='ltr'><strong>et</strong></span> <span class='ocrx_word' id='word_1_1014' title='bbox 2451 2402 2521 2435; x_wconf 82' lang='lat' dir='ltr'><strong>rem</strong></span> 
     </span>
     <span class='ocr_line' id='line_1_133' title="bbox 1439 2447 2521 2488; baseline 0.001 -10"><span class='ocrx_word' id='word_1_1015' title='bbox 1439 2448 1553 2479; x_wconf 90' lang='lat' dir='ltr'><strong>scitam</strong></span> <span class='ocrx_word' id='word_1_1016' title='bbox 1570 2453 1702 2488; x_wconf 89' lang='lat' dir='ltr'><strong>oportet</strong></span> <span class='ocrx_word' id='word_1_1017' title='bbox 1717 2457 1787 2479; x_wconf 91' lang='lat' dir='ltr'><strong>esse</strong></span> <span class='ocrx_word' id='word_1_1018' title='bbox 1809 2447 2095 2488; x_wconf 88' lang='lat' dir='ltr'><strong>adaequationem:</strong></span> <span class='ocrx_word' id='word_1_1019' title='bbox 2121 2457 2198 2480; x_wconf 90' lang='lat' dir='ltr'><strong>cum</strong></span> <span class='ocrx_word' id='word_1_1020' title='bbox 2221 2448 2263 2479; x_wconf 89' lang='lat' dir='ltr'><strong>de</strong></span> <span class='ocrx_word' id='word_1_1021' title='bbox 2286 2449 2412 2479; x_wconf 88' lang='lat' dir='ltr'><strong>ratione</strong></span> <span class='ocrx_word' id='word_1_1022' title='bbox 2426 2457 2521 2480; x_wconf 83' lang='lat' dir='ltr'><strong>verae</strong></span> 
     </span>
     <span class='ocr_line' id='line_1_134' title="bbox 1441 2491 2520 2534; baseline 0 -10"><span class='ocrx_word' id='word_1_1023' title='bbox 1441 2493 1637 2533; x_wconf 88' lang='lat' dir='ltr'><strong>cognitionis</strong></span> <span class='ocrx_word' id='word_1_1024' title='bbox 1666 2493 1707 2523; x_wconf 91' lang='lat' dir='ltr'><strong>sit</strong></span> <span class='ocrx_word' id='word_1_1025' title='bbox 1737 2491 1942 2533; x_wconf 87' lang='lat' dir='ltr'><strong>adaequatio.</strong></span> <span class='ocrx_word' id='word_1_1026' title='bbox 1970 2492 2069 2534; x_wconf 87' lang='lat' dir='ltr'><strong>Ergo,</strong></span> <span class='ocrx_word' id='word_1_1027' title='bbox 2094 2492 2176 2524; x_wconf 79' lang='lat' dir='ltr'><strong>facta</strong></span> <span class='ocrx_word' id='word_1_1028' title='bbox 2203 2493 2382 2524; x_wconf 88' lang='lat' dir='ltr'><strong>variatione</strong></span> <span class='ocrx_word' id='word_1_1029' title='bbox 2412 2493 2446 2524; x_wconf 91' lang='lat' dir='ltr'><strong>in</strong></span> <span class='ocrx_word' id='word_1_1030' title='bbox 2475 2502 2520 2528; x_wconf 84' lang='lat' dir='ltr'><strong>re,</strong></span> 
     </span>
     <span class='ocr_line' id='line_1_135' title="bbox 1440 2537 2522 2579; baseline 0.001 -11"><span class='ocrx_word' id='word_1_1031' title='bbox 1440 2546 1572 2568; x_wconf 90' lang='lat' dir='ltr'><strong>necesse</strong></span> <span class='ocrx_word' id='word_1_1032' title='bbox 1596 2542 1644 2568; x_wconf 91' lang='lat' dir='ltr'><strong>est</strong></span> <span class='ocrx_word' id='word_1_1033' title='bbox 1666 2542 1722 2568; x_wconf 89' lang='lat' dir='ltr'><strong>aut</strong></span> <span class='ocrx_word' id='word_1_1034' title='bbox 1745 2537 1863 2568; x_wconf 88' lang='lat' dir='ltr'><strong>mutari</strong></span> <span class='ocrx_word' id='word_1_1035' title='bbox 1887 2538 2109 2578; x_wconf 87' lang='lat' dir='ltr'><strong>cognitionem</strong></span> <span class='ocrx_word' id='word_1_1036' title='bbox 2133 2547 2192 2579; x_wconf 91' lang='lat' dir='ltr'><strong>per</strong></span> <span class='ocrx_word' id='word_1_1037' title='bbox 2213 2547 2334 2569; x_wconf 89' lang='lat' dir='ltr'><strong>novam</strong></span> <span class='ocrx_word' id='word_1_1038' title='bbox 2361 2537 2522 2569; x_wconf 76' lang='lat' dir='ltr'><strong>existima·</strong></span> 
     </span>
     <span class='ocr_line' id='line_1_136' title="bbox 1439 2581 2522 2623; baseline 0 -9"><span class='ocrx_word' id='word_1_1039' title='bbox 1439 2583 1580 2617; x_wconf 70' lang='lat' dir='ltr'><strong>tionemz</strong></span> <span class='ocrx_word' id='word_1_1040' title='bbox 1605 2587 1661 2614; x_wconf 89' lang='lat' dir='ltr'><strong>aut</strong></span> <span class='ocrx_word' id='word_1_1041' title='bbox 1684 2582 1799 2623; x_wconf 89' lang='lat' dir='ltr'><strong>ipsam,</strong></span> <span class='ocrx_word' id='word_1_1042' title='bbox 1823 2581 1962 2613; x_wconf 87' lang='lat' dir='ltr'><strong>eandem</strong></span> <span class='ocrx_word' id='word_1_1043' title='bbox 1984 2588 2184 2619; x_wconf 88' lang='lat' dir='ltr'><strong>manentem,</strong></span> <span class='ocrx_word' id='word_1_1044' title='bbox 2202 2582 2314 2614; x_wconf 82' lang='lat' dir='ltr'><strong>falsam</strong></span> <span class='ocrx_word' id='word_1_1045' title='bbox 2332 2591 2402 2614; x_wconf 85' lang='lat' dir='ltr'><strong>esse</strong></span> <span class='ocrx_word' id='word_1_1046' title='bbox 2425 2587 2459 2614; x_wconf 74' lang='lat' dir='ltr'><strong>et</strong></span> <span class='ocrx_word' id='word_1_1047' title='bbox 2473 2583 2522 2614; x_wconf 87' lang='lat' dir='ltr'><strong>in-</strong></span> 
     </span>
     <span class='ocr_line' id='line_1_137' title="bbox 1440 2627 1664 2668; baseline -0.004 -10"><span class='ocrx_word' id='word_1_1048' title='bbox 1440 2627 1664 2668; x_wconf 85' lang='lat' dir='ltr'><strong>adaequatam.</strong></span> 
     </span>
    </p>

    <p class='ocr_par' dir='ltr' id='par_1_21' title="bbox 1440 2670 2523 3697">
     <span class='ocr_line' id='line_1_138' title="bbox 1499 2670 2522 2713; baseline 0.001 -11"><span class='ocrx_word' id='word_1_1049' title='bbox 1499 2681 1529 2702; x_wconf 89' lang='lat'><strong>2.</strong></span> <span class='ocrx_word' id='word_1_1050' title='bbox 1565 2671 1617 2702; x_wconf 83' lang='lat' dir='ltr'><strong>Ad</strong></span> <span class='ocrx_word' id='word_1_1051' title='bbox 1648 2671 1745 2702; x_wconf 88' lang='lat' dir='ltr'><strong>huius</strong></span> <span class='ocrx_word' id='word_1_1052' title='bbox 1776 2670 1972 2702; x_wconf 89' lang='lat' dir='ltr'><strong>evidentiam</strong></span> <span class='ocrx_word' id='word_1_1053' title='bbox 2003 2671 2278 2704; x_wconf 86' lang='lat' dir='ltr'><strong>considerandum</strong></span> <span class='ocrx_word' id='word_1_1054' title='bbox 2309 2671 2407 2713; x_wconf 90' lang='lat' dir='ltr'><strong>quod·</strong></span> <span class='ocrx_word' id='word_1_1055' title='bbox 2430 2671 2522 2704; x_wconf 82' lang='lat' dir='ltr'><strong>aliter</strong></span> 
     </span>
     <span class='ocr_line' id='line_1_139' title="bbox 1440 2716 2522 2758; baseline 0.001 -11"><span class='ocrx_word' id='word_1_1056' title='bbox 1440 2722 1570 2757; x_wconf 87' lang='lat' dir='ltr'><strong>tempus</strong></span> <span class='ocrx_word' id='word_1_1057' title='bbox 1594 2717 1628 2747; x_wconf 88' lang='lat' dir='ltr'><strong>in</strong></span> <span class='ocrx_word' id='word_1_1058' title='bbox 1652 2725 1720 2757; x_wconf 90' lang='lat' dir='ltr'><strong>quo</strong></span> <span class='ocrx_word' id='word_1_1059' title='bbox 1744 2726 1794 2747; x_wconf 90' lang='lat' dir='ltr'><strong>res</strong></span> <span class='ocrx_word' id='word_1_1060' title='bbox 1817 2721 1865 2746; x_wconf 87' lang='lat' dir='ltr'><strong>est</strong></span> <span class='ocrx_word' id='word_1_1061' title='bbox 1892 2716 1953 2748; x_wconf 88' lang='lat' dir='ltr'><strong>sub</strong></span> <span class='ocrx_word' id='word_1_1062' title='bbox 1984 2716 2093 2757; x_wconf 90' lang='lat' dir='ltr'><strong>aliqua</strong></span> <span class='ocrx_word' id='word_1_1063' title='bbox 2120 2716 2345 2758; x_wconf 83' lang='lat' dir='ltr'><strong>dispositione,</strong></span> <span class='ocrx_word' id='word_1_1064' title='bbox 2368 2725 2403 2748; x_wconf 86' lang='lat' dir='ltr'><strong>se</strong></span> <span class='ocrx_word' id='word_1_1065' title='bbox 2425 2716 2522 2748; x_wconf 79' lang='lat' dir='ltr'><strong>habet</strong></span> 
     </span>
     <span class='ocr_line' id='line_1_140' title="bbox 1441 2761 2521 2802; baseline 0 -10"><span class='ocrx_word' id='word_1_1066' title='bbox 1441 2761 1482 2792; x_wconf 87' lang='lat' dir='ltr'><strong>ad</strong></span> <span class='ocrx_word' id='word_1_1067' title='bbox 1498 2761 1722 2801; x_wconf 88' lang='lat' dir='ltr'><strong>cognitionem</strong></span> <span class='ocrx_word' id='word_1_1068' title='bbox 1738 2766 1897 2792; x_wconf 89' lang='lat' dir='ltr'><strong>nostram:</strong></span> <span class='ocrx_word' id='word_1_1069' title='bbox 1919 2766 1952 2792; x_wconf 91' lang='lat' dir='ltr'><strong>et</strong></span> <span class='ocrx_word' id='word_1_1070' title='bbox 1967 2761 2058 2793; x_wconf 87' lang='lat' dir='ltr'><strong>aliter</strong></span> <span class='ocrx_word' id='word_1_1071' title='bbox 2072 2761 2113 2792; x_wconf 93' lang='lat' dir='ltr'><strong>ad</strong></span> <span class='ocrx_word' id='word_1_1072' title='bbox 2129 2762 2353 2802; x_wconf 81' lang='lat' dir='ltr'><strong>cognitionem</strong></span> <span class='ocrx_word' id='word_1_1073' title='bbox 2367 2761 2521 2792; x_wconf 83' lang='lat' dir='ltr'><strong>divinam.</strong></span> 
     </span>
     <span class='ocr_line' id='line_1_141' title="bbox 1442 2805 2522 2847; baseline 0.001 -10"><span class='ocrx_word' id='word_1_1074' title='bbox 1442 2805 1493 2837; x_wconf 81' lang='lat' dir='ltr'><strong>Ad</strong></span> <span class='ocrx_word' id='word_1_1075' title='bbox 1517 2811 1661 2837; x_wconf 88' lang='lat' dir='ltr'><strong>nostram</strong></span> <span class='ocrx_word' id='word_1_1076' title='bbox 1685 2806 1774 2837; x_wconf 88' lang='lat' dir='ltr'><strong>enim</strong></span> <span class='ocrx_word' id='word_1_1077' title='bbox 1801 2806 2025 2846; x_wconf 86' lang='lat' dir='ltr'><strong>cognitionem</strong></span> <span class='ocrx_word' id='word_1_1078' title='bbox 2049 2812 2257 2847; x_wconf 84' lang='lat' dir='ltr'><strong>comparatur</strong></span> <span class='ocrx_word' id='word_1_1079' title='bbox 2282 2807 2367 2838; x_wconf 86' lang='lat' dir='ltr'><strong>sicut</strong></span> <span class='ocrx_word' id='word_1_1080' title='bbox 2389 2805 2430 2837; x_wconf 90' lang='lat' dir='ltr'><strong>ad</strong></span> <span class='ocrx_word' id='word_1_1081' title='bbox 2452 2815 2522 2838; x_wconf 83' lang='lat' dir='ltr'><strong>rem</strong></span> 
     </span>
     <span class='ocr_line' id='line_1_142' title="bbox 1442 2850 2523 2891; baseline 0.001 -10"><span class='ocrx_word' id='word_1_1082' title='bbox 1442 2851 1633 2882; x_wconf 87' lang='lat' dir='ltr'><strong>existentem</strong></span> <span class='ocrx_word' id='word_1_1083' title='bbox 1661 2851 1721 2881; x_wconf 92' lang='lat' dir='ltr'><strong>sub</strong></span> <span class='ocrx_word' id='word_1_1084' title='bbox 1752 2856 1912 2891; x_wconf 88' lang='lat' dir='ltr'><strong>tempore.</strong></span> <span class='ocrx_word' id='word_1_1085' title='bbox 1944 2850 2039 2882; x_wconf 89' lang='lat' dir='ltr'><strong>Unde</strong></span> <span class='ocrx_word' id='word_1_1086' title='bbox 2069 2850 2105 2882; x_wconf 84' lang='lat' dir='ltr'><strong>fit</strong></span> <span class='ocrx_word' id='word_1_1087' title='bbox 2135 2856 2182 2887; x_wconf 86' lang='lat' dir='ltr'><strong>ut,</strong></span> <span class='ocrx_word' id='word_1_1088' title='bbox 2209 2860 2287 2882; x_wconf 90' lang='lat' dir='ltr'><strong>cum</strong></span> <span class='ocrx_word' id='word_1_1089' title='bbox 2313 2851 2523 2891; x_wconf 87' lang='lat' dir='ltr'><strong>cognoscitur</strong></span> 
     </span>
     <span class='ocr_line' id='line_1_143' title="bbox 1441 2895 2523 2937; baseline 0 -11"><span class='ocrx_word' id='word_1_1090' title='bbox 1441 2896 1551 2937; x_wconf 89' lang='lat' dir='ltr'><strong>aliqua</strong></span> <span class='ocrx_word' id='word_1_1091' title='bbox 1566 2896 1612 2927; x_wconf 87' lang='lat' dir='ltr'><strong>rei</strong></span> <span class='ocrx_word' id='word_1_1092' title='bbox 1636 2895 1807 2936; x_wconf 89' lang='lat' dir='ltr'><strong>dispositio</strong></span> <span class='ocrx_word' id='word_1_1093' title='bbox 1824 2901 1860 2927; x_wconf 91' lang='lat' dir='ltr'><strong>ut</strong></span> <span class='ocrx_word' id='word_1_1094' title='bbox 1874 2904 2037 2936; x_wconf 83' lang='lat' dir='ltr'><strong>praesens,</strong></span> <span class='ocrx_word' id='word_1_1095' title='bbox 2059 2901 2091 2927; x_wconf 90' lang='lat' dir='ltr'><strong>et</strong></span> <span class='ocrx_word' id='word_1_1096' title='bbox 2113 2896 2184 2936; x_wconf 86' lang='lat' dir='ltr'><strong>ipsa</strong></span> <span class='ocrx_word' id='word_1_1097' title='bbox 2203 2905 2253 2927; x_wconf 89' lang='lat' dir='ltr'><strong>res</strong></span> <span class='ocrx_word' id='word_1_1098' title='bbox 2273 2895 2404 2937; x_wconf 87' lang='lat' dir='ltr'><strong>cognita</strong></span> <span class='ocrx_word' id='word_1_1099' title='bbox 2419 2901 2451 2927; x_wconf 87' lang='lat' dir='ltr'><strong>et</strong></span> <span class='ocrx_word' id='word_1_1100' title='bbox 2465 2905 2523 2927; x_wconf 87' lang='lat' dir='ltr'><strong>co-</strong></span> 
     </span>
     <span class='ocr_line' id='line_1_144' title="bbox 1441 2940 2522 2982; baseline 0.001 -11"><span class='ocrx_word' id='word_1_1101' title='bbox 1441 2941 1545 2982; x_wconf 87' lang='lat' dir='ltr'><strong>gnitio</strong></span> <span class='ocrx_word' id='word_1_1102' title='bbox 1561 2940 1758 2981; x_wconf 88' lang='lat' dir='ltr'><strong>intelligatur</strong></span> <span class='ocrx_word' id='word_1_1103' title='bbox 1769 2941 1930 2981; x_wconf 91' lang='lat' dir='ltr'><strong>praesenti</strong></span> <span class='ocrx_word' id='word_1_1104' title='bbox 1945 2946 2095 2981; x_wconf 86' lang='lat' dir='ltr'><strong>tempore</strong></span> <span class='ocrx_word' id='word_1_1105' title='bbox 2109 2941 2302 2977; x_wconf 82' lang='lat' dir='ltr'><strong>mensurari3</strong></span> <span class='ocrx_word' id='word_1_1106' title='bbox 2319 2949 2396 2972; x_wconf 87' lang='lat' dir='ltr'><strong>cum</strong></span> <span class='ocrx_word' id='word_1_1107' title='bbox 2412 2945 2522 2972; x_wconf 78' lang='lat' dir='ltr'><strong>autem</strong></span> 
     </span>
     <span class='ocr_line' id='line_1_145' title="bbox 1443 2984 2522 3026; baseline 0 -9"><span class='ocrx_word' id='word_1_1108' title='bbox 1443 2986 1588 3026; x_wconf 88' lang='lat' dir='ltr'><strong>cognitio</strong></span> <span class='ocrx_word' id='word_1_1109' title='bbox 1613 2984 1714 3016; x_wconf 84' lang='lat' dir='ltr'><strong>fertur</strong></span> <span class='ocrx_word' id='word_1_1110' title='bbox 1737 2985 1770 3016; x_wconf 88' lang='lat' dir='ltr'><strong>in</strong></span> <span class='ocrx_word' id='word_1_1111' title='bbox 1793 2985 1916 3025; x_wconf 90' lang='lat' dir='ltr'><strong>aliquid</strong></span> <span class='ocrx_word' id='word_1_1112' title='bbox 1939 2985 2022 3016; x_wconf 89' lang='lat' dir='ltr'><strong>sicut</strong></span> <span class='ocrx_word' id='word_1_1113' title='bbox 2046 2984 2193 3016; x_wconf 88' lang='lat' dir='ltr'><strong>futurum</strong></span> <span class='ocrx_word' id='word_1_1114' title='bbox 2215 2990 2272 3016; x_wconf 87' lang='lat' dir='ltr'><strong>aut</strong></span> <span class='ocrx_word' id='word_1_1115' title='bbox 2294 2985 2378 3016; x_wconf 90' lang='lat' dir='ltr'><strong>sicut</strong></span> <span class='ocrx_word' id='word_1_1116' title='bbox 2397 2990 2522 3026; x_wconf 74' lang='lat' dir='ltr'><strong>praete·</strong></span> 
     </span>
     <span class='ocr_line' id='line_1_146' title="bbox 1442 3029 2521 3071; baseline -0.001 -9"><span class='ocrx_word' id='word_1_1117' title='bbox 1442 3031 1551 3067; x_wconf 90' lang='lat' dir='ltr'><strong>ritum,</strong></span> <span class='ocrx_word' id='word_1_1118' title='bbox 1575 3030 1773 3071; x_wconf 85' lang='lat' dir='ltr'><strong>intelligatur</strong></span> <span class='ocrx_word' id='word_1_1119' title='bbox 1796 3029 1875 3061; x_wconf 91' lang='lat' dir='ltr'><strong>illud</strong></span> <span class='ocrx_word' id='word_1_1120' title='bbox 1904 3039 1973 3061; x_wconf 87' lang='lat' dir='ltr'><strong>esse</strong></span> <span class='ocrx_word' id='word_1_1121' title='bbox 2003 3029 2150 3062; x_wconf 85' lang='lat' dir='ltr'><strong>futurum</strong></span> <span class='ocrx_word' id='word_1_1122' title='bbox 2177 3036 2233 3062; x_wconf 89' lang='lat' dir='ltr'><strong>aut</strong></span> <span class='ocrx_word' id='word_1_1123' title='bbox 2255 3030 2466 3071; x_wconf 83' lang='lat' dir='ltr'><strong>praeteritum</strong></span> <span class='ocrx_word' id='word_1_1124' title='bbox 2488 3029 2521 3061; x_wconf 87' lang='lat' dir='ltr'><strong>in</strong></span> 
     </span>
     <span class='ocr_line' id='line_1_147' title="bbox 1442 3073 2522 3116; baseline 0 -10"><span class='ocrx_word' id='word_1_1125' title='bbox 1442 3075 1688 3116; x_wconf 86' lang='lat' dir='ltr'><strong>comparatione</strong></span> <span class='ocrx_word' id='word_1_1126' title='bbox 1719 3073 1760 3105; x_wconf 89' lang='lat' dir='ltr'><strong>ad</strong></span> <span class='ocrx_word' id='word_1_1127' title='bbox 1790 3075 1895 3115; x_wconf 87' lang='lat' dir='ltr'><strong>ipsam</strong></span> <span class='ocrx_word' id='word_1_1128' title='bbox 1925 3075 2023 3106; x_wconf 88' lang='lat' dir='ltr'><strong>etiam</strong></span> <span class='ocrx_word' id='word_1_1129' title='bbox 2053 3075 2288 3116; x_wconf 86' lang='lat' dir='ltr'><strong>cognitionem.</strong></span> <span class='ocrx_word' id='word_1_1130' title='bbox 2315 3074 2404 3106; x_wconf 88' lang='lat' dir='ltr'><strong>Cum</strong></span> <span class='ocrx_word' id='word_1_1131' title='bbox 2434 3075 2522 3106; x_wconf 80' lang='lat' dir='ltr'><strong>enim</strong></span> 
     </span>
     <span class='ocr_line' id='line_1_148' title="bbox 1442 3118 2521 3160; baseline 0 -10"><span class='ocrx_word' id='word_1_1132' title='bbox 1442 3119 1553 3151; x_wconf 91' lang='lat' dir='ltr'><strong>iudico</strong></span> <span class='ocrx_word' id='word_1_1133' title='bbox 1577 3119 1707 3150; x_wconf 84' lang='lat' dir='ltr'><strong>Sortem</strong></span> <span class='ocrx_word' id='word_1_1134' title='bbox 1729 3119 1852 3156; x_wconf 85' lang='lat' dir='ltr'><strong>sedere,</strong></span> <span class='ocrx_word' id='word_1_1135' title='bbox 1877 3119 2065 3160; x_wconf 86' lang='lat' dir='ltr'><strong>intelligitur</strong></span> <span class='ocrx_word' id='word_1_1136' title='bbox 2088 3120 2268 3151; x_wconf 84' lang='lat' dir='ltr'><strong>sessionem</strong></span> <span class='ocrx_word' id='word_1_1137' title='bbox 2286 3119 2388 3151; x_wconf 88' lang='lat' dir='ltr'><strong>Sortis</strong></span> <span class='ocrx_word' id='word_1_1138' title='bbox 2403 3127 2473 3150; x_wconf 71' lang='lat' dir='ltr'><strong>esse</strong></span> <span class='ocrx_word' id='word_1_1139' title='bbox 2487 3118 2521 3150; x_wconf 87' lang='lat' dir='ltr'><strong>in</strong></span> 
     </span>
     <span class='ocr_line' id='line_1_149' title="bbox 1443 3162 2522 3206; baseline -0.002 -10"><span class='ocrx_word' id='word_1_1140' title='bbox 1443 3165 1605 3206; x_wconf 89' lang='lat' dir='ltr'><strong>praesenti</strong></span> <span class='ocrx_word' id='word_1_1141' title='bbox 1619 3170 1779 3205; x_wconf 88' lang='lat' dir='ltr'><strong>tempore,</strong></span> <span class='ocrx_word' id='word_1_1142' title='bbox 1796 3165 1830 3195; x_wconf 89' lang='lat' dir='ltr'><strong>in</strong></span> <span class='ocrx_word' id='word_1_1143' title='bbox 1846 3174 1914 3205; x_wconf 87' lang='lat' dir='ltr'><strong>quo</strong></span> <span class='ocrx_word' id='word_1_1144' title='bbox 1931 3169 1979 3196; x_wconf 90' lang='lat' dir='ltr'><strong>est</strong></span> <span class='ocrx_word' id='word_1_1145' title='bbox 1994 3174 2068 3196; x_wconf 89' lang='lat' dir='ltr'><strong>mea</strong></span> <span class='ocrx_word' id='word_1_1146' title='bbox 2083 3165 2244 3206; x_wconf 87' lang='lat' dir='ltr'><strong>cognitio;</strong></span> <span class='ocrx_word' id='word_1_1147' title='bbox 2268 3170 2301 3196; x_wconf 88' lang='lat' dir='ltr'><strong>et</strong></span> <span class='ocrx_word' id='word_1_1148' title='bbox 2319 3173 2396 3195; x_wconf 89' lang='lat' dir='ltr'><strong>cum</strong></span> <span class='ocrx_word' id='word_1_1149' title='bbox 2410 3162 2522 3195; x_wconf 86' lang='lat' dir='ltr'><strong>iudico</strong></span> 
     </span>
     <span class='ocr_line' id='line_1_150' title="bbox 1443 3208 2522 3250; baseline -0.001 -10"><span class='ocrx_word' id='word_1_1150' title='bbox 1443 3210 1572 3241; x_wconf 83' lang='lat' dir='ltr'><strong>Sortem</strong></span> <span class='ocrx_word' id='word_1_1151' title='bbox 1595 3209 1726 3245; x_wconf 79' lang='lat' dir='ltr'><strong>sedisse,</strong></span> <span class='ocrx_word' id='word_1_1152' title='bbox 1742 3208 1932 3250; x_wconf 89' lang='lat' dir='ltr'><strong>intelligitur</strong></span> <span class='ocrx_word' id='word_1_1153' title='bbox 1951 3210 2131 3241; x_wconf 83' lang='lat' dir='ltr'><strong>sessionem</strong></span> <span class='ocrx_word' id='word_1_1154' title='bbox 2154 3209 2256 3241; x_wconf 85' lang='lat' dir='ltr'><strong>Sortis</strong></span> <span class='ocrx_word' id='word_1_1155' title='bbox 2278 3218 2348 3240; x_wconf 87' lang='lat' dir='ltr'><strong>esse</strong></span> <span class='ocrx_word' id='word_1_1156' title='bbox 2371 3208 2522 3249; x_wconf 86' lang='lat' dir='ltr'><strong>praeteri·</strong></span> 
     </span>
     <span class='ocr_line' id='line_1_151' title="bbox 1443 3252 2521 3296; baseline -0.003 -10"><span class='ocrx_word' id='word_1_1157' title='bbox 1443 3260 1509 3286; x_wconf 88' lang='lat' dir='ltr'><strong>tam</strong></span> <span class='ocrx_word' id='word_1_1158' title='bbox 1526 3259 1675 3296; x_wconf 90' lang='lat' dir='ltr'><strong>respectu</strong></span> <span class='ocrx_word' id='word_1_1159' title='bbox 1691 3254 1848 3295; x_wconf 88' lang='lat' dir='ltr'><strong>temporis</strong></span> <span class='ocrx_word' id='word_1_1160' title='bbox 1864 3254 1898 3285; x_wconf 89' lang='lat' dir='ltr'><strong>in</strong></span> <span class='ocrx_word' id='word_1_1161' title='bbox 1906 3263 1974 3295; x_wconf 92' lang='lat' dir='ltr'><strong>quo</strong></span> <span class='ocrx_word' id='word_1_1162' title='bbox 1986 3263 2060 3285; x_wconf 88' lang='lat' dir='ltr'><strong>mea</strong></span> <span class='ocrx_word' id='word_1_1163' title='bbox 2075 3254 2220 3295; x_wconf 82' lang='lat' dir='ltr'><strong>cognitio</strong></span> <span class='ocrx_word' id='word_1_1164' title='bbox 2233 3259 2294 3290; x_wconf 80' lang='lat' dir='ltr'><strong>est3</strong></span> <span class='ocrx_word' id='word_1_1165' title='bbox 2313 3258 2347 3284; x_wconf 90' lang='lat' dir='ltr'><strong>et</strong></span> <span class='ocrx_word' id='word_1_1166' title='bbox 2366 3252 2521 3288; x_wconf 88' lang='lat' dir='ltr'><strong>similiter,</strong></span> 
     </span>
     <span class='ocr_line' id='line_1_152' title="bbox 1444 3297 2522 3338; baseline -0.002 -8"><span class='ocrx_word' id='word_1_1167' title='bbox 1444 3308 1520 3330; x_wconf 91' lang='lat' dir='ltr'><strong>cum</strong></span> <span class='ocrx_word' id='word_1_1168' title='bbox 1545 3298 1655 3330; x_wconf 89' lang='lat' dir='ltr'><strong>iudico</strong></span> <span class='ocrx_word' id='word_1_1169' title='bbox 1679 3298 1808 3330; x_wconf 79' lang='lat' dir='ltr'><strong>Sortem</strong></span> <span class='ocrx_word' id='word_1_1170' title='bbox 1832 3308 1901 3330; x_wconf 85' lang='lat' dir='ltr'><strong>esse</strong></span> <span class='ocrx_word' id='word_1_1171' title='bbox 1922 3308 2098 3335; x_wconf 75' lang='lat' dir='ltr'><strong>sessurum,</strong></span> <span class='ocrx_word' id='word_1_1172' title='bbox 2117 3298 2306 3338; x_wconf 89' lang='lat' dir='ltr'><strong>intelligitur</strong></span> <span class='ocrx_word' id='word_1_1173' title='bbox 2332 3297 2435 3329; x_wconf 90' lang='lat' dir='ltr'><strong>Sortis</strong></span> <span class='ocrx_word' id='word_1_1174' title='bbox 2456 3307 2522 3329; x_wconf 87' lang='lat' dir='ltr'><strong>ses·</strong></span> 
     </span>
     <span class='ocr_line' id='line_1_153' title="bbox 1443 3342 2522 3384; baseline -0.001 -9"><span class='ocrx_word' id='word_1_1175' title='bbox 1443 3345 1571 3375; x_wconf 89' lang='lat' dir='ltr'><strong>sionem</strong></span> <span class='ocrx_word' id='word_1_1176' title='bbox 1587 3350 1737 3384; x_wconf 90' lang='lat' dir='ltr'><strong>respectu</strong></span> <span class='ocrx_word' id='word_1_1177' title='bbox 1753 3344 1950 3384; x_wconf 85' lang='lat' dir='ltr'><strong>cognitionis</strong></span> <span class='ocrx_word' id='word_1_1178' title='bbox 1968 3352 2061 3374; x_wconf 89' lang='lat' dir='ltr'><strong>meae</strong></span> <span class='ocrx_word' id='word_1_1179' title='bbox 2079 3342 2222 3375; x_wconf 81' lang='lat' dir='ltr'><strong>futuram</strong></span> <span class='ocrx_word' id='word_1_1180' title='bbox 2242 3351 2322 3374; x_wconf 87' lang='lat' dir='ltr'><strong>esse.</strong></span> <span class='ocrx_word' id='word_1_1181' title='bbox 2339 3342 2387 3373; x_wconf 88' lang='lat' dir='ltr'><strong>Ex</strong></span> <span class='ocrx_word' id='word_1_1182' title='bbox 2403 3342 2522 3383; x_wconf 85' lang='lat' dir='ltr'><strong>quibus</strong></span> 
     </span>
     <span class='ocr_line' id='line_1_154' title="bbox 1444 3386 2521 3430; baseline -0.001 -10"><span class='ocrx_word' id='word_1_1183' title='bbox 1444 3389 1600 3430; x_wconf 87' lang='lat' dir='ltr'><strong>sequitur,</strong></span> <span class='ocrx_word' id='word_1_1184' title='bbox 1617 3397 1695 3420; x_wconf 90' lang='lat' dir='ltr'><strong>cum</strong></span> <span class='ocrx_word' id='word_1_1185' title='bbox 1710 3389 1744 3419; x_wconf 91' lang='lat' dir='ltr'><strong>in</strong></span> <span class='ocrx_word' id='word_1_1186' title='bbox 1761 3388 1893 3420; x_wconf 87' lang='lat' dir='ltr'><strong>diversis</strong></span> <span class='ocrx_word' id='word_1_1187' title='bbox 1909 3388 2053 3429; x_wconf 85' lang='lat' dir='ltr'><strong>partibus</strong></span> <span class='ocrx_word' id='word_1_1188' title='bbox 2068 3388 2224 3428; x_wconf 89' lang='lat' dir='ltr'><strong>temporis</strong></span> <span class='ocrx_word' id='word_1_1189' title='bbox 2239 3396 2289 3418; x_wconf 89' lang='lat' dir='ltr'><strong>res</strong></span> <span class='ocrx_word' id='word_1_1190' title='bbox 2305 3386 2521 3419; x_wconf 88' lang='lat' dir='ltr'><strong>diversimode</strong></span> 
     </span>
     <span class='ocr_line' id='line_1_155' title="bbox 1445 3431 2521 3473; baseline -0.001 -9"><span class='ocrx_word' id='word_1_1191' title='bbox 1445 3443 1479 3464; x_wconf 88' lang='lat' dir='ltr'><strong>se</strong></span> <span class='ocrx_word' id='word_1_1192' title='bbox 1509 3434 1634 3470; x_wconf 88' lang='lat' dir='ltr'><strong>habeat,</strong></span> <span class='ocrx_word' id='word_1_1193' title='bbox 1659 3432 1751 3473; x_wconf 91' lang='lat' dir='ltr'><strong>quod</strong></span> <span class='ocrx_word' id='word_1_1194' title='bbox 1778 3433 1875 3464; x_wconf 88' lang='lat' dir='ltr'><strong>etiam</strong></span> <span class='ocrx_word' id='word_1_1195' title='bbox 1898 3431 2080 3464; x_wconf 88' lang='lat' dir='ltr'><strong>secundum</strong></span> <span class='ocrx_word' id='word_1_1196' title='bbox 2109 3431 2200 3472; x_wconf 91' lang='lat' dir='ltr'><strong>quod</strong></span> <span class='ocrx_word' id='word_1_1197' title='bbox 2229 3431 2270 3463; x_wconf 89' lang='lat' dir='ltr'><strong>ad</strong></span> <span class='ocrx_word' id='word_1_1198' title='bbox 2300 3432 2521 3472; x_wconf 86' lang='lat' dir='ltr'><strong>cognitionem</strong></span> 
     </span>
     <span class='ocr_line' id='line_1_156' title="bbox 1444 3475 2522 3519; baseline -0.002 -10"><span class='ocrx_word' id='word_1_1199' title='bbox 1444 3483 1588 3509; x_wconf 87' lang='lat' dir='ltr'><strong>nostram</strong></span> <span class='ocrx_word' id='word_1_1200' title='bbox 1619 3483 1835 3519; x_wconf 85' lang='lat' dir='ltr'><strong>comparatur,</strong></span> <span class='ocrx_word' id='word_1_1201' title='bbox 1862 3477 2073 3508; x_wconf 88' lang='lat' dir='ltr'><strong>variationem</strong></span> <span class='ocrx_word' id='word_1_1202' title='bbox 2101 3476 2208 3508; x_wconf 88' lang='lat' dir='ltr'><strong>habet.</strong></span> <span class='ocrx_word' id='word_1_1203' title='bbox 2236 3476 2270 3508; x_wconf 91' lang='lat' dir='ltr'><strong>Si</strong></span> <span class='ocrx_word' id='word_1_1204' title='bbox 2300 3477 2388 3508; x_wconf 91' lang='lat' dir='ltr'><strong>enim</strong></span> <span class='ocrx_word' id='word_1_1205' title='bbox 2412 3475 2522 3508; x_wconf 87' lang='lat' dir='ltr'><strong>Sortes</strong></span> 
     </span>
     <span class='ocr_line' id='line_1_157' title="bbox 1445 3520 2522 3562; baseline -0.002 -8"><span class='ocrx_word' id='word_1_1206' title='bbox 1445 3522 1543 3554; x_wconf 90' lang='lat' dir='ltr'><strong>hodie</strong></span> <span class='ocrx_word' id='word_1_1207' title='bbox 1567 3522 1687 3558; x_wconf 89' lang='lat' dir='ltr'><strong>sedeat,</strong></span> <span class='ocrx_word' id='word_1_1208' title='bbox 1713 3528 1744 3554; x_wconf 92' lang='lat' dir='ltr'><strong>et</strong></span> <span class='ocrx_word' id='word_1_1209' title='bbox 1766 3521 1909 3553; x_wconf 88' lang='lat' dir='ltr'><strong>iudicem</strong></span> <span class='ocrx_word' id='word_1_1210' title='bbox 1937 3521 2045 3562; x_wconf 90' lang='lat' dir='ltr'><strong>ipsum</strong></span> <span class='ocrx_word' id='word_1_1211' title='bbox 2073 3520 2195 3558; x_wconf 88' lang='lat' dir='ltr'><strong>sedere,</strong></span> <span class='ocrx_word' id='word_1_1212' title='bbox 2218 3522 2319 3552; x_wconf 87' lang='lat' dir='ltr'><strong>sessio</strong></span> <span class='ocrx_word' id='word_1_1213' title='bbox 2350 3521 2452 3562; x_wconf 90' lang='lat' dir='ltr'><strong>ipsius</strong></span> <span class='ocrx_word' id='word_1_1214' title='bbox 2475 3526 2522 3552; x_wconf 84' lang='lat' dir='ltr'><strong>est</strong></span> 
     </span>
     <span class='ocr_line' id='line_1_158' title="bbox 1446 3565 2521 3608; baseline -0.001 -10"><span class='ocrx_word' id='word_1_1215' title='bbox 1446 3577 1596 3608; x_wconf 88' lang='lat' dir='ltr'><strong>praesens</strong></span> <span class='ocrx_word' id='word_1_1216' title='bbox 1621 3566 1802 3608; x_wconf 89' lang='lat' dir='ltr'><strong>cognitioni</strong></span> <span class='ocrx_word' id='word_1_1217' title='bbox 1828 3574 1936 3602; x_wconf 83' lang='lat' dir='ltr'><strong>meae;</strong></span> <span class='ocrx_word' id='word_1_1218' title='bbox 1960 3565 1986 3596; x_wconf 84' lang='lat' dir='ltr'><strong>si</strong></span> <span class='ocrx_word' id='word_1_1219' title='bbox 2014 3571 2124 3598; x_wconf 89' lang='lat' dir='ltr'><strong>autem</strong></span> <span class='ocrx_word' id='word_1_1220' title='bbox 2153 3575 2222 3597; x_wconf 85' lang='lat' dir='ltr'><strong>cras</strong></span> <span class='ocrx_word' id='word_1_1221' title='bbox 2249 3575 2317 3597; x_wconf 90' lang='lat' dir='ltr'><strong>non</strong></span> <span class='ocrx_word' id='word_1_1222' title='bbox 2345 3565 2465 3602; x_wconf 87' lang='lat' dir='ltr'><strong>sedeat,</strong></span> <span class='ocrx_word' id='word_1_1223' title='bbox 2490 3571 2521 3597; x_wconf 88' lang='lat' dir='ltr'><strong>et</strong></span> 
     </span>
     <span class='ocr_line' id='line_1_159' title="bbox 1446 3609 2522 3652; baseline -0.001 -9"><span class='ocrx_word' id='word_1_1224' title='bbox 1446 3612 1587 3643; x_wconf 88' lang='lat' dir='ltr'><strong>iudicem</strong></span> <span class='ocrx_word' id='word_1_1225' title='bbox 1603 3612 1700 3643; x_wconf 88' lang='lat' dir='ltr'><strong>etiam</strong></span> <span class='ocrx_word' id='word_1_1226' title='bbox 1718 3611 1827 3652; x_wconf 90' lang='lat' dir='ltr'><strong>ipsum</strong></span> <span class='ocrx_word' id='word_1_1227' title='bbox 1842 3609 1964 3647; x_wconf 88' lang='lat' dir='ltr'><strong>sedere,</strong></span> <span class='ocrx_word' id='word_1_1228' title='bbox 1981 3611 2040 3641; x_wconf 85' lang='lat' dir='ltr'><strong>erit</strong></span> <span class='ocrx_word' id='word_1_1229' title='bbox 2063 3611 2163 3642; x_wconf 90' lang='lat' dir='ltr'><strong>sessio</strong></span> <span class='ocrx_word' id='word_1_1230' title='bbox 2183 3620 2252 3643; x_wconf 90' lang='lat' dir='ltr'><strong>non</strong></span> <span class='ocrx_word' id='word_1_1231' title='bbox 2275 3610 2415 3651; x_wconf 89' lang='lat' dir='ltr'><strong>amplius</strong></span> <span class='ocrx_word' id='word_1_1232' title='bbox 2431 3620 2522 3652; x_wconf 89' lang='lat' dir='ltr'><strong>prae-</strong></span> 
     </span>
     <span class='ocr_line' id='line_1_160' title="bbox 1445 3654 2522 3697; baseline 0 -10"><span class='ocrx_word' id='word_1_1233' title='bbox 1445 3666 1519 3688; x_wconf 88' lang='lat' dir='ltr'><strong>sens</strong></span> <span class='ocrx_word' id='word_1_1234' title='bbox 1542 3656 1723 3697; x_wconf 89' lang='lat' dir='ltr'><strong>cognitioni</strong></span> <span class='ocrx_word' id='word_1_1235' title='bbox 1746 3664 1848 3692; x_wconf 89' lang='lat' dir='ltr'><strong>meae,</strong></span> <span class='ocrx_word' id='word_1_1236' title='bbox 1885 3654 1942 3686; x_wconf 86' lang='lat' dir='ltr'><strong>sed</strong></span> <span class='ocrx_word' id='word_1_1237' title='bbox 1965 3656 2150 3696; x_wconf 81' lang='lat' dir='ltr'><strong>praeterita;</strong></span> <span class='ocrx_word' id='word_1_1238' title='bbox 2175 3661 2207 3686; x_wconf 91' lang='lat' dir='ltr'><strong>et</strong></span> <span class='ocrx_word' id='word_1_1239' title='bbox 2229 3665 2287 3696; x_wconf 91' lang='lat' dir='ltr'><strong>per</strong></span> <span class='ocrx_word' id='word_1_1240' title='bbox 2316 3664 2522 3696; x_wconf 89' lang='lat' dir='ltr'><strong>consequens</strong></span> 
     </span>
    </p>
   </div>
  </div>
 </body>
</html>
