2768 4134
2 2170 15 2184 ⁶
27 2166 66 2196 tt.
75 2167 200 2201 “comm

2 2202 27 2222 ι.
36 2201 84 2226 ux,
98 2198 150 2222 init.

3 2744 16 2754 ⁸
29 2742 88 2772 Cep.
103 2749 151 2765 ux.

201 2175 218 2195 t.

849 289 1039 327 SUMMA
1069 292 1292 331 CONTRA
1320 295 1596 345 GENTILES,
1627 298 1738 335 CAP.
1759 285 1856 336 LXI.

306 368 414 404 Item.
445 368 605 415 Quanto
625 367 755 417 aliqua
774 367 833 404 vis
853 370 1112 416 cognoscitiva
1132 381 1187 409 est
1206 373 1327 419 altior,

252 428 359 458 tanto
388 420 472 459 eius
499 421 706 471 proprium
740 420 937 459 obiectum
972 431 1027 460 est
1060 425 1327 473 universalius,

252 476 366 524 plura
394 474 467 512 sub
497 487 538 512 se
571 474 790 512 continens:
821 475 926 512 unde
961 476 1053 514 illud
1086 480 1193 527 quod
1222 480 1328 518 visus

252 527 451 577 cognoscit
464 540 536 578 per
549 528 739 575 accidens,
757 539 893 565 sensus
908 531 1130 569 communis
1149 541 1215 570 aut
1233 532 1328 571 ima-

252 581 396 630 ginatio
425 580 683 631 apprehendit
702 589 744 618 ut
773 581 846 618 sub
871 583 1032 632 proprio
1061 585 1211 623 obiecto
1236 599 1328 625 con-

252 642 416 672 tentum.
438 635 518 672 Sed
536 634 596 671 vis
614 634 736 671 divini
757 634 968 672 intellectus
984 644 1040 673 est
1060 637 1098 674 in
1113 638 1192 676 fine
1212 641 1327 678 subli—

252 687 394 726 mitatis
414 687 453 724 in
473 688 759 736 cognoscendo.
781 689 884 737 Ergo
905 689 1038 726 omnia
1058 693 1328 738 cognoscibilia

252 748 530 791 comparantur
548 741 597 778 ad
617 741 749 791 ipsum
769 741 866 780 sicut
881 743 1154 791 cognoscibilia
1173 747 1327 796 proprie

252 803 289 832 et
316 807 388 845 per
415 806 456 831 se
485 802 522 831 et
550 807 631 832 non
655 796 875 833 secundum
899 796 1089 834 accidens.
1120 799 1161 834 In
1190 800 1328 837 talibus

252 856 384 886 autern
399 847 520 885 virtus
535 849 798 897 cognoscitiva
813 861 894 887 non
910 858 1020 887 errat.
1038 852 1079 887 In
1095 853 1202 889 nullo
1218 853 1329 900 igitur
1345 872 1369 886 ιο

251 901 503 951 cognoscibili
544 902 729 952 possibile
771 911 828 940 est
869 903 1049 942 divinum
1093 904 1328 944 intellectum

251 967 391 993 errare.
552 991 554 993 ,
907 990 925 992 γ,

305 1009 498 1059 Amplius.
519 1010 650 1047 Virtus
669 1009 932 1047 intellectualis
953 1018 1008 1048 est
1028 1012 1223 1060 quaedam
1243 1026 1328 1062 per-

250 1063 363 1100 fectio
392 1063 605 1101 intellectus
629 1062 670 1100 in
693 1063 980 1111 cognoscendo.
1008 1065 1236 1103 Secundum
1261 1079 1328 1104 au-

250 1124 331 1154 tern
359 1116 544 1154 virtutem
572 1116 870 1154 intellectualem
898 1129 980 1154 non
1009 1118 1193 1168 contingit
1220 1120 1328 1158 intel-

251 1171 395 1208 lectum
412 1170 555 1207 falsum
578 1169 718 1217 dicere,
739 1170 807 1207 sed
832 1182 988 1221 semper
1011 1184 1166 1210 verum:
1188 1186 1328 1212 verum

251 1223 357 1262 enim
385 1222 513 1261 dicere
542 1230 599 1260 est
626 1222 757 1260 bonus
784 1232 892 1261 actus
926 1224 1148 1273 intellectus,
1178 1227 1327 1265 virtutis

249 1283 384 1316 autem
411 1284 469 1314 est
499 1282 626 1319 actum
653 1278 796 1315 bonum
825 1278 983 1316 reddere
996 1279 1027 1316 ²1⁶.
1059 1280 1137 1318 Sed
1169 1280 1327 1319 divinus

249 1330 464 1368 intellectus
482 1329 688 1380 perfectior
705 1338 763 1368 est
780 1343 851 1381 per
874 1344 987 1370 suam
1007 1341 1187 1371 naturam
1206 1347 1327 1384 quam

249 1383 464 1423 intellectus
502 1383 703 1422 humanus
740 1396 812 1435 per
848 1385 1027 1424 habitum
1065 1387 1231 1425 virtutis:
1272 1397 1328 1426 est
1342 1405 1369 1419 ιο

249 1437 410 1477 enimin
422 1435 504 1475 fine
518 1437 765 1488 perfectionis
777 1438 810 1476 *.
827 1439 1073 1489 Relinquitur
1087 1440 1201 1490 igitur
1218 1443 1327 1491 quod

249 1490 291 1533 in
318 1491 513 1530 intellectu
540 1490 676 1529 divino
704 1504 787 1530 non
815 1500 942 1542 potest
969 1505 1053 1531 esse
1080 1494 1232 1532 falsitas.

302 1544 458 1584 Adhuc.
498 1544 667 1583 Scientia
703 1545 917 1584 intellectus
953 1547 1117 1585 humani
1155 1561 1178 1585 a
1211 1548 1328 1586 rebus

248 1598 551 1649 quodammodo
570 1606 767 1637 causatur:
788 1599 895 1638 unde
918 1600 1099 1649 provenit
1122 1602 1231 1650 quod
1257 1601 1327 1638 sci-

248 1651 340 1691 bilia
367 1660 459 1690 sunt
487 1664 673 1690 mensura
705 1652 886 1691 scientiae
922 1654 1140 1699 humanae;
1170 1667 1216 1691 ex
1252 1655 1328 1692 hoc

249 1706 356 1745 enim
374 1717 516 1744 verum
535 1714 592 1744 est
615 1707 725 1756 quod
749 1706 942 1745 intellectu
970 1707 1214 1753 diiudicatur,
1235 1708 1328 1757 quia

299 1830 323 1855 φ
336 1829 385 1855 per
401 1822 522 1847 accidens
539 1822 562 1847 Α
581 1822 666 1852 solun
686 1829 734 1855 per
753 1821 872 1847 accidens
892 1821 942 1848 hoc
960 1822 1046 1854 Dch,
1066 1830 1114 1855 per
1132 1828 1219 1848 actum
1238 1823 1372 1856 proprium
1393 1823 1421 1853 Z,
1440 1831 1487 1856 per
1506 1828 1592 1849 actum
1611 1823 1661 1849 hoc
1678 1824 1769 1849 ceteri.

1257 1857 1275 1883 8
1294 1858 1391 1892 autem]
1412 1864 1501 1884 autem
1513 1864 1555 1885 est
1567 1867 1592 1889 α,
1606 1867 1649 1884 om
1663 1860 1755 1885 GWY.

1326 1894 1363 1927 ut]
1384 1894 1460 1927 quasi
1479 1895 1523 1920 Pe.

301 1864 316 1883 2
336 1857 481 1891 scientiam]
501 1858 643 1882 essentiam
656 1858 708 1882 ΒΖ.
799 1865 814 1891 7
835 1857 930 1891 qualis]
952 1858 1037 1891 qualis
1053 1863 1094 1883 est
1106 1858 1172 1884 de.

248 1898 282 1918 ao
299 1897 328 1919 et
344 1892 490 1926 refugimus
509 1893 568 1923 NZ;
588 1893 626 1926 (et
644 1893 716 1926 Dec)
736 1892 891 1918 refutamus.
984 1900 1018 1926 ²4
1036 1898 1063 1919 et
1081 1893 1163 1924 DNZ;
1182 1900 1235 1919 om.

2382 305 2452 352 175

1385 387 1445 412 res
1474 375 1525 413 ita
1552 389 1592 414 se
1622 377 1748 424 habet,
1779 386 1816 415 et
1843 391 1924 416 non
1957 392 1978 416 e
2007 392 2210 418 conversav
2240 384 2452 421 Intellectus

1384 436 1515 466 autem
1544 429 1698 467 divinus
1722 443 1792 479 per
1819 444 1931 469 suam
1953 432 2148 471 scientiam
2177 443 2232 472 est
2259 448 2376 474 causa
2395 450 2451 475 re-

1384 493 1473 519 rum
1480 482 1510 518 *.
1527 482 1639 531 Unde
1655 491 1806 533 oportet
1820 486 1926 534 quod
1943 485 2098 523 scientia
2112 487 2194 525 eius
2209 488 2254 525 sit
2268 502 2451 528 mensura

1384 547 1531 572 rerum:
1553 535 1650 573 sicut
1669 549 1730 574 ars
1754 545 1809 574 est
1828 550 2011 576 mensura
2030 539 2331 590 artificiatorum,
2353 556 2450 593 quo-

1351 600 1360 620 ⁵
1383 600 1473 626 rum
1501 591 1816 640 unumquodque
1844 590 1884 628 in
1911 599 2062 629 tantum
2089 594 2300 642 perfectum
2319 604 2378 633 est·
2394 597 2450 634 in-

1383 650 1574 691 quantum
1603 643 1673 680 arti
1701 645 1921 681 concordat.
1948 645 2054 682 Talis
2078 646 2190 694 igitur
2210 656 2265 685 est
2293 647 2463 700 compa?

1383 695 1479 732 ratio
1508 695 1720 733 intellectus
1757 697 1879 734 divini
1916 698 1965 735 ad
2003 710 2063 735 res
2091 700 2214 748 qualis
2242 713 2372 739 rerum
2401 704 2450 740 ad

1383 748 1618 786 intellectum
1638 751 1871 787 humanum.
1902 751 2060 789 Falsitas
2080 760 2211 790 autem
2230 764 2385 793 causata
2403 769 2450 793 ex

1384 801 1652 852 inaequalitate
1672 803 1883 841 intellectus
1907 805 2070 842 humani
2095 813 2132 842 et
2155 806 2209 843 rei
2233 819 2313 844 non
2337 817 2392 845 est
2411 810 2450 846 in

1385 855 1511 903 rebus,
1533 857 1600 893 sed
1620 856 1660 893 in
1687 856 1890 895 intellectu.
1914 858 1954 895 Si
1974 857 2087 907 igitur
2105 871 2186 896 non
2209 868 2307 897 esset
2326 863 2450 898 omni-

1384 909 1502 946 moda
1522 910 1751 963 adaequatio
1772 910 1983 949 intellectus
2003 911 2124 949 divini
2143 913 2192 949 ad
2219 925 2289 960 res,
2313 914 2451 952 falsitas

1383 970 1482 999 esset
1496 960 1534 999 in
1551 963 1679 1010 rebus,
1695 975 1776 1001 non
1790 963 1830 1001 in
1845 964 2037 1002 intellectu
2057 965 2201 1002 divino.
2223 967 2307 1004 Nec
2321 975 2451 1005 tamen

1384 1014 1423 1051 in
1444 1015 1558 1053 rebus
1577 1024 1633 1053 est
1650 1017 1805 1054 falsitas:
1823 1018 1915 1067 quia
1929 1026 2121 1068 quantum
2137 1021 2451 1070 unumquodque

1384 1068 1499 1105 habet
1527 1070 1574 1106 de
1603 1082 1698 1117 esse,
1728 1078 1879 1109 tantum
1912 1072 2028 1109 habet
2055 1072 2104 1109 de
2133 1072 2300 1110 veritate.
2335 1075 2451 1112 Nulla

1345 1139 1366 1158 ις
1384 1121 1496 1170 igitur
1524 1122 1774 1173 inaequalitas
1802 1132 1857 1162 est
1885 1125 1983 1162 inter
2010 1125 2245 1163 intellectum
2273 1127 2450 1165 divinum

1383 1183 1420 1212 et
1443 1188 1518 1221 res;
1539 1188 1611 1214 nec
1630 1177 1759 1227 aliqua
1778 1177 1916 1215 falsitas
1937 1178 1975 1215 in
2003 1178 2194 1216 intellectu
2214 1179 2348 1218 divino
2369 1193 2451 1219 esse

1383 1236 1518 1278 potest.

1435 1283 1541 1320 Item.
1572 1283 1679 1321 Sicut
1697 1296 1827 1322 verum
1847 1290 1898 1322 est
1915 1287 2055 1322 bonum
2075 1286 2285 1333 intellectus,
2306 1286 2357 1324 ita
2370 1287 2450 1335 fal—

1381 1347 1464 1372 sum
1492 1342 1543 1373 est
1570 1338 1714 1374 malum
1743 1339 1855 1387 ipsius
1868 1337 1902 1375 *z
1934 1338 2154 1376 naturaliter
2177 1339 2283 1377 enim
2306 1340 2451 1390 appeti-

1383 1401 1472 1426 mus
1491 1402 1631 1427 verum
1652 1402 1886 1439 cognoscere
1905 1398 1942 1428 et
1961 1392 2170 1441 refugimus
2193 1393 2286 1430 falso
2313 1393 2449 1444 decipi.

1383 1443 1534 1480 Malum
1563 1451 1695 1481 autem
1729 1443 1767 1481 in
1796 1445 1881 1482 Deo
1910 1457 1992 1482 esse
2020 1457 2101 1482 non
2129 1452 2264 1495 potest,
2293 1451 2336 1483 ut'
2362 1453 2451 1496 pro-

1383 1495 1518 1533 batum
1539 1504 1595 1533 est
1613 1496 1643 1533 ²¹².
1674 1497 1767 1534 Non
1796 1506 1920 1547 potest
1939 1498 2052 1546 igitur
2070 1499 2109 1535 in
2129 1511 2176 1535 eo
2197 1512 2279 1536 esse
2301 1500 2450 1537 falsitas.

1437 1549 1540 1586 Hinc
1555 1558 1611 1587 est
1625 1550 1734 1599 quod
1749 1550 1887 1588 dicitur
1906 1553 2017 1589 Rom.
2034 1556 2107 1589 111⁴:
2127 1554 2192 1589 Est
2207 1559 2330 1590 autem
2349 1554 2452 1590 Deus

1383 1614 1524 1646 verax;
1556 1611 1592 1640 et
1621 1604 1738 1640 Num.
1770 1616 1851 1641 xxm
1864 1608 1904 1641 ¹⁹:
1934 1606 2024 1642 Non
2055 1611 2106 1642 est
2133 1607 2236 1642 Deus
2263 1611 2301 1642 ut
2327 1608 2451 1652 homo,

1343 1671 1366 1691 as
1384 1662 1422 1692 ut
1441 1658 1654 1700 mentiatur‚·
1673 1664 1710 1693 et
1729 1658 1742 1693 Ι
1757 1658 1865 1694 Ioan.
1883 1661 1931 1694 1⁵:
1953 1659 2055 1695 Deus
2069 1659 2137 1695 lux
2152 1665 2214 1705 est,
2230 1666 2263 1696 et
2281 1662 2455 1697 tenebrae

1384 1709 1422 1746 in
1451 1721 1496 1746 eo
1525 1722 1600 1746 non
1629 1716 1713 1746 sunt
1742 1710 1850 1747 ullae.

1862 1823 1876 1849 5
1896 1830 1925 1849 ut
1943 1832 1986 1850 om
2005 1825 2070 1855 zrc,
2089 1830 2134 1850 aut
2152 1825 2200 1850 «E.

1848 1859 1881 1885 16
1899 1860 1934 1893 in]
1954 1861 1999 1893 qui
2012 1861 2038 1885 in
2052 1861 2147 1893 BHpF,
2161 1868 2228 1894 quae
2241 1861 2266 1885 in
2279 1861 2322 1892 sF,
2338 1860 2374 1885 rei
2387 1861 2412 1885 in
2425 1861 2455 1886 E.

1615 1895 1647 1920 25
1668 1900 1693 1920 et
1712 1896 1729 1921 1.
1749 1895 1805 1926 NZ;
1826 1896 1844 1921 1.
1864 1896 1901 1927 P.,
1921 1903 1964 1921 om
1984 1897 2073 1922 ceter1'.

1015 1999 1357 2033 commentaria.
1385 2000 1695 2034 Fen-ariensis

251 2126 452 2191 pos-raum
488 2115 630 2148 ostendit
666 2115 804 2148 Sanctus
834 2115 981 2147 Thomas
1012 2116 1103 2157 quod
1130 2117 1163 2147 in
1192 2117 1264 2148 Deo
1288 2118 1328 2148 sit

303 2162 430 2198 veritas,
453 2171 543 2192 nunc
566 2161 671 2202 qualis
694 2162 734 2191 sit
757 2160 865 2192 divina
879 2162 1005 2198 veritas,
1030 2161 1172 2192 ostendit
1188 2162 1215 2192 ’ἢ
1233 2161 1328 2193 Circa
1354 2171 1356 2188 :

246 2207 313 2238 hoc
335 2212 447 2238 autem
470 2205 538 2237 duo
562 2205 652 2237 facit:
676 2206 796 2246 primo,
813 2205 955 2237 ostendit
971 2206 1063 2246 quod
1084 2206 1125 2236 sit
1140 2207 1326 2247 purissima;
1355 2231 1356 2244 ἦ

247 2251 405 2288 secundo,
430 2251 522 2292 quod
545 2251 585 2281 sit
608 2251 713 2291 prima
737 2256 769 2281 et
792 2260 930 2287 summa,
955 2251 1061 2292 capite
1085 2252 1245 2291 sequenti.

303 2297 414 2328 Primo
438 2305 516 2337 ergo
537 2295 679 2326 ostendit
696 2295 788 2336 quod
805 2296 837 2326 in
854 2296 926 2326 Deo
943 2301 991 2326 est
999 2296 1180 2336 purissima
1196 2295 1326 2332 veritas,
1355 2305 1357 2310 ⁸

247 2341 302 2373 cui
322 2341 447 2372 scilicet
463 2341 556 2372 nulla
571 2340 716 2381 deceptio
737 2345 797 2370 aut
809 2341 950 2382 falsitas
972 2340 1147 2371 admisceri
1163 2345 1282 2380 potest.

302 2386 348 2416 Et
357 2386 523 2427 probatur
531 2385 644 2426 primo
660 2385 717 2416 sic.
742 2385 877 2422 Veritas,
895 2385 1018 2416 scilicet
1033 2385 1190 2415 abstracta
1206 2390 1237 2415 et
1253 2385 1328 2415 sub-

247 2431 372 2467 sistens,
397 2430 568 2461 falsitatem
591 2439 659 2460 non
684 2430 891 2470 compatitur,
915 2430 998 2460 sicut
1018 2439 1126 2470 neque
1147 2429 1264 2460 albedo
1279 2430 1328 2460 ni-

247 2475 430 2516 gredinem:
453 2493 477 2497 —
500 2475 654 2515 intellige,
679 2476 705 2505 si
736 2474 852 2505 albedo
883 2475 1060 2505 subsistens
1091 2479 1184 2509 esset,
1208 2480 1246 2505 ut
1271 2483 1330 2515 per

247 2521 445 2551 abstractum
469 2519 677 2559 significatur.
703 2520 792 2550 Deus
809 2525 856 2550 est
876 2520 945 2560 ipsa
961 2520 1086 2550 veritas.
1111 2519 1198 2559 Ergo
1223 2524 1283 2549 etc.

303 2564 465 2596 Secundo.
490 2564 676 2596 Intellectus
699 2564 829 2595 divinus
852 2574 886 2594 se
910 2564 1006 2594 habet
1024 2563 1065 2594 ad
1081 2563 1220 2594 modum
1235 2563 1329 2594 intel-

249 2610 351 2640 lectus
375 2609 604 2649 cognoscentis
627 2608 719 2650 quod
743 2609 823 2649 quid
847 2614 904 2639 est.
930 2609 1016 2648 Ergo
1040 2614 1101 2639 etc.
1124 2627 1148 2631 —
1171 2609 1330 2638 Probatur

249 2654 492 2694 consequentia.
518 2653 605 2691 Quia
620 2654 656 2684 in
671 2653 728 2684 illo
749 2653 916 2684 intellectu
931 2663 1000 2684 non
1021 2659 1069 2684 est
1092 2652 1221 2689 falsitas,
1246 2654 1329 2683 sicut

248 2708 309 2730 nec
334 2699 367 2729 in
391 2707 487 2729 sensu
511 2703 662 2738 respectu
685 2698 810 2739 proprii
833 2698 1006 2728 sensibilis:
1035 2698 1096 2728 nisi
1126 2697 1248 2727 scilicet
1271 2706 1329 2737 per

248 2742 408 2779 accidens,
433 2748 470 2773 ut
493 2751 591 2783 supra
606 2743 623 2759 *
647 2742 772 2773 dictum
795 2748 853 2773 est.
878 2742 915 2772 In
939 2743 1011 2772 Deo
1035 2747 1144 2772 autem
1167 2741 1248 2771 nihil
1271 2751 1328 2781 per

249 2787 399 2820 accidens
423 2797 493 2818 esse
517 2792 635 2827 potest.

308 2833 428 2863 Tertio.
440 2831 625 2863 Intellectus
637 2830 766 2862 divinus
777 2840 845 2862 non
859 2836 906 2862 est
918 2831 1123 2861 discursivus.
1136 2830 1222 2870 Ergo
1235 2834 1296 2859 etc.
1304 2847 1328 2852 -

248 2877 406 2909 Probatur
421 2876 665 2916 consequentia.
691 2875 788 2914 Quia,
805 2885 882 2906 cum
897 2876 931 2906 in
952 2875 1063 2915 primis
1079 2875 1245 2915 principiis
1259 2883 1328 2904 non

248 2923 289 2953 sit
312 2932 411 2958 error,
436 2923 470 2952 in
495 2920 762 2952 conclusionibus
791 2925 919 2950 tantum
943 2920 1002 2950 erit
1031 2918 1213 2950 secundum
1237 2918 1328 2958 quod

248 2977 266 2997 a
290 2967 458 3007 principiis
482 2965 523 2996 ad
547 2965 776 2996 conclusiones
795 2964 978 2995 intellectus
1001 2963 1158 2994 discurrit.

305 3010 369 3042 Sed
392 3016 503 3051 posset
525 3010 641 3050 aliquis
665 3009 771 3040 dicere
788 3008 879 3049 quod
895 3017 983 3039 error
999 3007 1115 3038 accidit
1129 3017 1198 3037 non
1219 3008 1327 3038 solum

248 3057 332 3087 circa
351 3055 582 3087 conclusiones
598 3053 639 3084 ad
655 3063 735 3094 quas
750 3053 932 3084 intellectus
947 3053 1094 3093 pervenit
1105 3051 1326 3088 discurrendo,

248 3100 305 3132 sed
321 3101 418 3131 etiam
442 3101 526 3131 circa
549 3099 792 3140 propositiones
816 3107 874 3138 per
897 3107 930 3127 se
953 3102 1109 3137 sumptas.
1133 3097 1328 3137 Experimur

249 3146 337 3177 enim
360 3155 422 3176 nos
446 3144 553 3184 decipi
581 3145 664 3174 circa
695 3143 818 3183 aliquas
848 3142 1090 3182 propositiones
1121 3141 1200 3172 dum
1230 3142 1327 3172 etiam

248 3200 318 3221 non
341 3189 566 3221 discurrimus:
590 3189 674 3219 sicut
697 3197 774 3218 cum
797 3187 936 3218 dicimus
953 3192 984 3217 et
1002 3186 1183 3217 iudicamus
1199 3185 1326 3217 Sortem

249 3240 453 3276 praesentem
477 3243 546 3265 esse
569 3233 750 3264 Platonem.

305 3280 379 3311 Dici
402 3284 511 3320 potest
527 3277 618 3319 quod
633 3287 761 3318 semper
784 3277 817 3307 in
841 3276 1034 3316 deceptione
1058 3280 1106 3305 est
1128 3275 1243 3315 aliquis
1263 3274 1326 3305 dis—

248 3334 373 3361 cursus,
397 3325 473 3355 licet
497 3323 631 3355 fortasse
651 3321 826 3363 aliquando
850 3321 883 3351 in
907 3319 1155 3360 imperceptibili
1178 3325 1326 3360 tempore

248 3369 314 3400 fiat.
340 3369 541 3400 Occurrente
570 3368 659 3399 enim
681 3367 762 3398 mihi
789 3366 882 3397 Sorte
913 3365 1051 3395 habente
1082 3363 1326 3394 similitudinem

248 3423 327 3445 cum
346 3414 493 3450 Platone,
511 3418 590 3454 puta
612 3413 646 3443 in
670 3411 866 3442 rotunditate
888 3409 991 3445 faciei,
1008 3414 1250 3449 argumentatur
1264 3409 1325 3439 im-

249 3459 502 3500 perceptibiliter
530 3457 727 3488 intellectus:
762 3456 827 3486 Iste
858 3454 952 3485 habet
983 3453 1160 3484 rotundam
1184 3453 1323 3495 faciem,

248 3503 345 3545 Ergo
369 3508 417 3534 est
438 3503 544 3534 Plato.
569 3502 612 3533 Et
634 3502 680 3532 sic
704 3501 744 3532 de
768 3500 846 3531 aliis.

309 3547 448 3584 Quarto.
457 3547 579 3579 Omnia
590 3545 822 3587 cognoscibilia
833 3548 1063 3584 comparantur
1074 3541 1114 3572 ad
1125 3541 1324 3572 intellectum

248 3592 398 3623 divinum
421 3594 506 3623 sicut
528 3592 659 3632 proprie
684 3596 716 3621 et
738 3600 796 3631 per
819 3599 852 3620 se
877 3587 1117 3628 cognoscibilia,
1134 3586 1225 3622 idest,
1242 3587 1326 3616 sicut

249 3638 421 3677 proprium
445 3642 477 3668 et
499 3646 558 3677 per
581 3646 615 3666 se
639 3636 816 3666 obiectum.
841 3634 927 3673 Ergo
952 3638 1011 3663 etc.
1028 3650 1051 3654 -—
1065 3631 1223 3661 Probatur
1246 3640 1325 3660 con·
1351 3664 1353 3676 ,

246 3683 429 3722 sequentia.
454 3681 540 3719 Quia
556 3682 592 3711 in
608 3681 725 3711 talibus
749 3680 848 3710 virtus
872 3677 1090 3718 cognoscitiva
1107 3685 1173 3706 non
1195 3680 1286 3705 errat.
1302 3693 1325 3697 -

1383 2117 1589 2148 Antecedens
1613 2127 1689 2148 vero
1714 2117 1878 2158 probatur.
1903 2117 1989 2156 Quia
2012 2117 2138 2148 divinus
2161 2117 2342 2148 intellectus
2358 2123 2405 2148 est
2420 2119 2453 2149 in

1383 2161 1448 2192 fine
1471 2162 1688 2193 sublimitatis:
1714 2161 1804 2198 idest,
1829 2171 1897 2192 non
1928 2162 2023 2193 habet
2053 2162 2194 2203 aliquam
2223 2163 2374 2193 virtutem
2397 2172 2453 2193 co-

1383 2207 1597 2247 gnoscitivam
1620 2207 1842 2238 sublimiorem
1859 2216 1903 2242 se,
1921 2212 1952 2237 et
1967 2216 2101 2237 omnem
2124 2207 2353 2237 sublimitatem
2369 2216 2452 2247 quae

1354 2251 1357 2260 ⁴
1384 2261 1453 2282 esse
1477 2252 1578 2292 possit
1601 2252 1706 2288 habet,
1732 2252 1854 2282 scilicet
1877 2251 2045 2282 infinitam.
2070 2251 2203 2289 Quanto
2227 2257 2335 2282 autem
2355 2252 2454 2282 virtus

1384 2296 1606 2336 cognoscitiva
1629 2302 1676 2326 est
1699 2296 1802 2332 altior,
1826 2301 1917 2326 tanto
1942 2296 2010 2326 eius
2034 2297 2199 2326 obiectum
2221 2296 2314 2336 plura
2337 2296 2396 2326 sub
2420 2305 2453 2326 se

1355 2337 1357 2346 '
1384 2341 1543 2371 continet:
1569 2346 1605 2371 ut
1629 2345 1716 2382 patet
1740 2340 1780 2371 de
1803 2350 1900 2371 sensu
1916 2341 2085 2371 communi
2108 2345 2139 2371 et
2161 2341 2390 2381 imaginatione
2406 2350 2454 2370 re-

1384 2391 1498 2426 spectu
1521 2394 1634 2416 sensus
1657 2385 1865 2426 particularis.
1890 2384 1977 2425 Ergo
2002 2390 2132 2425 oportet
2147 2390 2183 2415 ut
2198 2385 2308 2415 omnia
2331 2394 2454 2425 cogno-

1384 2430 1506 2461 scibilia
1529 2431 1756 2460 contineantur
1771 2430 1830 2460 sub
1851 2430 1981 2460 obiecto
2004 2439 2062 2470 per
2085 2439 2119 2460 se
2143 2428 2241 2460 divini
2264 2429 2453 2460 intellectus.

1443 2474 1576 2511 Quinto.
1600 2474 1783 2505 Intellectus
1807 2474 1935 2505 divinus
1952 2479 1998 2505 est
2015 2484 2052 2504 ex
2068 2480 2180 2504 natura
2203 2483 2261 2504 sua
2284 2473 2455 2514 perfectior

1385 2528 1483 2559 quam
1507 2519 1688 2550 intellectus
1712 2519 1873 2549 humanus
1896 2519 2012 2549 virtute
2044 2518 2250 2549 intellectuali
2282 2517 2454 2559 perfectus,

1384 2565 1467 2594 sicut
1479 2569 1526 2594 est
1538 2564 1693 2603 sapientia
1705 2568 1737 2593 et
1749 2564 1894 2593 scientia:
1913 2572 1989 2593 cum
2001 2563 2070 2602 ipse
2082 2563 2166 2593 sitin
2182 2562 2248 2593 fine
2264 2568 2296 2593 et
2311 2568 2453 2593 extremo

1383 2607 1602 2648 perfectionis.
1628 2607 1690 2638 Sed
1713 2608 1772 2637 iste
1787 2617 1855 2637 non
1872 2606 1949 2637 dicit
1965 2607 2091 2642 falsum,
2109 2606 2164 2637 sed
2181 2616 2308 2647 semper
2322 2616 2452 2637 verum:

1384 2653 1461 2692 quia
1484 2652 1612 2683 virtutis
1635 2657 1682 2682 est
1703 2656 1811 2682 actum
1834 2651 1953 2681 bonum
1978 2651 2130 2687 reddere,·
2152 2660 2265 2681 verum
2281 2656 2389 2681 autem
2406 2650 2452 2681 di·

1384 2706 1456 2727 cere
1481 2701 1528 2726 est
1550 2697 1657 2726 bonus
1681 2701 1770 2726 actus
1793 2695 1984 2726 intellectus.
2008 2695 2094 2734 Ergo
2119 2700 2178 2725 etc.

1439 2740 1550 2771 Sexto.
1574 2740 1607 2770 Si
1631 2739 1759 2770 divinus
1781 2739 1963 2770 intellectus
1986 2738 2145 2770 diceretur
2167 2738 2276 2774 falsus,
2300 2737 2418 2768 falsitas
2434 2748 2452 2768 a

1383 2794 1448 2825 qua
1471 2784 1630 2815 diceretur
1646 2783 1743 2815 falsus
1765 2793 1834 2814 non
1857 2789 1939 2814 esset
1962 2784 1995 2814 in
2019 2783 2102 2820 Deo,
2123 2783 2179 2814 sed
2202 2784 2236 2813 in
2259 2783 2363 2813 rebuS.
2388 2782 2451 2813 Sed

1382 2838 1444 2860 nec
1460 2829 1556 2859 etiam
1574 2834 1621 2859 est
1635 2829 1670 2859 in
1685 2829 1794 2859 rebus:
1812 2829 1889 2869 quia
1905 2833 2063 2868 quantum
2079 2827 2340 2868 unumquodque
2355 2827 2452 2857 habet

1383 2873 1423 2904 de
1448 2883 1526 2910 esse,
1551 2878 1677 2904 tantum
1700 2874 1796 2904 habet
1819 2872 1859 2904 de
1882 2873 2023 2903 veritate.
2055 2872 2142 2912 Ergo
2167 2878 2227 2903 etc.
2250 2890 2273 2894 —
2295 2872 2452 2901 Probatur

1383 2917 1587 2948 antecedens.
1612 2917 1698 2956 Quia
1721 2918 1791 2948 talis
1814 2922 1862 2948 est
1885 2918 2084 2958 comparatio
2100 2917 2281 2947 intellectus
2297 2915 2394 2946 divini
2411 2916 2450 2946 ad

1382 2972 1433 2993 res
1456 2962 1560 3003 qualis
1584 2968 1631 2993 est
1654 2971 1761 2993 rerum
1785 2961 1825 2992 ad
1847 2962 2047 2992 intellectum
2070 2962 2262 2992 humanum:
2288 2969 2328 2990 eo
2350 2960 2449 3000 quod,

1383 3008 1466 3037 sicut
1487 3008 1602 3038 veritas
1626 3007 1807 3037 intellectus
1830 3007 1963 3037 humani
1986 3012 2190 3036 mensuratur
2212 3015 2230 3035 a
2253 3005 2357 3041 rebus,
2374 3005 2415 3035 ita
2432 3014 2449 3035 e

1382 3061 1542 3082 converso
1565 3061 1615 3082 res
1638 3055 1866 3082 mensurantur
1889 3052 1928 3081 ab
1952 3051 2117 3081 intellectu
2134 3050 2254 3086 divino,
2271 3058 2346 3080 cum
2362 3049 2449 3079 Deus

1382 3105 1440 3137 per
1462 3104 1556 3127 suam
1578 3097 1745 3126 scientiam
1768 3096 1808 3126 sit
1831 3105 1926 3126 causa
1949 3105 2066 3126 rerum.
2101 3094 2187 3125 Cum
2210 3103 2286 3133 ergo
2309 3103 2359 3123 res
2381 3102 2449 3123 non

1382 3140 1529 3171 dicantur
1552 3139 1649 3171 falsae
1672 3141 1734 3171 nisi
1756 3145 1888 3181 propter
1911 3139 2079 3170 falsitatem
2102 3139 2281 3169 intellectus
2304 3138 2448 3173 humani,

1381 3186 1576 3226 inquantum
1599 3185 1721 3215 scilicet
1742 3190 1837 3215 natae
1859 3190 1934 3215 sunt
1957 3184 2060 3214 facere
2084 3183 2194 3214 falsam
2218 3183 2267 3213 sui
2291 3182 2448 3212 existima-

1381 3231 1516 3265 tionem,
1534 3235 1589 3260 aut
1605 3230 1681 3270 quia
1697 3228 1917 3270 significantur
1939 3228 2019 3259 falso
2042 3227 2221 3263 intellectu;
2246 3236 2264 3257 e
2288 3227 2448 3256 contrario

1382 3274 1541 3305 diceretur
1555 3274 1737 3305 intellectus
1753 3273 1880 3304 divinus
1892 3273 1989 3304 falsus
2004 3278 2137 3313 propter
2149 3281 2256 3302 rerum
2269 3269 2447 3306 falsitatem,

1382 3328 1465 3360 quae
1488 3319 1610 3349 scilicet
1633 3318 1732 3349 divini
1755 3318 1935 3349 intellectus
1958 3317 2096 3347 formam
2111 3325 2179 3346 non
2194 3316 2402 3346 imitarentur.

1436 3362 1586 3399 Adverte‚
1610 3372 1671 3403 pro
1695 3362 1828 3393 falsitate
1852 3362 2091 3402 consequentis,
2115 3370 2153 3391 ex
2177 3359 2321 3390 doctrina
2340 3358 2448 3390 Sancti

1381 3408 1530 3438 Thomae
1553 3408 1609 3438 ubi
1633 3417 1729 3447 supra
1744 3408 1771 3443 *,
1797 3406 1886 3447 quod
1910 3407 1942 3436 in
1967 3405 2081 3436 ordine
2108 3405 2152 3435 ad
2182 3404 2376 3434 intellectum
2399 3402 2447 3433 di-

1381 3453 1490 3483 vinum
1507 3461 1560 3482 res
1575 3461 1641 3482 non
1660 3456 1800 3492 possunt
1822 3451 1886 3481 dici
1899 3451 2023 3492 falsae,
2041 3459 2113 3480 cum
2136 3447 2289 3489 quicquid
2303 3448 2336 3477 in
2354 3447 2448 3478 rebus

1351 3531 1353 3540 Α
1380 3497 1507 3532 accidit,
1532 3506 1574 3527 ex
1597 3496 1713 3527 ordine
1736 3496 1837 3526 divini
1860 3495 2039 3525 intellectus
2056 3493 2233 3534 procedat:
2256 3492 2320 3522 nisi
2342 3492 2375 3522 in
2391 3501 2448 3522 νο-

1351 3541 1353 3550 ’
1381 3541 1535 3572 luntariis
1557 3541 1728 3582 agentibus
1742 3540 1912 3581 fortassis,
1930 3539 1962 3568 in
1979 3547 2117 3579 quorum
2135 3541 2298 3578 potestate
2312 3541 2361 3567 est
2374 3536 2448 3567 sub-

1380 3586 1499 3616 ducere
1513 3595 1547 3616 se
1563 3586 1602 3615 ab
1619 3585 1734 3615 ordine
1750 3584 1851 3614 divini
1875 3583 2063 3619 intellectus,
2081 3583 2274 3622 inquantum
2290 3586 2338 3612 est
2353 3590 2448 3611 causa

1380 3639 1497 3660 rerum.
1523 3629 1616 3660 Unde
1639 3629 1728 3659 nulla
1751 3638 1799 3658 res
1823 3633 1871 3658 est
1893 3636 1987 3667 quae,
2011 3626 2190 3657 secundum
2214 3635 2347 3656 omnem
2368 3626 2448 3656 enti-

1379 3680 1478 3705 tatem
1495 3675 1528 3704 in
1545 3683 1578 3704 se
1595 3674 1792 3708 existentem,
1809 3681 1876 3702 non
1893 3671 2115 3702 conformetur
2130 3671 2239 3701 divino
2260 3670 2446 3701 intellectui.

2479 494 2488 503 ·
2504 493 2539 516 Cf.
2556 499 2606 522 cap.
2619 500 2640 521 ι,
2656 495 2694 516 Ad

2479 521 2556 542 huius.

2479 1344 2488 1353 ·
2496 1342 2582 1369 ΕΙΙιίε.,
2589 1343 2629 1368 Vl,
2638 1349 2663 1368 ιι,
2670 1349 2690 1372 3.

2479 1504 2488 1512 ·
2504 1502 2559 1530 Cap.
2573 1508 2650 1524 xxxix.

2475 3410 2484 3419 ·
2496 3408 2531 3430 Cs.
2542 3414 2593 3436 cap.
2603 3413 2688 3435 praec..

2476 3435 2608 3456 Comment.
2631 3440 2656 3456 ιι.
2677 3445 2687 3451 -

2474 3461 2485 3483 l
2500 3461 2534 3485 P..
2554 3467 2611 3487 xvii,
2628 3468 2647 3487 ι,
2666 3464 2688 3482 et

2475 3488 2506 3509 de
2518 3488 2568 3509 Ver.
2581 3494 2596 3511 ι.
2608 3494 2630 3509 a.
2643 3493 2678 3510 ιο.
