2768 4134
38 963 49 975 ·
58 962 111 986 Lib.
118 962 137 990 1,
147 968 198 991 sap.
206 968 254 985 uv.

39 1401 50 1411 ·
63 1399 101 1422 ef.
118 1399 253 1423 Commeat.

37 1431 92 1454 ap.
105 1433 128 1448 v.

39 2025 50 2036 ²
57 2024 95 2048 Cf.
105 2026 164 2047 text.
173 2026 196 2046 εἰ
203 2029 252 2046 Vtr-

39 2069 50 2079 '
59 2066 96 2090 ef.
111 2073 135 2089 n.
150 2072 186 2089 ni.

763 291 952 329 SUMMA
981 293 1203 331 CONTRA
1232 293 1506 339 GENTILES‚
1535 295 1628 331 LIB.
1654 295 1695 340 II,
1726 295 1836 332 CAP.
1863 296 1995 333 XLVI.

283 369 420 415 modo,
450 370 669 407 secundum
704 371 981 419 cognitionem,
1015 373 1111 410 sicut
1145 372 1354 410 similitudo

282 421 379 471 ignis
408 430 464 459 est
492 422 531 460 in
559 423 646 460 visu
674 425 738 461 vel
765 432 878 462 tactu.
914 426 975 462 Ad
1003 426 1079 463 hoc
1107 426 1220 475 igitur
1247 426 1355 476 quod

283 474 494 513 similitudo
522 476 597 513 Dei
620 477 786 526 perfecte
806 485 904 515 esset
923 478 962 515 in
982 479 1098 516 rebus
1118 479 1246 517 modis
1266 491 1354 529 pos-

282 528 468 576 sibilibus,
489 530 661 579 oportuit
679 531 787 579 quod
806 530 939 569 divina
966 532 1118 570 bonitas
1147 533 1262 570 rebus
1285 545 1356 582 per

282 581 575 620 similitudinem
597 583 953 622 communicaretur
980 597 1061 622 non
1089 588 1216 623 solum
1237 586 1276 623 in
1296 598 1354 623 es—

282 636 416 682 sendo,
446 636 515 673 sed
542 637 828 684 cognoscendo.
860 638 1103 687 Cognoscere
1139 646 1270 676 autem
1298 638 1354 676 di-

281 689 417 727 vinam
436 688 649 726 bonitatem
668 692 774 727 solus
793 690 1005 729 intellectus
1019 699 1155 741 potest.
1173 691 1355 741 Oportuit

282 741 396 790 igitur
423 754 506 779 esse
535 751 728 780 creaturas
757 743 1040 782 intellectuales.

335 795 489 833 Adhuc.
523 797 566 833 In
595 796 779 834 omnibus
816 798 998 835 decenter
1030 797 1214 835 ordinatis
1246 797 1354 835 habi-

281 849 377 886 tudo
397 850 663 887 secundorum
682 851 731 887 ad
751 851 887 889 ultima
902 851 1072 889 imitatur
1085 851 1355 889 habitudinem

281 901 398 951 primi
426 903 476 940 ad
505 903 638 940 omnia
659 904 831 941 secunda
850 913 887 942 et
905 905 1052 951 ultima,
1073 904 1159 941 licet
1177 905 1354 953 quando-

281 967 359 1005 que
379 956 614 994 deficienter.
631 957 844 995 Ostensum
864 957 950 995 est*
969 965 1100 995 autem
1120 957 1228 1006 quod
1248 958 1355 995 Deus

282 1008 322 1046 in
341 1021 381 1047 se
402 1022 541 1047 omnes
569 1018 763 1048 creaturas
791 1010 1098 1060 comprehendit.
1129 1011 1176 1048 Et
1202 1011 1278 1048 hoc
1298 1023 1354 1048 re-

335 1123 352 1149 6
371 1123 427 1158 sedl
447 1125 495 1150 sed
514 1125 592 1150 etiam
610 1125 636 1150 in
654 1125 733 1156 DYP,
753 1125 800 1150 sed
819 1125 898 1150 etiam
916 1125 943 1150 d.

2402 298 2476 346 375

1410 382 1676 422 praesentatur
1703 374 1742 411 in
1771 375 2036 424 corporalibus
2071 376 2267 423 creaturis,
2297 376 2382 414 licet
2408 389 2479 427 per

1411 426 1530 463 aliurn
1558 427 1739 464 modum:
1771 440 1925 477 semper
1953 428 2057 466 enim
2086 429 2280 467 invenitur
2301 430 2478 480 superius

1410 491 1553 528 corpus
1581 481 1918 529 comprehendens
1938 489 1974 518 et
1994 482 2194 520 continens
2222 483 2394 529 inferius;
2424 491 2478 521 ta-

1410 545 1503 569 men
1545 533 1763 570 secundum
1805 534 2069 572 extensionem
2111 536 2347 585 quantitatis;
2386 549 2477 574 cum

1376 586 1517 622 ⁵Deus
1555 597 1693 622 omnes
1730 595 1922 624 creaturas
1961 587 2122 637 simplici
2159 590 2292 636 modo,
2326 597 2363 626 et
2396 602 2478 627 non

1410 638 1630 687 quantitatis
1658 639 1892 685 extensione,
1913 641 2115 678 contineat.
2145 643 2194 679 Ut
2218 642 2330 690 igitur
2347 655 2419 680 nec
2438 643 2478 680 in

1410 692 1487 728 hoc
1515 692 1636 729 modo
1665 691 1889 729 continendi
1917 693 1989 730 Dei
2018 693 2177 732 imitatio
2206 695 2387 732 creaturis
2413 696 2478 734 de-

1410 752 1519 791 esset,
1547 744 1666 782 factae
1702 754 1792 782 sunt
1826 754 2021 783 creaturae
2059 747 2343 794 intellectuales,
2377 761 2477 798 quae

1410 805 1603 835 creaturas
1631 799 1851 848 corporales
1879 799 2129 846 continerent,
2149 813 2230 837 non
2257 802 2477 839 extensione

1371 868 1396 882 xo
1410 851 1640 900 quantitatis,
1671 852 1739 890 sed
1767 852 1987 902 simpliciter
2013 865 2084 902 per
2115 854 2282 890 modum
2310 854 2478 903 intelligi-

1410 904 1546 942 bilem:
1576 917 1668 942 nam
1697 906 1806 954 quod
1834 905 2051 954 intelligitur
2079 914 2135 943 est
2163 906 2201 944 in
2239 907 2477 955 intelligente,

1411 965 1448 995 et
1479 958 1562 995 eius
1600 958 1841 996 intellectuali
1869 959 2093 1009 operatione
2122 960 2477 1009 comprehenditur.

1043 1213 1379 1246 Commentaria
1407 1213 1717 1246 Fen-ariensis

337 1316 484 1338 osrnmm
506 1305 731 1337 determinavit
747 1306 883 1337 Sanctus
909 1306 1055 1336 Thomas
1075 1306 1115 1337 de
1139 1316 1247 1337 rerum
1269 1316 1356 1337 crea-

310 1358 317 1359 ’
346 1351 437 1382 tione
468 1355 500 1382 et
529 1351 750 1387 distinctione,
779 1351 895 1391 incipit
922 1350 963 1381 de
991 1352 1069 1391 ipsis
1099 1351 1195 1381 rebus
1226 1352 1355 1388 creatis,

281 1401 442 1437 quantum
457 1395 498 1426 ad
513 1395 590 1426 fidei
605 1396 772 1426 veritatem
788 1396 937 1435 pertinet,
953 1394 1166 1426 determinare
1179 1396 1205 1426 *ἦ
1223 1395 1264 1426 Et
1280 1397 1356 1436 quia

279 1441 364 1472 inter
388 1450 503 1471 omnes
527 1445 688 1471 creaturas
718 1440 859 1470 maxime
890 1440 974 1470 circa
1003 1440 1184 1480 spirituales
1214 1446 1357 1471 versatur

280 1484 371 1522 fides,
394 1484 471 1516 ideo
495 1484 604 1516 Sancti
620 1485 770 1515 Thomae
786 1485 925 1514 intentio
949 1490 998 1514 est
1014 1484 1054 1515 de
1070 1485 1148 1524 ipsis
1172 1485 1357 1515 substantiis

280 1529 499 1570 spiritualibus
522 1528 705 1559 doctrinam
727 1528 861 1559 tradere.

337 1573 432 1604 Circa
454 1573 519 1604 hoc
540 1578 650 1603 autem
670 1573 730 1603 tria
749 1572 840 1603 facit:
864 1573 983 1612 primo,
1008 1571 1048 1602 de
1071 1578 1185 1602 natura
1208 1573 1356 1602 substan-

279 1617 343 1648 tiae
365 1617 539 1658 spiritualis
570 1617 776 1653 determinat;
808 1615 967 1653 secundo,
992 1616 1032 1646 de
1066 1617 1135 1647 eius
1164 1617 1286 1647 unione
1315 1616 1355 1646 ad

280 1670 410 1702 corpus,
435 1671 506 1702 cap.
522 1671 588 1698 Lvn
611 1662 719 1698 tertio,
744 1660 785 1692 de
809 1661 878 1691 eius
902 1661 1104 1701 operatione,
1129 1669 1199 1701 cap.
1227 1670 1309 1691 xcvi.

336 1705 432 1737 Circa
447 1707 592 1747 primum
615 1706 683 1737 duo
705 1705 795 1736 facit:
816 1705 935 1746 primo,
957 1706 1022 1745 agit
1040 1704 1080 1735 de
1097 1706 1265 1736 existentia
1281 1705 1356 1735 sub-

279 1751 414 1782 stantiae
432 1750 624 1792 spiritualis}
643 1750 801 1787 secundo,
821 1749 862 1780 de
885 1751 955 1781 eius
977 1754 1102 1786 natura,
1125 1750 1159 1780 in
1183 1750 1287 1791 capite
1306 1758 1356 1780 se-

280 1796 406 1837 quenti.

336 1840 360 1871 1.
384 1839 556 1879 Quantum
571 1838 612 1870 ad
627 1840 782 1880 primum,
798 1839 933 1880 ponitur
948 1839 1028 1869 haec
1045 1838 1228 1869 conclusio:
1250 1837 1356 1879 Opor-

280 1884 352 1921 tuit,
364 1885 410 1916 ad
419 1884 658 1926 perfectionem
675 1884 829 1920 universi,
843 1888 1015 1914 creaturas
1026 1883 1156 1924 aliquas
1169 1883 1358 1923 spirituales

279 1929 364 1966 fieri,
381 1930 419 1962 in.
438 1938 564 1960 summo
582 1939 693 1959 rerum
709 1929 829 1960 vertice
844 1928 1047 1959 constitutas.
1071 1928 1230 1958 Probatur
1247 1933 1356 1958 autem

281 1984 321 2006 ex
343 1973 453 2006 divina
476 1973 690 2015 dispositione
717 1973 954 2013 perfectionem
977 1973 1073 2003 rebus
1097 1972 1210 2002 creatis
1241 1981 1357 2003 secun-

281 2018 362 2050 dum
385 2028 482 2050 suum
504 2018 643 2050 modum
667 2018 831 2059 optimum
846 2019 863 2034 ³*
887 2017 1079 2057 assignante.

337 2063 383 2094 Et
397 2064 510 2105 primo
523 2065 540 2081 ⁴*
562 2063 620 2094 sic.
637 2062 690 2094 Ad
712 2063 776 2093 hoc
799 2067 836 2093 ut
862 2062 1052 2092 universum
1079 2061 1227 2091 ultimam
1250 2061 1356 2101 perfe-

282 2109 427 2139 ctionem
457 2113 687 2148 consequatur,
720 2112 851 2148 oportet
880 2112 1040 2137 creaturas
1071 2105 1111 2136 ad
1134 2115 1231 2136 suum
1253 2105 1356 2137 redire

281 2153 491 2194 principium.
509 2153 595 2193 Ergo
612 2157 752 2193 oportet,
769 2151 809 2182 ad
825 2157 1044 2182 creaturarum
1059 2149 1304 2191 perfectionem,
1320 2155 1358 2181 ut

282 2198 410 2238 aliquae
434 2203 598 2228 creaturae
613 2198 677 2227 sint
691 2196 918 2236 intelligentes.
935 2213 956 2217 —
974 2196 1132 2226 Probatur
1151 2195 1355 2226 antecedens.

283 2242 370 2281 Quia
385 2248 464 2273 tunc
481 2241 614 2273 effectus
630 2242 770 2272 maxime
794 2240 957 2281 perfectus
976 2245 1024 2271 est
1046 2239 1180 2281 quando
1204 2239 1244 2270 ad
1259 2249 1356 2270 suurn

282 2287 482 2329 principium
505 2286 600 2318 redit:
618 2292 655 2317 ut
678 2291 766 2326 patet
787 2295 824 2315 ex
849 2285 972 2316 circulo
989 2290 1021 2315 et
1043 2290 1138 2315 motu
1161 2284 1318 2315 circulari.
1334 2302 1358 2307 -

284 2331 530 2372 Consequentia
553 2340 688 2371 quoque
718 2331 883 2371 probatur.
914 2329 1000 2367 Quia
1032 2329 1170 2360 redeunt
1196 2329 1236 2360 ad
1260 2338 1356 2359 suum

283 2377 481 2418 principium
511 2376 656 2416 singulae
687 2380 850 2405 creaturae
880 2375 1076 2414 inquantum
1104 2375 1173 2404 eius
1208 2374 1356 2404 similitu-

284 2421 395 2453 dinem
410 2426 527 2461 gerunt
542 2419 725 2453 secundum
741 2429 810 2450 esse
827 2425 858 2450 et
873 2424 1021 2451 naturam
1045 2428 1167 2459 earum,
1187 2419 1221 2450 in
1238 2419 1357 2459 quibus

285 2466 450 2507 quandam
466 2465 586 2495 habent
599 2463 847 2505 perfectionem.
865 2463 1049 2494 Intellectus
1067 2469 1177 2494 autem
1201 2463 1263 2494 Dei
1282 2472 1358 2503 pro-

285 2510 449 2542 ductionis
473 2514 692 2540 creaturarum
711 2509 909 2549 principium
933 2513 991 2538 est.

342 2555 380 2585 11.
405 2553 469 2585 Sed
503 2554 644 2584 occurrit
677 2554 761 2584 circa
790 2553 874 2583 hanc
907 2553 1068 2583 rationem
1103 2551 1250 2583 dubium.
1282 2552 1358 2583 Non

286 2599 374 2630 enim
398 2603 528 2638 oportet
543 2597 577 2629 id
592 2598 684 2638 quod
706 2598 746 2628 ab
770 2602 884 2637 agente
900 2606 958 2637 per
976 2597 1177 2627 intellectum
1200 2596 1358 2637 procedit,

286 2643 453 2674 assimilari
475 2642 522 2673 illi
546 2648 706 2683 quantum
729 2642 770 2673 ad
792 2642 945 2673 virtutem
968 2641 1208 2677 intellectivam,
1239 2646 1276 2671 ut
1299 2641 1359 2671 sci-

285 2688 362 2718 licet
377 2686 512 2718 effectus
527 2687 568 2717 sit
582 2687 763 2727 intelligens
779 2686 863 2717 sicut
879 2691 911 2716 et
929 2695 1035 2722 causa,
1053 2686 1199 2725 alioquin
1222 2685 1359 2715 domum

287 2738 319 2763 et
342 2732 454 2763 omnia
469 2731 636 2762 artificiata
652 2736 818 2772 oporteret
831 2730 1033 2760 intellectum
1056 2730 1189 2760 habere:
1214 2729 1270 2760 sed
1293 2728 1360 2759 suf-

286 2776 355 2808 ficit
377 2781 414 2807 ut
436 2776 630 2807 assimiletur
652 2776 776 2806 formae
800 2779 990 2814 conceptae,
1015 2782 1099 2814 quae
1127 2779 1174 2804 est
1197 2773 1361 2814 exemplar

287 2822 335 2852 rei
357 2819 602 2861 producendae;
624 2821 708 2851 sicut
726 2819 780 2850 dat
795 2819 983 2859 exemplum
1007 2818 1142 2849 Sanctus
1158 2818 1304 2848 Thomas
1321 2817 1360 2848 de

288 2865 401 2902 domo,
418 2874 518 2906 quam
541 2870 672 2905 oportet
688 2865 748 2895 arti
770 2863 947 2899 assimilari,
971 2872 1040 2893 non
1064 2867 1173 2893 autern
1196 2862 1360 2902 potentiae

288 2909 503 2942 intellectivae
518 2908 657 2940 artificis.
677 2908 775 2949 Ergo,
791 2907 940 2948 quamvis
955 2907 1138 2938 intellectus
1154 2906 1215 2937 Dei
1231 2907 1271 2937 sit
1285 2915 1361 2947 pro-

289 2954 453 2986 ductionis
479 2963 588 2985 rerum
617 2953 826 2994 principium,
855 2961 924 2982 non
953 2956 1063 2981 tamen
1093 2956 1223 2991 oportet
1253 2951 1361 2991 ipsum

289 2999 479 3030 universum
501 2998 619 3029 habere
642 3003 767 3038 partem
791 3005 875 3037 quae
899 2995 1095 3026 intellectiva
1118 2996 1167 3025 sit.

347 3043 579 3074 Confirmatur.
603 3042 690 3080 Quia
719 3051 778 3082 per
807 3041 891 3071 hanc
920 3041 1081 3070 rationem
1113 3038 1363 3070 concluderetur

291 3097 407 3119 omnes
433 3097 483 3119 res
515 3092 636 3118 creatas
665 3087 784 3117 habere
813 3084 1028 3116 intellectum:
1062 3084 1139 3124 quia
1166 3084 1363 3124 principium

291 3132 518 3175 productionis
541 3132 692 3163 omnium
716 3136 764 3161 est
786 3129 969 3160 intellectus
993 3128 1133 3159 divinus.

349 3186 379 3208 2.
404 3177 456 3208 Ad
478 3177 575 3208 huius
599 3175 804 3211 evidentiam,
829 3172 1101 3205 considerandum
1123 3173 1230 3213 primo
1262 3171 1363 3212 quod,

292 3221 368 3253 licet
390 3231 448 3263 per
470 3222 672 3252 intellectum
696 3220 784 3250 Deus
807 3228 857 3249 res
880 3217 1039 3259 producat
1062 3218 1096 3248 in
1123 3226 1202 3253 esse,
1227 3217 1310 3247 sicut
1333 3221 1365 3247 et

293 3266 405 3297 artifex
428 3276 483 3297 rex
507 3265 698 3301 artificiatas,
728 3265 762 3295 in
793 3262 921 3294 duobus
950 3267 1058 3292 tamen
1084 3260 1189 3292 differt
1211 3261 1301 3292 Deus
1324 3261 1363 3291 ab

293 3310 415 3342 artifice
431 3316 550 3342 creato.
567 3311 687 3346 Primo,
704 3309 781 3349 quia
795 3307 978 3338 intellectus
994 3306 1122 3337 divinus
1145 3306 1189 3336 ita
1212 3311 1260 3335 est
1277 3306 1365 3346 prin—

294 3356 418 3396 cipium
433 3355 665 3396 productivum
680 3359 897 3384 creaturarum
914 3350 1005 3392 quod
1021 3351 1090 3381 eius
1107 3350 1264 3390 operatio,
1282 3359 1365 3389 quae

295 3406 343 3430 est
360 3400 549 3441 intelligere,
562 3405 610 3430 est
625 3399 751 3430 realiter
765 3398 874 3438 ipsum
885 3395 1066 3437 producere
1079 3400 1253 3425 creaturae.
1270 3394 1366 3424 Intel-

293 3444 398 3475 lectus
421 3450 531 3476 autem
554 3443 683 3475 artificis
706 3452 775 3474 non
798 3443 844 3472 sic
868 3450 901 3471 se
924 3440 1034 3471 habet:
1058 3448 1127 3469 non
1151 3439 1239 3469 enim
1258 3439 1366 3478 ipsum

294 3489 473 3530 intelligere
497 3489 634 3520 domum
658 3492 706 3518 est
728 3487 854 3518 realiter
877 3485 963 3516 idem
987 3483 1078 3524 quod
1104 3482 1284 3523 producere
1308 3482 1367 3513 do—

295 3542 398 3570 murn,
422 3533 479 3565 sed
501 3533 676 3574 productio
701 3531 818 3562 domus
851 3535 898 3560 est
921 3529 1066 3570 operatio
1096 3528 1225 3558 alterius
1252 3532 1367 3567 poten-

295 3578 359 3608 tiae
375 3578 414 3608 ab
431 3578 607 3613 intellectu,
627 3576 770 3617 regulata
781 3581 891 3606 tamen
907 3572 1086 3605 secundum
1100 3571 1262 3611 exemplar
1278 3570 1368 3611 quod

297 3627 345 3653 est
366 3623 401 3653 in
423 3628 534 3654 mente
558 3621 696 3652 artificis.
712 3620 807 3652 Unde
831 3619 1012 3650 intellectus
1036 3617 1162 3647 divinus
1184 3621 1231 3646 est
1253 3616 1368 3646 imme—

297 3666 382 3698 diate
405 3666 616 3707 productivus
631 3675 750 3701 rerum,
766 3674 834 3695 non
859 3669 967 3694 autem
987 3661 1168 3692 intellectus
1192 3658 1329 3690 artificis.
1347 3676 1368 3682 —

1411 1306 1563 1337 Secundo
1580 1306 1694 1343 differt,
1719 1308 1796 1348 quia
1812 1307 1916 1338 forma
1939 1308 2145 1348 intelligibilis
2169 1317 2226 1348 per
2245 1317 2343 1348 quam
2367 1308 2478 1339 artifex

1411 1357 1535 1382 creatus
1559 1361 1627 1382 rem
1651 1351 1850 1383 artificiatam
1873 1352 2035 1392 producit,
2059 1362 2127 1383 non
2152 1359 2199 1383 est
2220 1352 2307 1383 idem
2331 1362 2406 1383 cum
2429 1354 2478 1383 in—

1410 1396 1540 1426 tellectu
1558 1401 1590 1426 et
1605 1397 1711 1436 specie
1727 1397 1921 1436 intelligibili
1937 1406 2002 1437 qua
2017 1397 2143 1427 elicitur
2158 1402 2247 1427 actus
2270 1397 2477 1438 intelligendi,

1410 1440 1466 1470 sed
1490 1441 1558 1471 eius
1583 1440 1725 1471 effectus.
1751 1441 1870 1471 Forma
1893 1447 2002 1471 autem
2020 1450 2084 1481 qua
2107 1441 2234 1472 divinus
2258 1441 2368 1472 artifex
2392 1451 2479 1472 crea-

1410 1490 1496 1515 turas
1519 1484 1680 1525 producit,
1703 1491 1750 1516 est
1772 1485 1859 1516 idem
1882 1485 2007 1516 realiter
2030 1495 2105 1516 cum
2127 1486 2301 1522 intellectu,
2325 1491 2479 1526 tanquam

1410 1538 1486 1559 cum
1502 1530 1664 1569 principio
1681 1539 1789 1560 return
1804 1529 2009 1570 productivo,
2035 1536 2066 1560 et
2089 1539 2164 1560 cum
2187 1531 2294 1570 specie
2310 1540 2374 1571 qua
2391 1531 2479 1561 Deus

1410 1573 1568 1613 intelligit.

1465 1617 1514 1647 Ex
1537 1617 1655 1658 quibus
1671 1618 1816 1657 sequitur
1828 1616 1918 1657 quod
1934 1618 2115 1648 intellectus
2132 1617 2258 1648 divinus
2275 1624 2322 1648 est
2338 1624 2369 1648 et
2392 1619 2479 1658 prin·

1411 1661 1533 1700 cipium
1563 1660 1789 1691 immediatum
1820 1661 2044 1701 productionis
2075 1667 2307 1698 creaturarum3
2339 1669 2370 1692 et
2399 1662 2479 1692 ratio

1411 1705 1537 1745 agendi,
1561 1706 1628 1735 sive
1652 1704 1756 1735 forma
1779 1714 1836 1745 per
1860 1714 1957 1745 quam
1974 1705 2207 1746 producuntur.
2232 1706 2273 1736 Et
2295 1705 2381 1742 ideo,
2405 1715 2480 1736 cum

1411 1755 1561 1790 oporteat
1592 1749 1744 1780 effectum
1771 1749 1977 1789 productum,
2002 1750 2028 1780 si
2051 1750 2213 1790 perfectus
2244 1751 2292 1786 sit,
2317 1750 2481 1780 assimilari

1410 1795 1572 1835 principio
1589 1800 1620 1824 et
1636 1794 1776 1824 elicitivo
1793 1800 1825 1824 et
1840 1793 1968 1824 formali
1983 1803 2060 1825 suae
2076 1794 2309 1835 productionis,
2323 1800 2480 1835 quantum

1410 1839 1563 1879 possibile
1587 1844 1648 1874 est;
1673 1847 1805 1869 necesse
1821 1844 1869 1869 est
1884 1844 1920 1868 ut
1936 1839 2123 1869 universum
2138 1839 2329 1869 assimiletur
2345 1839 2415 1869 Deo
2431 1848 2480 1869 se-

1411 1883 1556 1914 cundum
1579 1883 1790 1919 intellectum,
1807 1888 1844 1913 ut
1864 1883 1985 1913 scilicet
2009 1884 2048 1913 sit
2071 1883 2251 1914 secundum
2275 1883 2415 1923 aliquam
2431 1883 2481 1913 sui

1411 1933 1535 1968 partem
1551 1933 1684 1958 naturae
1700 1927 1933 1957 intellectualis.
1952 1927 1992 1957 Et
2013 1928 2076 1958 hoc
2098 1933 2144 1958 est
2164 1927 2411 1958 fundamentum
2427 1928 2480 1958 cui

1410 1973 1490 2002 haec
1513 1973 1595 2002 ratio
1619 1972 1727 2003 Sancti
1751 1971 1899 2002 Thomae
1922 1972 2078 2002 innititur.

1468 2016 1497 2047 3.
1521 2016 1574 2047 Ad
1590 2015 1726 2047 dubium
1742 2025 1819 2056 ergo
1840 2015 1955 2046 dicitur
1971 2016 2071 2056 quod,
2088 2016 2163 2046 licet
2181 2025 2249 2046 non
2274 2024 2372 2046 omne
2389 2015 2479 2056 quod

1409 2060 1556 2100 procedit
1589 2070 1607 2091 a
1637 2069 1849 2101 quocumque
1878 2066 1992 2100 agente
2015 2069 2073 2100 per
2095 2060 2305 2096 intellectum,
2330 2065 2479 2100 oporteat

1410 2105 1456 2135 illi
1480 2111 1639 2145 quantum
1656 2104 1696 2135 ad
1711 2105 1863 2135 virtutem
1879 2105 2107 2136 intellectivam
2123 2104 2298 2140 assimilari,
2318 2105 2394 2145 quia
2410 2114 2478 2135 non

1411 2151 1518 2180 omnis
1534 2150 1655 2190 agentis
1672 2159 1729 2190 per
1744 2149 1945 2180 intellectum
1960 2159 2057 2180 suum
2073 2149 2249 2188 intelligere
2273 2154 2320 2179 est
2343 2149 2388 2179 rei
2403 2158 2479 2189 pro-

1412 2194 1535 2230 ductio,
1551 2203 1613 2225 nec
1629 2193 1734 2224 forma
1750 2203 1832 2234 quae
1849 2198 1904 2224 'est
1926 2195 2006 2225 ratio
2031 2193 2145 2234 agendi
2161 2199 2208 2224 est
2223 2193 2308 2223 idem
2326 2193 2415 2233 quod
2430 2194 2479 2223 in-

1410 2239 1574 2275 tellectus;
1592 2244 1722 2279 oportet
1737 2243 1846 2268 tamen
1864 2238 1953 2278 quod
1970 2239 2074 2279 primo
2096 2244 2126 2269 et
2142 2237 2358 2278 principaliter
2373 2248 2391 2267 a
2406 2238 2478 2268 Deo

1409 2293 1468 2324 per
1490 2283 1691 2314 intellectum
1714 2282 1914 2323 producitur,
1931 2283 2047 2313 habere
2071 2289 2218 2313 naturam
2241 2281 2478 2318 intellectivam,

1410 2329 1437 2358 si
1452 2328 1538 2359 illius
1553 2329 1593 2358 sit
1609 2337 1725 2368 capax:
1743 2337 1819 2358 cum
1832 2327 1964 2358 effectus
1981 2327 2079 2357 divini
2095 2327 2309 2357 assimilentur
2321 2331 2479 2366 quantum

1410 2378 1548 2413 possunt
1571 2373 1654 2408 Deo,
1679 2377 1838 2412 quantum
1862 2371 1902 2402 ad
1930 2372 2125 2412 principium
2159 2371 2334 2401 elicitivum
2359 2377 2390 2400 et
2413 2370 2478 2401 for-

1410 2418 1494 2448 male
1519 2416 1854 2458 suaelproductioniS,
1879 2417 1936 2456 qui
1960 2422 2007 2446 est
2038 2416 2229 2447 intellectus.
2254 2433 2277 2437 —
2298 2415 2374 2445 Non
2397 2420 2478 2455 puto

1410 2467 1519 2493 autem
1535 2462 1670 2492 nornine
1683 2461 1864 2492 intellectus
1879 2461 1943 2491 hoc
1958 2461 2034 2491 loco
2051 2460 2185 2500 intelligi
2200 2465 2326 2490 tantum
2342 2458 2479 2490 formam

1411 2506 1656 2547 intelligibilem,
1680 2515 1738 2536 seu
1762 2511 1862 2535 artem
1878 2505 1949 2541 Dei,
1974 2515 2038 2545 qua
2061 2503 2222 2535 mundum
2245 2503 2405 2543 produxit,
2423 2503 2480 2534 sed

1412 2552 1509 2582 etiam
1531 2551 1636 2591 ipsam
1659 2551 1811 2580 virtutem
1834 2550 2079 2580 intellectivam:
2105 2549 2181 2588 quia
2203 2548 2298 2578 aliam
2321 2549 2479 2578 rationem

1412 2595 1453 2626 ad
1468 2596 1551 2625 hanc
1566 2595 1670 2634 ipsam
1686 2594 1933 2624 conclusionem
1949 2593 2073 2623 inducit
2085 2593 2220 2623 Sanctus
2237 2592 2382 2622 Thomas
2398 2592 2479 2622 infe-

1411 2640 1506 2670 rius*
1522 2648 1560 2669 ex
1584 2639 1653 2678 ipsa
1676 2638 1780 2668 forma
1804 2638 1996 2678 intelligibili
2019 2646 2076 2677 per
2095 2646 2194 2677 quam
2217 2642 2380 2666 creaturae
2403 2642 2479 2666 sunt

1412 2682 1601 2724 productae.

1468 2726 1519 2757 Ad
1543 2725 1826 2757 confirmationem
1847 2725 1962 2756 dicitur
1985 2725 2130 2755 similiter
2146 2723 2236 2764 quod
2259 2733 2326 2754 non
2350 2728 2479 2764 oportet

1413 2781 1528 2802 omnes
1551 2780 1600 2801 res
1624 2776 1744 2801 creatas
1774 2770 1892 2800 habere
1922 2769 2138 2800 intellectum:
2171 2769 2337 2808 quianon
2364 2776 2478 2798 omnes

1413 2821 1488 2847 sunt
1512 2824 1645 2856 capaces
1669 2825 1708 2845 ex
1730 2820 1842 2845 natura
1872 2824 1930 2844 sua
1959 2814 2139 2844 intellectus
2163 2819 2200 2843 ut
2222 2812 2401 2842 intellectus
2421 2817 2478 2847 est,

1414 2859 1695 2901 quemadmodum
1719 2865 1766 2890 est
1788 2859 1992 2895 universum,
2017 2857 2074 2888 sed
2104 2858 2186 2888 bene
2211 2857 2352 2887 alicuius
2368 2855 2479 2886 simili-

1413 2905 1534 2936 tudinis
1557 2903 1739 2935 intellectus
1764 2902 1879 2940 divini;
1903 2912 1972 2934 non
1997 2903 2084 2933 enim
2107 2907 2182 2932 sunt
2207 2900 2391 2941 principalis
2419 2900 2480 2930 Dei

1415 2949 1558 2985 effectus,
1588 2947 1645 2979 sed
1675 2948 1860 2988 principalis
1891 2946 2038 2983 effectus,
2072 2945 2153 2977 idest
2182 2945 2338 2980 universi,
2362 2949 2479 2984 partes.

1415 2994 1515 3029 Sicut,
1539 2993 1614 3024 licet
1637 3002 1656 3022 a
1679 2992 1748 3022 sole
1771 3000 1829 3032 per
1860 2991 1968 3022 lucem
1991 2991 2060 3021 eius
2090 2989 2287 3030 producatur
2311 2995 2342 3019 et
2368 2989 2480 3018 lumen

1416 3044 1447 3069 et
1471 3037 1624 3073 caliditas,
1641 3042 1774 3077 propter
1790 3036 1880 3076 quod
1896 3041 2026 3076 oportet
2042 3041 2107 3065 tam
2131 3034 2237 3065 lucida
2261 3042 2359 3073 quam
2379 3031 2481 3062 calida

1415 3083 1533 3113 habere
1560 3081 1733 3121 aliqualem
1756 3080 2000 3111 similitudinem
2024 3079 2104 3110 lucis
2128 3079 2256 3113 solaris;
2281 3087 2349 3107 non
2372 3083 2481 3107 tamen

1416 3127 1528 3157 omnia
1550 3126 1742 3167 participant
1764 3126 1888 3155 ratione
1904 3125 1985 3155 lucis
2008 3124 2120 3154 solaris
2144 3129 2180 3153 ut
2202 3122 2257 3152 lux
2280 3127 2337 3157 est,
2359 3121 2404 3151 sic
2421 3121 2481 3151 sci-

1416 3172 1491 3202 licet
1514 3176 1550 3201 ut
1572 3170 1680 3201 lucida
1703 3171 1776 3205 sint,
1793 3168 1849 3200 sed
1871 3174 1997 3200 tantum
2021 3178 2058 3198 ea
2081 3177 2164 3207 quae
2187 3172 2261 3196 nata
2285 3171 2359 3196 sunt
2374 3165 2482 3196 lucem

1416 3225 1474 3256 per
1496 3214 1634 3245 modum
1658 3214 1739 3244 lucis
1766 3214 1922 3253 recipere;
1948 3213 2008 3243 alia
2031 3221 2107 3242 vero
2124 3210 2336 3241 assimilantur
2358 3209 2423 3240 luci
2446 3214 2483 3239 ut

1416 3259 1591 3291 virtualiter
1614 3258 1755 3289 calorem
1780 3258 1934 3293 continet,
1952 3262 2006 3287 aut
2030 3256 2171 3296 aliquam
2195 3255 2288 3285 aliam
2312 3252 2483 3294 perfectio—

1417 3312 1504 3335 nem.
1522 3303 1574 3334 Sic
1587 3311 1803 3343 unaquaeque
1819 3307 1962 3332 creatura
1974 3300 2055 3331 redit
2067 3300 2107 3330 ad
2122 3299 2320 3330 intellectum
2337 3297 2482 3328 divinum

1418 3355 1455 3380 ut
1478 3347 1518 3379 ad
1541 3357 1638 3378 suum
1662 3347 1858 3387 principium
1881 3355 1941 3375 suo
1965 3344 2081 3375 modo:
2106 3344 2212 3383 aliqua
2236 3343 2323 3373 enim
2345 3341 2391 3372 illi
2406 3342 2483 3372 assi-

1418 3393 1571 3423 milantur
1587 3393 1780 3432 inquantum
1796 3390 1977 3420 intellectus
1994 3394 2057 3424 est;
2074 3388 2181 3428 aliqua
2196 3397 2272 3417 vero
2289 3387 2483 3426 inquantum

1418 3437 1593 3468 virtualiter
1616 3436 1692 3466 alias
1716 3434 1929 3475 perfectiones
1950 3438 2167 3463 creaturarum
2187 3432 2331 3462 continet
2350 3435 2382 3461 et
2404 3431 2483 3460 emi-

1419 3487 1542 3512 nenter.
1559 3499 1582 3503 —
1597 3480 1638 3510 Et
1661 3480 1705 3510 sic
1729 3484 1816 3519 patet
1839 3477 1929 3518 quod
1952 3478 2032 3507 ratio
2057 3476 2166 3507 Sancti
2188 3475 2336 3506 Thomae
2361 3475 2483 3514 optime

1420 3526 1624 3566 propositum
1649 3523 1823 3554 concludit.

1487 3569 1539 3599 111.
1556 3568 1715 3599 Secundo.
1732 3566 1895 3606 Oportuit,
1920 3564 1960 3595 ad
1983 3569 2241 3595 consummatam
2257 3563 2398 3594 universi
2413 3572 2485 3603 per-

1420 3613 1606 3648 fectionem,
1627 3622 1695 3642 esse
1719 3612 1840 3651 aliquas
1864 3615 2021 3640 creaturas
2046 3618 2129 3649 quae
2158 3608 2192 3638 in
2216 3608 2323 3638 Deum
2346 3606 2486 3638 redirent

1420 3667 1489 3688 non
1513 3657 1619 3687 solum
1647 3654 1826 3686 secundum
1857 3652 2099 3684 similitudinem
2129 3657 2271 3688 naturae,
2305 3651 2361 3682 sed
2389 3651 2485 3682 etiarn

2507 2646 2514 2654 '¹
2530 2645 2556 2666 In
2572 2643 2617 2665 hoc
2631 2649 2682 2670 cap.
