2768 4134
7 1501 67 1558 Les.
76 1503 87 1526 Ι
94 1503 130 1532 P..
133 1507 201 1531 um,
206 1508 228 1533 3,

787 266 976 304 SUMMA
1005 265 1229 303 CONTRA
1257 264 1531 312 GENTILES,
1561 268 1654 305 LIB.
1676 269 1717 314 ΙΙ,
1748 269 1858 307 CAP.
1885 270 1928 307 C.

255 343 355 384 Apud
378 343 534 375 Sanctum
550 344 715 375 Thomam
739 345 827 376 enim
850 343 1039 376 huiusmodi
1062 343 1187 384 species
1206 353 1331 383 reprae-

255 394 360 419 sentat
389 388 523 429 quidem
553 394 702 420 naturam
732 389 948 420 universalem
978 394 1010 419 et
1039 387 1277 429 particularem,
1302 393 1333 418 et

256 433 526 464 coniunctionem
559 443 674 465 eorum
705 443 785 474 cum*
796 453 804 474 3
812 433 979 464 existentia
1009 433 1045 473 in·
1066 440 1176 463 rerum
1207 433 1332 469 natura,

257 483 288 509 et
308 487 385 509 cum
409 487 622 519 quocumque
647 478 711 509 alio
735 487 804 509 esse
828 477 1018 508 accidentali
1042 482 1074 507 et
1097 476 1248 507 naturali:
1273 476 1333 507 du-

257 523 418 554 rationem
443 527 551 554 autem
580 522 696 553 talium
723 522 990 553 coniunctionum
1015 530 1082 552 non
1110 526 1335 562 repraesentat

257 573 412 608 tanquam
429 577 497 598 rem
514 572 801 608 repraesentatam,
814 567 871 598 sed
885 567 955 607 ipsa
970 565 1103 597 duratio
1116 570 1167 596 est·
1178 570 1333 606 tanquam

256 612 401 643 conditio
417 612 488 643 sine
503 621 568 653 qua
583 611 771 642 coniunctio
789 612 846 642 illa
860 621 925 642 non
944 614 1220 651 repraesentatur.
1232 610 1334 648 Quod

257 667 295 687 ex
319 657 383 687 hoc
407 657 526 687 coniici
550 661 668 696 potest,
689 656 766 697 quia
779 656 929 698 firmiter
951 655 1114 686 credimus
1136 655 1334 686 substantias

255 706 426 742 separatas
449 709 515 731 non
539 709 740 742 cognoscere
754 701 880 743 sutura
903 699 1141 742 contingentia.
1166 698 1203 729 Si
1225 704 1334 730 autern

256 746 290 776 in
318 746 389 786 ipsa
416 750 498 776 esset
524 744 629 775 indita
655 744 836 776 similitudo
862 744 1022 776 sessionis
1043 753 1135 775 meae
1157 744 1333 779 crastinae,

251 789 436 832 praesciret
461 789 627 820 evidenter
650 790 827 821 sessionem
853 789 933 820 mihi
959 788 1224 830 coniungendam
1248 797 1333 819 cras.

311 833 376 866 Sed
398 844 467 866 non
489 833 615 865 videtur
629 835 711 866 mihi
725 835 806 865 haec
821 834 991 874 responsio
1007 833 1049 864 ad
1063 838 1208 864 mentem
1223 833 1335 865 Sancti

256 878 407 910 Thomae
431 888 517 910 esse:
542 878 645 910 imm0
669 878 750 910 falso
770 887 944 915 assumere,
959 878 1083 909 scilicet
1099 877 1192 918 quod
1207 877 1334 908 duratio

256 924 499 955 coniunctionis
529 923 747 964 contingentis
777 932 847 953 non
876 923 916 953 sit
939 931 989 953 res
1012 928 1251 963 repraesentata
1276 931 1335 962 per

255 969 400 1009 speciem
422 967 618 999 substantiae
641 972 816 1008 separatae,
832 966 890 998 sed
909 971 1036 997 tantum
1057 965 1203 997 conditio
1223 966 1270 997 rei
1285 976 1335 998 re-

255 1018 477 1054 praesentatae
500 1012 570 1042 sine
593 1021 659 1052 qua
681 1021 751 1043 non
773 1009 1040 1052 repraesentatur.
1058 1011 1134 1041 Hoc
1154 1011 1243 1042 enim
1265 1020 1335 1042 non

255 1057 393 1094 videtur,
420 1061 555 1098 propter
585 1055 663 1087 duo.
694 1055 805 1086 Primo
835 1055 923 1095 quia,
947 1054 1036 1095 apud
1065 1056 1185 1096 ipsum,
1209 1056 1335 1096 species

256 1103 428 1134 existentes
450 1102 485 1132 in
508 1100 687 1133 substantia
715 1105 861 1141 separata
890 1105 1133 1140 repraesentant
1162 1100 1335 1141 singularia

255 1152 289 1178 et
315 1147 428 1179 omnia
455 1145 635 1178 accidentia
665 1154 750 1186 quae
773 1145 807 1176 in
830 1145 1046 1185 singularibus
1077 1150 1163 1184 sunt,
1187 1150 1224 1176 ut
1246 1151 1335 1185 patet

260 1191 370 1228 Ver-it„
387 1200 419 1232 q.
435 1200 502 1227 vm,
518 1200 546 1222 a.
569 1198 619 1227 11,
635 1188 676 1220 ad
692 1199 723 1230 9.
749 1188 814 1220 Sed
836 1190 870 1221 in
893 1189 1109 1230 singularibus
1133 1199 1201 1220 non
1226 1190 1335 1222 solum

255 1239 303 1267 est
319 1235 510 1267 coniunctio
535 1235 739 1275 contingens,
755 1233 813 1265 sed
828 1234 926 1265 etiam
949 1234 1059 1275 ipsum
1082 1233 1225 1276 quando,
1243 1234 1335 1276 quod

255 1279 296 1311 ad
318 1279 525 1320 durationem
555 1279 705 1320 pertinet,
729 1279 813 1310 sicut
836 1284 869 1310 et
891 1279 999 1320 ipsum
1029 1279 1084 1310 ubi
1111 1279 1147 1310 in
1170 1279 1248 1320 ipsis
1271 1285 1334 1311 est:

254 1321 438 1356 §diffundum
461 1325 655 1366 opinionem
685 1328 866 1365 ponentem
892 1323 985 1365 quod
1008 1324 1063 1355 ubi
1085 1323 1294 1364 distinguitur
1317 1335 1335 1355 a

254 1369 332 1402 loeo
356 1374 389 1401 et
410 1369 543 1411 quando
568 1379 586 1400 a
609 1374 769 1409 tempore.
794 1369 882 1410 Ergo
911 1374 975 1400 etc.
998 1387 1020 1391 -
1044 1367 1210 1400 Secundo.
1234 1369 1335 1409 Apud

254 1413 412 1446 Sanctum
436 1414 612 1452 Thomna,
636 1414 834 1445 substantiae
862 1419 1028 1454 separatae
1054 1413 1095 1445 de
1118 1413 1335 1454 singularibus

255 1464 462 1502 cognoscunt
484 1459 624 1500 simplici
646 1458 768 1490 intuitu
792 1457 951 1499 quicquid
967 1468 1030 1489 nos
1046 1468 1105 1500 per
1120 1459 1334 1499 compositio-

254 1513 333 1536 nem
356 1509 389 1536 et
411 1503 594 1535 discursum
625 1503 857 1544 cognoscimus
868 1504 895 1534 ⁸².
920 1502 985 1534 Sed
1012 1512 1074 1534 nos
1102 1504 1334 1544 cognoscimus

255 1548 534 1590 compositionem
558 1553 590 1580 et
610 1547 818 1579 durationem
841 1547 1091 1589 compositionis
1114 1548 1333 1588 contingentis

255 1593 500 1635 componendo,
516 1592 596 1624 dum
617 1593 849 1633 cognoscimus
872 1597 1003 1633 tempus
1025 1601 1178 1633 praesens
1200 1602 1332 1625 mensu-

253 1648 324 1670 rare
346 1639 526 1670 sessionem
541 1637 654 1669 Sertis.
678 1637 765 1678 Ergo
788 1637 876 1668 idem
899 1637 1006 1668 multo
1030 1638 1133 1678 magis
1155 1638 1334 1670 substantia

253 1688 399 1725 separata
422 1683 602 1723 cognoscit.
619 1682 707 1722 Ergo
726 1681 854 1713 duratio
870 1682 941 1713 talis
962 1682 1204 1714 coniunctionis
1220 1688 1268 1714 est
1283 1693 1333 1714 res

253 1728 315 1760 sibi
337 1737 397 1770 per
419 1728 563 1769 speciem
585 1731 832 1768 repraesentata.

308 1771 470 1804 Videntur
484 1777 594 1803 autem
610 1771 718 1812 decipi
734 1772 791 1813 qui
807 1772 852 1802 sic
873 1772 1059 1812 opinantur,
1077 1772 1154 1812 quia
1173 1773 1334 1813 cognitio-

252 1827 331 1850 nem
353 1817 550 1848 substantiae
573 1821 737 1858 separatae
753 1816 869 1847 volunt
882 1821 1013 1847 nostrae
1027 1817 1198 1847 sensitivae
1221 1817 1334 1858 cogni-

252 1862 337 1894 tioni
360 1871 635 1898 commensurare,
651 1866 689 1892 ut
703 1861 787 1892 sicut
803 1861 890 1892 visus
905 1866 1016 1891 noster
1039 1870 1107 1892 non
1131 1861 1219 1892 videt
1239 1861 1334 1893 dura-

252 1907 379 1939 tionem
402 1906 545 1943 visibilis,
569 1905 626 1937 sed
641 1905 768 1937 duratio
785 1915 936 1946 praesens
952 1911 1000 1936 est
1020 1905 1166 1937 conditio
1182 1906 1252 1937 sine
1268 1915 1334 1947 qua

252 1951 379 1983 visibile
401 1961 471 1982 non
493 1956 642 1982 moveret
663 1960 795 1982 sensum
818 1959 927 1991 neque
954 1951 1115 1981 visionem
1137 1951 1333 1989 terminaret,

253 1996 298 2028 ita
320 1996 363 2028 sit
383 1995 425 2027 de
446 1995 616 2027 intellectu
638 1995 835 2026 substantiae
858 2000 1032 2036 separatae.
1050 1995 1126 2026 Hoc
1148 2001 1258 2027 autem
1275 1995 1333 2027 fal·

254 2042 420 2073 sissimum
442 2045 500 2072 est.
517 2040 604 2079 Quia
619 2040 744 2081 species
759 2039 833 2071 illae
855 2039 954 2080 longe
969 2039 1145 2081 perfectius
1160 2040 1333 2081 singularia

253 2091 287 2118 et
309 2095 425 2117 omnes
449 2094 564 2117 eorum
588 2084 794 2116 conditiones
816 2090 1058 2125 repraesentant
1080 2093 1180 2126 quam
1207 2086 1332 2126 species

252 2131 288 2162 in
310 2130 458 2162 sensibus
473 2134 640 2171 receptae.
662 2147 686 2152 —
707 2130 778 2161 Nec
801 2129 958 2170 sequitur,
988 2130 1015 2161 si
1043 2136 1335 2170 repraesentaretur

253 2184 312 2217 per
334 2175 469 2216 species>
482 2175 555 2206 talis
584 2173 712 2206 duratio
736 2175 997 2215 compositionis,
1022 2174 1114 2215 quod
1136 2175 1333 2206 substantiae

253 2225 419 2262 separatae
433 2218 543 2251 futura
558 2224 806 2260 cognoscerent.
822 2219 899 2250 Non
916 2219 1004 2250 enim
1019 2219 1230 2260 cognoscitur
1242 2229 1334 2251 com-

253 2265 386 2307 positio,
401 2273 511 2305 neque
534 2265 604 2295 eius
627 2263 767 2301 duratio,
791 2264 854 2295 nisi
868 2263 1003 2305 quando
1027 2269 1076 2295 est
1098 2265 1132 2294 in
1155 2270 1245 2296 actu:
1263 2274 1332 2296 non

253 2314 363 2342 aim
386 2308 520 2350 quando
544 2314 592 2340 est
614 2307 732 2340 futura.

283 2381 287 2383 μ
309 2354 342 2386 3.
365 2353 419 2386 Ad
440 2358 672 2395 argumentum
695 2362 773 2394 ergo
797 2352 887 2384 Scoti
910 2353 1002 2384 aliter
1025 2352 1251 2394 respondetur.
1276 2354 1333 2385 Di-

253 2399 338 2431 citur
352 2399 442 2430 enim
456 2399 575 2440 primo,
592 2397 685 2439 quod
699 2397 894 2429 antecedens
909 2397 1083 2439 dupliciter
1101 2398 1238 2440 intelligi
1259 2404 1334 2440 pot-

253 2449 317 2476 est:
340 2443 524 2475 secundum
552 2442 644 2484 quod
673 2443 707 2485 ly
733 2442 933 2484 difformiter
954 2448 1204 2484 repraesentare
1225 2449 1334 2484 potest

254 2497 290 2519 se
311 2493 423 2520 tenere
446 2493 503 2519 aut
524 2497 564 2519 ex
586 2492 678 2529 parte
708 2488 996 2528 repraesentantis:
1028 2493 1084 2519 aut
1112 2497 1151 2519 ex
1173 2494 1264 2529 parte
1287 2489 1333 2519 rei

253 2538 522 2574 repraesentatae.
538 2532 573 2564 Si
595 2533 685 2565 enim
701 2533 879 2573 accipiatur
893 2542 932 2564 ex
947 2538 1038 2574 parte
1053 2534 1333 2573 repraesentantis,

253 2578 302 2609 sic
324 2577 519 2609 antecedens
535 2583 584 2609 est
606 2578 822 2609 verissimum.
837 2577 872 2609 Si
888 2577 976 2609 enim
992 2576 1166 2609 uniformis
1189 2583 1238 2609 est
1252 2578 1333 2609 ratio

253 2622 290 2654 in
311 2631 347 2654 se
370 2627 403 2654 et
425 2623 460 2654 in
475 2622 654 2660 intellectu,
678 2628 807 2654 constat
829 2621 922 2663 quod
945 2632 984 2653 ex
1006 2622 1058 2653 sui
1072 2621 1334 2654 multiformitate

253 2676 325 2699 non
346 2673 565 2709 repraesentat
592 2666 792 2699 difformiter.
817 2666 882 2699 Sed
905 2672 984 2698 tunc
1006 2676 1076 2698 non
1099 2666 1236 2698 infertur
1257 2677 1335 2708 pro-

254 2712 411 2754 positum.
427 2730 452 2735 —
466 2711 501 2744 Si
523 2717 634 2744 autem
649 2713 826 2753 accipiatur
841 2721 880 2742 ex
895 2717 986 2752 parte
1005 2712 1052 2743 rei
1066 2717 1334 2752 repraesentatae,

254 2762 336 2788 tunc
358 2756 555 2789 antecedens
570 2758 680 2798 ipsum
702 2755 821 2788 falsum
845 2762 902 2788 est.
920 2756 1032 2787 Potest
1047 2757 1136 2787 enim
1158 2766 1225 2788 una
1239 2757 1333 2794 ratio,

255 2810 393 2833 manens
416 2801 532 2833 eadem
553 2802 588 2832 in
611 2811 647 2833 se
669 2806 703 2833 et
723 2801 818 2833 nullo
841 2800 944 2832 modo
968 2802 1089 2832 variata
1112 2807 1274 2841 quantum
1294 2801 1335 2832 ad

256 2845 380 2887 aliquid
390 2846 589 2883 absolutum,
602 2845 794 2877 difformiter
808 2851 1048 2887 repraesentare
1063 2845 1188 2886 aliquid
1202 2852 1336 2888 propter

256 2889 499 2922 difformitatem
523 2895 555 2922 et
577 2891 795 2922 mutationem
823 2891 871 2921 rei
899 2895 1166 2931 repraesentatae,
1201 2900 1241 2922 ex
1270 2900 1336 2932 qua

256 2935 440 2967 mutatione
454 2935 552 2966 habet
566 2944 617 2966 res
632 2940 670 2967 ut
691 2945 782 2966 nunc
796 2945 867 2966 uno
881 2935 983 2966 modo
999 2936 1193 2967 assimiletur
1215 2936 1336 2976 speciei

257 2979 450 3021 intelligibili
469 2989 553 3021 quae
577 2985 625 3011 est
646 2981 681 3011 in
704 2980 882 3011 substantia
896 2986 1052 3021 separata,
1068 2990 1158 3012 nunc
1176 2990 1254 3012 vero
1271 2980 1335 3012 alio

2381 272 2457 321 599

1386 344 1499 375 modo.
1517 346 1560 377 Ut
1584 347 1671 377 enim
1687 347 1810 378 dictum
1826 355 1874 379 est
1896 351 2054 390 superius,
2073 360 2142 391 cap.
2159 361 2231 382 xcvr
2243 353 2270 388 *‚
2296 352 2456 392 singulare

1387 398 1455 419 non
1478 390 1573 420 habet
1597 392 1756 422 actualem
1772 393 2035 425 assimilationem
2059 395 2099 425 ad
2123 396 2310 427 huiusmodi
2332 398 2456 437 species

1386 433 1449 464 nisi
1472 434 1605 474 quando
1629 441 1677 466 est
1699 436 1733 466 in
1756 442 1840 468 actu.
1865 437 2016 469 Similiter
2039 449 2107 470 non
2131 441 2322 471 assimilatur
2345 441 2390 472 illi
2406 451 2455 472 se-

1387 477 1533 508 cundum
1557 478 1698 518 aliquam
1723 481 1956 518 conditionem,
1973 484 2034 513 nisi
2059 484 2191 524 quando
2208 491 2282 515 actu
2306 485 2352 516 illi
2376 495 2455 517 con-

1387 521 1503 552 ditioni
1526 523 1656 553 substat.

1444 565 1569 616 Dicitur
1584 566 1729 597 secundo
1746 567 1847 607 quod,
1863 570 1889 599 si
1912 570 2085 611 loquamur
2106 572 2146 603 de
2161 574 2454 613 repraesentatione

1386 610 1557 660 potentiali
1581 616 1636 640 aut
1659 610 1902 649 fundamentali,
1926 616 1971 645 sic
1995 616 2067 646 illae
2095 618 2218 657 species
2242 618 2392 658 opposita
2415 618 2455 649 ad

1388 660 1590 685 existentiam
1614 664 1722 685 rerum
1745 657 1935 695 pertinentia
1950 660 2009 689 sub
2034 660 2088 690 tali
2111 667 2166 691 aut
2189 661 2243 692 tali
2267 662 2455 694 conditione

1387 698 1578 730 accidentali
1601 699 1787 731 naturaliter
1801 709 2049 741 repraesentant,
2066 710 2102 734 ut
2120 706 2160 735 sit
2174 706 2322 737 simultas
2338 712 2455 747 poten-

1388 743 1462 779 tiae,
1495 752 1563 774 non
1594 749 1704 774 autem
1728 746 1878 785 potentia
1906 747 2089 778 simultatis.
2121 749 2203 780 Sunt
2232 751 2319 781 enim
2351 757 2455 788 natae,

1388 793 1548 828 quantum
1571 789 1605 818 in
1625 788 1703 828 ipsis
1719 795 1776 826 est,
1792 797 2030 830 repraesentare
2045 801 2114 823 rem
2129 793 2189 824 sub
2206 795 2372 826 existentia
2385 796 2456 827 talis

2484 348 2493 358 ‘
2500 347 2699 371 Comment.num.

2484 380 2532 395 xvt.

1388 832 1586 863 conditionis
1617 832 1832 870 accidentalis,
1864 839 1895 865 et
1924 836 1984 866 sub
2012 837 2178 867 existentia
2207 840 2360 878 oppositi,
2384 850 2456 871 suc·
2492 851 2496 855 ’

1388 878 1520 914 cessive,
1544 878 1727 909 secundum
1757 878 1850 919 quod
1872 880 1981 920 ipsum
2011 881 2171 921 singulare
2201 882 2302 913 modo
2327 889 2374 914 est
2396 885 2456 915 sub
2493 877 2496 881 ’
2545 877 2548 881 ’

1388 931 1457 952 uno
1482 922 1722 962 oppositorum,
1746 923 1849 954 modo
1864 925 1925 955 sub
1941 925 2016 956 alio.
2032 943 2055 948 —
2070 925 2104 957 Si
2127 935 2204 956 vero
2227 926 2401 967 loquamur
2417 927 2456 959 de

1388 966 1506 997 actuali
1529 968 1832 1007 repraesentatione,
1857 969 1913 1006 sic,
1936 970 2105 1010 supposita
2129 971 2295 1002 existentia
2322 972 2367 1002 rei
2393 972 2457 1002 sin-

1387 1011 1517 1051 gularis,
1541 1021 1646 1042 unum
1669 1013 1898 1052 oppositorum
1922 1013 2131 1045 determinate
2155 1021 2381 1056 repraesentat,
2397 1017 2457 1046 sci-

1388 1056 1464 1086 licet
1487 1055 1568 1086 illud
1591 1056 1683 1096 quod
1706 1062 1753 1087 est
1779 1058 1813 1087 in
1837 1063 1922 1094 actu,
1946 1059 2113 1099 loquendo
2145 1059 2185 1090 de
2216 1060 2457 1091 conditionibus

1388 1101 1455 1131 sive
1478 1100 1697 1131 accidentibus
1720 1101 1888 1132 individui.
1912 1103 1953 1133 Et
1976 1112 2052 1134 cum
2075 1105 2228 1144 arguitur,
2248 1105 2342 1146 Ergo
2367 1105 2459 1136 aliud

1389 1155 1454 1175 non
1473 1146 1739 1186 repraesentabit,
1763 1152 1898 1186 negatur
1922 1150 2169 1188 consequentia:
2194 1150 2280 1190 quia,
2300 1150 2383 1180 sicut
2401 1159 2457 1180 na-

1388 1190 1532 1221 turaliter
1547 1196 1764 1231 repraesentat
1787 1191 1869 1222 hanc
1886 1192 2110 1224 conditionem
2133 1193 2291 1225 individui
2315 1193 2394 1225 dum
2411 1200 2458 1225 est

1388 1234 1422 1264 in
1445 1240 1530 1271 actu,
1561 1236 1605 1265 ita
1635 1235 1822 1276 oppositam
1845 1236 2068 1268 conditionem
2092 1238 2260 1279 singularis
2284 1235 2456 1275 existentis,

1388 1278 1468 1310 dum
1491 1285 1539 1310 est
1562 1285 1647 1316 actu,
1671 1280 1856 1311 naturaliter
1879 1287 2105 1321 repraesentat.
2127 1301 2150 1305 -
2172 1282 2356 1323 Loquendo
2380 1293 2456 1314 vero

1388 1323 1428 1354 de
1452 1325 1618 1356 existentia
1642 1324 1810 1365 singularis
1833 1325 1990 1363 absolute,
2015 1326 2131 1358 dicitur
2154 1326 2244 1367 quod
2267 1328 2369 1367 ipsam
2393 1328 2458 1358 exi—

1387 1369 1538 1400 stentiam
1560 1369 1746 1400 naturaliter
1760 1376 1976 1410 repraesentat
1994 1370 2073 1401 dum
2090 1377 2146 1407 est,
2171 1377 2202 1402 et
2224 1381 2393 1412 nunquam
2409 1381 2457 1402 re-

1387 1419 1568 1455 praesentat
1580 1415 1784 1455 oppositum:
1798 1415 1885 1455 quia,
1897 1421 1934 1446 ut
1949 1415 2073 1446 dictum
2085 1423 2142 1452 est,
2158 1425 2227 1447 non
2242 1421 2459 1456 repraesentat

1387 1460 1421 1490 in
1444 1464 1519 1490 actu
1542 1459 1702 1499 singulare
1725 1468 1794 1489 non
1818 1459 1955 1491 existens
1979 1466 2063 1492 actu.

1442 1503 1664 1534 Veruntamen
1688 1502 1932 1541 attendendum,
1957 1514 2034 1535 cum
2061 1504 2197 1535 dicimus
2224 1505 2366 1545 speciem
2390 1514 2457 1535 non

1386 1553 1625 1589 repraesentare
1648 1547 1809 1588 singulare
1838 1558 1906 1579 non
1938 1549 2086 1586 existens,
2110 1549 2200 1589 quod
2229 1549 2395 1590 loquimur
2418 1549 2458 1580 de

1386 1592 1540 1633 singulari
1563 1591 1684 1629 futuro,
1709 1592 1800 1633 quod
1823 1593 1973 1624 videlicet
1994 1603 2165 1634 nunquam
2188 1593 2261 1624 fuit:
2286 1593 2348 1624 tale
2371 1594 2459 1624 enim

1387 1646 1558 1678 nunquam
1570 1637 1683 1668 habuit
1694 1637 1854 1667 actualem
1866 1638 2130 1668 assimilationem
2145 1638 2185 1668 ad
2200 1639 2357 1678 speciem;
2373 1638 2462 1673 ideo,

1388 1682 1534 1723 quandiu
1550 1687 1598 1713 est
1612 1681 1770 1718 futurum,
1786 1691 1854 1712 non
1877 1688 2140 1722 repraesentatur.
2160 1682 2209 1712 De
2229 1682 2380 1722 singulari
2404 1692 2460 1712 au-

1387 1733 1455 1758 tem
1478 1727 1543 1757 iam
1566 1727 1751 1767 praeterito,
1774 1735 1887 1757 verum
1915 1732 1962 1757 est
1986 1726 2077 1767 quod
2099 1727 2217 1766 ipsum,
2246 1727 2342 1756 etiam
2372 1732 2461 1766 post—

1387 1780 1488 1813 quam
1503 1771 1676 1812 praeteriit,
1687 1776 1906 1812 repraesentat
1922 1771 1981 1801 sub
2002 1780 2071 1801 non
2087 1770 2204 1801 actuali
2220 1771 2401 1801 existentia:
2419 1780 2459 1801 eo

1387 1816 1479 1858 quod
1502 1817 1650 1847 habuerit
1673 1815 1833 1847 actualem
1857 1815 2121 1846 assimilationem
2137 1814 2178 1846 ad
2194 1815 2345 1855 speciem.
2366 1815 2460 1846 Unde

1387 1862 1494 1902 primo
1511 1862 1636 1901 species
1652 1866 1870 1902 repraesentat
1891 1860 2052 1891 actualem
2076 1861 2276 1891 existentiam
2292 1859 2459 1900 singularis

1387 1907 1567 1942 existentis3
1592 1905 1710 1937 deinde
1726 1906 1796 1936 eius
1812 1906 2108 1942 non-existentiam,
2126 1910 2298 1946 postquam
2315 1914 2382 1935 esse
2405 1904 2459 1935 de-

1386 1951 1490 1987 sierit;
1515 1956 1648 1992 propter
1671 1950 1775 1981 solam
1799 1949 1933 1990 quidem
1956 1951 2166 1980 variationem
2189 1949 2366 1990 singularis,
2390 1958 2458 1979 non

1387 2002 1497 2027 autem
1520 2001 1654 2036 propter
1676 1995 1887 2026 variationem
1902 1995 2032 2036 speciei,
2049 1995 2110 2025 nisi
2125 1994 2306 2026 secundum
2321 1993 2459 2025 diversas

1386 2039 1602 2071 habitudines.

1443 2085 1497 2115 xl.
1526 2084 1578 2116 Ad
1609 2085 1753 2125 primum
1780 2084 1917 2116 Aureoli
1934 2085 1966 2120 ³,
2001 2089 2136 2124 negatur
2167 2082 2376 2114 antecedens:
2408 2082 2456 2114 lo-

1387 2129 1520 2171 quendo
1556 2129 1596 2160 de
1632 2129 1814 2160 diversitate
1852 2128 1980 2160 formali
2022 2129 2225 2159 obiectorum
2265 2129 2458 2168 inquantum

1387 2175 1516 2206 obiecta
1530 2180 1616 2211 sunt,
1641 2180 1678 2205 ut
1701 2173 1741 2205 ad
1764 2174 1976 2205 substantiam
1999 2179 2176 2214 separatam
2192 2172 2382 2203 referuntur.
2398 2172 2459 2203 Per

1387 2220 1668 2260 comparationem
1692 2219 1780 2250 enim
1804 2218 1844 2249 ad
1867 2219 2029 2259 potentias
2059 2219 2185 2249 animae
2215 2226 2353 2258 quarum
2384 2223 2459 2248 sunt

1387 2264 1522 2300 motiva,
1545 2263 1726 2295 universale
1757 2269 1789 2294 et
1818 2263 2010 2304 particulare
2034 2268 2108 2294 sunt
2131 2263 2259 2293 obiecta
2282 2261 2459 2293 formaliter

1388 2308 1548 2346 distincta,
1572 2314 1706 2350 propter
1730 2307 1892 2339 diversum
1916 2307 2054 2338 modum
2076 2307 2322 2343 immutationis,
2339 2306 2460 2337 scilicet

1387 2354 1577 2385 universalis
1600 2359 1633 2384 et
1662 2353 1876 2394 particularis:
1906 2358 1939 2383 et
1967 2352 2041 2383 ideo
2066 2352 2204 2383 diversas
2227 2352 2388 2392 potentias
2412 2360 2460 2381 re-

1388 2399 1533 2439 quirunt.
1557 2398 1593 2429 ln
1610 2397 1724 2429 ordine
1740 2403 1849 2429 autem
1865 2397 1906 2428 ad
1929 2398 2139 2428 substantiam
2157 2402 2345 2437 separatam,
2369 2397 2460 2426 cuius

1388 2453 1457 2475 non
1488 2449 1564 2474 sunt
1593 2443 1731 2479 motiva,
1762 2448 1837 2473 sunt
1868 2443 1995 2473 obiecta
2018 2448 2143 2472 tantum
2170 2441 2375 2472 materialiter
2397 2440 2460 2471 dis-

1388 2489 1498 2520 tincta.
1523 2487 1601 2519 Ideo
1625 2488 1665 2518 ab
1688 2497 1754 2518 una
1777 2487 1847 2518 sola
1869 2488 2015 2527 potentia
2038 2486 2233 2517 intellectiva
2261 2484 2459 2525 apprehendi

1388 2538 1537 2574 possunt.

1444 2577 1496 2609 Ad
1519 2576 1701 2609 secundum
1725 2575 1840 2607 dicitur
1863 2574 1953 2616 quod
1970 2580 2216 2615 repraesentare
2239 2573 2335 2604 modo
2356 2583 2459 2614 quan-

1389 2622 1517 2654 titativo
1541 2622 1713 2663 dupliciter
1734 2620 1869 2661 intelligi
1884 2625 2001 2661 potest.
2019 2619 2094 2650 Uno
2110 2618 2221 2655 modo,
2246 2628 2284 2649 ex
2307 2623 2396 2658 parte
2411 2626 2460 2647 re-

1388 2668 1630 2709 praesentantis.
1644 2666 1686 2697 Et
1697 2666 1743 2696 sic
1754 2670 1889 2706 negatur
1900 2665 2012 2701 maior,
2029 2665 2056 2694 si
2067 2663 2287 2694 universaliter
2298 2667 2458 2693 sumatur:

1389 2717 1438 2743 est
1461 2713 1549 2743 enim
1573 2720 1687 2742 verum
1711 2710 1875 2741 dumtaxat
1905 2709 1946 2740 de
1975 2709 2083 2750 specie
2113 2708 2264 2748 singulari
2290 2706 2458 2737 individuo

1389 2757 1548 2788 materiali
1571 2756 1762 2796 adaequata3
1787 2753 1971 2786 cuiusmodi
1987 2763 2055 2784 non
2071 2758 2118 2784 est
2140 2753 2262 2793 species
2278 2751 2458 2782 intellectus

1389 2802 1536 2842 separati.
1553 2820 1576 2824 -
1591 2801 1668 2832 Alio
1682 2799 1795 2836 modo,
1813 2809 1851 2831 ex
1871 2805 1959 2840 parte
1975 2799 2020 2829 rei
2042 2802 2305 2838 repraesentatae.
2325 2796 2367 2827 Et
2381 2801 2459 2826 tunc

1389 2847 1499 2877 minor
1521 2851 1570 2877 est
1588 2845 1676 2876 falsa.
1704 2845 1815 2876 Potest
1837 2845 1925 2875 enim
1955 2843 2062 2884 aliqua
2093 2842 2215 2883 species
2242 2840 2456 2880 intelligibilis,

1390 2890 1610 2922 immaterialis
1639 2890 1777 2921 omnino
1808 2899 1846 2920 ex
1869 2894 1958 2930 parte
1981 2888 2031 2919 sui
2054 2888 2200 2923 existens,
2224 2889 2458 2926 repraesentare

1390 2945 1459 2967 rem
1490 2935 1688 2967 materialem
1720 2935 1892 2965 habentem
1920 2932 2056 2964 modum
2084 2931 2341 2972 quantitativum.
2357 2947 2380 2951 -
2395 2928 2459 2960 Ce-

1390 2986 1459 3012 tera
1482 2980 1556 3012 vide
1580 2979 1667 3021 apud
1691 2979 1900 3020 Capreolum.

2484 2080 2494 2089 ·
2508 2079 2580 2102 Num.
2589 2084 2620 2106 rx,
2631 2084 2652 2101 ².
