2756 4322
282 184 352 222 56*
560 182 562 185 ’
1249 177 1515 214 APPENDIX

1410 255 1474 287 dit:
1500 262 1531 286 et
1548 257 1603 292 sic,
1622 257 1647 286 si
1666 262 1777 292 uterque
1797 259 1912 284 duorum
1933 256 2064 287 duobus
2081 257 2151 287 talis
2167 257 2293 296 adesset
2308 260 2324 275 ⁹
2341 257 2494 295 infinitas,
2523 254 2615 304 :²232
2631 255 2742 279 'mmm‘

426 323 505 364 Cap.
531 322 582 352 Li.
607 322 704 359 (μοι)
729 329 915 351 sensns-Tin
941 327 1202 348 rxmLLgm-UAMS
1409 317 1476 338 non
1494 308 1692 338 inveniretur
1709 317 1776 347 quo
1795 317 1899 338 unum
1923 309 1962 338 ab
1987 308 2088 339 altero
2113 307 2263 340 differret.
2287 310 2367 341 Esse
2383 315 2494 341 autem
2611 298 2618 305 ’

568 382 631 402 NON
656 382 703 402 sn.
728 381 834 401 FORMA
857 379 1053 400 mmmmm&
1411 382 1440 389 ..
1456 382 1462 389 .
1481 359 1664 399 recipiente.
1702 358 1906 399 Impossibile
1934 365 1982 390 est
2009 360 2107 400 igitur
2136 370 2205 391 csse
2222 361 2239 378 θ
2263 361 2398 402 aliquod
2425 371 2494 392 esse
2522 361 2742 410 {Quos-Vna„

658 448 661 454 Ι
1409 411 1584 441 subsistens
1609 417 1734 450 praeter
1750 412 1903 451 primum.
1928 413 1946 450 ξ
1964 411 2056 442 Item.
2081 412 2114 443 Si
2131 409 2179 442 'sit
2202 413 2336 453 aliquod
2358 423 2405 442 ens
2424 423 2493 445 esse
2561 405 2566 410 ⁵

34 476 120 506 ‚Autos-
137 474 246 495 Ambros.
319 469 418 508 Quod
434 468 611 498 substantia
629 465 854 496 intellectualis
870 474 936 494 non
955 464 994 494 sit
1011 463 1114 493 forma
1131 462 1314 492 materialis
1332 480 1351 483 —
1377 477 1385 496 ς
1410 472 1466 502 per
1483 472 1515 492 se
1533 463 1719 498 subsistens,
1736 462 1816 493 nihil
1833 463 1992 503 competit
2017 464 2046 493 ei
2070 464 2132 494 nisi
2157 463 2248 504 quod
2272 470 2319 495 est
2343 466 2426 496 entis
2445 466 2494 496 in-

33 508 71 524 nv
86 508 98 522 ³
109 500 232 529 '7'9'386'
273 524 291 561 ἓ
307 523 366 552 Per
383 520 496 551 eadem
514 525 623 549 autem
642 542 648 548 .
665 542 671 548 .
688 541 694 548 .
713 516 906 557 dependeat.
932 516 1071 546 Formae
1097 516 1184 545 enim
1205 526 1272 550 quac
1293 523 1354 541 sunt
1410 520 1570 553 quantum
1585 520 1631 545 est
1643 524 1712 550 ens,
1726 518 1776 542 iarn
1797 518 1867 543 enim
1881 524 2019 544 ostensum
2035 525 2075 544 est
2089 519 2198 552 quodid
2213 517 2304 557 quod
2317 515 2434 558 (enim)
2446 517 2494 548 di-

272 578 309 602 sic
331 570 524 614 (secundum
556 567 638 609 esse)
671 579 688 598 a
720 567 853 598 materia
881 565 1102 606 dependentes
1135 576 1150 592 *
1181 576 1196 591 ῆι
1226 576 1241 591 ss
1271 565 1353 604 (non
1410 567 1493 596 citur
1517 565 1557 596 de
1588 569 1675 603 aliqua
1694 575 1786 596 natura
1807 567 1946 610 (aliquo)
1970 580 2021 597 non
2043 573 2136 598 unitur
2154 573 2180 598 εἰ
2196 579 2265 600 non
2296 570 2494 610 inquantum

270 626 358 665 ipsae
372 622 502 663 proprie
516 621 635 651 habent
649 618 731 660 esse)
748 618 805 648 sed
822 618 1005 658 composita
1019 627 1077 658 per
1092 618 1188 658 ipsas.
1207 617 1240 648 Si
1256 617 1354 657 igitur
1410 618 1610 655 huiusmodi,
1627 629 1694 650 non
1712 624 1801 649 unitur
1820 619 2003 661 (convenit)
2018 621 2046 651 ei
2059 622 2119 651 nisi
2133 631 2191 661 per
2203 620 2353 652 accidens
2369 622 2494 653 ratione

271 679 419 706 intellectus
437 679 569 703 naturae
581 670 817 702 intellectuales
835 675 941 700 essent
958 669 1148 700 huiusmodi
1164 668 1287 699 formae
1302 692 1308 698 .
1324 692 1330 698 .
1346 692 1352 699 .
1410 671 1557 701 subiecti.
1576 671 1671 702 Unde
1689 695 1696 702 .
1712 695 1718 701 .
1735 695 1742 702 .
1761 678 1844 702 esset
1862 673 1901 702 ab
1918 673 1983 703 alio
2008 678 2188 704 causatum.
2206 673 2248 703 Et
2265 673 2310 703 sic
2327 678 2495 714 oporteret

271 726 484 766 compositae.
510 725 527 762 §
546 723 672 753 Adhuc.
698 722 818 752 Forma
843 730 928 761 quae
946 731 1003 761 per
1028 731 1061 751 se
1080 745 1086 751 .
1102 744 1109 751 .
1125 744 1131 751 .
1150 730 1207 760 per
1232 730 1294 750 eas.
1321 720 1352 749 Si
1372 735 1396 749 ιο
1411 723 1588 763 procedere
1614 725 1647 754 in
1672 723 1838 756 infinitum
1862 725 1896 755 in
1913 725 2030 761 causis
2055 725 2147 765 quod
2166 736 2251 761 supra
2270 731 2318 756 est
2341 726 2494 766 impossi-

269 779 366 819 igitur
389 782 521 807 naturae
545 773 782 804 intellectuales
806 771 995 803 huiusmodi
1021 771 1145 802 formae
1171 777 1288 807 essent,
1305 781 1354 801 se·
1410 774 1484 809 bile,
1503 780 1538 804 ut
1555 785 1651 815 supra
1666 781 1836 806 ostensum
1850 781 1908 806 est.
1922 775 2005 807 Illud
2018 777 2116 816 igitur
2134 788 2151 814 q
2170 786 2241 808 esse
2253 776 2345 818 quod
2358 782 2406 808 est
2417 777 2494 808 sub-

270 834 422 871 queretur
438 832 646 863 consequeretur
665 823 757 865 quod
773 825 862 864 ipsae
875 833 943 853 non
961 823 1178 863 intelligerent
1194 822 1250 853 sed
1264 833 1354 853 com·
1409 827 1523 856 sistens
1541 833 1673 867 oportet
1690 827 1781 867 quod
1805 828 1846 858 sit
1869 837 1936 858 non
1963 834 2142 860 causatum.
2167 829 2305 860 Nullum
2321 829 2420 870 igitur
2435 839 2493 864 ens

269 882 374 923 posita
395 890 434 910 ex
458 880 504 909 eis
529 883 560 909 et
584 877 727 908 materia.
759 876 801 907 Et
825 876 870 906 sic
889 899 895 906 .
912 898 918 905 .
935 899 941 905 .
961 881 1129 905 ostensum
1155 880 1212 905 est.
1241 876 1353 914 §Am-
1410 885 1578 910 causatum
1605 886 1652 910 est
1677 889 1773 910 suum
1799 890 1879 911 esse,
1905 882 2063 920 §Ampliuffi
2083 885 2171 910 Omne
2190 886 2263 918 quod
2282 890 2323 911 est
2340 893 2388 918 pe.-
2406 893 2436 911 ⁵0
2454 887 2492 911 in-

268 934 363 973 plius.
385 935 467 960 Nulla
480 934 576 968 forma
600 929 632 959 Si
658 928 840 958 intellectus
865 933 949 957 esset
973 926 1078 957 forma
1102 928 1134 957 in
1164 928 1296 957 materia
1323 934 1353 957 et
1410 939 1538 967 quantum
1557 934 1710 960 huiusmodi
1729 943 1783 960 non
1802 941 1843 961 est
1863 943 1910 969 per
1928 936 2006 966 aliud,
2026 941 2115 969 potest
2133 941 2221 962 sutem
2245 937 2271 962 id
2295 937 2368 971 quod
2386 942 2428 963 est
2446 945 2493 970 per

267 994 336 1016 non
361 993 418 1024 per
434 992 467 1014 se
492 982 679 1017 subsistens,
704 985 894 1020 sequeretur
918 979 1009 1019 quod
1025 978 1058 1009 id
1084 978 1175 1019 quod
1199 980 1353 1019 recipitur
1370 994 1392 1013 ις
1409 993 1438 1010 se
1458 986 1604 1011 secundum
1625 994 1718 1017 unum,
1737 993 1798 1011 esse
1817 993 1865 1019 per
1892 986 1962 1011 aliud
1986 987 2134 1013 secundum
2158 987 2237 1017 aliud.
2263 988 2332 1013 sicut
2348 987 2430 1014 homo
2452 993 2494 1013 eet

266 1038 301 1068 in
325 1035 492 1066 intellectu
517 1034 715 1073 reciperetur
740 1032 772 1061 in
798 1026 940 1066 materia,
958 1030 1147 1062 huiusmodi
1174 1031 1261 1061 enim
1288 1030 1352 1061 for-
1408 1036 1515 1069 quidem
1535 1037 1668 1062 rationalis
1694 1045 1741 1070 per
1764 1045 1803 1069 se,
1828 1037 1962 1063 sensibilis
1980 1042 2069 1063 autem
2093 1037 2249 1072 inquantum
2275 1043 2316 1064 est
2338 1038 2444 1068 animal.
2468 1043 2497 1064 et

267 1098 340 1120 mae
365 1097 449 1128 quae
473 1086 593 1116 habent
617 1094 685 1114 esse
710 1084 862 1114 materiae
889 1083 1081 1123 obligatum,
1098 1093 1166 1114 non
1191 1083 1353 1123 recipiunt
1409 1094 1454 1112 aer
1473 1092 1514 1112 est
1532 1088 1640 1120 quidem
1661 1088 1764 1113 subtilis
1784 1097 1832 1122 per
1850 1097 1888 1119 se,
1909 1089 2011 1114 lucidus
2031 1094 2120 1114 sutem
2143 1094 2202 1115 actu
2225 1097 2273 1124 per
2291 1089 2372 1115 aliud.
2391 1089 2492 1115 Unum-

268 1138 390 1180 aliquid
411 1141 464 1166 nisi
482 1141 649 1173 inquantum,
669 1139 724 1164 nisi
751 1138 778 1163 in
799 1138 926 1165 materia.
950 1133 1040 1174 quod
1066 1135 1099 1164 in
1124 1135 1258 1164 materia
1283 1143 1351 1164 non
1408 1138 1536 1171 quodque
1555 1143 1644 1164 autem
1665 1144 1815 1172 separatum
1835 1145 1876 1165 est
1895 1147 1943 1173 per
1961 1147 1991 1165 se
2015 1141 2161 1166 secundum
2181 1141 2252 1174 quod
2272 1145 2424 1174 separatum
2443 1146 2492 1171 est.

267 1191 450 1231 recipiatur.
469 1188 555 1220 Cum
573 1188 670 1228 igitur
688 1187 833 1227 receptio
851 1186 1031 1217 formarum
1050 1187 1081 1216 in
1099 1187 1267 1217 intellectu
1284 1196 1352 1216 non
1407 1190 1471 1215 haec
1491 1195 1531 1215 est
1550 1190 1619 1216 enim
1639 1199 1687 1216 sus
1707 1191 1861 1222 substantia,
1881 1199 1950 1225 quae
1969 1197 2010 1217 est
2027 1199 2076 1224 per
2099 1200 2129 1217 se
2147 1192 2298 1226 unicuique.
2323 1192 2391 1218 illud
2414 1191 2492 1225 igitur

267 1244 307 1274 sit
330 1242 474 1282 receptio
500 1240 677 1271 formarum
704 1242 730 1267 in
756 1242 893 1268 intellectu
918 1239 950 1268 in
980 1238 1124 1274 materia,
1149 1238 1351 1279 impossibile
1369 1251 1393 1264 το
1407 1242 1479 1274 quod
1495 1247 1536 1267 est
1548 1248 1696 1275 separatum
1716 1243 1741 1267 in
1762 1251 1926 1276 unoquoque
1944 1248 2066 1277 sepsi-ato
2085 1244 2152 1269 inest
2171 1243 2195 1268 ei
2213 1251 2262 1277 per
2280 1251 2309 1268 se
2328 1249 2355 1269 et
2373 1251 2426 1269 non
2444 1251 2492 1276 ρει-

268 1301 314 1326 est
339 1293 429 1334 quod
457 1292 639 1323 intellectus
664 1292 702 1321 Sit
727 1290 831 1321 forma
851 1295 975 1320 materiae
998 1294 1112 1327 obligata
1139 1289 1348 1331 (materialis.)
1407 1294 1487 1319 aliud.
1507 1294 1534 1319 Si
1555 1303 1618 1327 ergo
1639 1299 1711 1319 esset
1731 1295 1829 1328 aliquid
1850 1295 1875 1320 in
1894 1303 1949 1328 quo
1963 1300 2054 1320 natura
2068 1295 2183 1321 humana
2196 1301 2268 1321 esset
2281 1300 2411 1328 separatu,
2423 1295 2493 1321 sicut

267 1347 284 1385 §
302 1346 478 1376 Praeterea.
499 1347 525 1372 Si
553 1346 682 1371 diceretur
705 1346 777 1379 quod
801 1346 948 1371 intellectus
972 1353 1025 1370 non
1045 1350 1117 1370 esset
1135 1345 1301 1378 compositus
1321 1352 1351 1370 ex
1405 1346 1478 1378 plato
1498 1346 1612 1379 ponebat
1630 1346 1725 1379 ydeam
1746 1346 1868 1377 hominis,
1889 1354 1940 1371 non
1966 1352 2039 1372 esset
2062 1346 2144 1372 homo
2163 1354 2211 1380 per
2233 1346 2302 1372 aliud
2325 1347 2402 1380 qussi
2420 1347 2491 1373 aliud

267 1402 375 1428 muter-ia
394 1405 420 1425 et
438 1400 522 1425 forma
541 1399 588 1424 sed
607 1404 678 1424 esset
698 1396 708 1430 (
713 1394 829 1425 Dicere
850 1393 942 1434 quod
966 1394 1150 1424 intellectus
1167 1392 1220 1428 sit)
1246 1392 1350 1423 forma
1405 1396 1571 1429 participans,
1591 1402 1663 1423 esset
1681 1402 1769 1422 autem
1789 1398 1884 1422 animal
1904 1405 1951 1431 per
1969 1397 2039 1423 aliud
2059 1402 2084 1423 et
2097 1405 2144 1423 ens
2164 1405 2211 1431 per
2229 1398 2308 1429 aliud,
2324 1399 2385 1432 quia
2398 1402 2492 1424 natum

267 1460 335 1481 non
352 1449 529 1480 subsistens
545 1447 601 1478 sed
625 1447 777 1477 materiae
802 1447 964 1485 immersa,
984 1445 1070 1476 idern
1096 1450 1144 1476 est
1167 1445 1348 1475 secundum
1405 1448 1525 1472 animalis
1545 1454 1571 1473 ει
1589 1449 1656 1473 entis
1676 1449 1702 1473 in
1721 1455 1753 1474 eo
1769 1456 1822 1474 non
1841 1453 1914 1474 esset
1931 1454 2060 1482 separata.
2084 1449 2110 1475 Si
2135 1435 2212 1483 igitur
2237 1449 2335 1483 aliquid
2359 1455 2400 1475 est
2417 1449 2491 1484 quod

267 1510 343 1532 rem
353 1506 384 1531 et
401 1501 426 1530 si
451 1499 576 1530 dicatur
600 1497 691 1538 quod
716 1497 900 1528 intellectus
925 1498 964 1527 sit
989 1497 1195 1537 compositus
1218 1505 1256 1526 ex
1281 1505 1348 1526 ma-
1364 1511 1387 1531 ας
1404 1505 1445 1525 est
1463 1499 1552 1533 ipsum
1572 1508 1650 1525 suum
1671 1507 1731 1526 esse
1750 1506 1910 1534 separatum,
1929 1500 1980 1526 hoc
1999 1501 2074 1526 nuno
2094 1501 2175 1527 modo
2194 1506 2235 1527 est
2253 1509 2302 1535 per
2324 1501 2406 1528 aliud.
2429 1501 2490 1528 Non

267 1553 346 1583 teria
371 1558 402 1582 et
425 1551 540 1587 forma,
566 1549 671 1581 differt
698 1547 832 1591 (autem)
860 1549 967 1579 solum
1003 1548 1185 1579 secundum
1213 1557 1346 1578 nomen.
1404 1559 1469 1584 ergo
1484 1557 1524 1577 est
1536 1557 1683 1583 causatum,
1696 1551 1748 1578 hoc
1761 1553 1830 1578 enim
1845 1558 1981 1579 causatum
1995 1553 2106 1581 dicimus
2119 1554 2192 1587 quod
2205 1557 2246 1578 eet
2258 1560 2306 1586 per
2317 1553 2396 1580 aliud.
2411 1552 2492 1581 Nulla
2547 1570 2560 1583 .
2596 1552 2601 1556 ’
2615 1546 2622 1550 ”

267 1604 351 1635 Nam
376 1604 482 1644 primo
506 1601 608 1632 modo
627 1625 634 1632 .
651 1625 657 1631 .
673 1624 679 1631 .
698 1601 880 1631 materialis.
1403 1603 1480 1637 igitur
1498 1603 1643 1628 substantia
1662 1609 1769 1629 causata
1787 1609 1828 1629 est
1846 1612 1925 1629 suum
1949 1612 2019 1630 esse.
2043 1602 2060 1618 ¹*
2075 1600 2278 1642 §(Amplius.
2304 1599 2489 1632 substanti·
2516 1606 2567 1630 4²¹·
2579 1607 2595 1625 Ι
2608 1600 2706 1633 ⁸⁸¹⁸!-

1403 1652 1662 1692 uniuscuiusque
1677 1675 1683 1682 .
1697 1675 1703 1682 .
1719 1675 1726 1681 .
1741 1652 1768 1682 ei
1787 1661 1844 1692 per
1861 1651 1959 1683 aliud.
1973 1652 2036 1683 Sed
2050 1652 2183 1683 cuilibet
2194 1652 2239 1684 rei
2253 1657 2378 1683 creatae
2391 1659 2489 1684 suum

284 1717 364 1758 CaP·
390 1717 456 1747 Lll.
482 1716 578 1755 QUOD
604 1725 635 1745 1N
660 1724 853 1745 SUBSTANTHS
879 1724 1180 1745 xxiizistascTUALmrs
1205 1725 1332 1744 CREATIS
1403 1712 1471 1733 ⁶⁵⁵0
1490 1703 1517 1733 ei
1531 1704 1547 1719 “
1564 1712 1621 1743 Pes
1637 1702 1735 1739 ³¹5⁰ss
1753 1703 1829 1733 allas
1853 1713 1920 1734 ⁰0¹¹
1945 1710 2029 1734 eSSet
2045 1709 2226 1734 causatum·
2245 1703 2375 1734 Nuuius
2390 1703 2489 1744 lgm-'¹'
2517 1706 2527 1716 ”
2542 1702 2596 1728 vu·
2609 1705 2640 1728 ¹⁴
2653 1704 2701 1728 Μ

1365 1766 1389 1783 ιο
1402 1754 1599 1785 substantiae
1616 1757 1799 1784 intellectualis
1819 1761 1944 1786 creatae
1962 1765 2057 1786 suum
2076 1765 2144 1786 esse
2156 1761 2203 1786 est
2215 1764 2272 1786 sua
2285 1753 2489 1798 substantii.)

1403 1811 1417 1826 *
1430 1809 1450 1845 5
1461 1811 1566 1837 Adhuc.
1583 1812 1796 1845 Unumquodque
1803 1812 1878 1845 quod
1886 1811 1966 1837 habet
1976 1811 2082 1844 aliquid
2093 1806 2128 1837 ab
2139 1811 2228 1837 altero
2243 1811 2324 1844 (sub)
2345 1811 2372 1837 in
2386 1817 2488 1837 seem-
2514 1816 2543 1838 ⁴³
2554 1817 2567 1834 r
2578 1816 2593 1834 Ι
2606 1816 2642 1835 ¹⁸-

23 1864 112 1895 θΰῐοκ-
127 1864 240 1886 Ambros.
313 1861 413 1900 Quod
436 1862 469 1891 in
494 1861 680 1891 substantiis
703 1860 975 1891 intellectualibus
1006 1860 1118 1889 creatis
1149 1858 1254 1889 differt
1278 1869 1346 1889 esse
1401 1862 1551 1888 sideratum
1564 1866 1605 1888 est
1618 1863 1644 1888 in
1661 1864 1784 1895 potentia
1802 1862 1842 1888 ad
1860 1863 1936 1892 illud,
1950 1870 2028 1888 omne
2042 1862 2113 1888 enim
2126 1869 2210 1897 agens
2223 1863 2383 1896 inquantum
2395 1860 2488 1890 nni-oe-
2570 1856 2577 1860 ⁸

23 1896 40 1912 n
52 1897 64 1911 v
79 1891 231 1920 ¹³43·i’·387·
267 1920 299 1945 et
315 1913 405 1954 quod
422 1918 479 1943 est.
497 1930 518 1934 —
534 1914 552 1951 ἓ
569 1912 644 1942 Non
662 1917 710 1942 est
725 1917 834 1941 autern
853 1934 859 1941 .
876 1935 882 1941 .
898 1935 904 1941 .
922 1911 1155 1950 adaequentur.
1183 1910 1346 1940 Invenitur
1402 1913 1476 1939 modi
1496 1917 1536 1940 est
1553 1917 1626 1945 actu,
1645 1917 1722 1939 actus
1740 1917 1831 1951 autern
1851 1915 1972 1947 refertur
1990 1914 2028 1939 ad
2042 1913 2205 1946 potentiam.
2227 1913 2312 1940 Omne
2329 1916 2421 1940 autem
2439 1911 2489 1941 eiu

24 1965 57 1986 ¹¹³·
76 1965 89 1986 b
103 1972 123 1987 ¹·
267 1966 353 1995 enim
378 1965 411 1994 in
429 1964 474 1994 eis
499 1963 606 2002 aliqua
631 1962 830 2002 compositio
855 1963 870 1978 ⁴*
889 1971 925 1991 ex
943 1971 983 1991 eo
1001 1960 1091 2001 quod
1108 1970 1175 1990 non
1194 1966 1240 1991 est
1258 1960 1345 1991 idem
1401 1969 1541 1991 causatum
1563 1965 1644 1991 habet
1662 1972 1718 1991 esse
1735 1966 1770 1991 ab
1789 1966 1853 1992 αιὶο.
1880 1965 1975 1999 <Ergo
1993 1972 2072 1991 omne
2094 1971 2141 1991 ens
2165 1967 2307 1992 causatum
2331 1969 2374 1992 est
2390 1965 2421 1991 in
2435 1967 2488 2000 ῥυ·

264 2018 296 2047 in
314 2017 359 2046 eis
375 2025 444 2046 esse
470 2021 502 2045 et
522 2013 613 2054 quod
636 2019 693 2044 est.
714 2018 861 2042 ostensum
884 2017 953 2042 enim
974 2022 1014 2042 est
1032 2018 1058 2041 in
1078 2016 1163 2050 primo
1182 2016 1254 2050 quod
1274 2016 1346 2041 Deus
1363 2022 1384 2041 ii
1401 2017 1512 2049 tentia.)
1534 2017 1610 2050 Ergo
1629 2017 1781 2049 substantia
1798 2017 1941 2043 cuiuslibet
1964 2017 2034 2043 eneis
2052 2015 2159 2043 eamn·
2175 2020 2353 2051 comparatur
2375 2017 2415 2044 ad
2431 2023 2492 2058 ευ..

263 2077 304 2098 est
321 2078 400 2097 suum
419 2077 476 2096 esse
499 2069 549 2095 hoc
571 2070 660 2103 ipsum
679 2070 751 2101 quod
771 2074 812 2094 est
830 2076 898 2095 esse.
917 2069 1084 2102 impossibile
1103 2074 1144 2094 est
1163 2074 1251 2094 autem
1273 2069 1345 2102 quod
1400 2068 1473 2101 quod
1491 2068 1571 2094 habet
1583 2068 1621 2094 ad
1639 2068 1656 2102 g
1671 2067 1772 2094 Adhuc.
1785 2069 1874 2094 Omne
1886 2069 1959 2102 quod
1972 2068 2052 2094 hab‘et
2065 2068 2162 2102 aliquid
2177 2068 2210 2094 ab
2225 2069 2308 2095 altero
2321 2074 2489 2104 comparetur

262 2121 296 2146 sit
315 2128 375 2146 esse
398 2119 546 2145 subsistens
568 2118 616 2143 nisi
644 2126 741 2144 unum:
768 2126 829 2143 esse
854 2118 924 2143 enirn
950 2118 1107 2151 inquantum
1133 2123 1174 2144 est
1192 2126 1253 2144 esse
1271 2118 1345 2144 diffe-
1400 2120 1433 2145 ad
1452 2120 1516 2145 illud
1530 2120 1603 2154 quod
1623 2119 1655 2145 ab
1668 2120 1752 2146 altero
1764 2119 1843 2146 habet
1857 2120 1926 2146 sieut
1937 2121 2054 2154 potentia
2063 2121 2096 2146 nd
2115 2125 2204 2146 netum
2216 2125 2243 2147 et
2256 2121 2326 2147 sicut
2337 2120 2488 2149 eubieenm

261 2171 371 2196 rentiam
391 2177 443 2194 non
463 2168 548 2198 habet.
568 2168 635 2193 sicut
654 2175 702 2192 nec
722 2167 810 2201 aliqua
830 2172 923 2193 natura
942 2167 1090 2193 subsistens
1110 2173 1198 2201 potest
1216 2175 1277 2193 esse
1295 2168 1345 2193 nisi
1400 2171 1432 2196 ad
1451 2171 1584 2205 propriam
1604 2170 1804 2205 perfectionem.
1829 2171 1902 2197 Sicut
1926 2172 1996 2197 enim
2021 2171 2089 2198 actio
2108 2172 2210 2206 egenti·
2236 2172 2355 2206 procedit
2375 2172 2409 2199 ab
2426 2176 2487 2200 aeut

260 2230 321 2248 una.
340 2217 374 2249 Si
398 2217 486 2248 enim
511 2226 580 2247 esse
605 2221 652 2247 est
676 2216 864 2252 subsistens,
886 2216 968 2247 nihil
991 2221 1118 2257 praeter
1141 2216 1250 2257 ipsum
1275 2226 1345 2247 esse
1400 2224 1510 2257 agentis,
1530 2224 1564 2249 ita
1590 2223 1747 2248 terminatur
1766 2223 1799 2249 nd
1817 2227 1906 2249 nemin
1924 2223 1981 2249 eius
2000 2224 2074 2258 quod
2092 2223 2186 2257 egitur.
2205 2223 2282 2250 Unde
2300 2223 2369 2250 sieut
2386 2224 2488 2259 iel-quo

261 2271 290 2301 ei
315 2269 510 2310 adiungitur,
535 2268 611 2308 quia
629 2268 726 2298 etiam
743 2268 775 2298 in
794 2268 843 2298 his
860 2276 1004 2308 quorum
1023 2277 1091 2299 esse
1110 2277 1179 2299 non
1204 2274 1253 2298 est
1268 2268 1344 2299 sub·
1359 2281 1387 2301 40
1399 2282 1480 2308 agens
1499 2275 1551 2307 agit
1570 2279 1612 2300 est
1624 2279 1698 2300 actus
1713 2275 1779 2306 eius,
1798 2275 1832 2300 im
1850 2275 1876 2300 id
1895 2275 1967 2309 quod
1981 2280 2021 2301 est
2035 2275 2068 2302 eb
2081 2280 2175 2309 ugente
2189 2281 2230 2302 est
2247 2281 2321 2302 neme
2336 2276 2393 2302 eiu·
2411 2274 2487 2310 qued

260 2323 385 2358 sistens,
403 2319 494 2361 quod
510 2321 593 2350 inest
617 2319 765 2350 existenti
789 2324 917 2360 praeter
939 2329 1008 2350 esse
1033 2320 1113 2356 εἰυε,
1139 2324 1186 2350 est
1210 2319 1343 2360 quidem
1399 2327 1493 2360 agitur.
1514 2327 1602 2353 Omne
1617 2333 1706 2353 sutem
1725 2335 1774 2353 ens
1789 2327 1858 2354 uliud
1871 2335 1886 2353 a
1905 2316 1962 2354 De‘o
1975 2327 2056 2353 habet
2069 2334 2130 2354 esee
2148 2326 2182 2354 eb
2199 2327 2268 2362 ipso,
2282 2333 2313 2354 ut
2329 2335 2410 2362 supr·
2422 2329 2487 2363 pt·-

261 2373 409 2404 existenti
434 2373 579 2407 unitum,
612 2381 680 2402 non
713 2377 822 2401 autem
855 2376 903 2401 est
935 2380 1039 2402 unum
1069 2380 1146 2402 cum
1177 2380 1247 2401 esse
1274 2371 1343 2401 eius
1399 2378 1488 2403 batum
1508 2382 1557 2402 eet.
1577 2377 1728 2403 Substantia
1746 2377 1825 2411 igitur
1843 2377 1983 2403 cuiuslibet
2001 2378 2068 2404 entis
2086 2377 2299 2412 εοωριτιιιπιά
2316 2377 2405 2412 ipsum
2423 2382 2486 2405 ease

262 2425 324 2456 nisi
348 2434 406 2465 per
434 2423 585 2454 accidens
613 2423 810 2463 inquantum
843 2428 891 2453 est
914 2431 1019 2453 unum
1039 2425 1140 2451 habens
1158 2422 1342 2453 subiectum
1398 2429 1455 2454 eius
1468 2429 1535 2454 sicut
1545 2429 1662 2463 potentia
1679 2434 1705 2454 ει
1719 2428 1867 2454 subiectum
1881 2429 1914 2455 nd
1926 2428 2114 2462 perfectionem
2127 2429 2160 2455 ed
2175 2429 2193 2447 Φ
2206 2433 2303 2455 ectum.
2314 2429 2394 2455 Nulla
2407 2426 2486 2463 igitir
2512 2431 2522 2441 ·
2536 2430 2683 2460 uncum
2696 2432 2728 2454 ee.
2752 2442 2756 2449 ι

261 2476 384 2507 habens
401 2485 470 2506 esse
487 2481 518 2506 et
534 2474 566 2505 id
583 2474 674 2514 quod
691 2481 802 2510 praeter
822 2480 869 2505 est
893 2479 1019 2515 praeter
1041 2482 1123 2504 esse:
1149 2474 1233 2504 sicut
1255 2479 1342 2515 patet
1398 2488 1441 2506 ree
1460 2486 1566 2507 caus-ta
1584 2486 1624 2507 est
1642 2489 1721 2507 suum
1741 2489 1811 2507 esse.
1836 2480 1996 2514 §Quamvis
2015 2486 2104 2507 nutem
2122 2482 2210 2508 munis
2229 2481 2376 2507 subeunti·
2397 2484 2485 2508 m

262 2527 352 2569 quod
376 2528 453 2558 sorti
485 2532 609 2567 praeter
639 2536 735 2557 suum
766 2536 836 2556 esse
867 2526 1077 2557 substantiale
1107 2527 1190 2557 inest
1221 2526 1342 2562 album,
1358 2541 1382 2561 ⁴5
1398 2537 1566 2564 comparetur
1585 2533 1616 2558 nd
1636 2539 1717 2558 suum
1736 2540 1796 2558 esse
1808 2537 1838 2558 ut
1856 2532 1970 2566 potenti·
1984 2532 2017 2558 nd
2031 2537 2129 2564 actum,
2142 2540 2195 2558 non
2214 2534 2256 2558 est
2273 2538 2361 2558 umen
2378 2531 2406 2558 in
2419 2535 2484 2567 qm‘-
2531 2555 2534 2558 ⁴
2558 2538 2560 2541 ·

261 2578 350 2619 quod
377 2578 510 2619 quidem
543 2577 707 2608 diversum
732 2583 779 2608 est
803 2578 843 2608 ab
869 2578 939 2609 eius
970 2587 1039 2609 esse
1063 2577 1276 2614 substantiali,
1296 2588 1344 2607 nec
1397 2583 1462 2609 libet
1479 2583 1626 2609 submoti·
1644 2588 1731 2609 creatu
1749 2588 1791 2609 eet
1809 2584 1924 2616 potentin
1949 2583 1981 2609 nd
2006 2591 2068 2610 esse
2093 2583 2142 2618 (ει)
2167 2583 2200 2609 ed
2219 2591 2272 2610 non
2291 2590 2352 2610 em
2377 2580 2486 2618 propser

260 2641 327 2662 non
345 2631 431 2661 enim
447 2629 534 2661 idem
548 2636 595 2660 est
611 2639 680 2660 esse
696 2635 817 2661 sortem
834 2636 866 2660 et
882 2639 951 2661 esse
969 2630 1079 2661 album
1100 2630 1161 2661 nisi
1186 2639 1243 2671 per
1259 2630 1343 2661 acci-
1397 2634 1448 2661 hoc
1464 2635 1538 2668 quod
1556 2635 1618 2669 quin
1637 2636 1709 2669 quod
1728 2639 1817 2670 potest
1840 2642 1901 2661 esse
1920 2640 2010 2668 potest
2026 2643 2079 2661 non
2098 2643 2168 2662 eene.
2186 2635 2254 2662 Eue
2273 2635 2343 2662 enim
2362 2640 2404 2662 eet
2423 2631 2485 2662 ulb‘

261 2683 340 2714 dens
360 2687 514 2720 inquantum
538 2686 607 2711 idem
631 2690 674 2711 est
697 2691 782 2711 sortes
803 2686 847 2719 qui
867 2685 947 2712 habet
965 2693 1026 2712 esse
1045 2685 1216 2712 substantiale
1238 2690 1265 2712 ει
1283 2693 1343 2711 ene
1398 2692 1471 2714 setus
1491 2687 1535 2720 qui
1555 2685 1655 2720 perficit
1673 2691 1756 2713 totum
1775 2686 1919 2720 potentiam
1938 2686 2100 2713 substantiae
2118 2687 2310 2719 intellectu-lie,
2328 2691 2356 2713 et
2373 2687 2412 2713 ele
2429 2687 2484 2714 nn

261 2739 419 2764 accidentale
438 2738 561 2771 <album>
583 2735 667 2772 (albi).
698 2733 730 2765 Si
763 2734 860 2775 igitur
891 2744 960 2765 non
992 2735 1032 2765 sit
1065 2742 1133 2765 esse
1166 2735 1198 2765 in
1232 2734 1343 2775 aliquo
1398 2744 1518 2765 remanet
1535 2739 1651 2773 potentia
1669 2739 1701 2764 nd
1716 2746 1768 2764 non
1781 2746 1850 2764 esse.
1869 2738 1887 2773 5
1900 2738 1954 2764 Nec
1973 2738 2067 2764 iterum
2079 2738 2241 2773 opinandum
2253 2743 2295 2765 eet
2313 2739 2386 2773 quod
2398 2738 2485 2773 lpum

19 2791 28 2799 ·
44 2788 89 2810 Vid
104 2790 132 2810 td
147 2789 192 2810 loc·
261 2787 408 2818 subiecto
421 2787 438 2803 ⁴*
456 2810 463 2817 .
479 2810 485 2817 .
502 2810 509 2817 .
527 2792 558 2817 et
583 2796 651 2817 esse
677 2787 756 2817 eius.
782 2787 800 2825 ἓ
820 2786 980 2827 Amplius.
1005 2786 1129 2818 Natura
1148 2797 1228 2823 quam
1252 2795 1344 2817 com·
1360 2799 1386 2819 ςο
1399 2790 1574 2816 subeunti-m
1595 2798 1672 2815 cunm
1698 2798 1750 2816 non
1774 2789 1870 2815 habeat
1887 2789 2033 2815 subet-nti·
2051 2789 2235 2816 intellectualis
2258 2798 2272 2816 e
2298 2790 2356 2816 Deo
2373 2790 2441 2817 deut
2457 2794 2486 2817 κ

20 2842 28 2851 ·
44 2841 105 2863 Casu
114 2847 163 2863 0¹¹¹·
178 2842 232 2863 '¹¹³¹'-
262 2839 380 2874 munis,
413 2839 437 2868 si
469 2843 611 2878 separata
646 2837 860 2878 intelligatur,
893 2848 961 2869 non
995 2844 1103 2879 potest
1134 2848 1204 2870 esse
1226 2839 1243 2856 ⁹
1267 2848 1344 2875 una,
1399 2849 1479 2867 suum
1493 2849 1562 2872 esee,
1582 2842 1644 2875 quie
1658 2841 1770 2867 dicimus
1783 2841 1856 2874 quod
1869 2845 1911 2867 eet
1922 2841 1949 2867 in
1962 2841 2077 2874 potenti·
2090 2841 2123 2867 ed
2142 2849 2222 2868 suum
2234 2849 2296 2868 eene
2313 2841 2387 2876 quod
2404 2838 2486 2868 hebet

263 2891 410 2931 quamvis
434 2890 588 2920 habentes
607 2895 754 2920 naturam
779 2889 867 2921 illam
888 2894 1066 2920 diversimode
1089 2890 1199 2932 plures
1220 2891 1346 2932 possint
1399 2903 1414 2921 a
1434 2895 1501 2921 Deo.
1520 2895 1578 2920 Hoc
1597 2894 1668 2920 enim
1687 2898 1729 2920 est
1747 2893 1922 2920 substantium
1940 2900 2001 2919 esee
2019 2901 2034 2919 s
2048 2893 2104 2919 Deo
2117 2893 2190 2928 quod
2204 2882 2367 2920 sub-nmine
2385 2893 2485 2928 nequid

262 2942 409 2977 inveniri,
441 2946 507 2971 sicut
537 2942 562 2971 si
593 2940 707 2982 (enim)
742 2947 856 2972 natura
881 2942 1028 2973 animalis
1052 2952 1110 2983 per
1139 2952 1173 2973 se
1204 2946 1344 2978 separatim
1400 2955 1462 2974 esse
1481 2955 1529 2982 per
1546 2947 1642 2978 neum.
1661 2954 1714 2973 non
1734 2946 1962 2980 quemadmodum
1985 2945 2110 2972 materiae
2133 2945 2317 2979 praeexistenti
2339 2942 2484 2979 acquum

263 2992 435 3034 (separata)
463 2994 658 3029 subsisteret,
683 3002 750 3023 non
775 2993 907 3024 haberet
932 3003 968 3024 ea
993 3003 1078 3034 quae
1102 2999 1178 3025 sunt
1201 2994 1345 3024 hominis
1400 3007 1461 3025 esse
1480 2999 1512 3024 ab
1532 3003 1625 3033 agente
1644 3006 1692 3032 per
1710 3005 1807 3024 novam
1827 2996 1941 3024 formem
1960 3005 2040 3031 quarn
2065 2997 2184 3032 acquirit,
2212 2997 2274 3031 quin
2293 2997 2418 3023 meteri-e
2433 3003 2484 3031 pes

263 3044 314 3075 vel
339 3054 422 3084 quae
447 3050 521 3074 sunt
539 3044 641 3079 bovis,
659 3045 723 3074 iam
749 3045 836 3074 enirn
862 3054 928 3075 non
955 3051 1038 3076 esset
1063 3045 1182 3076 animal
1207 3050 1345 3082 tantum,
1361 3059 1384 3079 ςς
1400 3051 1482 3076 tentia
1501 3051 1533 3076 nd
1552 3050 1666 3076 foi-mun
1685 3056 1727 3076 est
1745 3050 1862 3084 potentia
1885 3050 1917 3076 nd
1935 3038 1995 3075 'hoc
2014 3049 2217 3076 determinatum
2237 3048 2252 3065 ‘
2271 3055 2334 3075 esee
2351 3048 2425 3082 quod
2441 3050 2485 3075 at
2509 3049 2620 3080 aare..

263 3096 319 3127 sed
336 3096 437 3126 homo
455 3095 505 3126 vel
522 3096 591 3126 bos.
613 3099 666 3131 Sep
687 3096 834 3126 Remotis
854 3102 963 3127 autem
980 3107 1049 3133 quae
1067 3102 1131 3126 sunt
1149 3100 1258 3135 generis
1281 3099 1345 3135 (bis)
1401 3110 1448 3136 per
1467 3102 1534 3128 hanc
1554 3103 1676 3132 fonnem.
1695 3102 1766 3127 unde
1786 3102 1871 3135 potuit
1893 3109 1955 3127 eene
1973 3102 2081 3127 meteri·
2099 3101 2278 3135 praeexistens
2302 3100 2404 3127 hahens
2421 3106 2484 3126 eeu

265 3146 451 3177 differentiis
469 3146 684 3176 constitutivis
706 3147 899 3186 specierum,
917 3153 1063 3178 remanet
1082 3153 1195 3178 natura
1219 3148 1346 3188 generis
1368 3142 1369 3145 ¹
1401 3153 1507 3179 alterius
1526 3153 1597 3178 modi
1618 3153 1668 3178 sub
1682 3153 1731 3178 alin
1749 3152 1848 3183 formu
1861 3152 1909 3178 sed
1922 3153 2037 3186 potentie
2051 3139 2284 3186 quaeintenigitur
2297 3151 2324 3178 in
2338 3150 2485 3179 when-me

264 3198 410 3233 indivisa,
435 3198 510 3237 quia
531 3197 663 3227 eaedem
694 3196 890 3228 differentiae
916 3208 1000 3239 quae
1025 3205 1101 3230 sunt
1117 3199 1346 3230 constitutivae
1400 3209 1454 3230 tota
1472 3205 1510 3230 ad
1528 3211 1584 3231 esse
1602 3209 1725 3238 respectu
1748 3204 1790 3230 sui
1810 3211 1870 3230 esse
1894 3209 1936 3230 est
1954 3204 1986 3230 nd
2006 3211 2066 3230 ene
2085 3203 2246 3237 simpliciter.
2265 3203 2338 3230 unde
2358 3202 2420 3238 quit
2437 3202 2483 3230 ὑὶ

265 3249 447 3288 specierum
464 3254 537 3278 sunt
555 3247 708 3278 divisivae
728 3250 863 3288 generis.
883 3254 914 3278 ht
928 3260 1036 3287 propter
1050 3254 1100 3279 hoc
1115 3254 1192 3279 etiam
1208 3255 1280 3287 pluto
1293 3261 1346 3279 non
1401 3256 1548 3281 terminatio
1562 3255 1666 3281 essendi
1681 3260 1722 3280 est
1740 3262 1787 3288 per
1805 3255 1889 3289 ipsam
1903 3260 2023 3281 numam
2037 3255 2208 3284 substantiae.
2227 3259 2252 3281 et
2270 3255 2306 3281 in
2323 3255 2485 3289 non'potnt

266 3304 353 3336 posuit
370 3303 450 3336 ydeas
476 3310 610 3336 generum.
635 3304 681 3328 sed
709 3305 855 3336 specierum
880 3310 989 3333 tuntum,
1009 3313 1042 3331 ne
1068 3311 1207 3338 cogeretur
1226 3310 1345 3331 naturam
1359 3313 1387 3332 ⁶0
1401 3307 1508 3341 intelligi
1528 3306 1566 3332 sic
1585 3307 1611 3332 in
1631 3306 1748 3340 potentin
1766 3306 1914 3332 eubmntin
1932 3305 2065 3340 quaelibet
2083 3306 2115 3332 nd
2134 3314 2213 3333 suum
2239 3314 2300 3333 esse
2323 3306 2391 3333 siem
2408 3313 2483 3340 ιιι-ιο-

266 3355 367 3388 generis
387 3362 484 3388 ponere
503 3362 583 3379 unam
603 3360 705 3387 praeter
724 3363 818 3380 omnes
842 3357 950 3388 species,
977 3362 1002 3382 et
1026 3358 1063 3382 sic
1082 3363 1153 3383 esset
1176 3357 1251 3390 <bis>
1275 3356 1346 3391 (plu—
1400 3359 1514 3384 existens
1535 3358 1610 3387 actui.
1630 3358 1678 3383 sed
1700 3357 1768 3383 sicut
1793 3357 1907 3391 perfecta
1930 3365 1978 3391 pet
1999 3363 2087 3383 sctum
2111 3357 2226 3384 asendi.
2243 3355 2263 3394 5
2278 3353 2369 3385 Item.
2394 3352 2483 3386 Cum

267 3408 329 3442 ries)
342 3408 479 3437 absa-acta.
494 3408 578 3433 semel
591 3408 615 3432 in
630 3415 659 3432 se
679 3412 703 3431 et
719 3408 800 3433 semel
821 3408 845 3432 in
866 3409 1005 3442 speciebus
1024 3409 1145 3436 diversis.
1170 3406 1223 3437 Sic
1248 3406 1346 3446 igitur
1401 3416 1501 3438 omne
1525 3415 1624 3447 agens
1648 3411 1720 3447 agat
1744 3407 1939 3447 inquantum
1963 3412 2012 3437 est
2034 3411 2109 3438 actu
2127 3411 2235 3443 oporte?
2248 3408 2369 3442 primum
2389 3415 2483 3444 agen.

267 3457 293 3486 si
316 3456 380 3486 hoc
408 3456 517 3496 ipsum
549 3454 639 3495 quod
671 3461 717 3486 cst
747 3466 816 3486 esse
850 3457 888 3486 sit
921 3467 1099 3488 commune
1132 3458 1215 3488 sicut
1241 3467 1346 3498 genus
1398 3463 1490 3495 primo
1502 3462 1722 3496 agentidebetur
1741 3462 1852 3488 unimus
1865 3462 1960 3487 modus
1973 3460 2111 3488 existendi
2128 3460 2232 3487 inacta
2250 3457 2358 3497 primo
2375 3457 2483 3498 agenti

268 3511 309 3535 vel
330 3511 431 3543 species
462 3516 530 3537 esse
561 3513 743 3547 separatum
778 3517 834 3548 per
866 3518 899 3538 se
932 3509 1109 3539 subsistens
1137 3518 1204 3539 non
1239 3514 1346 3550 potest
1402 3508 1508 3551 (quod
1533 3515 1581 3540 est
1613 3507 1901 3550 perfectissimum)
1921 3513 1955 3538 de
1973 3508 2131 3549 competit
2161 3516 2231 3538 esse
2254 3508 2289 3538 in
2312 3512 2387 3538 actu
2410 3515 2484 3548 per-

269 3566 337 3587 esse
372 3557 432 3587 nisi
467 3566 581 3587 unum.
611 3557 642 3587 Si
681 3567 757 3587 vero
793 3567 860 3588 non
904 3558 1115 3590 dividatur..
1133 3582 1141 3589 .
1161 3560 1264 3600 magis
1299 3566 1347 3590 est
1361 3570 1386 3596 ες
1403 3560 1581 3592 fectissimo
1608 3559 1722 3591 mod0.
1747 3560 1857 3591 Tanto
1889 3565 1998 3591 autem
2029 3558 2152 3600 aliquid
2177 3564 2224 3589 est
2252 3557 2427 3600 perfectius
2449 3557 2484 3589 in

29 3613 37 3622 ·
56 3612 106 3633 vid.
123 3612 151 3633 ud
168 3612 213 3633 loc.
269 3610 401 3635 evidentia
421 3607 628 3638 manifestum
643 3609 658 3624 ⁴*
676 3608 766 3648 quod
784 3619 850 3639 non
870 3615 976 3649 potest
994 3620 1062 3640 esse
1080 3620 1138 3650 per
1154 3620 1187 3641 se
1208 3611 1347 3642 existens
1403 3618 1489 3648 actu,
1514 3617 1639 3652 quanto
1663 3611 1735 3642 talis
1759 3617 1850 3642 nctus
1874 3617 1922 3642 est
1944 3611 1978 3641 in
2001 3610 2052 3640 via
2078 3610 2297 3650 generationis
2322 3609 2485 3650 posterior

271 3657 330 3687 nisi
356 3667 468 3687 unum.
493 3658 699 3698 Relinquitur
717 3682 722 3689 .
739 3682 745 3689 .
761 3682 767 3689 .
786 3669 882 3690 suum
908 3670 993 3691 esse..
1019 3662 1037 3699 §
1054 3661 1181 3697 Adhuc,
1209 3666 1275 3691 sicut
1299 3666 1348 3691 irn-
1403 3667 1430 3692 in
1444 3666 1486 3692 his
1499 3666 1569 3692 enim
1583 3673 1651 3700 quae
1671 3666 1845 3699 <procedunt
1858 3665 1892 3691 de
1900 3664 2042 3698 muntia>
2055 3667 2120 3690 sunt
2139 3665 2206 3698 (de)
2220 3664 2367 3698 epoeenua
2380 3666 2408 3690 et
2419 3665 2483 3690 m

271 3711 395 3744 possibile
419 3716 459 3736 est
483 3719 542 3736 esse
565 3712 617 3737 duo
642 3720 751 3746 corpora
775 3714 884 3739 omnino
909 3714 1015 3745 infinita,
1044 3717 1077 3740 im
1097 3721 1122 3740 ει
1145 3713 1347 3753 impossibile
1403 3720 1494 3745 actus
1518 3711 1632 3754 (enim)
1652 3720 1699 3745 est
1715 3719 1865 3754 ternpore
1881 3713 2026 3754 potentia
2044 3713 2206 3753 posterior
2228 3713 2261 3743 in
2286 3721 2355 3743 uno
2379 3716 2412 3743 et
2427 3720 2484 3743 eo—

272 3765 319 3789 est
343 3757 433 3799 quod
457 3760 496 3788 sit
521 3759 639 3799 duplex
663 3770 731 3791 esse
765 3762 902 3792 omnino
929 3762 1103 3799 infinitum,
1124 3768 1149 3792 in
1169 3768 1348 3800 corporalibus
1404 3765 1478 3796 dem
1505 3765 1595 3806 quod
1613 3765 1653 3796 de
1678 3765 1824 3806 potentia
1840 3763 1880 3795 ad
1897 3769 2004 3795 actum
2023 3763 2180 3804 procedit.
2206 3762 2384 3795 Perfectius
2400 3771 2484 3804 quo-

32 3821 41 3830 ·
60 3821 119 3851 ‹gisu
137 3820 245 3842 scrinii„
272 3814 378 3847 quidem
398 3815 616 3847 magnitudinibus
637 3815 684 3840 ime
705 3821 744 3840 est
759 3817 922 3849 impossibiie
936 3819 996 3850 quia
1007 3819 1030 3847 ⁴2.
1051 3820 1072 3844 si
1093 3819 1159 3852 (sit)
1180 3818 1274 3854 (esset)
1294 3828 1348 3846 ma·
1363 3829 1391 3848 ⁷0
1405 3826 1469 3858 que
1495 3823 1542 3848 est
1567 3818 1600 3847 in
1625 3822 1699 3847 actu
1724 3814 1815 3857 quod
1839 3820 1886 3846 est
1910 3815 1978 3855 ipse
2002 3821 2093 3846 actus
2117 3824 2216 3856 quam
2241 3813 2333 3856 quod
2356 3819 2405 3845 eet
2426 3813 2483 3845 hn-

32 3852 82 3874 qun.
272 3866 380 3899 gnitudo
400 3870 458 3890 actu
476 3864 582 3890 infinita.
602 3866 702 3891 nullum
716 3867 873 3899 relinqueret
889 3869 975 3893 locum
990 3877 1004 3894 a
1017 3877 1046 3894 se
1060 3877 1113 3895 non
1132 3875 1289 3903 occupatum
1305 3870 1349 3896 ubi
1405 3869 1484 3899 bens
1508 3873 1634 3898 actum:
1660 3867 1724 3898 hoc
1749 3866 1837 3897 enlm
1861 3871 1995 3906 propter
2018 3865 2098 3896 illud
2122 3871 2196 3897 actu
2220 3871 2278 3897 ent.
2302 3865 2363 3896 Hie
2385 3864 2484 3906 igitur

273 3916 340 3941 aliud
359 3915 485 3942 infinitum
505 3924 565 3942 esse
579 3922 676 3949 posset,
696 3922 721 3942 et
740 3918 858 3943 similiter
877 3925 946 3946 esse
964 3915 1078 3957 (enim)
1097 3918 1187 3958 quod
1212 3919 1348 3949 omnino
1405 3919 1449 3950 sic
1474 3918 1598 3959 positis,
1623 3923 1750 3948 constat
1780 3926 1819 3948 ex
1847 3926 1943 3957 supra
1969 3918 2106 3948 ostensis
2130 3916 2222 3958 quod
2249 3916 2338 3948 Deus
2365 3914 2482 3958 (solut)

273 3969 319 3994 est
343 3963 505 3994 infinitum
530 3973 663 3995 omnem
692 3963 924 4005 perfectionem
953 3966 1106 4007 (essendi)
1135 3970 1349 4010 comprehen-
1405 3975 1453 4001 est
1475 3970 1618 4010 primum
1642 3978 1750 4009 agens.
1775 3968 1841 3999 Sibi
1866 3977 1943 4008 ergo
1968 3969 2056 4008 (soli)
2081 3968 2239 4009 competit
2258 3977 2328 3999 esse
2347 3967 2385 3999 in
2408 3972 2483 3998 actu

561 1777 693 1796 DIFFERT
718 1776 787 1796 ESSE
811 1775 849 1795 ET
875 1776 962 1795 QUOD
989 1776 1052 1795 EST.

347 4075 361 4099 7
383 4068 567 4102 dependentes}
588 4069 651 4094 Post
669 4068 735 4094 hanc
754 4077 845 4095 vocem
865 4071 976 4095 occurrit
996 4079 1085 4096 rasura
1105 4073 1229 4098 nonnulla
1250 4074 1328 4099 verba
1347 4079 1400 4099 tam
1419 4074 1445 4099 in
1464 4074 1587 4100 column·
1606 4080 1686 4106 quum
1706 4073 1731 4097 in
1751 4072 1868 4104 margine
1888 4072 1987 4103 delens.
2007 4079 2031 4099 et
2051 4073 2221 4099 substitutum
2240 4078 2282 4099 eet
2300 4079 2352 4099 nou
2416 4078 2482 4099 eue-
