<?xml version="1.0" encoding="UTF-8"?>
<!DOCTYPE html PUBLIC "-//W3C//DTD XHTML 1.0 Transitional//EN"
    "http://www.w3.org/TR/xhtml1/DTD/xhtml1-transitional.dtd">
<html xmlns="http://www.w3.org/1999/xhtml" xml:lang="en" lang="en">
 <head>
  <title>
</title>
<meta http-equiv="Content-Type" content="text/html;charset=utf-8" />
  <meta name='ocr-system' content='tesseract 3.04.00' />
  <meta name='ocr-capabilities' content='ocr_page ocr_carea ocr_par ocr_line ocrx_word'/>
</head>
<body>
  <div class='ocr_page' id='page_1' title='image "./operaomniaiussui13thom/operaomniaiussui13thom_0176.png"; bbox 0 0 2768 4134; ppageno 0'>
   <div class='ocr_carea' id='block_1_1' title="bbox 52 1458 224 1486">
    <p class='ocr_par' dir='ltr' id='par_1_1' title="bbox 52 1458 224 1486">
     <span class='ocr_line' id='line_1_1' title="bbox 52 1458 224 1486; baseline -0.012 -6"><span class='ocrx_word' id='word_1_1' title='bbox 52 1459 63 1470; x_wconf 74' lang='lat'>&#39;</span> <span class='ocrx_word' id='word_1_2' title='bbox 79 1458 135 1486; x_wconf 75' lang='lat' dir='ltr'>Cap.</span> <span class='ocrx_word' id='word_1_3' title='bbox 148 1463 224 1486; x_wconf 82' lang='lat' dir='ltr'>praec.</span> 
     </span>
    </p>
   </div>
   <div class='ocr_carea' id='block_1_2' title="bbox 53 1777 210 1805">
    <p class='ocr_par' dir='ltr' id='par_1_2' title="bbox 53 1777 210 1805">
     <span class='ocr_line' id='line_1_2' title="bbox 53 1777 210 1805; baseline -0.006 -6"><span class='ocrx_word' id='word_1_4' title='bbox 53 1779 62 1788; x_wconf 88' lang='lat'>&#39;&#39;</span> <span class='ocrx_word' id='word_1_5' title='bbox 78 1777 134 1805; x_wconf 78' lang='lat' dir='ltr'>Cap.</span> <span class='ocrx_word' id='word_1_6' title='bbox 148 1783 210 1798; x_wconf 73' lang='lat' dir='ltr'>xxix.</span> 
     </span>
    </p>
   </div>
   <div class='ocr_carea' id='block_1_3' title="bbox 54 2573 266 2628">
    <p class='ocr_par' dir='ltr' id='par_1_3' title="bbox 54 2573 266 2628">
     <span class='ocr_line' id='line_1_3' title="bbox 54 2573 266 2605; baseline 0 -10"><span class='ocrx_word' id='word_1_7' title='bbox 54 2575 63 2584; x_wconf 90' lang='grc'><em>·</em></span> <span class='ocrx_word' id='word_1_8' title='bbox 79 2573 115 2595; x_wconf 75' lang='lat' dir='ltr'>Cf.</span> <span class='ocrx_word' id='word_1_9' title='bbox 133 2573 266 2605; x_wconf 68' lang='lat' dir='ltr'>Conantem.</span> 
     </span>
     <span class='ocr_line' id='line_1_4' title="bbox 54 2604 224 2628; baseline 0 -6"><span class='ocrx_word' id='word_1_10' title='bbox 54 2606 74 2622; x_wconf 88' lang='lat' dir='ltr'>c.</span> <span class='ocrx_word' id='word_1_11' title='bbox 85 2606 158 2628; x_wconf 74' lang='lat' dir='ltr'>xxxn,</span> <span class='ocrx_word' id='word_1_12' title='bbox 173 2604 224 2623; x_wconf 75' lang='lat' dir='ltr'>imi.</span> 
     </span>
    </p>
   </div>
   <div class='ocr_carea' id='block_1_4' title="bbox 300 276 370 302">
    <p class='ocr_par' dir='ltr' id='par_1_4' title="bbox 300 276 370 302">
     <span class='ocr_line' id='line_1_5' title="bbox 300 276 370 302; baseline -0.014 0"><span class='ocrx_word' id='word_1_13' title='bbox 300 276 370 302; x_wconf 90' lang='lat'>102</span> 
     </span>
    </p>
   </div>
   <div class='ocr_carea' id='block_1_5' title="bbox 861 259 1946 307">
    <p class='ocr_par' dir='ltr' id='par_1_5' title="bbox 861 259 1946 307">
     <span class='ocr_line' id='line_1_6' title="bbox 861 259 1946 307; baseline -0.002 -9"><span class='ocrx_word' id='word_1_14' title='bbox 861 261 1050 298; x_wconf 91' lang='lat' dir='ltr'>SUMMA</span> <span class='ocrx_word' id='word_1_15' title='bbox 1079 260 1304 297; x_wconf 91' lang='lat' dir='ltr'>CONTRA</span> <span class='ocrx_word' id='word_1_16' title='bbox 1333 259 1612 307; x_wconf 89' lang='lat' dir='ltr'>GENTILES,</span> <span class='ocrx_word' id='word_1_17' title='bbox 1642 260 1754 297; x_wconf 92' lang='lat' dir='ltr'>CAP.</span> <span class='ocrx_word' id='word_1_18' title='bbox 1776 260 1946 298; x_wconf 88' lang='lat' dir='ltr'>XXXIII.</span> 
     </span>
    </p>
   </div>
   <div class='ocr_carea' id='block_1_6' title="bbox 667 388 2135 447">
    <p class='ocr_par' dir='ltr' id='par_1_6' title="bbox 667 388 2135 447">
     <span class='ocr_line' id='line_1_7' title="bbox 667 388 2135 447; baseline -0.001 0"><span class='ocrx_word' id='word_1_19' title='bbox 667 389 1151 447; x_wconf 85' lang='lat' dir='ltr'>CAPITULUM</span> <span class='ocrx_word' id='word_1_20' title='bbox 1188 388 1715 446; x_wconf 76' lang='lat' dir='ltr'>TRIGESIMUM</span> <span class='ocrx_word' id='word_1_21' title='bbox 1749 388 2135 447; x_wconf 81' lang='lat' dir='ltr'>TERTIUM</span> 
     </span>
    </p>
   </div>
   <div class='ocr_carea' id='block_1_7' title="bbox 1281 489 1509 530">
    <p class='ocr_par' dir='ltr' id='par_1_7' title="bbox 1281 489 1509 530">
     <span class='ocr_line' id='line_1_8' title="bbox 1281 489 1509 530; baseline -0.004 -10"><span class='ocrx_word' id='word_1_22' title='bbox 1281 489 1392 530; x_wconf 86' lang='lat' dir='ltr'>A7v</span> <span class='ocrx_word' id='word_1_23' title='bbox 1425 489 1509 520; x_wconf 85' lang='lat' dir='ltr'>a31.</span> 
     </span>
    </p>
   </div>
   <div class='ocr_carea' id='block_1_8' title="bbox 564 562 2240 686">
    <p class='ocr_par' dir='ltr' id='par_1_8' title="bbox 564 562 2240 686">
     <span class='ocr_line' id='line_1_9' title="bbox 564 562 2240 618; baseline -0.001 -12"><span class='ocrx_word' id='word_1_24' title='bbox 564 564 758 618; x_wconf 76' lang='lat' dir='ltr'><strong>QUOD</strong></span> <span class='ocrx_word' id='word_1_25' title='bbox 801 563 944 604; x_wconf 93' lang='lat' dir='ltr'>NON</span> <span class='ocrx_word' id='word_1_26' title='bbox 989 563 1212 604; x_wconf 93' lang='lat' dir='ltr'>OMNIA</span> <span class='ocrx_word' id='word_1_27' title='bbox 1255 563 1524 604; x_wconf 90' lang='lat' dir='ltr'>NOMINA</span> <span class='ocrx_word' id='word_1_28' title='bbox 1566 562 1927 605; x_wconf 88' lang='lat' dir='ltr'>DICUNTUR</span> <span class='ocrx_word' id='word_1_29' title='bbox 1970 564 2060 605; x_wconf 91' lang='lat' dir='ltr'>DE</span> <span class='ocrx_word' id='word_1_30' title='bbox 2101 563 2240 605; x_wconf 89' lang='lat' dir='ltr'>DEO</span> 
     </span>
     <span class='ocr_line' id='line_1_10' title="bbox 870 631 1932 686; baseline 0.002 -12"><span class='ocrx_word' id='word_1_31' title='bbox 870 633 950 674; x_wconf 88' lang='lat' dir='ltr'>ET</span> <span class='ocrx_word' id='word_1_32' title='bbox 985 633 1335 677; x_wconf 87' lang='lat' dir='ltr'>CREATURIS</span> <span class='ocrx_word' id='word_1_33' title='bbox 1369 631 1535 675; x_wconf 85' lang='lat' dir='ltr'>PURE</span> <span class='ocrx_word' id='word_1_34' title='bbox 1567 632 1932 686; x_wconf 77' lang='lat' dir='ltr'>AEQUIVOCE</span> 
     </span>
    </p>
   </div>
   <div class='ocr_carea' id='block_1_9' title="bbox 293 755 1372 1772">
    <p class='ocr_par' dir='ltr' id='par_1_9' title="bbox 435 755 1371 808">
     <span class='ocr_line' id='line_1_11' title="bbox 435 755 1371 808; baseline -0.002 -13"><span class='ocrx_word' id='word_1_35' title='bbox 435 794 439 802; x_wconf 77' lang='grc'>,</span> <span class='ocrx_word' id='word_1_36' title='bbox 475 790 483 795; x_wconf 15' lang='grc' dir='ltr'>γ,</span> <span class='ocrx_word' id='word_1_37' title='bbox 505 771 529 795; x_wconf 89' lang='lat' dir='ltr'><strong>x</strong></span> <span class='ocrx_word' id='word_1_38' title='bbox 547 755 768 808; x_wconf 86' lang='lat' dir='ltr'>praemissis</span> <span class='ocrx_word' id='word_1_39' title='bbox 784 755 900 793; x_wconf 91' lang='lat' dir='ltr'>etiam</span> <span class='ocrx_word' id='word_1_40' title='bbox 919 762 1023 805; x_wconf 89' lang='lat' dir='ltr'>patet</span> <span class='ocrx_word' id='word_1_41' title='bbox 1038 755 1147 805; x_wconf 92' lang='lat' dir='ltr'>quod</span> <span class='ocrx_word' id='word_1_42' title='bbox 1161 767 1244 793; x_wconf 90' lang='lat' dir='ltr'>non</span> <span class='ocrx_word' id='word_1_43' title='bbox 1259 755 1371 806; x_wconf 90' lang='lat' dir='ltr'>quid-</span> 
     </span>
    </p>

    <p class='ocr_par' dir='ltr' id='par_1_10' title="bbox 367 807 1370 861">
     <span class='ocr_line' id='line_1_12' title="bbox 460 807 1370 861; baseline -0.001 -13.093"><span class='ocrx_word' id='word_1_44' title='bbox 460 855 468 859; x_wconf 42' lang='grc'><strong>-</strong></span> <span class='ocrx_word' id='word_1_45' title='bbox 485 812 492 829; x_wconf 91' lang='grc'>·’</span> <span class='ocrx_word' id='word_1_46' title='bbox 524 810 618 861; x_wconf 91' lang='lat' dir='ltr'>quid</span> <span class='ocrx_word' id='word_1_47' title='bbox 638 811 686 847; x_wconf 93' lang='lat' dir='ltr'>de</span> <span class='ocrx_word' id='word_1_48' title='bbox 705 810 791 847; x_wconf 92' lang='lat' dir='ltr'>Deo</span> <span class='ocrx_word' id='word_1_49' title='bbox 811 816 848 846; x_wconf 93' lang='lat' dir='ltr'>et</span> <span class='ocrx_word' id='word_1_50' title='bbox 867 808 984 846; x_wconf 87' lang='lat' dir='ltr'>rebus</span> <span class='ocrx_word' id='word_1_51' title='bbox 1007 807 1089 846; x_wconf 88' lang='lat' dir='ltr'>aliis</span> <span class='ocrx_word' id='word_1_52' title='bbox 1112 807 1370 859; x_wconf 89' lang='lat' dir='ltr'>praedicatur,</span> 
     </span>
    </p>

    <p class='ocr_par' dir='ltr' id='par_1_11' title="bbox 399 861 1371 912">
     <span class='ocr_line' id='line_1_13' title="bbox 399 861 1371 912; baseline -0.001 -10"><span class='ocrx_word' id='word_1_53' title='bbox 399 864 454 909; x_wconf 46' lang='lat'>5²2·</span> <span class='ocrx_word' id='word_1_54' title='bbox 525 863 742 902; x_wconf 92' lang='lat' dir='ltr'>secundum</span> <span class='ocrx_word' id='word_1_55' title='bbox 761 874 903 912; x_wconf 90' lang='lat' dir='ltr'>puram</span> <span class='ocrx_word' id='word_1_56' title='bbox 922 861 1289 911; x_wconf 80' lang='lat' dir='ltr'>aequivocationem</span> <span class='ocrx_word' id='word_1_57' title='bbox 1314 862 1371 901; x_wconf 89' lang='lat' dir='ltr'>di-</span> 
     </span>
    </p>

    <p class='ocr_par' dir='ltr' id='par_1_12' title="bbox 296 907 1371 1021">
     <span class='ocr_line' id='line_1_14' title="bbox 329 907 1371 965; baseline -0.002 -10"><span class='ocrx_word' id='word_1_58' title='bbox 329 916 336 929; x_wconf 88' lang='lat'><strong><em>¹</em></strong></span> <span class='ocrx_word' id='word_1_59' title='bbox 367 907 389 927; x_wconf 56' lang='lat'>&#39;³</span> <span class='ocrx_word' id='word_1_60' title='bbox 422 918 434 925; x_wconf 61' lang='lat'><strong>⁴</strong></span> <span class='ocrx_word' id='word_1_61' title='bbox 456 919 467 925; x_wconf 55' lang='lat'>⁴</span> <span class='ocrx_word' id='word_1_62' title='bbox 523 918 631 963; x_wconf 85' lang='lat' dir='ltr'>citur,</span> <span class='ocrx_word' id='word_1_63' title='bbox 662 916 760 953; x_wconf 89' lang='lat' dir='ltr'>sicut</span> <span class='ocrx_word' id='word_1_64' title='bbox 795 928 840 953; x_wconf 89' lang='lat' dir='ltr'>ea</span> <span class='ocrx_word' id='word_1_65' title='bbox 873 927 976 965; x_wconf 88' lang='lat' dir='ltr'>quae</span> <span class='ocrx_word' id='word_1_66' title='bbox 1010 923 1101 953; x_wconf 91' lang='lat' dir='ltr'>sunt</span> <span class='ocrx_word' id='word_1_67' title='bbox 1131 928 1155 953; x_wconf 88' lang='lat' dir='ltr'>a</span> <span class='ocrx_word' id='word_1_68' title='bbox 1187 928 1280 954; x_wconf 84' lang='lat' dir='ltr'>casu</span> <span class='ocrx_word' id='word_1_69' title='bbox 1308 928 1371 953; x_wconf 81' lang='lat' dir='ltr'>ae·</span> 
     </span>
     <span class='ocr_line' id='line_1_15' title="bbox 296 972 475 1021; baseline -0.011 -11"><span class='ocrx_word' id='word_1_70' title='bbox 296 972 475 1021; x_wconf 89' lang='lat' dir='ltr'>quivoca.</span> 
     </span>
    </p>

    <p class='ocr_par' dir='ltr' id='par_1_13' title="bbox 293 1021 1372 1610">
     <span class='ocr_line' id='line_1_16' title="bbox 349 1021 1372 1073; baseline -0.003 -10"><span class='ocrx_word' id='word_1_71' title='bbox 349 1026 454 1063; x_wconf 89' lang='lat' dir='ltr'>Nam</span> <span class='ocrx_word' id='word_1_72' title='bbox 473 1024 513 1061; x_wconf 90' lang='lat' dir='ltr'>in</span> <span class='ocrx_word' id='word_1_73' title='bbox 532 1023 592 1060; x_wconf 90' lang='lat' dir='ltr'>his</span> <span class='ocrx_word' id='word_1_74' title='bbox 611 1035 712 1073; x_wconf 91' lang='lat' dir='ltr'>quae</span> <span class='ocrx_word' id='word_1_75' title='bbox 732 1030 822 1060; x_wconf 90' lang='lat' dir='ltr'>sunt</span> <span class='ocrx_word' id='word_1_76' title='bbox 841 1034 864 1060; x_wconf 90' lang='lat' dir='ltr'>a</span> <span class='ocrx_word' id='word_1_77' title='bbox 883 1034 976 1060; x_wconf 91' lang='lat' dir='ltr'>casu</span> <span class='ocrx_word' id='word_1_78' title='bbox 995 1021 1226 1073; x_wconf 87' lang='lat' dir='ltr'>aequivoca,</span> <span class='ocrx_word' id='word_1_79' title='bbox 1241 1023 1372 1060; x_wconf 89' lang='lat' dir='ltr'>nullus</span> 
     </span>
     <span class='ocr_line' id='line_1_17' title="bbox 296 1075 1370 1126; baseline -0.002 -10"><span class='ocrx_word' id='word_1_80' title='bbox 296 1079 393 1116; x_wconf 94' lang='lat' dir='ltr'>ordo</span> <span class='ocrx_word' id='word_1_81' title='bbox 422 1086 488 1115; x_wconf 90' lang='lat' dir='ltr'>aut</span> <span class='ocrx_word' id='word_1_82' title='bbox 516 1084 712 1126; x_wconf 91' lang='lat' dir='ltr'>respectus</span> <span class='ocrx_word' id='word_1_83' title='bbox 741 1075 950 1116; x_wconf 90' lang='lat' dir='ltr'>attenditur</span> <span class='ocrx_word' id='word_1_84' title='bbox 977 1075 1095 1114; x_wconf 88' lang='lat' dir='ltr'>unius</span> <span class='ocrx_word' id='word_1_85' title='bbox 1119 1076 1169 1114; x_wconf 91' lang='lat' dir='ltr'>ad</span> <span class='ocrx_word' id='word_1_86' title='bbox 1192 1077 1370 1126; x_wconf 86' lang='lat' dir='ltr'>alterum,</span> 
     </span>
     <span class='ocr_line' id='line_1_18' title="bbox 295 1129 1370 1180; baseline -0.001 -11"><span class='ocrx_word' id='word_1_87' title='bbox 295 1132 362 1169; x_wconf 91' lang='lat' dir='ltr'>sed</span> <span class='ocrx_word' id='word_1_88' title='bbox 382 1131 546 1169; x_wconf 88' lang='lat' dir='ltr'>omnino</span> <span class='ocrx_word' id='word_1_89' title='bbox 575 1142 645 1180; x_wconf 91' lang='lat' dir='ltr'>per</span> <span class='ocrx_word' id='word_1_90' title='bbox 672 1129 851 1167; x_wconf 90' lang='lat' dir='ltr'>accidens</span> <span class='ocrx_word' id='word_1_91' title='bbox 871 1137 928 1167; x_wconf 91' lang='lat' dir='ltr'>est</span> <span class='ocrx_word' id='word_1_92' title='bbox 946 1130 1055 1180; x_wconf 92' lang='lat' dir='ltr'>quod</span> <span class='ocrx_word' id='word_1_93' title='bbox 1075 1142 1203 1168; x_wconf 90' lang='lat' dir='ltr'>unum</span> <span class='ocrx_word' id='word_1_94' title='bbox 1222 1142 1370 1168; x_wconf 90' lang='lat' dir='ltr'>nomen</span> 
     </span>
     <span class='ocr_line' id='line_1_19' title="bbox 295 1183 1372 1222; baseline -0.001 0"><span class='ocrx_word' id='word_1_95' title='bbox 295 1185 456 1222; x_wconf 85' lang='lat' dir='ltr'>diversis</span> <span class='ocrx_word' id='word_1_96' title='bbox 484 1184 600 1222; x_wconf 90' lang='lat' dir='ltr'>rebus</span> <span class='ocrx_word' id='word_1_97' title='bbox 629 1183 863 1221; x_wconf 83' lang='lat' dir='ltr'>attribuitur:</span> <span class='ocrx_word' id='word_1_98' title='bbox 893 1196 975 1221; x_wconf 90' lang='lat' dir='ltr'>non</span> <span class='ocrx_word' id='word_1_99' title='bbox 1004 1183 1110 1222; x_wconf 89' lang='lat' dir='ltr'>enim</span> <span class='ocrx_word' id='word_1_100' title='bbox 1131 1196 1280 1222; x_wconf 88' lang='lat' dir='ltr'>nomen</span> <span class='ocrx_word' id='word_1_101' title='bbox 1299 1183 1372 1221; x_wconf 84' lang='lat' dir='ltr'>im-</span> 
     </span>
     <span class='ocr_line' id='line_1_20' title="bbox 293 1236 1371 1289; baseline 0 -13"><span class='ocrx_word' id='word_1_102' title='bbox 293 1238 464 1289; x_wconf 89' lang='lat' dir='ltr'>positum</span> <span class='ocrx_word' id='word_1_103' title='bbox 484 1237 553 1275; x_wconf 93' lang='lat' dir='ltr'>uni</span> <span class='ocrx_word' id='word_1_104' title='bbox 573 1236 760 1286; x_wconf 89' lang='lat' dir='ltr'>significat</span> <span class='ocrx_word' id='word_1_105' title='bbox 787 1237 919 1287; x_wconf 88' lang='lat' dir='ltr'>ipsum</span> <span class='ocrx_word' id='word_1_106' title='bbox 947 1238 1092 1275; x_wconf 88' lang='lat' dir='ltr'>habere</span> <span class='ocrx_word' id='word_1_107' title='bbox 1121 1237 1301 1275; x_wconf 88' lang='lat' dir='ltr'>ordinem</span> <span class='ocrx_word' id='word_1_108' title='bbox 1321 1238 1371 1276; x_wconf 84' lang='lat' dir='ltr'>ad</span> 
     </span>
     <span class='ocr_line' id='line_1_21' title="bbox 294 1291 1371 1342; baseline 0 -13"><span class='ocrx_word' id='word_1_109' title='bbox 294 1291 409 1329; x_wconf 88' lang='lat' dir='ltr'>aliud.</span> <span class='ocrx_word' id='word_1_110' title='bbox 441 1291 504 1330; x_wconf 91' lang='lat' dir='ltr'>Sic</span> <span class='ocrx_word' id='word_1_111' title='bbox 532 1298 663 1329; x_wconf 89' lang='lat' dir='ltr'>autem</span> <span class='ocrx_word' id='word_1_112' title='bbox 691 1303 773 1329; x_wconf 92' lang='lat' dir='ltr'>non</span> <span class='ocrx_word' id='word_1_113' title='bbox 802 1299 859 1329; x_wconf 90' lang='lat' dir='ltr'>est</span> <span class='ocrx_word' id='word_1_114' title='bbox 884 1291 933 1329; x_wconf 91' lang='lat' dir='ltr'>de</span> <span class='ocrx_word' id='word_1_115' title='bbox 953 1291 1181 1330; x_wconf 89' lang='lat' dir='ltr'>nominibus</span> <span class='ocrx_word' id='word_1_116' title='bbox 1200 1302 1302 1342; x_wconf 90' lang='lat' dir='ltr'>quae</span> <span class='ocrx_word' id='word_1_117' title='bbox 1322 1292 1371 1329; x_wconf 94' lang='lat' dir='ltr'>de</span> 
     </span>
     <span class='ocr_line' id='line_1_22' title="bbox 293 1344 1371 1384; baseline 0.002 -2"><span class='ocrx_word' id='word_1_118' title='bbox 293 1347 378 1383; x_wconf 91' lang='lat' dir='ltr'>Deo</span> <span class='ocrx_word' id='word_1_119' title='bbox 407 1345 589 1383; x_wconf 91' lang='lat' dir='ltr'>dicuntur</span> <span class='ocrx_word' id='word_1_120' title='bbox 615 1352 652 1383; x_wconf 91' lang='lat' dir='ltr'>et</span> <span class='ocrx_word' id='word_1_121' title='bbox 680 1344 875 1383; x_wconf 86' lang='lat' dir='ltr'>creaturis.</span> <span class='ocrx_word' id='word_1_122' title='bbox 907 1345 1187 1384; x_wconf 84' lang='lat' dir='ltr'>Consideratur</span> <span class='ocrx_word' id='word_1_123' title='bbox 1205 1345 1312 1384; x_wconf 88' lang='lat' dir='ltr'>enim</span> <span class='ocrx_word' id='word_1_124' title='bbox 1331 1345 1371 1384; x_wconf 89' lang='lat' dir='ltr'>in</span> 
     </span>
     <span class='ocr_line' id='line_1_23' title="bbox 293 1399 1371 1438; baseline 0.001 -2"><span class='ocrx_word' id='word_1_125' title='bbox 293 1399 520 1436; x_wconf 90' lang='lat' dir='ltr'>huiusmodi</span> <span class='ocrx_word' id='word_1_126' title='bbox 548 1399 760 1437; x_wconf 89' lang='lat' dir='ltr'>nominum</span> <span class='ocrx_word' id='word_1_127' title='bbox 787 1399 1070 1438; x_wconf 89' lang='lat' dir='ltr'>communitate</span> <span class='ocrx_word' id='word_1_128' title='bbox 1098 1400 1198 1438; x_wconf 94' lang='lat' dir='ltr'>ordo</span> <span class='ocrx_word' id='word_1_129' title='bbox 1230 1412 1371 1438; x_wconf 86' lang='lat' dir='ltr'>causae</span> 
     </span>
     <span class='ocr_line' id='line_1_24' title="bbox 294 1452 1367 1503; baseline 0.002 -13"><span class='ocrx_word' id='word_1_130' title='bbox 294 1461 330 1490; x_wconf 92' lang='lat' dir='ltr'>et</span> <span class='ocrx_word' id='word_1_131' title='bbox 348 1452 506 1500; x_wconf 86' lang='lat' dir='ltr'>causati,</span> <span class='ocrx_word' id='word_1_132' title='bbox 527 1460 570 1490; x_wconf 88' lang='lat' dir='ltr'>ut</span> <span class='ocrx_word' id='word_1_133' title='bbox 595 1465 643 1490; x_wconf 90' lang='lat' dir='ltr'>ex</span> <span class='ocrx_word' id='word_1_134' title='bbox 661 1452 771 1490; x_wconf 89' lang='lat' dir='ltr'>dictis</span> <span class='ocrx_word' id='word_1_135' title='bbox 784 1453 805 1475; x_wconf 82' lang='grc'>*</span> <span class='ocrx_word' id='word_1_136' title='bbox 822 1461 938 1503; x_wconf 82' lang='lat' dir='ltr'>patet.</span> <span class='ocrx_word' id='word_1_137' title='bbox 968 1454 1063 1491; x_wconf 92' lang='lat' dir='ltr'>Non</span> <span class='ocrx_word' id='word_1_138' title='bbox 1091 1453 1206 1502; x_wconf 82' lang='lat' dir='ltr'>igitur</span> <span class='ocrx_word' id='word_1_139' title='bbox 1233 1465 1367 1492; x_wconf 86' lang='lat' dir='ltr'>secun·</span> 
     </span>
     <span class='ocr_line' id='line_1_25' title="bbox 293 1506 1371 1558; baseline 0.002 -15"><span class='ocrx_word' id='word_1_140' title='bbox 293 1507 389 1544; x_wconf 91' lang='lat' dir='ltr'>dum</span> <span class='ocrx_word' id='word_1_141' title='bbox 418 1519 558 1557; x_wconf 89' lang='lat' dir='ltr'>puram</span> <span class='ocrx_word' id='word_1_142' title='bbox 587 1506 955 1556; x_wconf 84' lang='lat' dir='ltr'>aequivocationem</span> <span class='ocrx_word' id='word_1_143' title='bbox 983 1507 1131 1558; x_wconf 90' lang='lat' dir='ltr'>aliquid</span> <span class='ocrx_word' id='word_1_144' title='bbox 1155 1507 1204 1545; x_wconf 93' lang='lat' dir='ltr'>de</span> <span class='ocrx_word' id='word_1_145' title='bbox 1228 1508 1315 1545; x_wconf 89' lang='lat' dir='ltr'>Deo</span> <span class='ocrx_word' id='word_1_146' title='bbox 1334 1515 1371 1545; x_wconf 91' lang='lat' dir='ltr'>et</span> 
     </span>
     <span class='ocr_line' id='line_1_26' title="bbox 293 1559 802 1610; baseline 0.002 -13"><span class='ocrx_word' id='word_1_147' title='bbox 293 1560 409 1598; x_wconf 89' lang='lat' dir='ltr'>rebus</span> <span class='ocrx_word' id='word_1_148' title='bbox 437 1559 518 1598; x_wconf 90' lang='lat' dir='ltr'>aliis</span> <span class='ocrx_word' id='word_1_149' title='bbox 546 1559 802 1610; x_wconf 89' lang='lat' dir='ltr'>praedicatur.</span> 
     </span>
    </p>

    <p class='ocr_par' dir='ltr' id='par_1_14' title="bbox 293 1613 1371 1772">
     <span class='ocr_line' id='line_1_27' title="bbox 345 1613 1371 1665; baseline 0.002 -14"><span class='ocrx_word' id='word_1_150' title='bbox 345 1614 536 1663; x_wconf 88' lang='lat' dir='ltr'>Amplius.</span> <span class='ocrx_word' id='word_1_151' title='bbox 567 1613 643 1652; x_wconf 86' lang='lat' dir='ltr'>Ubi</span> <span class='ocrx_word' id='word_1_152' title='bbox 671 1622 727 1651; x_wconf 92' lang='lat' dir='ltr'>est</span> <span class='ocrx_word' id='word_1_153' title='bbox 755 1625 855 1664; x_wconf 91' lang='lat' dir='ltr'>pura</span> <span class='ocrx_word' id='word_1_154' title='bbox 882 1613 1167 1665; x_wconf 82' lang='lat' dir='ltr'>aequivocatio,</span> <span class='ocrx_word' id='word_1_155' title='bbox 1187 1616 1295 1653; x_wconf 89' lang='lat' dir='ltr'>nulla</span> <span class='ocrx_word' id='word_1_156' title='bbox 1323 1614 1371 1653; x_wconf 89' lang='lat' dir='ltr'>si-</span> 
     </span>
     <span class='ocr_line' id='line_1_28' title="bbox 293 1666 1370 1716; baseline 0.002 -12"><span class='ocrx_word' id='word_1_157' title='bbox 293 1666 471 1706; x_wconf 88' lang='lat' dir='ltr'>militudo</span> <span class='ocrx_word' id='word_1_158' title='bbox 490 1667 529 1705; x_wconf 91' lang='lat' dir='ltr'>in</span> <span class='ocrx_word' id='word_1_159' title='bbox 550 1668 667 1705; x_wconf 92' lang='lat' dir='ltr'>rebus</span> <span class='ocrx_word' id='word_1_160' title='bbox 686 1667 906 1716; x_wconf 82' lang='lat' dir='ltr'>attenditur,</span> <span class='ocrx_word' id='word_1_161' title='bbox 921 1668 991 1707; x_wconf 90' lang='lat' dir='ltr'>sed</span> <span class='ocrx_word' id='word_1_162' title='bbox 1005 1670 1135 1707; x_wconf 82' lang='lat' dir='ltr'>solum</span> <span class='ocrx_word' id='word_1_163' title='bbox 1154 1668 1283 1707; x_wconf 87' lang='lat' dir='ltr'>unitas</span> <span class='ocrx_word' id='word_1_164' title='bbox 1300 1681 1370 1706; x_wconf 92' lang='lat' dir='ltr'>no-</span> 
     </span>
     <span class='ocr_line' id='line_1_29' title="bbox 293 1721 1371 1772; baseline 0.002 -14"><span class='ocrx_word' id='word_1_165' title='bbox 293 1721 419 1758; x_wconf 89' lang='lat' dir='ltr'>minis.</span> <span class='ocrx_word' id='word_1_166' title='bbox 446 1723 594 1760; x_wconf 84' lang='lat' dir='ltr'>Rerum</span> <span class='ocrx_word' id='word_1_167' title='bbox 619 1729 752 1759; x_wconf 80' lang='lat' dir='ltr'>autem</span> <span class='ocrx_word' id='word_1_168' title='bbox 771 1722 821 1760; x_wconf 87' lang='lat' dir='ltr'>ad</span> <span class='ocrx_word' id='word_1_169' title='bbox 841 1723 974 1760; x_wconf 90' lang='lat' dir='ltr'>Deum</span> <span class='ocrx_word' id='word_1_170' title='bbox 993 1730 1050 1760; x_wconf 91' lang='lat' dir='ltr'>est</span> <span class='ocrx_word' id='word_1_171' title='bbox 1068 1722 1207 1772; x_wconf 89' lang='lat' dir='ltr'>aliquis</span> <span class='ocrx_word' id='word_1_172' title='bbox 1225 1723 1371 1760; x_wconf 91' lang='lat' dir='ltr'>modus</span> 
     </span>
    </p>
   </div>
   <div class='ocr_carea' id='block_1_10' title="bbox 298 761 504 963">
    <p class='ocr_par' dir='ltr' id='par_1_15' title="bbox 298 761 504 963">
     <span class='ocr_line' id='line_1_30' title="bbox 298 761 504 963; baseline 0 3171"><span class='ocrx_word' id='word_1_173' title='bbox 298 761 504 963; x_wconf 95' lang='lat' dir='ltr'> </span> 
     </span>
    </p>
   </div>
   <div class='ocr_carea' id='block_1_11' title="bbox 293 1774 1412 1827">
    <p class='ocr_par' dir='ltr' id='par_1_16' title="bbox 293 1774 1412 1827">
     <span class='ocr_line' id='line_1_31' title="bbox 293 1774 1412 1827; baseline 0.002 -15"><span class='ocrx_word' id='word_1_174' title='bbox 293 1774 562 1822; x_wconf 84' lang='lat' dir='ltr'>similitudinis,</span> <span class='ocrx_word' id='word_1_175' title='bbox 591 1782 634 1812; x_wconf 88' lang='lat' dir='ltr'>ut</span> <span class='ocrx_word' id='word_1_176' title='bbox 670 1788 718 1813; x_wconf 86' lang='lat' dir='ltr'>ex</span> <span class='ocrx_word' id='word_1_177' title='bbox 755 1788 874 1827; x_wconf 88' lang='lat' dir='ltr'>supra</span> <span class='ocrx_word' id='word_1_178' title='bbox 892 1775 913 1798; x_wconf 84' lang='grc'>*</span> <span class='ocrx_word' id='word_1_179' title='bbox 940 1775 1051 1814; x_wconf 88' lang='lat' dir='ltr'>dictis</span> <span class='ocrx_word' id='word_1_180' title='bbox 1085 1783 1201 1826; x_wconf 86' lang='lat' dir='ltr'>patet.</span> <span class='ocrx_word' id='word_1_181' title='bbox 1240 1776 1370 1814; x_wconf 91' lang='lat' dir='ltr'>Relin-</span> <span class='ocrx_word' id='word_1_182' title='bbox 1398 1796 1412 1810; x_wconf 85' lang='grc' dir='ltr'><strong>ο</strong></span> 
     </span>
    </p>
   </div>
   <div class='ocr_carea' id='block_1_12' title="bbox 291 1828 1371 2042">
    <p class='ocr_par' dir='ltr' id='par_1_17' title="bbox 292 1828 1370 1933">
     <span class='ocr_line' id='line_1_32' title="bbox 293 1828 1370 1879; baseline 0.002 -13"><span class='ocrx_word' id='word_1_183' title='bbox 293 1828 425 1878; x_wconf 90' lang='lat' dir='ltr'>quitur</span> <span class='ocrx_word' id='word_1_184' title='bbox 439 1828 552 1878; x_wconf 88' lang='lat' dir='ltr'>igitur</span> <span class='ocrx_word' id='word_1_185' title='bbox 565 1829 674 1879; x_wconf 90' lang='lat' dir='ltr'>quod</span> <span class='ocrx_word' id='word_1_186' title='bbox 689 1841 771 1867; x_wconf 92' lang='lat' dir='ltr'>non</span> <span class='ocrx_word' id='word_1_187' title='bbox 786 1829 971 1868; x_wconf 89' lang='lat' dir='ltr'>dicuntur</span> <span class='ocrx_word' id='word_1_188' title='bbox 983 1829 1032 1867; x_wconf 92' lang='lat' dir='ltr'>de</span> <span class='ocrx_word' id='word_1_189' title='bbox 1047 1830 1134 1868; x_wconf 93' lang='lat' dir='ltr'>Deo</span> <span class='ocrx_word' id='word_1_190' title='bbox 1149 1830 1370 1868; x_wconf 90' lang='lat' dir='ltr'>secundum</span> 
     </span>
     <span class='ocr_line' id='line_1_33' title="bbox 292 1883 840 1933; baseline 0.004 -13"><span class='ocrx_word' id='word_1_191' title='bbox 292 1895 434 1932; x_wconf 90' lang='lat' dir='ltr'>puram</span> <span class='ocrx_word' id='word_1_192' title='bbox 463 1883 840 1933; x_wconf 86' lang='lat' dir='ltr'>aequivocationem.</span> 
     </span>
    </p>

    <p class='ocr_par' dir='ltr' id='par_1_18' title="bbox 291 1936 1371 2042">
     <span class='ocr_line' id='line_1_34' title="bbox 346 1936 1370 1988; baseline 0.001 -14"><span class='ocrx_word' id='word_1_193' title='bbox 346 1937 452 1974; x_wconf 91' lang='lat' dir='ltr'>Item.</span> <span class='ocrx_word' id='word_1_194' title='bbox 483 1937 656 1984; x_wconf 83' lang='lat' dir='ltr'>Quando</span> <span class='ocrx_word' id='word_1_195' title='bbox 685 1949 812 1976; x_wconf 91' lang='lat' dir='ltr'>unum</span> <span class='ocrx_word' id='word_1_196' title='bbox 849 1938 899 1976; x_wconf 90' lang='lat' dir='ltr'>de</span> <span class='ocrx_word' id='word_1_197' title='bbox 934 1936 1113 1988; x_wconf 89' lang='lat' dir='ltr'>pluribus</span> <span class='ocrx_word' id='word_1_198' title='bbox 1150 1937 1370 1975; x_wconf 87' lang='lat' dir='ltr'>secundum</span> 
     </span>
     <span class='ocr_line' id='line_1_35' title="bbox 291 1990 1371 2042; baseline 0.001 -15"><span class='ocrx_word' id='word_1_199' title='bbox 291 2002 432 2039; x_wconf 90' lang='lat' dir='ltr'>puram</span> <span class='ocrx_word' id='word_1_200' title='bbox 461 1990 824 2040; x_wconf 87' lang='lat' dir='ltr'>aequivocationem</span> <span class='ocrx_word' id='word_1_201' title='bbox 851 1991 1109 2042; x_wconf 86' lang='lat' dir='ltr'>praedicatur,</span> <span class='ocrx_word' id='word_1_202' title='bbox 1129 2003 1178 2029; x_wconf 86' lang='lat' dir='ltr'>ex</span> <span class='ocrx_word' id='word_1_203' title='bbox 1203 2003 1285 2029; x_wconf 92' lang='lat' dir='ltr'>uno</span> <span class='ocrx_word' id='word_1_204' title='bbox 1306 2003 1371 2029; x_wconf 92' lang='lat' dir='ltr'>eo-</span> 
     </span>
    </p>
   </div>
   <div class='ocr_carea' id='block_1_13' title="bbox 1426 754 2510 1234">
    <p class='ocr_par' dir='ltr' id='par_1_19' title="bbox 1426 754 2507 954">
     <span class='ocr_line' id='line_1_36' title="bbox 1427 754 2506 806; baseline 0.002 -14"><span class='ocrx_word' id='word_1_205' title='bbox 1427 755 1544 793; x_wconf 91' lang='lat' dir='ltr'>rebus</span> <span class='ocrx_word' id='word_1_206' title='bbox 1564 754 1646 792; x_wconf 90' lang='lat' dir='ltr'>aliis</span> <span class='ocrx_word' id='word_1_207' title='bbox 1665 754 1919 792; x_wconf 87' lang='lat' dir='ltr'>inveniuntur</span> <span class='ocrx_word' id='word_1_208' title='bbox 1936 754 1977 792; x_wconf 84' lang='lat' dir='ltr'>in</span> <span class='ocrx_word' id='word_1_209' title='bbox 1996 755 2225 795; x_wconf 77' lang='lat' dir='ltr'>divinorum</span> <span class='ocrx_word' id='word_1_210' title='bbox 2243 756 2506 806; x_wconf 80' lang='lat' dir='ltr'>cognitionem</span> 
     </span>
     <span class='ocr_line' id='line_1_37' title="bbox 1426 807 2507 860; baseline 0.002 -14"><span class='ocrx_word' id='word_1_211' title='bbox 1426 808 1692 859; x_wconf 87' lang='lat' dir='ltr'>pervenimus,</span> <span class='ocrx_word' id='word_1_212' title='bbox 1717 815 1761 845; x_wconf 93' lang='lat' dir='ltr'>ut</span> <span class='ocrx_word' id='word_1_213' title='bbox 1789 821 1836 846; x_wconf 87' lang='lat' dir='ltr'>ex</span> <span class='ocrx_word' id='word_1_214' title='bbox 1864 807 1974 846; x_wconf 86' lang='lat' dir='ltr'>dietis</span> <span class='ocrx_word' id='word_1_215' title='bbox 1991 807 2015 830; x_wconf 80' lang='lat'>&#39;¹‘</span> <span class='ocrx_word' id='word_1_216' title='bbox 2040 816 2155 860; x_wconf 89' lang='lat' dir='ltr'>patet.</span> <span class='ocrx_word' id='word_1_217' title='bbox 2185 810 2281 848; x_wconf 90' lang='lat' dir='ltr'>Non</span> <span class='ocrx_word' id='word_1_218' title='bbox 2308 810 2423 860; x_wconf 87' lang='lat' dir='ltr'>igitur</span> <span class='ocrx_word' id='word_1_219' title='bbox 2449 822 2507 848; x_wconf 91' lang='lat' dir='ltr'>sc-</span> 
     </span>
     <span class='ocr_line' id='line_1_38' title="bbox 1427 861 2507 912; baseline 0.003 -12"><span class='ocrx_word' id='word_1_220' title='bbox 1427 862 1605 900; x_wconf 87' lang='lat' dir='ltr'>cundum</span> <span class='ocrx_word' id='word_1_221' title='bbox 1641 874 1785 912; x_wconf 89' lang='lat' dir='ltr'>puram</span> <span class='ocrx_word' id='word_1_222' title='bbox 1819 861 2187 911; x_wconf 85' lang='lat' dir='ltr'>aequivocationem</span> <span class='ocrx_word' id='word_1_223' title='bbox 2223 863 2407 902; x_wconf 89' lang='lat' dir='ltr'>dicuntur</span> <span class='ocrx_word' id='word_1_224' title='bbox 2433 864 2507 902; x_wconf 84' lang='lat' dir='ltr'>hu-</span> 
     </span>
     <span class='ocr_line' id='line_1_39' title="bbox 1427 915 2129 954; baseline 0 -1"><span class='ocrx_word' id='word_1_225' title='bbox 1427 915 1600 954; x_wconf 89' lang='lat' dir='ltr'>iusmodi</span> <span class='ocrx_word' id='word_1_226' title='bbox 1628 916 1678 954; x_wconf 89' lang='lat' dir='ltr'>de</span> <span class='ocrx_word' id='word_1_227' title='bbox 1706 915 1793 953; x_wconf 92' lang='lat' dir='ltr'>Deo</span> <span class='ocrx_word' id='word_1_228' title='bbox 1822 922 1860 953; x_wconf 90' lang='lat' dir='ltr'>et</span> <span class='ocrx_word' id='word_1_229' title='bbox 1887 915 1970 953; x_wconf 87' lang='lat' dir='ltr'>aliis</span> <span class='ocrx_word' id='word_1_230' title='bbox 1998 915 2129 954; x_wconf 89' lang='lat' dir='ltr'>rebus.</span> 
     </span>
    </p>

    <p class='ocr_par' dir='ltr' id='par_1_20' title="bbox 1426 968 2510 1234">
     <span class='ocr_line' id='line_1_40' title="bbox 1481 968 2509 1019; baseline 0.003 -13"><span class='ocrx_word' id='word_1_231' title='bbox 1481 969 1635 1007; x_wconf 88' lang='lat' dir='ltr'>Adhuc.</span> <span class='ocrx_word' id='word_1_232' title='bbox 1665 968 1950 1019; x_wconf 85' lang='lat' dir='ltr'>Aequivocatio</span> <span class='ocrx_word' id='word_1_233' title='bbox 1981 969 2154 1006; x_wconf 89' lang='lat' dir='ltr'>nominis</span> <span class='ocrx_word' id='word_1_234' title='bbox 2190 973 2421 1019; x_wconf 77' lang='lat' dir='ltr'>processum</span> <span class='ocrx_word' id='word_1_235' title='bbox 2448 982 2509 1008; x_wconf 85' lang='lat' dir='ltr'>ar-</span> 
     </span>
     <span class='ocr_line' id='line_1_41' title="bbox 1426 1021 2510 1072; baseline 0.002 -12"><span class='ocrx_word' id='word_1_236' title='bbox 1426 1022 1728 1071; x_wconf 88' lang='lat' dir='ltr'>gumentationis</span> <span class='ocrx_word' id='word_1_237' title='bbox 1756 1021 1930 1072; x_wconf 90' lang='lat' dir='ltr'>impedit.</span> <span class='ocrx_word' id='word_1_238' title='bbox 1971 1022 2012 1061; x_wconf 89' lang='lat' dir='ltr'>Si</span> <span class='ocrx_word' id='word_1_239' title='bbox 2044 1021 2159 1072; x_wconf 87' lang='lat' dir='ltr'>igitur</span> <span class='ocrx_word' id='word_1_240' title='bbox 2189 1022 2287 1060; x_wconf 90' lang='lat' dir='ltr'>nihil</span> <span class='ocrx_word' id='word_1_241' title='bbox 2317 1022 2510 1062; x_wconf 86' lang='lat' dir='ltr'>diceretur</span> 
     </span>
     <span class='ocr_line' id='line_1_42' title="bbox 1427 1075 2510 1127; baseline 0.001 -13"><span class='ocrx_word' id='word_1_242' title='bbox 1427 1076 1476 1114; x_wconf 94' lang='lat' dir='ltr'>de</span> <span class='ocrx_word' id='word_1_243' title='bbox 1505 1077 1591 1114; x_wconf 91' lang='lat' dir='ltr'>Deo</span> <span class='ocrx_word' id='word_1_244' title='bbox 1620 1084 1658 1114; x_wconf 91' lang='lat' dir='ltr'>et</span> <span class='ocrx_word' id='word_1_245' title='bbox 1685 1075 1868 1114; x_wconf 88' lang='lat' dir='ltr'>creaturis</span> <span class='ocrx_word' id='word_1_246' title='bbox 1906 1075 1980 1114; x_wconf 91' lang='lat' dir='ltr'>nisi</span> <span class='ocrx_word' id='word_1_247' title='bbox 2011 1089 2110 1127; x_wconf 91' lang='lat' dir='ltr'>pure</span> <span class='ocrx_word' id='word_1_248' title='bbox 2146 1075 2375 1127; x_wconf 88' lang='lat' dir='ltr'>aequivoce,</span> <span class='ocrx_word' id='word_1_249' title='bbox 2402 1078 2510 1116; x_wconf 78' lang='lat' dir='ltr'>nulla</span> 
     </span>
     <span class='ocr_line' id='line_1_43' title="bbox 1427 1129 2510 1180; baseline 0.003 -13"><span class='ocrx_word' id='word_1_250' title='bbox 1427 1129 1711 1179; x_wconf 69' lang='lat' dir='ltr'>argumentatio</span> <span class='ocrx_word' id='word_1_251' title='bbox 1730 1129 1815 1167; x_wconf 87' lang='lat' dir='ltr'>fieri</span> <span class='ocrx_word' id='word_1_252' title='bbox 1833 1138 1965 1180; x_wconf 91' lang='lat' dir='ltr'>posset</span> <span class='ocrx_word' id='word_1_253' title='bbox 1982 1129 2236 1180; x_wconf 91' lang='lat' dir='ltr'>procedendo</span> <span class='ocrx_word' id='word_1_254' title='bbox 2255 1129 2305 1169; x_wconf 91' lang='lat' dir='ltr'>de</span> <span class='ocrx_word' id='word_1_255' title='bbox 2324 1130 2510 1170; x_wconf 88' lang='lat' dir='ltr'>creaturis</span> 
     </span>
     <span class='ocr_line' id='line_1_44' title="bbox 1427 1183 2510 1234; baseline 0.005 -13"><span class='ocrx_word' id='word_1_256' title='bbox 1427 1184 1477 1222; x_wconf 82' lang='lat' dir='ltr'>ad</span> <span class='ocrx_word' id='word_1_257' title='bbox 1505 1184 1649 1222; x_wconf 90' lang='lat' dir='ltr'>Deum.</span> <span class='ocrx_word' id='word_1_258' title='bbox 1680 1183 1805 1221; x_wconf 91' lang='lat' dir='ltr'>Cuius</span> <span class='ocrx_word' id='word_1_259' title='bbox 1833 1183 2074 1222; x_wconf 79' lang='lat' dir='ltr'>contrarium</span> <span class='ocrx_word' id='word_1_260' title='bbox 2107 1191 2212 1234; x_wconf 88' lang='lat' dir='ltr'>patet</span> <span class='ocrx_word' id='word_1_261' title='bbox 2239 1197 2288 1223; x_wconf 87' lang='lat' dir='ltr'>ex</span> <span class='ocrx_word' id='word_1_262' title='bbox 2322 1183 2510 1225; x_wconf 81' lang='lat' dir='ltr'>omnibus</span> 
     </span>
    </p>
   </div>
   <div class='ocr_carea' id='block_1_14' title="bbox 1387 1236 1939 1287">
    <p class='ocr_par' dir='ltr' id='par_1_21' title="bbox 1387 1236 1939 1287">
     <span class='ocr_line' id='line_1_45' title="bbox 1387 1236 1939 1287; baseline -0.002 -12"><span class='ocrx_word' id='word_1_263' title='bbox 1387 1259 1413 1274; x_wconf 77' lang='grc' dir='ltr'><strong>ω</strong></span> <span class='ocrx_word' id='word_1_264' title='bbox 1427 1237 1679 1287; x_wconf 90' lang='lat' dir='ltr'>loquentibus</span> <span class='ocrx_word' id='word_1_265' title='bbox 1707 1237 1756 1275; x_wconf 92' lang='lat' dir='ltr'>de</span> <span class='ocrx_word' id='word_1_266' title='bbox 1784 1236 1939 1275; x_wconf 89' lang='lat' dir='ltr'>divinis.</span> 
     </span>
    </p>
   </div>
   <div class='ocr_carea' id='block_1_15' title="bbox 1425 1290 2511 1504">
    <p class='ocr_par' dir='ltr' id='par_1_22' title="bbox 1425 1290 2511 1504">
     <span class='ocr_line' id='line_1_46' title="bbox 1481 1290 2510 1344; baseline 0.003 -16"><span class='ocrx_word' id='word_1_267' title='bbox 1481 1291 1673 1342; x_wconf 91' lang='lat' dir='ltr'>Amplius.</span> <span class='ocrx_word' id='word_1_268' title='bbox 1713 1291 1872 1329; x_wconf 87' lang='lat' dir='ltr'>Frustra</span> <span class='ocrx_word' id='word_1_269' title='bbox 1909 1290 2070 1342; x_wconf 85' lang='lat' dir='ltr'>aliquod</span> <span class='ocrx_word' id='word_1_270' title='bbox 2106 1303 2255 1330; x_wconf 90' lang='lat' dir='ltr'>nomen</span> <span class='ocrx_word' id='word_1_271' title='bbox 2290 1290 2340 1329; x_wconf 92' lang='lat' dir='ltr'>de</span> <span class='ocrx_word' id='word_1_272' title='bbox 2375 1292 2510 1344; x_wconf 81' lang='lat' dir='ltr'>aliquo</span> 
     </span>
     <span class='ocr_line' id='line_1_47' title="bbox 1425 1342 2509 1396; baseline 0.003 -14"><span class='ocrx_word' id='word_1_273' title='bbox 1425 1345 1672 1396; x_wconf 87' lang='lat' dir='ltr'>praedicatur</span> <span class='ocrx_word' id='word_1_274' title='bbox 1699 1344 1773 1383; x_wconf 88' lang='lat' dir='ltr'>nisi</span> <span class='ocrx_word' id='word_1_275' title='bbox 1801 1357 1872 1396; x_wconf 89' lang='lat' dir='ltr'>per</span> <span class='ocrx_word' id='word_1_276' title='bbox 1899 1342 1996 1383; x_wconf 89' lang='lat' dir='ltr'>illud</span> <span class='ocrx_word' id='word_1_277' title='bbox 2023 1357 2172 1384; x_wconf 89' lang='lat' dir='ltr'>nomen</span> <span class='ocrx_word' id='word_1_278' title='bbox 2207 1344 2354 1396; x_wconf 87' lang='lat' dir='ltr'>aliquid</span> <span class='ocrx_word' id='word_1_279' title='bbox 2382 1346 2431 1384; x_wconf 92' lang='lat' dir='ltr'>de</span> <span class='ocrx_word' id='word_1_280' title='bbox 2458 1358 2509 1385; x_wconf 89' lang='lat' dir='ltr'>eo</span> 
     </span>
     <span class='ocr_line' id='line_1_48' title="bbox 1426 1397 2510 1448; baseline 0.003 -12"><span class='ocrx_word' id='word_1_281' title='bbox 1426 1398 1698 1448; x_wconf 82' lang='lat' dir='ltr'>intelligamus.</span> <span class='ocrx_word' id='word_1_282' title='bbox 1729 1398 1807 1438; x_wconf 87' lang='lat' dir='ltr'>Sed</span> <span class='ocrx_word' id='word_1_283' title='bbox 1835 1398 1868 1436; x_wconf 89' lang='lat' dir='ltr'>si</span> <span class='ocrx_word' id='word_1_284' title='bbox 1895 1398 2060 1437; x_wconf 89' lang='lat' dir='ltr'>nomina</span> <span class='ocrx_word' id='word_1_285' title='bbox 2086 1397 2271 1438; x_wconf 87' lang='lat' dir='ltr'>dicuntur</span> <span class='ocrx_word' id='word_1_286' title='bbox 2289 1399 2339 1438; x_wconf 91' lang='lat' dir='ltr'>de</span> <span class='ocrx_word' id='word_1_287' title='bbox 2357 1399 2445 1438; x_wconf 91' lang='lat' dir='ltr'>Deo</span> <span class='ocrx_word' id='word_1_288' title='bbox 2471 1406 2510 1439; x_wconf 89' lang='lat' dir='ltr'>et</span> 
     </span>
     <span class='ocr_line' id='line_1_49' title="bbox 1426 1452 2511 1504; baseline 0.003 -14"><span class='ocrx_word' id='word_1_289' title='bbox 1426 1452 1611 1491; x_wconf 80' lang='lat' dir='ltr'>creaturis</span> <span class='ocrx_word' id='word_1_290' title='bbox 1630 1452 1797 1491; x_wconf 90' lang='lat' dir='ltr'>omnino</span> <span class='ocrx_word' id='word_1_291' title='bbox 1815 1452 2044 1503; x_wconf 87' lang='lat' dir='ltr'>aequivoce,</span> <span class='ocrx_word' id='word_1_292' title='bbox 2059 1452 2157 1491; x_wconf 89' lang='lat' dir='ltr'>nihil</span> <span class='ocrx_word' id='word_1_293' title='bbox 2173 1465 2246 1504; x_wconf 86' lang='lat' dir='ltr'>per</span> <span class='ocrx_word' id='word_1_294' title='bbox 2263 1453 2328 1492; x_wconf 86' lang='lat' dir='ltr'>illa</span> <span class='ocrx_word' id='word_1_295' title='bbox 2345 1453 2511 1493; x_wconf 83' lang='lat' dir='ltr'>nomina</span> 
     </span>
    </p>
   </div>
   <div class='ocr_carea' id='block_1_16' title="bbox 1386 1506 2510 1556">
    <p class='ocr_par' dir='ltr' id='par_1_23' title="bbox 1386 1506 2510 1556">
     <span class='ocr_line' id='line_1_50' title="bbox 1386 1506 2510 1556; baseline 0.002 -12"><span class='ocrx_word' id='word_1_296' title='bbox 1386 1527 1410 1549; x_wconf 66' lang='grc' dir='ltr'>ις</span> <span class='ocrx_word' id='word_1_297' title='bbox 1426 1506 1475 1544; x_wconf 91' lang='lat' dir='ltr'>de</span> <span class='ocrx_word' id='word_1_298' title='bbox 1494 1507 1582 1544; x_wconf 91' lang='lat' dir='ltr'>Deo</span> <span class='ocrx_word' id='word_1_299' title='bbox 1605 1506 1871 1556; x_wconf 78' lang='lat' dir='ltr'>intelligimus:</span> <span class='ocrx_word' id='word_1_300' title='bbox 1901 1518 1995 1544; x_wconf 88' lang='lat' dir='ltr'>cum</span> <span class='ocrx_word' id='word_1_301' title='bbox 2023 1506 2324 1556; x_wconf 88' lang='lat' dir='ltr'>significationes</span> <span class='ocrx_word' id='word_1_302' title='bbox 2352 1507 2510 1546; x_wconf 74' lang='lat' dir='ltr'>illorum</span> 
     </span>
    </p>
   </div>
   <div class='ocr_carea' id='block_1_17' title="bbox 1425 1559 2511 2040">
    <p class='ocr_par' dir='ltr' id='par_1_24' title="bbox 1425 1559 2511 1772">
     <span class='ocr_line' id='line_1_51' title="bbox 1426 1559 2509 1613; baseline 0.002 -15"><span class='ocrx_word' id='word_1_303' title='bbox 1426 1559 1638 1598; x_wconf 89' lang='lat' dir='ltr'>nominum</span> <span class='ocrx_word' id='word_1_304' title='bbox 1657 1567 1772 1598; x_wconf 89' lang='lat' dir='ltr'>notae</span> <span class='ocrx_word' id='word_1_305' title='bbox 1787 1560 1864 1598; x_wconf 92' lang='lat' dir='ltr'>sint</span> <span class='ocrx_word' id='word_1_306' title='bbox 1876 1560 1991 1598; x_wconf 92' lang='lat' dir='ltr'>nobis</span> <span class='ocrx_word' id='word_1_307' title='bbox 2009 1562 2140 1599; x_wconf 86' lang='lat' dir='ltr'>solum</span> <span class='ocrx_word' id='word_1_308' title='bbox 2159 1561 2381 1599; x_wconf 90' lang='lat' dir='ltr'>secundum</span> <span class='ocrx_word' id='word_1_309' title='bbox 2399 1560 2509 1613; x_wconf 83' lang='lat' dir='ltr'>quod</span> 
     </span>
     <span class='ocr_line' id='line_1_52' title="bbox 1425 1612 2511 1664; baseline 0.001 -12"><span class='ocrx_word' id='word_1_310' title='bbox 1425 1613 1475 1652; x_wconf 91' lang='lat' dir='ltr'>de</span> <span class='ocrx_word' id='word_1_311' title='bbox 1495 1613 1680 1653; x_wconf 87' lang='lat' dir='ltr'>creaturis</span> <span class='ocrx_word' id='word_1_312' title='bbox 1698 1612 1892 1653; x_wconf 91' lang='lat' dir='ltr'>dicuntur.</span> <span class='ocrx_word' id='word_1_313' title='bbox 1922 1614 2081 1653; x_wconf 86' lang='lat' dir='ltr'>Frustra</span> <span class='ocrx_word' id='word_1_314' title='bbox 2099 1613 2214 1664; x_wconf 89' lang='lat' dir='ltr'>igitur</span> <span class='ocrx_word' id='word_1_315' title='bbox 2231 1614 2424 1654; x_wconf 84' lang='lat' dir='ltr'>diceretur</span> <span class='ocrx_word' id='word_1_316' title='bbox 2441 1622 2511 1654; x_wconf 86' lang='lat' dir='ltr'>aut</span> 
     </span>
     <span class='ocr_line' id='line_1_53' title="bbox 1426 1667 2509 1719; baseline 0.002 -13"><span class='ocrx_word' id='word_1_317' title='bbox 1426 1667 1659 1718; x_wconf 90' lang='lat' dir='ltr'>probaretur</span> <span class='ocrx_word' id='word_1_318' title='bbox 1685 1668 1735 1706; x_wconf 92' lang='lat' dir='ltr'>dc</span> <span class='ocrx_word' id='word_1_319' title='bbox 1763 1669 1850 1707; x_wconf 90' lang='lat' dir='ltr'>Deo</span> <span class='ocrx_word' id='word_1_320' title='bbox 1878 1669 1988 1718; x_wconf 91' lang='lat' dir='ltr'>quod</span> <span class='ocrx_word' id='word_1_321' title='bbox 2024 1668 2134 1707; x_wconf 91' lang='lat' dir='ltr'>Deus</span> <span class='ocrx_word' id='word_1_322' title='bbox 2168 1676 2227 1708; x_wconf 89' lang='lat' dir='ltr'>est</span> <span class='ocrx_word' id='word_1_323' title='bbox 2253 1681 2336 1718; x_wconf 88' lang='lat' dir='ltr'>ens,</span> <span class='ocrx_word' id='word_1_324' title='bbox 2364 1668 2509 1719; x_wconf 77' lang='lat' dir='ltr'>bonus,</span> 
     </span>
     <span class='ocr_line' id='line_1_54' title="bbox 1426 1721 2162 1772; baseline 0.003 -13"><span class='ocrx_word' id='word_1_325' title='bbox 1426 1723 1489 1760; x_wconf 92' lang='lat' dir='ltr'>vel</span> <span class='ocrx_word' id='word_1_326' title='bbox 1517 1721 1549 1759; x_wconf 92' lang='lat' dir='ltr'>si</span> <span class='ocrx_word' id='word_1_327' title='bbox 1575 1721 1674 1772; x_wconf 90' lang='lat' dir='ltr'>quid</span> <span class='ocrx_word' id='word_1_328' title='bbox 1700 1721 1807 1760; x_wconf 88' lang='lat' dir='ltr'>aliud</span> <span class='ocrx_word' id='word_1_329' title='bbox 1835 1722 2067 1761; x_wconf 89' lang='lat' dir='ltr'>huiusmodi</span> <span class='ocrx_word' id='word_1_330' title='bbox 2093 1730 2162 1761; x_wconf 87' lang='lat' dir='ltr'>est.</span> 
     </span>
    </p>

    <p class='ocr_par' dir='ltr' id='par_1_25' title="bbox 1426 1775 2511 2040">
     <span class='ocr_line' id='line_1_55' title="bbox 1481 1775 2510 1826; baseline 0.003 -13"><span class='ocrx_word' id='word_1_331' title='bbox 1481 1775 1522 1814; x_wconf 91' lang='lat' dir='ltr'>Si</span> <span class='ocrx_word' id='word_1_332' title='bbox 1541 1783 1674 1813; x_wconf 90' lang='lat' dir='ltr'>autem</span> <span class='ocrx_word' id='word_1_333' title='bbox 1696 1775 1847 1814; x_wconf 88' lang='lat' dir='ltr'>dicatur</span> <span class='ocrx_word' id='word_1_334' title='bbox 1869 1777 1978 1826; x_wconf 91' lang='lat' dir='ltr'>quod</span> <span class='ocrx_word' id='word_1_335' title='bbox 2003 1788 2075 1826; x_wconf 91' lang='lat' dir='ltr'>per</span> <span class='ocrx_word' id='word_1_336' title='bbox 2097 1776 2326 1815; x_wconf 85' lang='lat' dir='ltr'>huiusmodi</span> <span class='ocrx_word' id='word_1_337' title='bbox 2344 1776 2510 1816; x_wconf 78' lang='lat' dir='ltr'>nomina</span> 
     </span>
     <span class='ocr_line' id='line_1_56' title="bbox 1426 1829 2509 1881; baseline 0.004 -15"><span class='ocrx_word' id='word_1_338' title='bbox 1426 1830 1557 1867; x_wconf 92' lang='lat' dir='ltr'>solum</span> <span class='ocrx_word' id='word_1_339' title='bbox 1576 1829 1625 1867; x_wconf 93' lang='lat' dir='ltr'>de</span> <span class='ocrx_word' id='word_1_340' title='bbox 1645 1830 1731 1867; x_wconf 91' lang='lat' dir='ltr'>Deo</span> <span class='ocrx_word' id='word_1_341' title='bbox 1751 1829 2026 1880; x_wconf 87' lang='lat' dir='ltr'>cognoscimus</span> <span class='ocrx_word' id='word_1_342' title='bbox 2045 1829 2142 1881; x_wconf 90' lang='lat' dir='ltr'>quid</span> <span class='ocrx_word' id='word_1_343' title='bbox 2162 1842 2245 1868; x_wconf 90' lang='lat' dir='ltr'>non</span> <span class='ocrx_word' id='word_1_344' title='bbox 2273 1837 2342 1878; x_wconf 79' lang='lat' dir='ltr'>est,</span> <span class='ocrx_word' id='word_1_345' title='bbox 2365 1838 2411 1869; x_wconf 88' lang='lat' dir='ltr'>ut</span> <span class='ocrx_word' id='word_1_346' title='bbox 2437 1830 2509 1870; x_wconf 64' lang='lat' dir='ltr'>seia</span> 
     </span>
     <span class='ocr_line' id='line_1_57' title="bbox 1426 1882 2509 1936; baseline 0.003 -16"><span class='ocrx_word' id='word_1_347' title='bbox 1426 1883 1512 1920; x_wconf 90' lang='lat' dir='ltr'>licet</span> <span class='ocrx_word' id='word_1_348' title='bbox 1531 1895 1577 1921; x_wconf 89' lang='lat' dir='ltr'>ea</span> <span class='ocrx_word' id='word_1_349' title='bbox 1596 1882 1745 1921; x_wconf 91' lang='lat' dir='ltr'>ratione</span> <span class='ocrx_word' id='word_1_350' title='bbox 1773 1883 1925 1922; x_wconf 88' lang='lat' dir='ltr'>dicatur</span> <span class='ocrx_word' id='word_1_351' title='bbox 1941 1886 2070 1923; x_wconf 79' lang='lat' dir='ltr'>vivens</span> <span class='ocrx_word' id='word_1_352' title='bbox 2088 1883 2182 1934; x_wconf 91' lang='lat' dir='ltr'>quia</span> <span class='ocrx_word' id='word_1_353' title='bbox 2200 1895 2282 1923; x_wconf 90' lang='lat' dir='ltr'>non</span> <span class='ocrx_word' id='word_1_354' title='bbox 2301 1891 2358 1922; x_wconf 87' lang='lat' dir='ltr'>est</span> <span class='ocrx_word' id='word_1_355' title='bbox 2376 1883 2426 1923; x_wconf 79' lang='lat' dir='ltr'>d&#39;e</span> <span class='ocrx_word' id='word_1_356' title='bbox 2443 1893 2509 1936; x_wconf 73' lang='lat' dir='ltr'>ge-</span> 
     </span>
     <span class='ocr_line' id='line_1_58' title="bbox 1427 1936 2511 1985; baseline 0.005 -11"><span class='ocrx_word' id='word_1_357' title='bbox 1427 1949 1519 1974; x_wconf 91' lang='lat' dir='ltr'>nere</span> <span class='ocrx_word' id='word_1_358' title='bbox 1534 1948 1669 1974; x_wconf 89' lang='lat' dir='ltr'>rerum</span> <span class='ocrx_word' id='word_1_359' title='bbox 1683 1936 2001 1983; x_wconf 82' lang='lat' dir='ltr'>inanimatarum,</span> <span class='ocrx_word' id='word_1_360' title='bbox 2012 1937 2118 1976; x_wconf 88' lang='lat' dir='ltr'>etsie</span> <span class='ocrx_word' id='word_1_361' title='bbox 2131 1937 2181 1976; x_wconf 94' lang='lat' dir='ltr'>de</span> <span class='ocrx_word' id='word_1_362' title='bbox 2197 1937 2296 1985; x_wconf 83' lang='lat' dir='ltr'>aliis3</span> <span class='ocrx_word' id='word_1_363' title='bbox 2311 1937 2363 1977; x_wconf 77' lang='lat' dir='ltr'>ad</span> <span class='ocrx_word' id='word_1_364' title='bbox 2376 1937 2511 1979; x_wconf 80' lang='lat' dir='ltr'>minus</span> 
     </span>
     <span class='ocr_line' id='line_1_59' title="bbox 1427 1989 2510 2040; baseline 0.005 -13"><span class='ocrx_word' id='word_1_365' title='bbox 1427 1989 1621 2040; x_wconf 90' lang='lat' dir='ltr'>oportebit</span> <span class='ocrx_word' id='word_1_366' title='bbox 1643 1990 1753 2040; x_wconf 92' lang='lat' dir='ltr'>quod</span> <span class='ocrx_word' id='word_1_367' title='bbox 1780 1992 1908 2030; x_wconf 78' lang='lat' dir='ltr'>vivum</span> <span class='ocrx_word' id='word_1_368' title='bbox 1925 1991 1977 2030; x_wconf 91' lang='lat' dir='ltr'>de</span> <span class='ocrx_word' id='word_1_369' title='bbox 1995 1992 2082 2030; x_wconf 93' lang='lat' dir='ltr'>Deo</span> <span class='ocrx_word' id='word_1_370' title='bbox 2101 1999 2139 2030; x_wconf 92' lang='lat' dir='ltr'>et</span> <span class='ocrx_word' id='word_1_371' title='bbox 2157 1991 2342 2030; x_wconf 81' lang='lat' dir='ltr'>creamris</span> <span class='ocrx_word' id='word_1_372' title='bbox 2359 1991 2510 2032; x_wconf 84' lang='lat' dir='ltr'>dictum</span> 
     </span>
    </p>
   </div>
   <div class='ocr_carea' id='block_1_18' title="bbox 293 2043 2511 2094">
    <p class='ocr_par' dir='ltr' id='par_1_26' title="bbox 293 2043 2511 2094">
     <span class='ocr_line' id='line_1_60' title="bbox 293 2043 2511 2094; baseline 0.002 -13"><span class='ocrx_word' id='word_1_373' title='bbox 293 2055 382 2081; x_wconf 90' lang='lat' dir='ltr'>rum</span> <span class='ocrx_word' id='word_1_374' title='bbox 402 2056 483 2082; x_wconf 91' lang='lat' dir='ltr'>non</span> <span class='ocrx_word' id='word_1_375' title='bbox 502 2056 715 2094; x_wconf 88' lang='lat' dir='ltr'>possumus</span> <span class='ocrx_word' id='word_1_376' title='bbox 734 2044 825 2082; x_wconf 92' lang='lat' dir='ltr'>duci</span> <span class='ocrx_word' id='word_1_377' title='bbox 844 2045 883 2083; x_wconf 89' lang='lat' dir='ltr'>in</span> <span class='ocrx_word' id='word_1_378' title='bbox 904 2044 1169 2094; x_wconf 85' lang='lat' dir='ltr'>cognitionem</span> <span class='ocrx_word' id='word_1_379' title='bbox 1197 2044 1370 2083; x_wconf 87' lang='lat' dir='ltr'>alterius:</span> <span class='ocrx_word' id='word_1_380' title='bbox 1385 2063 1410 2084; x_wconf 62' lang='grc' dir='ltr'>,ς</span> <span class='ocrx_word' id='word_1_381' title='bbox 1426 2044 1636 2082; x_wconf 88' lang='lat' dir='ltr'>conveniat</span> <span class='ocrx_word' id='word_1_382' title='bbox 1658 2043 1699 2082; x_wconf 92' lang='lat' dir='ltr'>in</span> <span class='ocrx_word' id='word_1_383' title='bbox 1718 2044 1923 2094; x_wconf 82' lang='lat' dir='ltr'>negatione</span> <span class='ocrx_word' id='word_1_384' title='bbox 1946 2045 2160 2083; x_wconf 87' lang='lat' dir='ltr'>inanimati.</span> <span class='ocrx_word' id='word_1_385' title='bbox 2185 2046 2236 2084; x_wconf 89' lang='lat' dir='ltr'>Et</span> <span class='ocrx_word' id='word_1_386' title='bbox 2258 2045 2313 2084; x_wconf 80' lang='lat' dir='ltr'>sie</span> <span class='ocrx_word' id='word_1_387' title='bbox 2335 2057 2418 2084; x_wconf 86' lang='lat' dir='ltr'>non</span> <span class='ocrx_word' id='word_1_388' title='bbox 2440 2044 2511 2085; x_wconf 76' lang='lat' dir='ltr'>erit</span> 
     </span>
    </p>
   </div>
   <div class='ocr_carea' id='block_1_19' title="bbox 293 2097 1371 2202">
    <p class='ocr_par' dir='ltr' id='par_1_27' title="bbox 293 2097 1371 2202">
     <span class='ocr_line' id='line_1_61' title="bbox 293 2097 1370 2149; baseline 0.001 -14"><span class='ocrx_word' id='word_1_389' title='bbox 293 2109 385 2136; x_wconf 90' lang='lat' dir='ltr'>nam</span> <span class='ocrx_word' id='word_1_390' title='bbox 413 2097 581 2147; x_wconf 85' lang='lat' dir='ltr'>cognitio</span> <span class='ocrx_word' id='word_1_391' title='bbox 610 2111 742 2136; x_wconf 91' lang='lat' dir='ltr'>rerum</span> <span class='ocrx_word' id='word_1_392' title='bbox 771 2110 853 2136; x_wconf 92' lang='lat' dir='ltr'>non</span> <span class='ocrx_word' id='word_1_393' title='bbox 881 2098 1076 2149; x_wconf 91' lang='lat' dir='ltr'>dependet</span> <span class='ocrx_word' id='word_1_394' title='bbox 1114 2111 1162 2136; x_wconf 88' lang='lat' dir='ltr'>cx</span> <span class='ocrx_word' id='word_1_395' title='bbox 1193 2097 1370 2146; x_wconf 91' lang='lat' dir='ltr'>vocibus,</span> 
     </span>
     <span class='ocr_line' id='line_1_62' title="bbox 293 2151 1371 2202; baseline 0.002 -14"><span class='ocrx_word' id='word_1_396' title='bbox 293 2151 362 2189; x_wconf 90' lang='lat' dir='ltr'>sed</span> <span class='ocrx_word' id='word_1_397' title='bbox 390 2164 438 2189; x_wconf 90' lang='lat' dir='ltr'>ex</span> <span class='ocrx_word' id='word_1_398' title='bbox 466 2151 675 2190; x_wconf 89' lang='lat' dir='ltr'>nominum</span> <span class='ocrx_word' id='word_1_399' title='bbox 704 2151 864 2190; x_wconf 91' lang='lat' dir='ltr'>ratione.</span> <span class='ocrx_word' id='word_1_400' title='bbox 894 2153 953 2190; x_wconf 88' lang='lat' dir='ltr'>Ex</span> <span class='ocrx_word' id='word_1_401' title='bbox 973 2152 1034 2190; x_wconf 89' lang='lat' dir='ltr'>his</span> <span class='ocrx_word' id='word_1_402' title='bbox 1053 2160 1186 2190; x_wconf 87' lang='lat' dir='ltr'>autern</span> <span class='ocrx_word' id='word_1_403' title='bbox 1205 2164 1307 2202; x_wconf 88' lang='lat' dir='ltr'>quae</span> <span class='ocrx_word' id='word_1_404' title='bbox 1332 2151 1371 2190; x_wconf 87' lang='lat' dir='ltr'>in</span> 
     </span>
    </p>
   </div>
   <div class='ocr_carea' id='block_1_20' title="bbox 295 2265 1181 2336">
    <p class='ocr_par' dir='ltr' id='par_1_28' title="bbox 295 2265 1181 2336">
     <span class='ocr_line' id='line_1_63' title="bbox 350 2265 934 2297; baseline -0.002 -6"><span class='ocrx_word' id='word_1_405' title='bbox 350 2272 379 2291; x_wconf 81' lang='grc' dir='ltr'>ιι</span> <span class='ocrx_word' id='word_1_406' title='bbox 402 2266 472 2291; x_wconf 83' lang='lat' dir='ltr'>aliud</span> <span class='ocrx_word' id='word_1_407' title='bbox 486 2266 544 2297; x_wconf 87' lang='lat' dir='ltr'>NZ;</span> <span class='ocrx_word' id='word_1_408' title='bbox 559 2267 671 2291; x_wconf 77' lang='lat' dir='ltr'>alterurn</span> <span class='ocrx_word' id='word_1_409' title='bbox 690 2266 735 2296; x_wconf 83' lang='lat' dir='ltr'>Pe,</span> <span class='ocrx_word' id='word_1_410' title='bbox 747 2266 828 2291; x_wconf 88' lang='lat' dir='ltr'>alium</span> <span class='ocrx_word' id='word_1_411' title='bbox 842 2265 934 2292; x_wconf 76' lang='lat' dir='ltr'>ceteri.</span> 
     </span>
     <span class='ocr_line' id='line_1_64' title="bbox 295 2301 1181 2336; baseline 0.001 -9"><span class='ocrx_word' id='word_1_412' title='bbox 295 2302 396 2327; x_wconf 82' lang='lat' dir='ltr'>minum</span> <span class='ocrx_word' id='word_1_413' title='bbox 415 2301 524 2336; x_wconf 79' lang='lat' dir='ltr'>ratione]</span> <span class='ocrx_word' id='word_1_414' title='bbox 543 2302 657 2327; x_wconf 80' lang='lat' dir='ltr'>nominis</span> <span class='ocrx_word' id='word_1_415' title='bbox 675 2302 776 2327; x_wconf 83' lang='lat' dir='ltr'>ratione</span> <span class='ocrx_word' id='word_1_416' title='bbox 795 2301 867 2331; x_wconf 68' lang='lat' dir='ltr'>unz.</span> <span class='ocrx_word' id='word_1_417' title='bbox 885 2301 985 2327; x_wconf 79' lang='lat' dir='ltr'>ratione</span> <span class='ocrx_word' id='word_1_418' title='bbox 1003 2301 1118 2328; x_wconf 70' lang='lat' dir='ltr'>niominis</span> <span class='ocrx_word' id='word_1_419' title='bbox 1137 2301 1181 2328; x_wconf 76' lang='lat' dir='ltr'>Pe.</span> 
     </span>
    </p>
   </div>
   <div class='ocr_carea' id='block_1_21' title="bbox 350 2335 1602 2406">
    <p class='ocr_par' dir='ltr' id='par_1_29' title="bbox 350 2335 1602 2406">
     <span class='ocr_line' id='line_1_65' title="bbox 350 2335 1602 2406; baseline 0.001 -44"><span class='ocrx_word' id='word_1_420' title='bbox 350 2337 364 2363; x_wconf 83' lang='lat'>3</span> <span class='ocrx_word' id='word_1_421' title='bbox 384 2337 543 2372; x_wconf 75' lang='lat' dir='ltr'>huiusmodi}</span> <span class='ocrx_word' id='word_1_422' title='bbox 563 2337 628 2363; x_wconf 83' lang='lat' dir='ltr'>haec</span> <span class='ocrx_word' id='word_1_423' title='bbox 646 2337 670 2368; x_wconf 74' lang='lat' dir='ltr'>b,</span> <span class='ocrx_word' id='word_1_424' title='bbox 690 2337 762 2364; x_wconf 71' lang='lat' dir='ltr'>hmffi</span> <span class='ocrx_word' id='word_1_425' title='bbox 781 2335 863 2371; x_wconf 74' lang='lat' dir='ltr'>(idest</span> <span class='ocrx_word' id='word_1_426' title='bbox 881 2336 1043 2371; x_wconf 85' lang='lat' dir='ltr'>huiusmodi)</span> <span class='ocrx_word' id='word_1_427' title='bbox 1059 2335 1602 2406; x_wconf 39' lang='lat' dir='ltr'>&#39;igttrglgugaeodbgisqtqffinffizqmag-ch</span> 
     </span>
    </p>
   </div>
   <div class='ocr_carea' id='block_1_22' title="bbox 294 2372 984 2442">
    <p class='ocr_par' dir='ltr' id='par_1_30' title="bbox 294 2372 984 2442">
     <span class='ocr_line' id='line_1_66' title="bbox 295 2372 984 2403; baseline 0 -5"><span class='ocrx_word' id='word_1_428' title='bbox 295 2378 368 2398; x_wconf 85' lang='lat' dir='ltr'>catur</span> <span class='ocrx_word' id='word_1_429' title='bbox 388 2373 432 2403; x_wconf 78' lang='lat' dir='ltr'>Pe,</span> <span class='ocrx_word' id='word_1_430' title='bbox 452 2373 558 2398; x_wconf 83' lang='lat' dir='ltr'>nomina</span> <span class='ocrx_word' id='word_1_431' title='bbox 577 2373 725 2398; x_wconf 87' lang='lat' dir='ltr'>dicerentur</span> <span class='ocrx_word' id='word_1_432' title='bbox 742 2375 807 2399; x_wconf 78' lang='lat' dir='ltr'>ante</span> <span class='ocrx_word' id='word_1_433' title='bbox 824 2373 933 2398; x_wconf 88' lang='lat' dir='ltr'>omnino</span> <span class='ocrx_word' id='word_1_434' title='bbox 951 2372 984 2398; x_wconf 78' lang='lat' dir='ltr'>N.</span> 
     </span>
     <span class='ocr_line' id='line_1_67' title="bbox 294 2408 922 2442; baseline -0.002 -8"><span class='ocrx_word' id='word_1_435' title='bbox 294 2409 385 2434; x_wconf 77' lang='lat' dir='ltr'>vivens</span> <span class='ocrx_word' id='word_1_436' title='bbox 406 2408 522 2440; x_wconf 79' lang='grc' dir='ltr'>ΒΗΥΡε,</span> <span class='ocrx_word' id='word_1_437' title='bbox 541 2417 623 2434; x_wconf 89' lang='lat' dir='ltr'>unum</span> <span class='ocrx_word' id='word_1_438' title='bbox 644 2409 719 2442; x_wconf 79' lang='lat' dir='ltr'>EpG,</span> <span class='ocrx_word' id='word_1_439' title='bbox 737 2415 835 2435; x_wconf 87' lang='lat' dir='ltr'>nomen</span> <span class='ocrx_word' id='word_1_440' title='bbox 854 2408 922 2433; x_wconf 86' lang='lat' dir='ltr'>ZsG.</span> 
     </span>
    </p>
   </div>
   <div class='ocr_carea' id='block_1_23' title="bbox 1007 2265 1457 2297">
    <p class='ocr_par' dir='ltr' id='par_1_31' title="bbox 1007 2265 1457 2297">
     <span class='ocr_line' id='line_1_68' title="bbox 1007 2265 1457 2297; baseline 0 -5"><span class='ocrx_word' id='word_1_441' title='bbox 1007 2265 1041 2292; x_wconf 79' lang='lat'>18</span> <span class='ocrx_word' id='word_1_442' title='bbox 1059 2266 1140 2291; x_wconf 84' lang='lat' dir='ltr'>rebus</span> <span class='ocrx_word' id='word_1_443' title='bbox 1152 2267 1176 2290; x_wconf 84' lang='grc' dir='ltr'><strong>Α</strong></span> <span class='ocrx_word' id='word_1_444' title='bbox 1190 2267 1276 2297; x_wconf 77' lang='lat' dir='ltr'>solus,</span> <span class='ocrx_word' id='word_1_445' title='bbox 1295 2266 1376 2292; x_wconf 82' lang='lat' dir='ltr'>rebus</span> <span class='ocrx_word' id='word_1_446' title='bbox 1395 2265 1457 2293; x_wconf 73' lang='lat' dir='ltr'>inis.</span> 
     </span>
    </p>
   </div>
   <div class='ocr_carea' id='block_1_24' title="bbox 1427 2097 1830 2150">
    <p class='ocr_par' dir='ltr' id='par_1_32' title="bbox 1427 2097 1830 2150">
     <span class='ocr_line' id='line_1_69' title="bbox 1427 2097 1830 2150; baseline 0.002 -15"><span class='ocrx_word' id='word_1_447' title='bbox 1427 2110 1525 2150; x_wconf 90' lang='lat' dir='ltr'>pure</span> <span class='ocrx_word' id='word_1_448' title='bbox 1554 2097 1830 2148; x_wconf 90' lang='lat' dir='ltr'>aequivocum.</span> 
     </span>
    </p>
   </div>
   <div class='ocr_carea' id='block_1_25' title="bbox 1531 2267 2512 2302">
    <p class='ocr_par' dir='ltr' id='par_1_33' title="bbox 1531 2267 2512 2302">
     <span class='ocr_line' id='line_1_70' title="bbox 1531 2267 2512 2302; baseline 0.005 -11"><span class='ocrx_word' id='word_1_449' title='bbox 1531 2272 1564 2291; x_wconf 72' lang='lat' dir='ltr'>so</span> <span class='ocrx_word' id='word_1_450' title='bbox 1583 2274 1664 2299; x_wconf 83' lang='lat' dir='ltr'>supra</span> <span class='ocrx_word' id='word_1_451' title='bbox 1679 2267 1756 2294; x_wconf 83' lang='lat' dir='ltr'>dictis</span> <span class='ocrx_word' id='word_1_452' title='bbox 1769 2267 1792 2292; x_wconf 77' lang='lat' dir='ltr'>A</span> <span class='ocrx_word' id='word_1_453' title='bbox 1805 2267 1893 2299; x_wconf 67' lang='lat' dir='ltr'>solusg</span> <span class='ocrx_word' id='word_1_454' title='bbox 1912 2267 1988 2293; x_wconf 78' lang='lat' dir='ltr'>dictis</span> <span class='ocrx_word' id='word_1_455' title='bbox 2000 2267 2080 2299; x_wconf 83' lang='lat' dir='ltr'>GNZ,</span> <span class='ocrx_word' id='word_1_456' title='bbox 2093 2267 2232 2301; x_wconf 69' lang='lat' dir='ltr'>praedictis</span> <span class='ocrx_word' id='word_1_457' title='bbox 2244 2268 2337 2296; x_wconf 70' lang='lat' dir='ltr'>ceteri.</span> <span class='ocrx_word' id='word_1_458' title='bbox 2411 2275 2444 2302; x_wconf 78' lang='lat'>27</span> <span class='ocrx_word' id='word_1_459' title='bbox 2461 2275 2512 2295; x_wconf 64' lang='grc' dir='ltr'>υ·</span> 
     </span>
    </p>
   </div>
   <div class='ocr_carea' id='block_1_26' title="bbox 1647 2337 2513 2407">
    <p class='ocr_par' dir='ltr' id='par_1_34' title="bbox 1647 2337 2513 2407">
     <span class='ocr_line' id='line_1_71' title="bbox 1647 2337 2513 2374; baseline 0.002 -11"><span class='ocrx_word' id='word_1_460' title='bbox 1647 2337 1679 2363; x_wconf 83' lang='lat'>13</span> <span class='ocrx_word' id='word_1_461' title='bbox 1700 2337 1808 2364; x_wconf 81' lang='lat' dir='ltr'>nomina</span> <span class='ocrx_word' id='word_1_462' title='bbox 1825 2337 1956 2373; x_wconf 83' lang='lat' dir='ltr'>dicuntur]</span> <span class='ocrx_word' id='word_1_463' title='bbox 1975 2346 2075 2365; x_wconf 84' lang='lat' dir='ltr'>nomen</span> <span class='ocrx_word' id='word_1_464' title='bbox 2098 2338 2198 2364; x_wconf 80' lang='lat' dir='ltr'>dicatur</span> <span class='ocrx_word' id='word_1_465' title='bbox 2216 2338 2265 2370; x_wconf 70' lang='grc' dir='ltr'>ιε,</span> <span class='ocrx_word' id='word_1_466' title='bbox 2285 2346 2384 2365; x_wconf 83' lang='lat' dir='ltr'>nomen</span> <span class='ocrx_word' id='word_1_467' title='bbox 2408 2339 2513 2374; x_wconf 75' lang='lat' dir='ltr'>praedi-</span> 
     </span>
     <span class='ocr_line' id='line_1_72' title="bbox 1684 2372 2511 2407; baseline 0.002 -8"><span class='ocrx_word' id='word_1_468' title='bbox 1684 2372 1718 2399; x_wconf 79' lang='lat'>18</span> <span class='ocrx_word' id='word_1_469' title='bbox 1737 2381 1785 2399; x_wconf 87' lang='lat' dir='ltr'>ens</span> <span class='ocrx_word' id='word_1_470' title='bbox 1798 2374 1822 2399; x_wconf 83' lang='grc' dir='ltr'><strong>Α</strong></span> <span class='ocrx_word' id='word_1_471' title='bbox 1834 2374 1921 2406; x_wconf 58' lang='lat' dir='ltr'>solun</span> <span class='ocrx_word' id='word_1_472' title='bbox 1940 2381 1994 2400; x_wconf 78' lang='lat' dir='ltr'>mn.</span> <span class='ocrx_word' id='word_1_473' title='bbox 2069 2381 2104 2407; x_wconf 80' lang='lat'>²4</span> <span class='ocrx_word' id='word_1_474' title='bbox 2121 2374 2211 2400; x_wconf 83' lang='lat' dir='ltr'>vivum</span> <span class='ocrx_word' id='word_1_475' title='bbox 2225 2373 2339 2407; x_wconf 52' lang='lat' dir='ltr'>nnwm</span> <span class='ocrx_word' id='word_1_476' title='bbox 2350 2382 2420 2401; x_wconf 75' lang='lat' dir='ltr'>unm</span> <span class='ocrx_word' id='word_1_477' title='bbox 2432 2373 2511 2407; x_wconf 64' lang='grc' dir='ltr'>ω,</span> 
     </span>
    </p>
   </div>
   <div class='ocr_carea' id='block_1_27' title="bbox 1058 2478 1743 2515">
    <p class='ocr_par' dir='ltr' id='par_1_35' title="bbox 1058 2478 1743 2515">
     <span class='ocr_line' id='line_1_73' title="bbox 1058 2478 1743 2515; baseline -0.003 -1"><span class='ocrx_word' id='word_1_478' title='bbox 1058 2479 1399 2515; x_wconf 67' lang='lat' dir='ltr'>commentaria</span> <span class='ocrx_word' id='word_1_479' title='bbox 1427 2478 1743 2513; x_wconf 74' lang='lat' dir='ltr'>Fen-ariensis</span> 
     </span>
    </p>
   </div>
   <div class='ocr_carea' id='block_1_28' title="bbox 288 2569 1374 3685">
    <p class='ocr_par' dir='ltr' id='par_1_36' title="bbox 295 2569 1373 2701">
     <span class='ocr_line' id='line_1_74' title="bbox 338 2569 1373 2611; baseline 0 -11"><span class='ocrx_word' id='word_1_480' title='bbox 338 2580 463 2600; x_wconf 59' lang='lat' dir='ltr'>senuna</span> <span class='ocrx_word' id='word_1_481' title='bbox 486 2570 654 2600; x_wconf 89' lang='lat' dir='ltr'>conclusio</span> <span class='ocrx_word' id='word_1_482' title='bbox 679 2575 726 2600; x_wconf 89' lang='lat' dir='ltr'>est</span> <span class='ocrx_word' id='word_1_483' title='bbox 741 2570 772 2600; x_wconf 75' lang='lat' dir='ltr'>*z</span> <span class='ocrx_word' id='word_1_484' title='bbox 798 2570 874 2600; x_wconf 87' lang='lat' dir='ltr'>Non</span> <span class='ocrx_word' id='word_1_485' title='bbox 898 2569 1052 2611; x_wconf 84' lang='lat' dir='ltr'>quicquid</span> <span class='ocrx_word' id='word_1_486' title='bbox 1074 2569 1114 2600; x_wconf 83' lang='lat' dir='ltr'>de</span> <span class='ocrx_word' id='word_1_487' title='bbox 1140 2569 1212 2600; x_wconf 89' lang='lat' dir='ltr'>Deo</span> <span class='ocrx_word' id='word_1_488' title='bbox 1240 2574 1272 2601; x_wconf 79' lang='lat' dir='ltr'>et</span> <span class='ocrx_word' id='word_1_489' title='bbox 1296 2569 1373 2600; x_wconf 76' lang='lat' dir='ltr'>aliis</span> 
     </span>
     <span class='ocr_line' id='line_1_75' title="bbox 297 2581 1373 2655; baseline 0 -10"><span class='ocrx_word' id='word_1_490' title='bbox 297 2581 434 2646; x_wconf 80' lang='lat' dir='ltr'>Srebus</span> <span class='ocrx_word' id='word_1_491' title='bbox 460 2614 686 2655; x_wconf 78' lang='lat' dir='ltr'>praedicatur,</span> <span class='ocrx_word' id='word_1_492' title='bbox 710 2614 887 2646; x_wconf 82' lang='lat' dir='ltr'>secundum</span> <span class='ocrx_word' id='word_1_493' title='bbox 913 2625 1035 2655; x_wconf 81' lang='lat' dir='ltr'>puram</span> <span class='ocrx_word' id='word_1_494' title='bbox 1071 2614 1373 2655; x_wconf 81' lang='lat' dir='ltr'>aequivocationem</span> 
     </span>
     <span class='ocr_line' id='line_1_76' title="bbox 295 2659 1372 2701; baseline 0 -11"><span class='ocrx_word' id='word_1_495' title='bbox 295 2660 424 2696; x_wconf 80' lang='lat' dir='ltr'>dicitur,</span> <span class='ocrx_word' id='word_1_496' title='bbox 448 2659 533 2690; x_wconf 83' lang='lat' dir='ltr'>sicut</span> <span class='ocrx_word' id='word_1_497' title='bbox 554 2660 678 2690; x_wconf 80' lang='lat' dir='ltr'>scilicet</span> <span class='ocrx_word' id='word_1_498' title='bbox 699 2669 738 2690; x_wconf 78' lang='lat' dir='ltr'>ea</span> <span class='ocrx_word' id='word_1_499' title='bbox 761 2669 845 2700; x_wconf 83' lang='lat' dir='ltr'>quae</span> <span class='ocrx_word' id='word_1_500' title='bbox 867 2660 1024 2691; x_wconf 74' lang='lat' dir='ltr'>dicuntur</span> <span class='ocrx_word' id='word_1_501' title='bbox 1038 2669 1059 2690; x_wconf 89' lang='lat' dir='ltr'>a</span> <span class='ocrx_word' id='word_1_502' title='bbox 1079 2669 1159 2691; x_wconf 77' lang='lat' dir='ltr'>casu</span> <span class='ocrx_word' id='word_1_503' title='bbox 1183 2660 1372 2701; x_wconf 72' lang='lat' dir='ltr'>aequivoca.</span> 
     </span>
    </p>

    <p class='ocr_par' dir='ltr' id='par_1_37' title="bbox 288 2703 1374 3317">
     <span class='ocr_line' id='line_1_77' title="bbox 350 2703 1373 2746; baseline 0 -11"><span class='ocrx_word' id='word_1_504' title='bbox 350 2703 596 2735; x_wconf 85' lang='lat' dir='ltr'>Advertcndum</span> <span class='ocrx_word' id='word_1_505' title='bbox 621 2710 730 2735; x_wconf 87' lang='lat' dir='ltr'>autem</span> <span class='ocrx_word' id='word_1_506' title='bbox 754 2704 845 2745; x_wconf 92' lang='lat' dir='ltr'>quod</span> <span class='ocrx_word' id='word_1_507' title='bbox 863 2715 952 2746; x_wconf 83' lang='lat' dir='ltr'>pura</span> <span class='ocrx_word' id='word_1_508' title='bbox 976 2705 1155 2746; x_wconf 79' lang='lat' dir='ltr'>aequivoca</span> <span class='ocrx_word' id='word_1_509' title='bbox 1178 2705 1231 2736; x_wconf 90' lang='lat' dir='ltr'>hic</span> <span class='ocrx_word' id='word_1_510' title='bbox 1255 2704 1373 2745; x_wconf 87' lang='lat' dir='ltr'>accipit</span> 
     </span>
     <span class='ocr_line' id='line_1_78' title="bbox 295 2749 1373 2792; baseline 0 -12"><span class='ocrx_word' id='word_1_511' title='bbox 295 2749 431 2781; x_wconf 85' lang='lat' dir='ltr'>Sanctus</span> <span class='ocrx_word' id='word_1_512' title='bbox 450 2749 596 2780; x_wconf 83' lang='lat' dir='ltr'>Thomas</span> <span class='ocrx_word' id='word_1_513' title='bbox 624 2755 660 2780; x_wconf 87' lang='lat' dir='ltr'>ut</span> <span class='ocrx_word' id='word_1_514' title='bbox 690 2749 932 2790; x_wconf 81' lang='lat' dir='ltr'>distinguuntur</span> <span class='ocrx_word' id='word_1_515' title='bbox 963 2750 1004 2781; x_wconf 88' lang='lat' dir='ltr'>ab</span> <span class='ocrx_word' id='word_1_516' title='bbox 1034 2750 1199 2792; x_wconf 76' lang='lat' dir='ltr'>analogis.</span> <span class='ocrx_word' id='word_1_517' title='bbox 1231 2749 1318 2788; x_wconf 78' lang='lat' dir='ltr'>Quia</span> <span class='ocrx_word' id='word_1_518' title='bbox 1341 2754 1373 2780; x_wconf 89' lang='lat' dir='ltr'>et</span> 
     </span>
     <span class='ocr_line' id='line_1_79' title="bbox 294 2794 1372 2835; baseline 0 -10"><span class='ocrx_word' id='word_1_519' title='bbox 294 2795 364 2835; x_wconf 85' lang='lat' dir='ltr'>ipsa</span> <span class='ocrx_word' id='word_1_520' title='bbox 390 2794 527 2835; x_wconf 77' lang='lat' dir='ltr'>analoga</span> <span class='ocrx_word' id='word_1_521' title='bbox 556 2795 735 2835; x_wconf 90' lang='lat' dir='ltr'>aequivoca</span> <span class='ocrx_word' id='word_1_522' title='bbox 766 2800 856 2826; x_wconf 88' lang='lat' dir='ltr'>sunt:</span> <span class='ocrx_word' id='word_1_523' title='bbox 887 2794 945 2826; x_wconf 91' lang='lat' dir='ltr'>sed</span> <span class='ocrx_word' id='word_1_524' title='bbox 974 2800 1094 2831; x_wconf 78' lang='lat' dir='ltr'>tamen.</span> <span class='ocrx_word' id='word_1_525' title='bbox 1119 2795 1195 2835; x_wconf 85' lang='lat' dir='ltr'>quia</span> <span class='ocrx_word' id='word_1_526' title='bbox 1225 2795 1308 2826; x_wconf 89' lang='lat' dir='ltr'>inter</span> <span class='ocrx_word' id='word_1_527' title='bbox 1339 2804 1372 2825; x_wconf 85' lang='lat' dir='ltr'>se</span> 
     </span>
     <span class='ocr_line' id='line_1_80' title="bbox 295 2838 1374 2880; baseline 0.001 -10"><span class='ocrx_word' id='word_1_528' title='bbox 295 2839 415 2870; x_wconf 84' lang='lat' dir='ltr'>habent</span> <span class='ocrx_word' id='word_1_529' title='bbox 429 2838 595 2880; x_wconf 82' lang='lat' dir='ltr'>quandam</span> <span class='ocrx_word' id='word_1_530' title='bbox 617 2840 839 2880; x_wconf 88' lang='lat' dir='ltr'>proportionis</span> <span class='ocrx_word' id='word_1_531' title='bbox 855 2840 1024 2876; x_wconf 88' lang='lat' dir='ltr'>unitatem,</span> <span class='ocrx_word' id='word_1_532' title='bbox 1041 2839 1116 2871; x_wconf 90' lang='lat' dir='ltr'>ideo</span> <span class='ocrx_word' id='word_1_533' title='bbox 1132 2849 1201 2871; x_wconf 89' lang='lat' dir='ltr'>non</span> <span class='ocrx_word' id='word_1_534' title='bbox 1221 2839 1374 2871; x_wconf 87' lang='lat' dir='ltr'>dicuntur</span> 
     </span>
     <span class='ocr_line' id='line_1_81' title="bbox 288 2883 1372 2925; baseline 0 -10"><span class='ocrx_word' id='word_1_535' title='bbox 288 2893 377 2924; x_wconf 74' lang='lat' dir='ltr'>pure</span> <span class='ocrx_word' id='word_1_536' title='bbox 399 2884 588 2925; x_wconf 78' lang='lat' dir='ltr'>aequivoca,</span> <span class='ocrx_word' id='word_1_537' title='bbox 611 2883 704 2921; x_wconf 84' lang='lat' dir='ltr'>idest,</span> <span class='ocrx_word' id='word_1_538' title='bbox 723 2884 874 2916; x_wconf 83' lang='lat' dir='ltr'>habentia</span> <span class='ocrx_word' id='word_1_539' title='bbox 897 2884 1036 2916; x_wconf 83' lang='lat' dir='ltr'>diversas</span> <span class='ocrx_word' id='word_1_540' title='bbox 1059 2885 1197 2916; x_wconf 88' lang='lat' dir='ltr'>omnino</span> <span class='ocrx_word' id='word_1_541' title='bbox 1220 2885 1372 2921; x_wconf 87' lang='lat' dir='ltr'>rationes,</span> 
     </span>
     <span class='ocr_line' id='line_1_82' title="bbox 296 2929 1372 2970; baseline 0.001 -11"><span class='ocrx_word' id='word_1_542' title='bbox 296 2938 380 2969; x_wconf 87' lang='lat' dir='ltr'>quae</span> <span class='ocrx_word' id='word_1_543' title='bbox 404 2929 501 2959; x_wconf 88' lang='lat' dir='ltr'>etiam</span> <span class='ocrx_word' id='word_1_544' title='bbox 525 2929 678 2960; x_wconf 89' lang='lat' dir='ltr'>dicuntur</span> <span class='ocrx_word' id='word_1_545' title='bbox 700 2929 879 2970; x_wconf 83' lang='lat' dir='ltr'>aequivoca</span> <span class='ocrx_word' id='word_1_546' title='bbox 903 2939 924 2960; x_wconf 87' lang='lat' dir='ltr'>a</span> <span class='ocrx_word' id='word_1_547' title='bbox 948 2939 1036 2966; x_wconf 86' lang='lat' dir='ltr'>casu,</span> <span class='ocrx_word' id='word_1_548' title='bbox 1062 2939 1102 2960; x_wconf 90' lang='lat' dir='ltr'>eo</span> <span class='ocrx_word' id='word_1_549' title='bbox 1131 2929 1222 2970; x_wconf 92' lang='lat' dir='ltr'>quod</span> <span class='ocrx_word' id='word_1_550' title='bbox 1250 2939 1372 2960; x_wconf 91' lang='lat' dir='ltr'>nomen</span> 
     </span>
     <span class='ocr_line' id='line_1_83' title="bbox 295 2973 1373 3015; baseline 0.001 -11"><span class='ocrx_word' id='word_1_551' title='bbox 295 2974 487 3014; x_wconf 88' lang='lat' dir='ltr'>impositum</span> <span class='ocrx_word' id='word_1_552' title='bbox 510 2974 550 3005; x_wconf 87' lang='lat' dir='ltr'>sit</span> <span class='ocrx_word' id='word_1_553' title='bbox 573 2983 591 3004; x_wconf 90' lang='lat' dir='ltr'>a</span> <span class='ocrx_word' id='word_1_554' title='bbox 614 2973 747 3005; x_wconf 89' lang='lat' dir='ltr'>diversis</span> <span class='ocrx_word' id='word_1_555' title='bbox 771 2973 811 3004; x_wconf 88' lang='lat' dir='ltr'>ad</span> <span class='ocrx_word' id='word_1_556' title='bbox 834 2974 958 3005; x_wconf 90' lang='lat' dir='ltr'>diversa</span> <span class='ocrx_word' id='word_1_557' title='bbox 977 2973 1227 3015; x_wconf 81' lang='lat' dir='ltr'>significandum</span> <span class='ocrx_word' id='word_1_558' title='bbox 1249 2984 1317 3005; x_wconf 91' lang='lat' dir='ltr'>non</span> <span class='ocrx_word' id='word_1_559' title='bbox 1334 2984 1373 3006; x_wconf 84' lang='lat' dir='ltr'>ex</span> 
     </span>
     <span class='ocr_line' id='line_1_84' title="bbox 295 3018 1372 3060; baseline 0.001 -11"><span class='ocrx_word' id='word_1_560' title='bbox 295 3018 404 3059; x_wconf 88' lang='lat' dir='ltr'>aliqua</span> <span class='ocrx_word' id='word_1_561' title='bbox 427 3018 638 3049; x_wconf 79' lang='lat' dir='ltr'>similitudine</span> <span class='ocrx_word' id='word_1_562' title='bbox 662 3019 759 3050; x_wconf 91' lang='lat' dir='ltr'>unius</span> <span class='ocrx_word' id='word_1_563' title='bbox 783 3018 823 3050; x_wconf 84' lang='lat' dir='ltr'>ad</span> <span class='ocrx_word' id='word_1_564' title='bbox 846 3019 993 3056; x_wconf 84' lang='lat' dir='ltr'>alterum,</span> <span class='ocrx_word' id='word_1_565' title='bbox 1011 3019 1067 3050; x_wconf 84' lang='lat' dir='ltr'>sed</span> <span class='ocrx_word' id='word_1_566' title='bbox 1083 3020 1159 3060; x_wconf 86' lang='lat' dir='ltr'>quia</span> <span class='ocrx_word' id='word_1_567' title='bbox 1175 3020 1220 3050; x_wconf 90' lang='lat' dir='ltr'>sic</span> <span class='ocrx_word' id='word_1_568' title='bbox 1241 3018 1372 3056; x_wconf 77' lang='lat' dir='ltr'>accidit3</span> 
     </span>
     <span class='ocr_line' id='line_1_85' title="bbox 295 3062 1371 3105; baseline 0.001 -11"><span class='ocrx_word' id='word_1_569' title='bbox 295 3062 353 3094; x_wconf 86' lang='lat' dir='ltr'>scd</span> <span class='ocrx_word' id='word_1_570' title='bbox 376 3063 528 3094; x_wconf 87' lang='lat' dir='ltr'>dicuntur</span> <span class='ocrx_word' id='word_1_571' title='bbox 549 3064 728 3104; x_wconf 70' lang='lat' dir='ltr'>aequivoca</span> <span class='ocrx_word' id='word_1_572' title='bbox 752 3074 772 3094; x_wconf 89' lang='lat' dir='ltr'>a</span> <span class='ocrx_word' id='word_1_573' title='bbox 796 3063 945 3100; x_wconf 81' lang='lat' dir='ltr'>consilio,</span> <span class='ocrx_word' id='word_1_574' title='bbox 969 3065 1045 3104; x_wconf 89' lang='lat' dir='ltr'>quia</span> <span class='ocrx_word' id='word_1_575' title='bbox 1068 3065 1245 3105; x_wconf 87' lang='lat' dir='ltr'>important</span> <span class='ocrx_word' id='word_1_576' title='bbox 1268 3073 1371 3095; x_wconf 89' lang='lat' dir='ltr'>unum</span> 
     </span>
     <span class='ocr_line' id='line_1_86' title="bbox 296 3107 1372 3149; baseline 0.002 -11"><span class='ocrx_word' id='word_1_577' title='bbox 296 3117 336 3138; x_wconf 85' lang='lat' dir='ltr'>ex</span> <span class='ocrx_word' id='word_1_578' title='bbox 351 3108 460 3148; x_wconf 87' lang='lat' dir='ltr'>aliqua</span> <span class='ocrx_word' id='word_1_579' title='bbox 474 3108 686 3139; x_wconf 72' lang='lat' dir='ltr'>similitudine</span> <span class='ocrx_word' id='word_1_580' title='bbox 700 3107 741 3139; x_wconf 81' lang='lat' dir='ltr'>ad</span> <span class='ocrx_word' id='word_1_581' title='bbox 757 3108 903 3140; x_wconf 86' lang='lat' dir='ltr'>alterum.</span> <span class='ocrx_word' id='word_1_582' title='bbox 925 3109 1099 3149; x_wconf 80' lang='lat' dir='ltr'>impositor</span> <span class='ocrx_word' id='word_1_583' title='bbox 1115 3110 1203 3140; x_wconf 89' lang='lat' dir='ltr'>enim</span> <span class='ocrx_word' id='word_1_584' title='bbox 1219 3109 1372 3145; x_wconf 83' lang='lat' dir='ltr'>nominis,</span> 
     </span>
     <span class='ocr_line' id='line_1_87' title="bbox 297 3152 1372 3194; baseline 0.001 -11"><span class='ocrx_word' id='word_1_585' title='bbox 297 3161 337 3182; x_wconf 87' lang='lat' dir='ltr'>eo</span> <span class='ocrx_word' id='word_1_586' title='bbox 366 3152 457 3193; x_wconf 92' lang='lat' dir='ltr'>quod</span> <span class='ocrx_word' id='word_1_587' title='bbox 485 3153 567 3184; x_wconf 89' lang='lat' dir='ltr'>inter</span> <span class='ocrx_word' id='word_1_588' title='bbox 599 3153 653 3184; x_wconf 88' lang='lat' dir='ltr'>illa</span> <span class='ocrx_word' id='word_1_589' title='bbox 681 3152 846 3194; x_wconf 86' lang='lat' dir='ltr'>quandam</span> <span class='ocrx_word' id='word_1_590' title='bbox 875 3154 1123 3194; x_wconf 84' lang='lat' dir='ltr'>proportionem</span> <span class='ocrx_word' id='word_1_591' title='bbox 1147 3153 1372 3190; x_wconf 86' lang='lat' dir='ltr'>consideravit,</span> 
     </span>
     <span class='ocr_line' id='line_1_88' title="bbox 296 3195 1373 3230; baseline 0.003 -3"><span class='ocrx_word' id='word_1_592' title='bbox 296 3195 371 3227; x_wconf 92' lang='lat' dir='ltr'>ideo</span> <span class='ocrx_word' id='word_1_593' title='bbox 387 3197 441 3228; x_wconf 88' lang='lat' dir='ltr'>illa</span> <span class='ocrx_word' id='word_1_594' title='bbox 458 3197 575 3228; x_wconf 91' lang='lat' dir='ltr'>eodem</span> <span class='ocrx_word' id='word_1_595' title='bbox 591 3198 772 3229; x_wconf 88' lang='lat' dir='ltr'>nominavit</span> <span class='ocrx_word' id='word_1_596' title='bbox 790 3199 939 3229; x_wconf 89' lang='lat' dir='ltr'>nomine:</span> <span class='ocrx_word' id='word_1_597' title='bbox 964 3208 1069 3229; x_wconf 90' lang='lat' dir='ltr'>unum</span> <span class='ocrx_word' id='word_1_598' title='bbox 1085 3204 1193 3229; x_wconf 91' lang='lat' dir='ltr'>tamen</span> <span class='ocrx_word' id='word_1_599' title='bbox 1210 3199 1243 3230; x_wconf 89' lang='lat' dir='ltr'>in</span> <span class='ocrx_word' id='word_1_600' title='bbox 1259 3198 1373 3230; x_wconf 78' lang='lat' dir='ltr'>ordine</span> 
     </span>
     <span class='ocr_line' id='line_1_89' title="bbox 297 3241 1373 3283; baseline 0.003 -12"><span class='ocrx_word' id='word_1_601' title='bbox 297 3241 337 3272; x_wconf 85' lang='lat' dir='ltr'>ad</span> <span class='ocrx_word' id='word_1_602' title='bbox 361 3242 507 3279; x_wconf 82' lang='lat' dir='ltr'>alterum,</span> <span class='ocrx_word' id='word_1_603' title='bbox 525 3248 556 3273; x_wconf 90' lang='lat' dir='ltr'>et</span> <span class='ocrx_word' id='word_1_604' title='bbox 575 3242 757 3274; x_wconf 83' lang='lat' dir='ltr'>secundum</span> <span class='ocrx_word' id='word_1_605' title='bbox 772 3243 864 3283; x_wconf 90' lang='lat' dir='ltr'>quod</span> <span class='ocrx_word' id='word_1_606' title='bbox 879 3253 982 3274; x_wconf 91' lang='lat' dir='ltr'>unum</span> <span class='ocrx_word' id='word_1_607' title='bbox 999 3244 1032 3274; x_wconf 92' lang='lat' dir='ltr'>in</span> <span class='ocrx_word' id='word_1_608' title='bbox 1049 3243 1178 3274; x_wconf 87' lang='lat' dir='ltr'>alterius</span> <span class='ocrx_word' id='word_1_609' title='bbox 1197 3243 1373 3274; x_wconf 82' lang='lat' dir='ltr'>includitur</span> 
     </span>
     <span class='ocr_line' id='line_1_90' title="bbox 297 3286 431 3317; baseline 0.007 -1"><span class='ocrx_word' id='word_1_610' title='bbox 297 3286 431 3317; x_wconf 88' lang='lat' dir='ltr'>ratione.</span> 
     </span>
    </p>

    <p class='ocr_par' dir='ltr' id='par_1_38' title="bbox 299 3331 1373 3595">
     <span class='ocr_line' id='line_1_91' title="bbox 355 3331 1373 3373; baseline 0.001 -11"><span class='ocrx_word' id='word_1_611' title='bbox 355 3331 377 3361; x_wconf 91' lang='lat'>1.</span> <span class='ocrx_word' id='word_1_612' title='bbox 401 3331 566 3362; x_wconf 85' lang='lat' dir='ltr'>Probatur</span> <span class='ocrx_word' id='word_1_613' title='bbox 580 3337 688 3363; x_wconf 73' lang='lat' dir='ltr'>autem</span> <span class='ocrx_word' id='word_1_614' title='bbox 708 3332 876 3363; x_wconf 80' lang='lat' dir='ltr'>conclusio</span> <span class='ocrx_word' id='word_1_615' title='bbox 890 3332 1012 3373; x_wconf 81' lang='lat' dir='ltr'>primo.</span> <span class='ocrx_word' id='word_1_616' title='bbox 1029 3331 1116 3370; x_wconf 88' lang='lat' dir='ltr'>Quia</span> <span class='ocrx_word' id='word_1_617' title='bbox 1137 3333 1170 3363; x_wconf 91' lang='lat' dir='ltr'>in</span> <span class='ocrx_word' id='word_1_618' title='bbox 1186 3333 1373 3373; x_wconf 88' lang='lat' dir='ltr'>aequivocis</span> 
     </span>
     <span class='ocr_line' id='line_1_92' title="bbox 299 3376 1372 3417; baseline 0.003 -12"><span class='ocrx_word' id='word_1_619' title='bbox 299 3384 317 3404; x_wconf 86' lang='lat' dir='ltr'>a</span> <span class='ocrx_word' id='word_1_620' title='bbox 333 3384 407 3405; x_wconf 85' lang='lat' dir='ltr'>casu</span> <span class='ocrx_word' id='word_1_621' title='bbox 424 3377 533 3407; x_wconf 89' lang='lat' dir='ltr'>nullus</span> <span class='ocrx_word' id='word_1_622' title='bbox 549 3376 631 3407; x_wconf 90' lang='lat' dir='ltr'>ordo</span> <span class='ocrx_word' id='word_1_623' title='bbox 651 3382 707 3408; x_wconf 88' lang='lat' dir='ltr'>aut</span> <span class='ocrx_word' id='word_1_624' title='bbox 729 3383 894 3417; x_wconf 85' lang='lat' dir='ltr'>respectus</span> <span class='ocrx_word' id='word_1_625' title='bbox 917 3376 958 3407; x_wconf 86' lang='lat' dir='ltr'>ad</span> <span class='ocrx_word' id='word_1_626' title='bbox 982 3377 1118 3407; x_wconf 85' lang='lat' dir='ltr'>alterum</span> <span class='ocrx_word' id='word_1_627' title='bbox 1141 3377 1372 3414; x_wconf 84' lang='lat' dir='ltr'>consideratur,</span> 
     </span>
     <span class='ocr_line' id='line_1_93' title="bbox 299 3419 1372 3462; baseline 0.003 -13"><span class='ocrx_word' id='word_1_628' title='bbox 299 3419 355 3450; x_wconf 90' lang='lat' dir='ltr'>sed</span> <span class='ocrx_word' id='word_1_629' title='bbox 379 3421 514 3451; x_wconf 90' lang='lat' dir='ltr'>omnino</span> <span class='ocrx_word' id='word_1_630' title='bbox 538 3430 596 3461; x_wconf 89' lang='lat' dir='ltr'>per</span> <span class='ocrx_word' id='word_1_631' title='bbox 619 3421 767 3453; x_wconf 82' lang='lat' dir='ltr'>accidens</span> <span class='ocrx_word' id='word_1_632' title='bbox 791 3427 839 3452; x_wconf 88' lang='lat' dir='ltr'>est</span> <span class='ocrx_word' id='word_1_633' title='bbox 863 3420 952 3462; x_wconf 89' lang='lat' dir='ltr'>quod</span> <span class='ocrx_word' id='word_1_634' title='bbox 975 3421 1063 3452; x_wconf 90' lang='lat' dir='ltr'>idem</span> <span class='ocrx_word' id='word_1_635' title='bbox 1091 3431 1213 3453; x_wconf 90' lang='lat' dir='ltr'>nomen</span> <span class='ocrx_word' id='word_1_636' title='bbox 1241 3422 1372 3453; x_wconf 90' lang='lat' dir='ltr'>diversis</span> 
     </span>
     <span class='ocr_line' id='line_1_94' title="bbox 300 3464 1372 3507; baseline 0.005 -15"><span class='ocrx_word' id='word_1_637' title='bbox 300 3464 501 3495; x_wconf 85' lang='lat' dir='ltr'>attribuatur:</span> <span class='ocrx_word' id='word_1_638' title='bbox 516 3475 591 3496; x_wconf 89' lang='lat' dir='ltr'>curn</span> <span class='ocrx_word' id='word_1_639' title='bbox 606 3475 728 3497; x_wconf 87' lang='lat' dir='ltr'>nomen</span> <span class='ocrx_word' id='word_1_640' title='bbox 743 3466 935 3507; x_wconf 87' lang='lat' dir='ltr'>impositum</span> <span class='ocrx_word' id='word_1_641' title='bbox 946 3466 1004 3497; x_wconf 88' lang='lat' dir='ltr'>uni</span> <span class='ocrx_word' id='word_1_642' title='bbox 1016 3475 1082 3497; x_wconf 89' lang='lat' dir='ltr'>non</span> <span class='ocrx_word' id='word_1_643' title='bbox 1095 3465 1253 3507; x_wconf 73' lang='lat' dir='ltr'>significet</span> <span class='ocrx_word' id='word_1_644' title='bbox 1265 3467 1372 3507; x_wconf 90' lang='lat' dir='ltr'>ipsum</span> 
     </span>
     <span class='ocr_line' id='line_1_95' title="bbox 300 3507 1372 3542; baseline 0.005 -5"><span class='ocrx_word' id='word_1_645' title='bbox 300 3507 416 3538; x_wconf 88' lang='lat' dir='ltr'>habere</span> <span class='ocrx_word' id='word_1_646' title='bbox 432 3509 578 3540; x_wconf 87' lang='lat' dir='ltr'>ordinem</span> <span class='ocrx_word' id='word_1_647' title='bbox 596 3510 635 3540; x_wconf 90' lang='lat' dir='ltr'>ad</span> <span class='ocrx_word' id='word_1_648' title='bbox 651 3510 798 3541; x_wconf 85' lang='lat' dir='ltr'>alterurn.</span> <span class='ocrx_word' id='word_1_649' title='bbox 815 3510 879 3542; x_wconf 89' lang='lat' dir='ltr'>Sed</span> <span class='ocrx_word' id='word_1_650' title='bbox 894 3511 928 3542; x_wconf 93' lang='lat' dir='ltr'>in</span> <span class='ocrx_word' id='word_1_651' title='bbox 944 3511 1132 3541; x_wconf 87' lang='lat' dir='ltr'>nominibus</span> <span class='ocrx_word' id='word_1_652' title='bbox 1144 3510 1236 3541; x_wconf 88' lang='lat' dir='ltr'>dictis</span> <span class='ocrx_word' id='word_1_653' title='bbox 1248 3510 1288 3542; x_wconf 92' lang='lat' dir='ltr'>de</span> <span class='ocrx_word' id='word_1_654' title='bbox 1301 3511 1372 3542; x_wconf 89' lang='lat' dir='ltr'>Deo</span> 
     </span>
     <span class='ocr_line' id='line_1_96' title="bbox 302 3554 1372 3595; baseline 0.005 -14"><span class='ocrx_word' id='word_1_655' title='bbox 302 3556 333 3581; x_wconf 92' lang='lat' dir='ltr'>et</span> <span class='ocrx_word' id='word_1_656' title='bbox 356 3554 505 3583; x_wconf 86' lang='lat' dir='ltr'>creaturis</span> <span class='ocrx_word' id='word_1_657' title='bbox 529 3554 749 3586; x_wconf 87' lang='lat' dir='ltr'>consideratur</span> <span class='ocrx_word' id='word_1_658' title='bbox 773 3555 855 3586; x_wconf 92' lang='lat' dir='ltr'>ordo</span> <span class='ocrx_word' id='word_1_659' title='bbox 872 3565 987 3586; x_wconf 83' lang='lat' dir='ltr'>causae</span> <span class='ocrx_word' id='word_1_660' title='bbox 1004 3561 1035 3586; x_wconf 85' lang='lat' dir='ltr'>et</span> <span class='ocrx_word' id='word_1_661' title='bbox 1051 3556 1182 3586; x_wconf 86' lang='lat' dir='ltr'>causati.</span> <span class='ocrx_word' id='word_1_662' title='bbox 1208 3555 1295 3595; x_wconf 84' lang='lat' dir='ltr'>Ergo</span> <span class='ocrx_word' id='word_1_663' title='bbox 1311 3561 1372 3586; x_wconf 88' lang='lat' dir='ltr'>etc.</span> 
     </span>
    </p>

    <p class='ocr_par' dir='ltr' id='par_1_39' title="bbox 301 3595 1373 3685">
     <span class='ocr_line' id='line_1_97' title="bbox 357 3595 1373 3639; baseline 0.005 -14"><span class='ocrx_word' id='word_1_664' title='bbox 357 3595 597 3628; x_wconf 84' lang='lat' dir='ltr'>Advertendum</span> <span class='ocrx_word' id='word_1_665' title='bbox 622 3599 711 3639; x_wconf 91' lang='lat' dir='ltr'>quod</span> <span class='ocrx_word' id='word_1_666' title='bbox 728 3600 760 3630; x_wconf 90' lang='lat' dir='ltr'>in</span> <span class='ocrx_word' id='word_1_667' title='bbox 778 3600 966 3631; x_wconf 86' lang='lat' dir='ltr'>nominibus</span> <span class='ocrx_word' id='word_1_668' title='bbox 983 3599 1075 3630; x_wconf 89' lang='lat' dir='ltr'>dictis</span> <span class='ocrx_word' id='word_1_669' title='bbox 1091 3599 1131 3630; x_wconf 93' lang='lat' dir='ltr'>de</span> <span class='ocrx_word' id='word_1_670' title='bbox 1147 3599 1219 3630; x_wconf 92' lang='lat' dir='ltr'>Deo</span> <span class='ocrx_word' id='word_1_671' title='bbox 1239 3605 1270 3631; x_wconf 91' lang='lat' dir='ltr'>et</span> <span class='ocrx_word' id='word_1_672' title='bbox 1286 3609 1373 3631; x_wconf 86' lang='lat' dir='ltr'>crea-</span> 
     </span>
     <span class='ocr_line' id='line_1_98' title="bbox 301 3640 1373 3685; baseline 0.006 -16"><span class='ocrx_word' id='word_1_673' title='bbox 301 3640 379 3669; x_wconf 89' lang='lat' dir='ltr'>turis</span> <span class='ocrx_word' id='word_1_674' title='bbox 404 3641 623 3672; x_wconf 88' lang='lat' dir='ltr'>consideratur</span> <span class='ocrx_word' id='word_1_675' title='bbox 646 3643 726 3674; x_wconf 91' lang='lat' dir='ltr'>ordo</span> <span class='ocrx_word' id='word_1_676' title='bbox 751 3654 866 3675; x_wconf 87' lang='lat' dir='ltr'>causae</span> <span class='ocrx_word' id='word_1_677' title='bbox 890 3650 922 3675; x_wconf 91' lang='lat' dir='ltr'>et</span> <span class='ocrx_word' id='word_1_678' title='bbox 945 3645 1076 3681; x_wconf 85' lang='lat' dir='ltr'>causati,</span> <span class='ocrx_word' id='word_1_679' title='bbox 1096 3654 1164 3675; x_wconf 90' lang='lat' dir='ltr'>non</span> <span class='ocrx_word' id='word_1_680' title='bbox 1189 3644 1279 3685; x_wconf 90' lang='lat' dir='ltr'>quod</span> <span class='ocrx_word' id='word_1_681' title='bbox 1302 3644 1373 3675; x_wconf 88' lang='lat' dir='ltr'>talis</span> 
     </span>
    </p>
   </div>
   <div class='ocr_carea' id='block_1_29' title="bbox 1425 2568 2510 3686">
    <p class='ocr_par' dir='ltr' id='par_1_40' title="bbox 1425 2568 2510 3507">
     <span class='ocr_line' id='line_1_99' title="bbox 1427 2568 2509 2613; baseline 0.004 -13"><span class='ocrx_word' id='word_1_682' title='bbox 1427 2568 1509 2600; x_wconf 90' lang='lat' dir='ltr'>ordo</span> <span class='ocrx_word' id='word_1_683' title='bbox 1522 2568 1700 2601; x_wconf 85' lang='lat' dir='ltr'>formaliter</span> <span class='ocrx_word' id='word_1_684' title='bbox 1710 2579 1769 2611; x_wconf 88' lang='lat' dir='ltr'>per</span> <span class='ocrx_word' id='word_1_685' title='bbox 1780 2570 1850 2610; x_wconf 85' lang='lat' dir='ltr'>ipsa</span> <span class='ocrx_word' id='word_1_686' title='bbox 1866 2570 2001 2601; x_wconf 88' lang='lat' dir='ltr'>nomina</span> <span class='ocrx_word' id='word_1_687' title='bbox 2015 2569 2221 2611; x_wconf 86' lang='lat' dir='ltr'>importetur,</span> <span class='ocrx_word' id='word_1_688' title='bbox 2234 2570 2380 2613; x_wconf 88' lang='lat' dir='ltr'>alioquin</span> <span class='ocrx_word' id='word_1_689' title='bbox 2396 2571 2509 2605; x_wconf 68' lang='lat' dir='ltr'>omn&#39;u</span> 
     </span>
     <span class='ocr_line' id='line_1_100' title="bbox 1427 2613 2510 2656; baseline 0.004 -11"><span class='ocrx_word' id='word_1_690' title='bbox 1427 2620 1534 2645; x_wconf 85' lang='lat' dir='ltr'>essent</span> <span class='ocrx_word' id='word_1_691' title='bbox 1556 2615 1692 2646; x_wconf 87' lang='lat' dir='ltr'>nomina</span> <span class='ocrx_word' id='word_1_692' title='bbox 1722 2614 1866 2645; x_wconf 88' lang='lat' dir='ltr'>relativa:</span> <span class='ocrx_word' id='word_1_693' title='bbox 1897 2613 1955 2645; x_wconf 90' lang='lat' dir='ltr'>sed</span> <span class='ocrx_word' id='word_1_694' title='bbox 1985 2614 2062 2655; x_wconf 91' lang='lat' dir='ltr'>quia</span> <span class='ocrx_word' id='word_1_695' title='bbox 2091 2615 2272 2656; x_wconf 77' lang='lat' dir='ltr'>important</span> <span class='ocrx_word' id='word_1_696' title='bbox 2297 2614 2510 2649; x_wconf 64' lang='lat' dir='ltr'>fundanum</span> 
     </span>
     <span class='ocr_line' id='line_1_101' title="bbox 1427 2659 2510 2696; baseline 0.003 -6"><span class='ocrx_word' id='word_1_697' title='bbox 1427 2659 1549 2690; x_wconf 86' lang='lat' dir='ltr'>ordinis</span> <span class='ocrx_word' id='word_1_698' title='bbox 1573 2668 1689 2690; x_wconf 88' lang='lat' dir='ltr'>causae</span> <span class='ocrx_word' id='word_1_699' title='bbox 1713 2665 1745 2690; x_wconf 91' lang='lat' dir='ltr'>et</span> <span class='ocrx_word' id='word_1_700' title='bbox 1764 2659 1899 2696; x_wconf 79' lang='lat' dir='ltr'>causati3</span> <span class='ocrx_word' id='word_1_701' title='bbox 1916 2664 1948 2690; x_wconf 89' lang='lat' dir='ltr'>et</span> <span class='ocrx_word' id='word_1_702' title='bbox 1964 2668 2003 2690; x_wconf 82' lang='lat' dir='ltr'>ex</span> <span class='ocrx_word' id='word_1_703' title='bbox 2026 2659 2287 2692; x_wconf 86' lang='lat' dir='ltr'>consideratione</span> <span class='ocrx_word' id='word_1_704' title='bbox 2310 2660 2434 2693; x_wconf 75' lang='lat' dir='ltr'>ordinis</span> <span class='ocrx_word' id='word_1_705' title='bbox 2447 2660 2510 2694; x_wconf 82' lang='lat' dir='ltr'>hu·</span> 
     </span>
     <span class='ocr_line' id='line_1_102' title="bbox 1426 2703 2509 2746; baseline 0.004 -12"><span class='ocrx_word' id='word_1_706' title='bbox 1426 2703 1579 2740; x_wconf 88' lang='lat' dir='ltr'>iusmodi,</span> <span class='ocrx_word' id='word_1_707' title='bbox 1603 2703 1684 2735; x_wconf 89' lang='lat' dir='ltr'>dum</span> <span class='ocrx_word' id='word_1_708' title='bbox 1707 2703 1949 2735; x_wconf 88' lang='lat' dir='ltr'>consideratum</span> <span class='ocrx_word' id='word_1_709' title='bbox 1972 2709 2020 2735; x_wconf 87' lang='lat' dir='ltr'>est</span> <span class='ocrx_word' id='word_1_710' title='bbox 2043 2704 2127 2736; x_wconf 88' lang='lat' dir='ltr'>hanc</span> <span class='ocrx_word' id='word_1_711' title='bbox 2149 2703 2387 2746; x_wconf 84' lang='lat' dir='ltr'>perfectionem</span> <span class='ocrx_word' id='word_1_712' title='bbox 2401 2715 2420 2737; x_wconf 83' lang='lat' dir='ltr'>a</span> <span class='ocrx_word' id='word_1_713' title='bbox 2435 2705 2509 2739; x_wconf 85' lang='lat' dir='ltr'>Deo</span> 
     </span>
     <span class='ocr_line' id='line_1_103' title="bbox 1426 2748 2508 2791; baseline 0.004 -12"><span class='ocrx_word' id='word_1_714' title='bbox 1426 2749 1509 2780; x_wconf 90' lang='lat' dir='ltr'>sicut</span> <span class='ocrx_word' id='word_1_715' title='bbox 1532 2758 1551 2779; x_wconf 87' lang='lat' dir='ltr'>a</span> <span class='ocrx_word' id='word_1_716' title='bbox 1574 2758 1671 2780; x_wconf 86' lang='lat' dir='ltr'>causa</span> <span class='ocrx_word' id='word_1_717' title='bbox 1695 2748 1891 2790; x_wconf 88' lang='lat' dir='ltr'>dependere,</span> <span class='ocrx_word' id='word_1_718' title='bbox 1915 2754 1948 2781; x_wconf 85' lang='lat' dir='ltr'>et</span> <span class='ocrx_word' id='word_1_719' title='bbox 1974 2748 2097 2780; x_wconf 88' lang='lat' dir='ltr'>idcirco</span> <span class='ocrx_word' id='word_1_720' title='bbox 2128 2759 2199 2781; x_wconf 85' lang='lat' dir='ltr'>esse</span> <span class='ocrx_word' id='word_1_721' title='bbox 2228 2749 2352 2791; x_wconf 88' lang='lat' dir='ltr'>aliquid</span> <span class='ocrx_word' id='word_1_722' title='bbox 2376 2750 2412 2783; x_wconf 86' lang='lat' dir='ltr'>in</span> <span class='ocrx_word' id='word_1_723' title='bbox 2434 2749 2508 2784; x_wconf 87' lang='lat' dir='ltr'>Deo</span> 
     </span>
     <span class='ocr_line' id='line_1_104' title="bbox 1425 2793 2508 2834; baseline 0.004 -10"><span class='ocrx_word' id='word_1_724' title='bbox 1425 2803 1484 2834; x_wconf 89' lang='lat' dir='ltr'>per</span> <span class='ocrx_word' id='word_1_725' title='bbox 1507 2793 1599 2834; x_wconf 92' lang='lat' dir='ltr'>quod</span> <span class='ocrx_word' id='word_1_726' title='bbox 1622 2794 1705 2825; x_wconf 90' lang='lat' dir='ltr'>inter</span> <span class='ocrx_word' id='word_1_727' title='bbox 1729 2803 1767 2825; x_wconf 89' lang='lat' dir='ltr'>ea</span> <span class='ocrx_word' id='word_1_728' title='bbox 1790 2794 1830 2825; x_wconf 88' lang='lat' dir='ltr'>sit</span> <span class='ocrx_word' id='word_1_729' title='bbox 1852 2793 2044 2831; x_wconf 86' lang='lat' dir='ltr'>similitudo,</span> <span class='ocrx_word' id='word_1_730' title='bbox 2068 2799 2101 2825; x_wconf 92' lang='lat' dir='ltr'>et</span> <span class='ocrx_word' id='word_1_731' title='bbox 2122 2795 2264 2827; x_wconf 83' lang='lat' dir='ltr'>maxime</span> <span class='ocrx_word' id='word_1_732' title='bbox 2287 2804 2366 2827; x_wconf 87' lang='lat' dir='ltr'>cum</span> <span class='ocrx_word' id='word_1_733' title='bbox 2381 2795 2508 2827; x_wconf 74' lang='lat' dir='ltr'>nullam</span> 
     </span>
     <span class='ocr_line' id='line_1_105' title="bbox 1426 2837 2507 2881; baseline 0.003 -12"><span class='ocrx_word' id='word_1_734' title='bbox 1426 2839 1582 2879; x_wconf 88' lang='lat' dir='ltr'>importet</span> <span class='ocrx_word' id='word_1_735' title='bbox 1604 2837 1888 2880; x_wconf 86' lang='lat' dir='ltr'>imperfectionem</span> <span class='ocrx_word' id='word_1_736' title='bbox 1919 2848 1958 2870; x_wconf 88' lang='lat' dir='ltr'>ex</span> <span class='ocrx_word' id='word_1_737' title='bbox 1987 2837 2191 2870; x_wconf 82' lang='lat' dir='ltr'>differentiali</span> <span class='ocrx_word' id='word_1_738' title='bbox 2220 2845 2396 2881; x_wconf 88' lang='lat' dir='ltr'>conceptu,</span> <span class='ocrx_word' id='word_1_739' title='bbox 2419 2839 2507 2872; x_wconf 86' lang='lat' dir='ltr'>idem</span> 
     </span>
     <span class='ocr_line' id='line_1_106' title="bbox 1425 2883 2508 2927; baseline 0.003 -13"><span class='ocrx_word' id='word_1_740' title='bbox 1425 2892 1548 2915; x_wconf 88' lang='lat' dir='ltr'>nornen</span> <span class='ocrx_word' id='word_1_741' title='bbox 1573 2888 1605 2914; x_wconf 88' lang='lat' dir='ltr'>et</span> <span class='ocrx_word' id='word_1_742' title='bbox 1628 2883 1701 2915; x_wconf 93' lang='lat' dir='ltr'>Deo</span> <span class='ocrx_word' id='word_1_743' title='bbox 1725 2889 1757 2915; x_wconf 87' lang='lat' dir='ltr'>et</span> <span class='ocrx_word' id='word_1_744' title='bbox 1780 2889 1946 2915; x_wconf 87' lang='lat' dir='ltr'>creaturae</span> <span class='ocrx_word' id='word_1_745' title='bbox 1975 2889 2024 2915; x_wconf 87' lang='lat' dir='ltr'>est</span> <span class='ocrx_word' id='word_1_746' title='bbox 2053 2883 2257 2925; x_wconf 82' lang='lat' dir='ltr'>impositum.</span> <span class='ocrx_word' id='word_1_747' title='bbox 2290 2884 2385 2917; x_wconf 89' lang='lat' dir='ltr'>Unde</span> <span class='ocrx_word' id='word_1_748' title='bbox 2415 2885 2508 2927; x_wconf 89' lang='lat' dir='ltr'>quod</span> 
     </span>
     <span class='ocr_line' id='line_1_107' title="bbox 1425 2927 2508 2967; baseline 0.004 -9"><span class='ocrx_word' id='word_1_749' title='bbox 1425 2927 1552 2960; x_wconf 88' lang='lat' dir='ltr'>videtur</span> <span class='ocrx_word' id='word_1_750' title='bbox 1575 2927 1659 2959; x_wconf 89' lang='lat' dir='ltr'>velle</span> <span class='ocrx_word' id='word_1_751' title='bbox 1682 2927 1820 2960; x_wconf 85' lang='lat' dir='ltr'>Sanctus</span> <span class='ocrx_word' id='word_1_752' title='bbox 1843 2928 1990 2960; x_wconf 80' lang='lat' dir='ltr'>Thomas</span> <span class='ocrx_word' id='word_1_753' title='bbox 2005 2928 2040 2960; x_wconf 89' lang='lat' dir='ltr'>in</span> <span class='ocrx_word' id='word_1_754' title='bbox 2055 2928 2116 2960; x_wconf 88' lang='lat' dir='ltr'>hac</span> <span class='ocrx_word' id='word_1_755' title='bbox 2138 2929 2276 2967; x_wconf 89' lang='lat' dir='ltr'>ratione,</span> <span class='ocrx_word' id='word_1_756' title='bbox 2291 2939 2417 2962; x_wconf 86' lang='lat' dir='ltr'>nomen</span> <span class='ocrx_word' id='word_1_757' title='bbox 2430 2939 2508 2962; x_wconf 77' lang='lat' dir='ltr'>ana·</span> 
     </span>
     <span class='ocr_line' id='line_1_108' title="bbox 1425 2971 2508 3014; baseline 0.003 -10"><span class='ocrx_word' id='word_1_758' title='bbox 1425 2973 1540 3014; x_wconf 80' lang='lat' dir='ltr'>logum</span> <span class='ocrx_word' id='word_1_759' title='bbox 1564 2971 1746 3014; x_wconf 80' lang='lat' dir='ltr'>significare</span> <span class='ocrx_word' id='word_1_760' title='bbox 1768 2982 1874 3005; x_wconf 91' lang='lat' dir='ltr'>unum</span> <span class='ocrx_word' id='word_1_761' title='bbox 1896 2973 2015 3005; x_wconf 83' lang='lat' dir='ltr'>habere</span> <span class='ocrx_word' id='word_1_762' title='bbox 2038 2972 2188 3005; x_wconf 86' lang='lat' dir='ltr'>ordinem</span> <span class='ocrx_word' id='word_1_763' title='bbox 2216 2973 2257 3006; x_wconf 92' lang='lat' dir='ltr'>ad</span> <span class='ocrx_word' id='word_1_764' title='bbox 2285 2974 2434 3012; x_wconf 77' lang='lat' dir='ltr'>alterum,</span> <span class='ocrx_word' id='word_1_765' title='bbox 2457 2975 2508 3007; x_wconf 87' lang='lat' dir='ltr'>in·</span> 
     </span>
     <span class='ocr_line' id='line_1_109' title="bbox 1426 3018 2507 3060; baseline 0.003 -10"><span class='ocrx_word' id='word_1_766' title='bbox 1426 3018 1579 3059; x_wconf 83' lang='lat' dir='ltr'>telligitur</span> <span class='ocrx_word' id='word_1_767' title='bbox 1601 3022 1661 3048; x_wconf 80' lang='lat' dir='ltr'>aut</span> <span class='ocrx_word' id='word_1_768' title='bbox 1673 3018 1873 3060; x_wconf 80' lang='lat' dir='ltr'>formaliter</span> <span class='ocrx_word' id='word_1_769' title='bbox 1894 3022 1954 3049; x_wconf 77' lang='lat' dir='ltr'>aut</span> <span class='ocrx_word' id='word_1_770' title='bbox 1965 3018 2287 3060; x_wconf 78' lang='lat' dir='ltr'>fundamentaliter:</span> <span class='ocrx_word' id='word_1_771' title='bbox 2309 3019 2387 3060; x_wconf 82' lang='lat' dir='ltr'>quia</span> <span class='ocrx_word' id='word_1_772' title='bbox 2401 3019 2436 3052; x_wconf 86' lang='lat' dir='ltr'>in</span> <span class='ocrx_word' id='word_1_773' title='bbox 2450 3019 2507 3053; x_wconf 75' lang='lat' dir='ltr'>ali-</span> 
     </span>
     <span class='ocr_line' id='line_1_110' title="bbox 1426 3061 2507 3104; baseline 0.002 -10"><span class='ocrx_word' id='word_1_774' title='bbox 1426 3063 1545 3104; x_wconf 89' lang='lat' dir='ltr'>quibus</span> <span class='ocrx_word' id='word_1_775' title='bbox 1569 3061 1746 3094; x_wconf 84' lang='lat' dir='ltr'>formaliter</span> <span class='ocrx_word' id='word_1_776' title='bbox 1769 3063 1973 3104; x_wconf 84' lang='lat' dir='ltr'>importatur.</span> <span class='ocrx_word' id='word_1_777' title='bbox 1997 3063 2032 3094; x_wconf 94' lang='lat' dir='ltr'>in</span> <span class='ocrx_word' id='word_1_778' title='bbox 2054 3063 2217 3104; x_wconf 81' lang='lat' dir='ltr'>aliquibus</span> <span class='ocrx_word' id='word_1_779' title='bbox 2239 3069 2350 3095; x_wconf 88' lang='lat' dir='ltr'>autem</span> <span class='ocrx_word' id='word_1_780' title='bbox 2379 3069 2507 3097; x_wconf 75' lang='lat' dir='ltr'>tantam</span> 
     </span>
     <span class='ocr_line' id='line_1_111' title="bbox 1426 3107 2505 3149; baseline 0 -9"><span class='ocrx_word' id='word_1_781' title='bbox 1426 3107 1720 3144; x_wconf 85' lang='lat' dir='ltr'>fundamentaliter,</span> <span class='ocrx_word' id='word_1_782' title='bbox 1736 3114 1773 3139; x_wconf 88' lang='lat' dir='ltr'>ut</span> <span class='ocrx_word' id='word_1_783' title='bbox 1796 3108 1830 3139; x_wconf 92' lang='lat' dir='ltr'>in</span> <span class='ocrx_word' id='word_1_784' title='bbox 1852 3108 2003 3149; x_wconf 83' lang='lat' dir='ltr'>sequenti</span> <span class='ocrx_word' id='word_1_785' title='bbox 2026 3108 2170 3149; x_wconf 83' lang='lat' dir='ltr'>capitulo</span> <span class='ocrx_word' id='word_1_786' title='bbox 2194 3107 2467 3142; x_wconf 64' lang='lat' dir='ltr'>demonstrabitur</span> <span class='ocrx_word' id='word_1_787' title='bbox 2477 3108 2505 3140; x_wconf 77' lang='grc'>·.</span> 
     </span>
     <span class='ocr_line' id='line_1_112' title="bbox 1425 3152 2506 3194; baseline 0.001 -10"><span class='ocrx_word' id='word_1_788' title='bbox 1425 3153 1501 3184; x_wconf 86' lang='lat' dir='ltr'>Hoc</span> <span class='ocrx_word' id='word_1_789' title='bbox 1517 3158 1626 3183; x_wconf 83' lang='lat' dir='ltr'>tamen</span> <span class='ocrx_word' id='word_1_790' title='bbox 1642 3152 1797 3184; x_wconf 88' lang='lat' dir='ltr'>omnibus</span> <span class='ocrx_word' id='word_1_791' title='bbox 1813 3162 1991 3184; x_wconf 87' lang='lat' dir='ltr'>commune</span> <span class='ocrx_word' id='word_1_792' title='bbox 2007 3158 2065 3190; x_wconf 87' lang='lat' dir='ltr'>est,</span> <span class='ocrx_word' id='word_1_793' title='bbox 2082 3152 2174 3194; x_wconf 89' lang='lat' dir='ltr'>quod</span> <span class='ocrx_word' id='word_1_794' title='bbox 2189 3162 2229 3184; x_wconf 83' lang='lat' dir='ltr'>ex</span> <span class='ocrx_word' id='word_1_795' title='bbox 2244 3152 2506 3186; x_wconf 82' lang='lat' dir='ltr'>consideratione</span> 
     </span>
     <span class='ocr_line' id='line_1_113' title="bbox 1425 3196 2505 3239; baseline 0.001 -11"><span class='ocrx_word' id='word_1_796' title='bbox 1425 3197 1496 3229; x_wconf 85' lang='lat' dir='ltr'>talis</span> <span class='ocrx_word' id='word_1_797' title='bbox 1520 3197 1642 3229; x_wconf 81' lang='lat' dir='ltr'>ordinis</span> <span class='ocrx_word' id='word_1_798' title='bbox 1665 3196 1752 3228; x_wconf 86' lang='lat' dir='ltr'>idem</span> <span class='ocrx_word' id='word_1_799' title='bbox 1774 3207 1899 3229; x_wconf 89' lang='lat' dir='ltr'>nomen</span> <span class='ocrx_word' id='word_1_800' title='bbox 1922 3197 2052 3238; x_wconf 81' lang='lat' dir='ltr'>utrique</span> <span class='ocrx_word' id='word_1_801' title='bbox 2072 3197 2320 3239; x_wconf 74' lang='lat' dir='ltr'>analogatorum</span> <span class='ocrx_word' id='word_1_802' title='bbox 2335 3202 2384 3229; x_wconf 83' lang='lat' dir='ltr'>est</span> <span class='ocrx_word' id='word_1_803' title='bbox 2397 3197 2505 3239; x_wconf 86' lang='lat' dir='ltr'>impo-</span> 
     </span>
     <span class='ocr_line' id='line_1_114' title="bbox 1425 3241 2505 3283; baseline 0.001 -10"><span class='ocrx_word' id='word_1_804' title='bbox 1425 3243 1538 3274; x_wconf 86' lang='lat' dir='ltr'>situm:</span> <span class='ocrx_word' id='word_1_805' title='bbox 1564 3247 1600 3274; x_wconf 88' lang='lat' dir='ltr'>ut</span> <span class='ocrx_word' id='word_1_806' title='bbox 1623 3242 1726 3283; x_wconf 86' lang='lat' dir='ltr'>possit</span> <span class='ocrx_word' id='word_1_807' title='bbox 1749 3241 1812 3273; x_wconf 86' lang='lat' dir='ltr'>dici</span> <span class='ocrx_word' id='word_1_808' title='bbox 1837 3242 1929 3283; x_wconf 87' lang='lat' dir='ltr'>quod</span> <span class='ocrx_word' id='word_1_809' title='bbox 1952 3241 2109 3274; x_wconf 87' lang='lat' dir='ltr'>habitudo</span> <span class='ocrx_word' id='word_1_810' title='bbox 2133 3251 2250 3274; x_wconf 66' lang='lat' dir='ltr'>musae</span> <span class='ocrx_word' id='word_1_811' title='bbox 2272 3241 2314 3273; x_wconf 90' lang='lat' dir='ltr'>ad</span> <span class='ocrx_word' id='word_1_812' title='bbox 2337 3248 2505 3274; x_wconf 84' lang='lat' dir='ltr'>causatum</span> 
     </span>
     <span class='ocr_line' id='line_1_115' title="bbox 1425 3286 2504 3329; baseline 0 -11"><span class='ocrx_word' id='word_1_813' title='bbox 1425 3287 1466 3318; x_wconf 83' lang='lat' dir='ltr'>sit</span> <span class='ocrx_word' id='word_1_814' title='bbox 1489 3286 1523 3318; x_wconf 90' lang='lat' dir='ltr'>id</span> <span class='ocrx_word' id='word_1_815' title='bbox 1545 3297 1564 3318; x_wconf 83' lang='lat' dir='ltr'>a</span> <span class='ocrx_word' id='word_1_816' title='bbox 1587 3296 1655 3327; x_wconf 91' lang='lat' dir='ltr'>quo</span> <span class='ocrx_word' id='word_1_817' title='bbox 1679 3296 1803 3318; x_wconf 89' lang='lat' dir='ltr'>nomen</span> <span class='ocrx_word' id='word_1_818' title='bbox 1826 3287 2016 3328; x_wconf 90' lang='lat' dir='ltr'>imponitur,</span> <span class='ocrx_word' id='word_1_819' title='bbox 2039 3296 2108 3319; x_wconf 89' lang='lat' dir='ltr'>non</span> <span class='ocrx_word' id='word_1_820' title='bbox 2131 3292 2243 3318; x_wconf 85' lang='lat' dir='ltr'>autem</span> <span class='ocrx_word' id='word_1_821' title='bbox 2265 3286 2299 3318; x_wconf 89' lang='lat' dir='ltr'>id</span> <span class='ocrx_word' id='word_1_822' title='bbox 2321 3286 2375 3318; x_wconf 89' lang='lat' dir='ltr'>cui</span> <span class='ocrx_word' id='word_1_823' title='bbox 2397 3287 2504 3329; x_wconf 89' lang='lat' dir='ltr'>impo-</span> 
     </span>
     <span class='ocr_line' id='line_1_116' title="bbox 1426 3330 2504 3373; baseline 0.001 -10"><span class='ocrx_word' id='word_1_824' title='bbox 1426 3333 1513 3363; x_wconf 90' lang='lat' dir='ltr'>nitur</span> <span class='ocrx_word' id='word_1_825' title='bbox 1535 3337 1693 3373; x_wconf 89' lang='lat' dir='ltr'>tanquam</span> <span class='ocrx_word' id='word_1_826' title='bbox 1714 3332 1759 3363; x_wconf 92' lang='lat' dir='ltr'>rei</span> <span class='ocrx_word' id='word_1_827' title='bbox 1783 3341 1841 3372; x_wconf 89' lang='lat' dir='ltr'>per</span> <span class='ocrx_word' id='word_1_828' title='bbox 1863 3342 1987 3364; x_wconf 88' lang='lat' dir='ltr'>nomen</span> <span class='ocrx_word' id='word_1_829' title='bbox 2010 3330 2216 3372; x_wconf 79' lang='lat' dir='ltr'>significatae.</span> <span class='ocrx_word' id='word_1_830' title='bbox 2231 3348 2257 3354; x_wconf 94' lang='lat'>—</span> <span class='ocrx_word' id='word_1_831' title='bbox 2270 3331 2346 3363; x_wconf 88' lang='lat' dir='ltr'>Hoc</span> <span class='ocrx_word' id='word_1_832' title='bbox 2369 3331 2504 3364; x_wconf 72' lang='lat' dir='ltr'>dixerim</span> 
     </span>
     <span class='ocr_line' id='line_1_117' title="bbox 1425 3375 2503 3418; baseline 0 -10"><span class='ocrx_word' id='word_1_833' title='bbox 1425 3376 1608 3408; x_wconf 89' lang='lat' dir='ltr'>secundum</span> <span class='ocrx_word' id='word_1_834' title='bbox 1632 3386 1737 3408; x_wconf 87' lang='lat' dir='ltr'>unum</span> <span class='ocrx_word' id='word_1_835' title='bbox 1761 3376 1898 3408; x_wconf 85' lang='lat' dir='ltr'>modum</span> <span class='ocrx_word' id='word_1_836' title='bbox 1914 3375 2101 3418; x_wconf 79' lang='lat' dir='ltr'>exponendi</span> <span class='ocrx_word' id='word_1_837' title='bbox 2117 3375 2202 3407; x_wconf 84' lang='lat' dir='ltr'>dicta</span> <span class='ocrx_word' id='word_1_838' title='bbox 2217 3375 2326 3407; x_wconf 84' lang='lat' dir='ltr'>Sancti</span> <span class='ocrx_word' id='word_1_839' title='bbox 2342 3375 2503 3414; x_wconf 88' lang='lat' dir='ltr'>Thomae,</span> 
     </span>
     <span class='ocr_line' id='line_1_118' title="bbox 1427 3419 2504 3462; baseline 0.002 -10"><span class='ocrx_word' id='word_1_840' title='bbox 1427 3427 1459 3453; x_wconf 90' lang='lat' dir='ltr'>et</span> <span class='ocrx_word' id='word_1_841' title='bbox 1481 3421 1621 3453; x_wconf 88' lang='lat' dir='ltr'>aliorum</span> <span class='ocrx_word' id='word_1_842' title='bbox 1653 3421 1866 3462; x_wconf 83' lang='lat' dir='ltr'>opinionibus</span> <span class='ocrx_word' id='word_1_843' title='bbox 1899 3419 2115 3453; x_wconf 77' lang='lat' dir='ltr'>adhaerendo.</span> <span class='ocrx_word' id='word_1_844' title='bbox 2149 3419 2185 3451; x_wconf 88' lang='lat' dir='ltr'>ln</span> <span class='ocrx_word' id='word_1_845' title='bbox 2219 3421 2368 3461; x_wconf 87' lang='lat' dir='ltr'>sequenti</span> <span class='ocrx_word' id='word_1_846' title='bbox 2394 3427 2504 3454; x_wconf 81' lang='lat' dir='ltr'>autem</span> 
     </span>
     <span class='ocr_line' id='line_1_119' title="bbox 1425 3464 2412 3507; baseline -0.001 -9"><span class='ocrx_word' id='word_1_847' title='bbox 1425 3466 1570 3507; x_wconf 80' lang='lat' dir='ltr'>capitulo</span> <span class='ocrx_word' id='word_1_848' title='bbox 1594 3465 1783 3498; x_wconf 84' lang='lat' dir='ltr'>ostendetur</span> <span class='ocrx_word' id='word_1_849' title='bbox 1804 3465 1887 3497; x_wconf 82' lang='lat' dir='ltr'>alius</span> <span class='ocrx_word' id='word_1_850' title='bbox 1909 3465 2028 3498; x_wconf 84' lang='lat' dir='ltr'>modus</span> <span class='ocrx_word' id='word_1_851' title='bbox 2050 3464 2133 3496; x_wconf 85' lang='lat' dir='ltr'>forte</span> <span class='ocrx_word' id='word_1_852' title='bbox 2156 3465 2412 3497; x_wconf 86' lang='lat' dir='ltr'>convenientior.</span> 
     </span>
    </p>

    <p class='ocr_par' dir='ltr' id='par_1_41' title="bbox 1426 3509 2504 3686">
     <span class='ocr_line' id='line_1_120' title="bbox 1483 3509 2504 3550; baseline -0.001 -8"><span class='ocrx_word' id='word_1_853' title='bbox 1483 3511 1520 3542; x_wconf 91' lang='lat' dir='ltr'>II.</span> <span class='ocrx_word' id='word_1_854' title='bbox 1545 3510 1705 3542; x_wconf 85' lang='lat' dir='ltr'>Secundo.</span> <span class='ocrx_word' id='word_1_855' title='bbox 1730 3511 1852 3542; x_wconf 88' lang='lat' dir='ltr'>Rerum</span> <span class='ocrx_word' id='word_1_856' title='bbox 1876 3515 1924 3541; x_wconf 85' lang='lat' dir='ltr'>est</span> <span class='ocrx_word' id='word_1_857' title='bbox 1946 3509 2062 3550; x_wconf 84' lang='lat' dir='ltr'>aliquis</span> <span class='ocrx_word' id='word_1_858' title='bbox 2085 3509 2203 3540; x_wconf 90' lang='lat' dir='ltr'>modus</span> <span class='ocrx_word' id='word_1_859' title='bbox 2224 3510 2441 3541; x_wconf 88' lang='lat' dir='ltr'>similitudinis</span> <span class='ocrx_word' id='word_1_860' title='bbox 2464 3510 2504 3542; x_wconf 90' lang='lat' dir='ltr'>ad</span> 
     </span>
     <span class='ocr_line' id='line_1_121' title="bbox 1426 3553 2504 3596; baseline 0 -9"><span class='ocrx_word' id='word_1_861' title='bbox 1426 3556 1545 3587; x_wconf 85' lang='lat' dir='ltr'>Deum.</span> <span class='ocrx_word' id='word_1_862' title='bbox 1570 3556 1657 3596; x_wconf 81' lang='lat' dir='ltr'>Ergo</span> <span class='ocrx_word' id='word_1_863' title='bbox 1681 3565 1749 3587; x_wconf 91' lang='lat' dir='ltr'>non</span> <span class='ocrx_word' id='word_1_864' title='bbox 1773 3555 1890 3586; x_wconf 88' lang='lat' dir='ltr'>dicitur</span> <span class='ocrx_word' id='word_1_865' title='bbox 1907 3563 2030 3585; x_wconf 89' lang='lat' dir='ltr'>nomen</span> <span class='ocrx_word' id='word_1_866' title='bbox 2047 3553 2087 3585; x_wconf 89' lang='lat' dir='ltr'>de</span> <span class='ocrx_word' id='word_1_867' title='bbox 2103 3554 2176 3585; x_wconf 90' lang='lat' dir='ltr'>Deo</span> <span class='ocrx_word' id='word_1_868' title='bbox 2200 3560 2232 3585; x_wconf 91' lang='lat' dir='ltr'>et</span> <span class='ocrx_word' id='word_1_869' title='bbox 2255 3556 2407 3586; x_wconf 84' lang='lat' dir='ltr'>creaturis</span> <span class='ocrx_word' id='word_1_870' title='bbox 2422 3564 2504 3596; x_wconf 90' lang='lat' dir='ltr'>pure</span> 
     </span>
     <span class='ocr_line' id='line_1_122' title="bbox 1426 3598 2504 3641; baseline 0 -10"><span class='ocrx_word' id='word_1_871' title='bbox 1426 3601 1615 3641; x_wconf 85' lang='lat' dir='ltr'>aequivoce.</span> <span class='ocrx_word' id='word_1_872' title='bbox 1640 3618 1663 3623; x_wconf 94' lang='lat'>—</span> <span class='ocrx_word' id='word_1_873' title='bbox 1686 3600 1844 3631; x_wconf 86' lang='lat' dir='ltr'>Probatur</span> <span class='ocrx_word' id='word_1_874' title='bbox 1875 3599 2119 3640; x_wconf 90' lang='lat' dir='ltr'>consequentia.</span> <span class='ocrx_word' id='word_1_875' title='bbox 2151 3598 2239 3638; x_wconf 87' lang='lat' dir='ltr'>Quia</span> <span class='ocrx_word' id='word_1_876' title='bbox 2268 3599 2324 3630; x_wconf 91' lang='lat' dir='ltr'>ubi</span> <span class='ocrx_word' id='word_1_877' title='bbox 2353 3605 2401 3630; x_wconf 91' lang='lat' dir='ltr'>est</span> <span class='ocrx_word' id='word_1_878' title='bbox 2422 3609 2504 3641; x_wconf 86' lang='lat' dir='ltr'>pura</span> 
     </span>
     <span class='ocr_line' id='line_1_123' title="bbox 1426 3643 2362 3686; baseline 0 -11"><span class='ocrx_word' id='word_1_879' title='bbox 1426 3645 1664 3686; x_wconf 87' lang='lat' dir='ltr'>aequivocatio,</span> <span class='ocrx_word' id='word_1_880' title='bbox 1688 3644 1777 3676; x_wconf 83' lang='lat' dir='ltr'>nulla</span> <span class='ocrx_word' id='word_1_881' title='bbox 1800 3643 1978 3675; x_wconf 87' lang='lat' dir='ltr'>similitudo</span> <span class='ocrx_word' id='word_1_882' title='bbox 2001 3644 2035 3674; x_wconf 90' lang='lat' dir='ltr'>in</span> <span class='ocrx_word' id='word_1_883' title='bbox 2058 3644 2155 3674; x_wconf 87' lang='lat' dir='ltr'>rebus</span> <span class='ocrx_word' id='word_1_884' title='bbox 2179 3644 2362 3675; x_wconf 84' lang='lat' dir='ltr'>attenditur.</span> 
     </span>
    </p>
   </div>
   <div class='ocr_carea' id='block_1_30' title="bbox 2535 806 2726 836">
    <p class='ocr_par' dir='ltr' id='par_1_42' title="bbox 2535 806 2726 836">
     <span class='ocr_line' id='line_1_124' title="bbox 2535 806 2726 836; baseline 0.005 -8"><span class='ocrx_word' id='word_1_885' title='bbox 2535 806 2662 829; x_wconf 57' lang='lat' dir='ltr'>wasia».</span> <span class='ocrx_word' id='word_1_886' title='bbox 2722 832 2726 836; x_wconf 58' lang='grc'><strong>,</strong></span> 
     </span>
    </p>
   </div>
   <div class='ocr_carea' id='block_1_31' title="bbox 2533 3110 2751 3167">
    <p class='ocr_par' dir='ltr' id='par_1_43' title="bbox 2533 3110 2751 3167">
     <span class='ocr_line' id='line_1_125' title="bbox 2533 3110 2751 3135; baseline 0.005 -1"><span class='ocrx_word' id='word_1_887' title='bbox 2533 3112 2544 3123; x_wconf 90' lang='grc'>·</span> <span class='ocrx_word' id='word_1_888' title='bbox 2549 3110 2685 3135; x_wconf 75' lang='lat' dir='ltr'>Commeat.</span> <span class='ocrx_word' id='word_1_889' title='bbox 2695 3117 2751 3135; x_wconf 68' lang='lat' dir='ltr'>mx·</span> 
     </span>
     <span class='ocr_line' id='line_1_126' title="bbox 2533 3144 2586 3167; baseline 0 0"><span class='ocrx_word' id='word_1_890' title='bbox 2533 3144 2586 3167; x_wconf 64' lang='lat' dir='ltr'>⁸⁴1ss-</span> 
     </span>
    </p>
   </div>
  </div>
 </body>
</html>
