<?xml version="1.0" encoding="UTF-8"?>
<!DOCTYPE html PUBLIC "-//W3C//DTD XHTML 1.0 Transitional//EN"
    "http://www.w3.org/TR/xhtml1/DTD/xhtml1-transitional.dtd">
<html xmlns="http://www.w3.org/1999/xhtml" xml:lang="en" lang="en">
 <head>
  <title>
</title>
<meta http-equiv="Content-Type" content="text/html;charset=utf-8" />
  <meta name='ocr-system' content='tesseract 3.04.00' />
  <meta name='ocr-capabilities' content='ocr_page ocr_carea ocr_par ocr_line ocrx_word'/>
</head>
<body>
  <div class='ocr_page' id='page_1' title='image "./operaomniaiussui13thom/operaomniaiussui13thom_0191.png"; bbox 0 0 2768 4134; ppageno 0'>
   <div class='ocr_carea' id='block_1_1' title="bbox 28 1001 243 1028">
    <p class='ocr_par' dir='ltr' id='par_1_1' title="bbox 28 1001 243 1028">
     <span class='ocr_line' id='line_1_1' title="bbox 28 1001 243 1028; baseline -0.005 -4"><span class='ocrx_word' id='word_1_1' title='bbox 28 1003 39 1013; x_wconf 81' lang='lat'>&#39;</span> <span class='ocrx_word' id='word_1_2' title='bbox 53 1001 63 1024; x_wconf 90' lang='lat'>1</span> <span class='ocrx_word' id='word_1_3' title='bbox 77 1001 164 1028; x_wconf 64' lang='lat' dir='ltr'><strong>Eenic„</strong></span> <span class='ocrx_word' id='word_1_4' title='bbox 179 1007 206 1027; x_wconf 83' lang='grc' dir='ltr'><strong>ιι,</strong></span> <span class='ocrx_word' id='word_1_5' title='bbox 221 1001 243 1027; x_wconf 70' lang='grc' dir='ltr'><strong>ὃς</strong></span> 
     </span>
    </p>
   </div>
   <div class='ocr_carea' id='block_1_2' title="bbox 0 1027 162 1052">
    <p class='ocr_par' dir='ltr' id='par_1_2' title="bbox 0 1027 162 1052">
     <span class='ocr_line' id='line_1_2' title="bbox 0 1027 162 1052; baseline -0.012 0"><span class='ocrx_word' id='word_1_6' title='bbox 0 1027 5 1036; x_wconf 77' lang='grc'><strong>“’</strong></span> <span class='ocrx_word' id='word_1_7' title='bbox 29 1036 51 1052; x_wconf 80' lang='grc' dir='ltr'><strong>ι.</strong></span> <span class='ocrx_word' id='word_1_8' title='bbox 58 1028 104 1050; x_wconf 80' lang='lat' dir='ltr'><strong>Th.</strong></span> <span class='ocrx_word' id='word_1_9' title='bbox 115 1029 131 1050; x_wconf 91' lang='grc' dir='ltr'><strong>Ι.</strong></span> <span class='ocrx_word' id='word_1_10' title='bbox 142 1034 162 1050; x_wconf 81' lang='lat'><strong>³.</strong></span> 
     </span>
    </p>
   </div>
   <div class='ocr_carea' id='block_1_3' title="bbox 0 1250 201 1318">
    <p class='ocr_par' dir='ltr' id='par_1_3' title="bbox 0 1250 201 1318">
     <span class='ocr_line' id='line_1_3' title="bbox 0 1250 201 1318; baseline -0.01 -22"><span class='ocrx_word' id='word_1_11' title='bbox 0 1250 4 1318; x_wconf 48' lang='grc' dir='ltr'><strong>ἱ</strong></span> <span class='ocrx_word' id='word_1_12' title='bbox 26 1273 39 1284; x_wconf 86' lang='grc'><em>·</em></span> <span class='ocrx_word' id='word_1_13' title='bbox 52 1272 111 1301; x_wconf 76' lang='lat' dir='ltr'><strong>Cap.</strong></span> <span class='ocrx_word' id='word_1_14' title='bbox 126 1278 201 1302; x_wconf 75' lang='lat' dir='ltr'><strong>praee.</strong></span> 
     </span>
    </p>
   </div>
   <div class='ocr_carea' id='block_1_4' title="bbox 0 1485 223 1534">
    <p class='ocr_par' dir='ltr' id='par_1_4' title="bbox 0 1485 223 1534">
     <span class='ocr_line' id='line_1_4' title="bbox 0 1485 223 1534; baseline -0.004 -24"><span class='ocrx_word' id='word_1_15' title='bbox 0 1515 2 1534; x_wconf 62' lang='lat'><em>÷</em></span> <span class='ocrx_word' id='word_1_16' title='bbox 51 1485 112 1515; x_wconf 69' lang='lat' dir='ltr'><strong>cap.</strong></span> <span class='ocrx_word' id='word_1_17' title='bbox 121 1491 223 1509; x_wconf 64' lang='lat' dir='ltr'><strong>xxxma</strong></span> 
     </span>
    </p>
   </div>
   <div class='ocr_carea' id='block_1_5' title="bbox 25 1961 249 2037">
    <p class='ocr_par' dir='ltr' id='par_1_5' title="bbox 25 1961 249 2037">
     <span class='ocr_line' id='line_1_5' title="bbox 29 1961 249 1986; baseline -0.009 0"><span class='ocrx_word' id='word_1_18' title='bbox 29 1962 41 1974; x_wconf 81' lang='grc'><em>·</em></span> <span class='ocrx_word' id='word_1_19' title='bbox 56 1961 94 1986; x_wconf 74' lang='lat' dir='ltr'><strong>ct.</strong></span> <span class='ocrx_word' id='word_1_20' title='bbox 113 1962 249 1986; x_wconf 57' lang='lat' dir='ltr'><strong>anneot.</strong></span> 
     </span>
     <span class='ocr_line' id='line_1_6' title="bbox 25 1988 236 2037; baseline -0.005 -24"><span class='ocrx_word' id='word_1_21' title='bbox 25 1993 170 2037; x_wconf 51' lang='lat' dir='ltr'><strong>stygin-⁶·</strong></span> <span class='ocrx_word' id='word_1_22' title='bbox 182 1988 236 2013; x_wconf 73' lang='lat' dir='ltr'><strong>init.</strong></span> 
     </span>
    </p>
   </div>
   <div class='ocr_carea' id='block_1_6' title="bbox 867 280 1871 335">
    <p class='ocr_par' dir='ltr' id='par_1_6' title="bbox 867 280 1871 335">
     <span class='ocr_line' id='line_1_7' title="bbox 867 280 1871 335; baseline 0.009 -17"><span class='ocrx_word' id='word_1_23' title='bbox 867 280 1055 319; x_wconf 89' lang='lat' dir='ltr'><strong>SUMMA</strong></span> <span class='ocrx_word' id='word_1_24' title='bbox 1085 283 1307 323; x_wconf 91' lang='lat' dir='ltr'>CONTRA</span> <span class='ocrx_word' id='word_1_25' title='bbox 1335 286 1612 335; x_wconf 92' lang='lat' dir='ltr'><strong>GENTILES,</strong></span> <span class='ocrx_word' id='word_1_26' title='bbox 1642 287 1871 327; x_wconf 67' lang='lat' dir='ltr'><strong>CAR&#39;XLI.</strong></span> 
     </span>
    </p>
   </div>
   <div class='ocr_carea' id='block_1_7' title="bbox 2403 302 2473 339">
    <p class='ocr_par' dir='ltr' id='par_1_7' title="bbox 2403 302 2473 339">
     <span class='ocr_line' id='line_1_8' title="bbox 2403 302 2473 339; baseline 0.014 -12"><span class='ocrx_word' id='word_1_27' title='bbox 2403 302 2473 339; x_wconf 88' lang='lat'><strong>117</strong></span> 
     </span>
    </p>
   </div>
   <div class='ocr_carea' id='block_1_8' title="bbox 551 437 2179 520">
    <p class='ocr_par' dir='ltr' id='par_1_8' title="bbox 551 437 2179 520">
     <span class='ocr_line' id='line_1_9' title="bbox 551 437 2179 520; baseline 0.007 -28"><span class='ocrx_word' id='word_1_28' title='bbox 551 444 554 446; x_wconf 74' lang='grc'>’</span> <span class='ocrx_word' id='word_1_29' title='bbox 578 437 1065 497; x_wconf 75' lang='lat' dir='ltr'><strong>CAPITULUM</strong></span> <span class='ocrx_word' id='word_1_30' title='bbox 1102 443 1826 520; x_wconf 68' lang='lat' dir='ltr'><strong>QUADRAGESIMUM-</strong></span> <span class='ocrx_word' id='word_1_31' title='bbox 1855 448 2179 504; x_wconf 79' lang='lat' dir='ltr'>PRIMUM</span> 
     </span>
    </p>
   </div>
   <div class='ocr_carea' id='block_1_9' title="bbox 1179 561 1575 600">
    <p class='ocr_par' dir='ltr' id='par_1_9' title="bbox 1179 561 1575 600">
     <span class='ocr_line' id='line_1_10' title="bbox 1179 561 1575 600; baseline 0.005 -10"><span class='ocrx_word' id='word_1_32' title='bbox 1179 561 1208 590; x_wconf 92' lang='lat' dir='ltr'>A</span> <span class='ocrx_word' id='word_1_33' title='bbox 1234 561 1276 591; x_wconf 87' lang='lat' dir='ltr'><strong>5r</strong></span> <span class='ocrx_word' id='word_1_34' title='bbox 1306 570 1352 600; x_wconf 88' lang='lat' dir='ltr'><strong>a4</strong></span> <span class='ocrx_word' id='word_1_35' title='bbox 1375 562 1445 592; x_wconf 89' lang='lat' dir='ltr'><strong>sine</strong></span> <span class='ocrx_word' id='word_1_36' title='bbox 1468 562 1575 592; x_wconf 90' lang='lat' dir='ltr'><strong>titulo.</strong></span> 
     </span>
    </p>
   </div>
   <div class='ocr_carea' id='block_1_10' title="bbox 843 648 1900 701">
    <p class='ocr_par' dir='ltr' id='par_1_10' title="bbox 843 648 1900 701">
     <span class='ocr_line' id='line_1_11' title="bbox 843 648 1900 701; baseline 0.005 -12"><span class='ocrx_word' id='word_1_37' title='bbox 843 648 1018 701; x_wconf 76' lang='lat' dir='ltr'><strong>QUOD</strong></span> <span class='ocrx_word' id='word_1_38' title='bbox 1054 650 1346 692; x_wconf 84' lang='lat' dir='ltr'><strong>DEUSSIT</strong></span> <span class='ocrx_word' id='word_1_39' title='bbox 1380 652 1650 695; x_wconf 90' lang='lat' dir='ltr'><strong>SUMMUM</strong></span> <span class='ocrx_word' id='word_1_40' title='bbox 1681 653 1900 696; x_wconf 92' lang='lat' dir='ltr'><strong>BONUM</strong></span> 
     </span>
    </p>
   </div>
   <div class='ocr_carea' id='block_1_11' title="bbox 270 787 1379 1322">
    <p class='ocr_par' dir='ltr' id='par_1_11' title="bbox 294 787 1349 892">
     <span class='ocr_line' id='line_1_12' title="bbox 410 787 1349 838; baseline 0 -10"><span class='ocrx_word' id='word_1_41' title='bbox 410 827 414 835; x_wconf 82' lang='grc'><em>,</em></span> <span class='ocrx_word' id='word_1_42' title='bbox 460 803 506 828; x_wconf 87' lang='lat' dir='ltr'>x</span> <span class='ocrx_word' id='word_1_43' title='bbox 534 790 612 827; x_wconf 90' lang='lat' dir='ltr'><strong>hoc</strong></span> <span class='ocrx_word' id='word_1_44' title='bbox 639 797 772 827; x_wconf 89' lang='lat' dir='ltr'><strong>autem</strong></span> <span class='ocrx_word' id='word_1_45' title='bbox 800 787 1016 826; x_wconf 88' lang='lat' dir='ltr'>ostenditur</span> <span class='ocrx_word' id='word_1_46' title='bbox 1043 789 1152 838; x_wconf 88' lang='lat' dir='ltr'><strong>quod</strong></span> <span class='ocrx_word' id='word_1_47' title='bbox 1171 790 1279 827; x_wconf 92' lang='lat' dir='ltr'><strong>Deus</strong></span> <span class='ocrx_word' id='word_1_48' title='bbox 1303 790 1349 828; x_wconf 92' lang='lat' dir='ltr'><strong>sit</strong></span> 
     </span>
     <span class='ocr_line' id='line_1_13' title="bbox 294 842 894 892; baseline -0.003 -10"><span class='ocrx_word' id='word_1_49' title='bbox 294 865 305 873; x_wconf 51' lang='grc' dir='ltr'>ν</span> <span class='ocrx_word' id='word_1_50' title='bbox 377 845 406 886; x_wconf 61' lang='lat'><strong>⁴&gt;</strong></span> <span class='ocrx_word' id='word_1_51' title='bbox 433 842 469 892; x_wconf 54' lang='lat' dir='ltr'><strong><em>J</em></strong></span> <span class='ocrx_word' id='word_1_52' title='bbox 496 855 700 882; x_wconf 91' lang='lat' dir='ltr'><strong>summum</strong></span> <span class='ocrx_word' id='word_1_53' title='bbox 729 843 894 880; x_wconf 90' lang='lat' dir='ltr'><strong>bonum.</strong></span> 
     </span>
    </p>

    <p class='ocr_par' dir='ltr' id='par_1_12' title="bbox 270 893 1379 1322">
     <span class='ocr_line' id='line_1_14' title="bbox 308 893 1349 948; baseline 0.001 -14"><span class='ocrx_word' id='word_1_54' title='bbox 308 930 314 943; x_wconf 75' lang='grc'>,</span> <span class='ocrx_word' id='word_1_55' title='bbox 343 925 358 948; x_wconf 34' lang='lat' dir='ltr'><strong>t,</strong></span> <span class='ocrx_word' id='word_1_56' title='bbox 434 893 466 945; x_wconf 53' lang='grc' dir='ltr'><strong>’ζ</strong></span> <span class='ocrx_word' id='word_1_57' title='bbox 549 898 657 934; x_wconf 88' lang='lat' dir='ltr'><strong>Nam</strong></span> <span class='ocrx_word' id='word_1_58' title='bbox 692 896 846 934; x_wconf 90' lang='lat' dir='ltr'><strong>bonum</strong></span> <span class='ocrx_word' id='word_1_59' title='bbox 880 895 1100 933; x_wconf 87' lang='lat' dir='ltr'><strong>universale</strong></span> <span class='ocrx_word' id='word_1_60' title='bbox 1134 897 1349 945; x_wconf 87' lang='lat' dir='ltr'><strong>praeminet</strong></span> 
     </span>
     <span class='ocr_line' id='line_1_15' title="bbox 300 949 1347 1000; baseline -0.001 -11"><span class='ocrx_word' id='word_1_61' title='bbox 300 976 306 979; x_wconf 87' lang='lat'>-</span> <span class='ocrx_word' id='word_1_62' title='bbox 389 952 409 966; x_wconf 68' lang='grc'><strong>·’</strong></span> <span class='ocrx_word' id='word_1_63' title='bbox 495 950 652 988; x_wconf 86' lang='lat' dir='ltr'><strong>cuilibet</strong></span> <span class='ocrx_word' id='word_1_64' title='bbox 679 949 786 988; x_wconf 91' lang='lat' dir='ltr'><strong>bono</strong></span> <span class='ocrx_word' id='word_1_65' title='bbox 818 949 1054 1000; x_wconf 83' lang='lat' dir='ltr'>particulari,</span> <span class='ocrx_word' id='word_1_66' title='bbox 1084 949 1181 986; x_wconf 91' lang='lat' dir='ltr'><strong>sicut</strong></span> <span class='ocrx_word' id='word_1_67' title='bbox 1208 952 1347 988; x_wconf 82' lang='lat' dir='ltr'><strong>bonum</strong></span> 
     </span>
     <span class='ocr_line' id='line_1_16' title="bbox 270 1003 1379 1057; baseline 0 -15"><span class='ocrx_word' id='word_1_68' title='bbox 270 1007 393 1057; x_wconf 78' lang='lat' dir='ltr'><strong>gentis</strong></span> <span class='ocrx_word' id='word_1_69' title='bbox 426 1011 478 1042; x_wconf 87' lang='lat' dir='ltr'><strong>est</strong></span> <span class='ocrx_word' id='word_1_70' title='bbox 512 1005 644 1042; x_wconf 85' lang='lat' dir='ltr'><strong>melius</strong></span> <span class='ocrx_word' id='word_1_71' title='bbox 679 1016 792 1054; x_wconf 86' lang='lat' dir='ltr'><strong>quam</strong></span> <span class='ocrx_word' id='word_1_72' title='bbox 828 1005 968 1041; x_wconf 86' lang='lat' dir='ltr'><strong>bonum</strong></span> <span class='ocrx_word' id='word_1_73' title='bbox 1005 1004 1114 1040; x_wconf 84' lang='lat' dir='ltr'><strong>unius</strong></span> <span class='ocrx_word' id='word_1_74' title='bbox 1131 1003 1166 1040; x_wconf 72' lang='grc' dir='ltr'><strong>*ε</strong></span> <span class='ocrx_word' id='word_1_75' title='bbox 1196 1004 1379 1042; x_wconf 81' lang='lat' dir='ltr'><strong>bonitasx</strong></span> 
     </span>
     <span class='ocr_line' id='line_1_17' title="bbox 271 1056 1347 1107; baseline -0.002 -10"><span class='ocrx_word' id='word_1_76' title='bbox 271 1059 379 1097; x_wconf 91' lang='lat' dir='ltr'><strong>enim</strong></span> <span class='ocrx_word' id='word_1_77' title='bbox 412 1058 531 1096; x_wconf 91' lang='lat' dir='ltr'><strong>totius</strong></span> <span class='ocrx_word' id='word_1_78' title='bbox 566 1066 604 1095; x_wconf 87' lang='lat' dir='ltr'><strong>et</strong></span> <span class='ocrx_word' id='word_1_79' title='bbox 638 1057 823 1107; x_wconf 83' lang='lat' dir='ltr'>perfectio</span> <span class='ocrx_word' id='word_1_80' title='bbox 862 1056 1078 1107; x_wconf 89' lang='lat' dir='ltr'><strong>praeminet</strong></span> <span class='ocrx_word' id='word_1_81' title='bbox 1115 1057 1274 1095; x_wconf 87' lang='lat' dir='ltr'><strong>bonitati</strong></span> <span class='ocrx_word' id='word_1_82' title='bbox 1311 1067 1347 1095; x_wconf 92' lang='lat' dir='ltr'><strong>et</strong></span> 
     </span>
     <span class='ocr_line' id='line_1_18' title="bbox 270 1110 1349 1163; baseline -0.002 -12"><span class='ocrx_word' id='word_1_83' title='bbox 270 1112 496 1163; x_wconf 82' lang='lat' dir='ltr'><strong>perfectioni</strong></span> <span class='ocrx_word' id='word_1_84' title='bbox 514 1111 644 1162; x_wconf 87' lang='lat' dir='ltr'><strong>partis.</strong></span> <span class='ocrx_word' id='word_1_85' title='bbox 674 1111 752 1149; x_wconf 89' lang='lat' dir='ltr'><strong>Sed</strong></span> <span class='ocrx_word' id='word_1_86' title='bbox 771 1110 905 1148; x_wconf 85' lang='lat' dir='ltr'><strong>divina</strong></span> <span class='ocrx_word' id='word_1_87' title='bbox 924 1110 1076 1148; x_wconf 84' lang='lat' dir='ltr'>bonitas</span> <span class='ocrx_word' id='word_1_88' title='bbox 1099 1120 1349 1160; x_wconf 88' lang='lat' dir='ltr'><strong>comparatur</strong></span> 
     </span>
     <span class='ocr_line' id='line_1_19' title="bbox 271 1164 1347 1214; baseline -0.002 -9"><span class='ocrx_word' id='word_1_89' title='bbox 271 1167 321 1205; x_wconf 86' lang='lat' dir='ltr'><strong>ad</strong></span> <span class='ocrx_word' id='word_1_90' title='bbox 349 1165 484 1204; x_wconf 89' lang='lat' dir='ltr'><strong>omnia</strong></span> <span class='ocrx_word' id='word_1_91' title='bbox 511 1165 586 1203; x_wconf 88' lang='lat' dir='ltr'><strong>alia</strong></span> <span class='ocrx_word' id='word_1_92' title='bbox 612 1164 711 1202; x_wconf 90' lang='lat' dir='ltr'><strong>sicut</strong></span> <span class='ocrx_word' id='word_1_93' title='bbox 737 1164 956 1202; x_wconf 88' lang='lat' dir='ltr'><strong>universale</strong></span> <span class='ocrx_word' id='word_1_94' title='bbox 975 1164 1127 1202; x_wconf 90' lang='lat' dir='ltr'><strong>bonum</strong></span> <span class='ocrx_word' id='word_1_95' title='bbox 1156 1165 1205 1202; x_wconf 89' lang='lat' dir='ltr'><strong>ad</strong></span> <span class='ocrx_word' id='word_1_96' title='bbox 1233 1165 1347 1214; x_wconf 90' lang='lat' dir='ltr'><strong>parti·</strong></span> 
     </span>
     <span class='ocr_line' id='line_1_20' title="bbox 270 1217 1347 1264; baseline -0.003 -6"><span class='ocrx_word' id='word_1_97' title='bbox 270 1221 418 1258; x_wconf 84' lang='lat' dir='ltr'><strong>culare:</strong></span> <span class='ocrx_word' id='word_1_98' title='bbox 447 1230 542 1257; x_wconf 88' lang='lat' dir='ltr'><strong>curn</strong></span> <span class='ocrx_word' id='word_1_99' title='bbox 567 1217 616 1255; x_wconf 93' lang='lat' dir='ltr'><strong>sit</strong></span> <span class='ocrx_word' id='word_1_100' title='bbox 641 1220 763 1256; x_wconf 89' lang='lat' dir='ltr'><strong>omnis</strong></span> <span class='ocrx_word' id='word_1_101' title='bbox 790 1220 882 1256; x_wconf 86' lang='lat' dir='ltr'><strong>boni</strong></span> <span class='ocrx_word' id='word_1_102' title='bbox 906 1219 1060 1264; x_wconf 79' lang='lat' dir='ltr'><strong>bonum,</strong></span> <span class='ocrx_word' id='word_1_103' title='bbox 1080 1226 1123 1255; x_wconf 91' lang='lat' dir='ltr'><strong>ut</strong></span> <span class='ocrx_word' id='word_1_104' title='bbox 1146 1226 1347 1256; x_wconf 91' lang='lat' dir='ltr'><strong>ostensum</strong></span> 
     </span>
     <span class='ocr_line' id='line_1_21' title="bbox 270 1271 1153 1322; baseline -0.002 -11"><span class='ocrx_word' id='word_1_105' title='bbox 270 1281 328 1312; x_wconf 80' lang='lat' dir='ltr'><strong>est</strong></span> <span class='ocrx_word' id='word_1_106' title='bbox 345 1273 378 1310; x_wconf 76' lang='lat'><strong>¹⁸⁸.</strong></span> <span class='ocrx_word' id='word_1_107' title='bbox 407 1271 477 1310; x_wconf 89' lang='lat' dir='ltr'><strong>Est</strong></span> <span class='ocrx_word' id='word_1_108' title='bbox 504 1271 618 1321; x_wconf 83' lang='lat' dir='ltr'><strong>igitur</strong></span> <span class='ocrx_word' id='word_1_109' title='bbox 644 1271 727 1322; x_wconf 92' lang='lat' dir='ltr'><strong>ipse</strong></span> <span class='ocrx_word' id='word_1_110' title='bbox 755 1283 960 1309; x_wconf 91' lang='lat' dir='ltr'><strong>summum</strong></span> <span class='ocrx_word' id='word_1_111' title='bbox 988 1272 1153 1309; x_wconf 88' lang='lat' dir='ltr'><strong>bonum.</strong></span> 
     </span>
    </p>
   </div>
   <div class='ocr_carea' id='block_1_12' title="bbox 271 793 485 996">
    <p class='ocr_par' dir='ltr' id='par_1_13' title="bbox 271 793 485 996">
     <span class='ocr_line' id='line_1_22' title="bbox 271 793 485 996; baseline 0 0"><span class='ocrx_word' id='word_1_112' title='bbox 271 793 485 996; x_wconf 95' lang='lat' dir='ltr'><strong>  </strong></span> 
     </span>
    </p>
   </div>
   <div class='ocr_carea' id='block_1_13' title="bbox 259 1325 1347 1376">
    <p class='ocr_par' dir='ltr' id='par_1_14' title="bbox 259 1325 1347 1376">
     <span class='ocr_line' id='line_1_23' title="bbox 259 1325 1347 1376; baseline -0.003 -11"><span class='ocrx_word' id='word_1_113' title='bbox 259 1327 542 1369; x_wconf 33' lang='lat' dir='ltr'><strong>*afficta-ea.</strong></span> <span class='ocrx_word' id='word_1_114' title='bbox 570 1325 614 1363; x_wconf 86' lang='lat' dir='ltr'><strong>ld</strong></span> <span class='ocrx_word' id='word_1_115' title='bbox 641 1325 750 1375; x_wconf 92' lang='lat' dir='ltr'><strong>quod</strong></span> <span class='ocrx_word' id='word_1_116' title='bbox 778 1337 850 1376; x_wconf 89' lang='lat' dir='ltr'><strong>per</strong></span> <span class='ocrx_word' id='word_1_117' title='bbox 877 1325 1084 1363; x_wconf 87' lang='lat' dir='ltr'><strong>essentiam</strong></span> <span class='ocrx_word' id='word_1_118' title='bbox 1111 1325 1261 1370; x_wconf 87' lang='lat' dir='ltr'><strong>dicitur,</strong></span> <span class='ocrx_word' id='word_1_119' title='bbox 1281 1338 1347 1363; x_wconf 88' lang='lat' dir='ltr'><strong>ve-</strong></span> 
     </span>
    </p>
   </div>
   <div class='ocr_carea' id='block_1_14' title="bbox 268 1378 1347 1688">
    <p class='ocr_par' dir='ltr' id='par_1_15' title="bbox 268 1378 1347 1597">
     <span class='ocr_line' id='line_1_24' title="bbox 270 1378 1347 1430; baseline -0.003 -11"><span class='ocrx_word' id='word_1_120' title='bbox 270 1379 354 1419; x_wconf 73' lang='lat' dir='ltr'><strong>rius</strong></span> <span class='ocrx_word' id='word_1_121' title='bbox 371 1379 512 1418; x_wconf 85' lang='lat' dir='ltr'><strong>dicitur</strong></span> <span class='ocrx_word' id='word_1_122' title='bbox 529 1391 652 1430; x_wconf 90' lang='lat' dir='ltr'><strong>quam</strong></span> <span class='ocrx_word' id='word_1_123' title='bbox 671 1379 711 1417; x_wconf 93' lang='lat' dir='ltr'><strong>id</strong></span> <span class='ocrx_word' id='word_1_124' title='bbox 725 1379 834 1429; x_wconf 91' lang='lat' dir='ltr'><strong>quod</strong></span> <span class='ocrx_word' id='word_1_125' title='bbox 854 1387 911 1417; x_wconf 87' lang='lat' dir='ltr'><strong>est</strong></span> <span class='ocrx_word' id='word_1_126' title='bbox 929 1391 1000 1429; x_wconf 93' lang='lat' dir='ltr'><strong>per</strong></span> <span class='ocrx_word' id='word_1_127' title='bbox 1013 1378 1347 1429; x_wconf 83' lang='lat' dir='ltr'><strong>participationem</strong></span> 
     </span>
     <span class='ocr_line' id='line_1_25' title="bbox 268 1433 1347 1483; baseline -0.003 -10"><span class='ocrx_word' id='word_1_128' title='bbox 268 1433 432 1474; x_wconf 76' lang='lat' dir='ltr'><strong>&#39;dictum-</strong></span> <span class='ocrx_word' id='word_1_129' title='bbox 457 1434 537 1472; x_wconf 91' lang='lat' dir='ltr'><strong>Sed</strong></span> <span class='ocrx_word' id='word_1_130' title='bbox 556 1434 665 1471; x_wconf 92' lang='lat' dir='ltr'><strong>Deus</strong></span> <span class='ocrx_word' id='word_1_131' title='bbox 684 1441 740 1470; x_wconf 93' lang='lat' dir='ltr'><strong>est</strong></span> <span class='ocrx_word' id='word_1_132' title='bbox 758 1433 887 1471; x_wconf 90' lang='lat' dir='ltr'><strong>bonus</strong></span> <span class='ocrx_word' id='word_1_133' title='bbox 906 1445 978 1483; x_wconf 91' lang='lat' dir='ltr'><strong>per</strong></span> <span class='ocrx_word' id='word_1_134' title='bbox 995 1445 1109 1470; x_wconf 85' lang='lat' dir='ltr'><strong>suam</strong></span> <span class='ocrx_word' id='word_1_135' title='bbox 1128 1433 1347 1479; x_wconf 84' lang='lat' dir='ltr'><strong>essentiam,</strong></span> 
     </span>
     <span class='ocr_line' id='line_1_26' title="bbox 270 1486 1347 1538; baseline -0.004 -11"><span class='ocrx_word' id='word_1_136' title='bbox 270 1487 347 1527; x_wconf 76' lang='lat' dir='ltr'><strong>alia</strong></span> <span class='ocrx_word' id='word_1_137' title='bbox 372 1499 469 1530; x_wconf 84' lang='lat' dir='ltr'><strong>vero</strong></span> <span class='ocrx_word' id='word_1_138' title='bbox 496 1498 568 1538; x_wconf 89' lang='lat' dir='ltr'><strong>per</strong></span> <span class='ocrx_word' id='word_1_139' title='bbox 593 1486 942 1537; x_wconf 84' lang='lat' dir='ltr'><strong>participationem,</strong></span> <span class='ocrx_word' id='word_1_140' title='bbox 963 1495 1006 1524; x_wconf 93' lang='lat' dir='ltr'><strong>ut</strong></span> <span class='ocrx_word' id='word_1_141' title='bbox 1026 1494 1227 1524; x_wconf 86' lang='lat' dir='ltr'><strong>ostensum</strong></span> <span class='ocrx_word' id='word_1_142' title='bbox 1247 1494 1303 1524; x_wconf 90' lang='lat' dir='ltr'><strong>est</strong></span> <span class='ocrx_word' id='word_1_143' title='bbox 1316 1487 1347 1523; x_wconf 73' lang='lat'><strong>¹¹².</strong></span> 
     </span>
     <span class='ocr_line' id='line_1_27' title="bbox 272 1540 1020 1597; baseline -0.003 -17"><span class='ocrx_word' id='word_1_144' title='bbox 272 1542 351 1580; x_wconf 78' lang='lat' dir='ltr'><strong>Est·</strong></span> <span class='ocrx_word' id='word_1_145' title='bbox 368 1540 484 1597; x_wconf 78' lang='lat' dir='ltr'><strong>igitur</strong></span> <span class='ocrx_word' id='word_1_146' title='bbox 510 1541 592 1597; x_wconf 88' lang='lat' dir='ltr'><strong>ipse</strong></span> <span class='ocrx_word' id='word_1_147' title='bbox 620 1553 827 1578; x_wconf 90' lang='lat' dir='ltr'><strong>summum</strong></span> <span class='ocrx_word' id='word_1_148' title='bbox 855 1541 1020 1578; x_wconf 91' lang='lat' dir='ltr'><strong>bonum.</strong></span> 
     </span>
    </p>

    <p class='ocr_par' dir='ltr' id='par_1_16' title="bbox 726 1653 1322 1688">
     <span class='ocr_line' id='line_1_28' title="bbox 726 1653 1322 1688; baseline 0 -7"><span class='ocrx_word' id='word_1_149' title='bbox 726 1656 789 1682; x_wconf 67' lang='lat' dir='ltr'><strong>inei.</strong></span> <span class='ocrx_word' id='word_1_150' title='bbox 809 1655 877 1681; x_wconf 74' lang='lat' dir='ltr'><strong>Item</strong></span> <span class='ocrx_word' id='word_1_151' title='bbox 896 1654 924 1681; x_wconf 82' lang='lat'><strong>6.</strong></span> <span class='ocrx_word' id='word_1_152' title='bbox 1012 1662 1031 1686; x_wconf 90' lang='grc'><strong>4</strong></span> <span class='ocrx_word' id='word_1_153' title='bbox 1049 1654 1165 1688; x_wconf 78' lang='lat' dir='ltr'><strong>cuilibet]</strong></span> <span class='ocrx_word' id='word_1_154' title='bbox 1183 1655 1257 1680; x_wconf 84' lang='lat' dir='ltr'><strong>omni</strong></span> <span class='ocrx_word' id='word_1_155' title='bbox 1275 1653 1322 1681; x_wconf 74' lang='lat' dir='ltr'><strong>Pe.</strong></span> 
     </span>
    </p>
   </div>
   <div class='ocr_carea' id='block_1_15' title="bbox 270 1648 1033 1727">
    <p class='ocr_par' dir='ltr' id='par_1_17' title="bbox 270 1648 1033 1727">
     <span class='ocr_line' id='line_1_29' title="bbox 270 1648 725 1691; baseline 0.009 -12"><span class='ocrx_word' id='word_1_156' title='bbox 270 1648 274 1653; x_wconf 69' lang='grc'><em>’</em></span> <span class='ocrx_word' id='word_1_157' title='bbox 292 1677 294 1679; x_wconf 92' lang='grc'>.</span> <span class='ocrx_word' id='word_1_158' title='bbox 319 1657 343 1684; x_wconf 74' lang='grc'><strong>’3</strong></span> <span class='ocrx_word' id='word_1_159' title='bbox 357 1657 510 1691; x_wconf 62' lang='lat' dir='ltr'><strong>:pt-eminet</strong></span> <span class='ocrx_word' id='word_1_160' title='bbox 526 1656 600 1687; x_wconf 74' lang='lat' dir='ltr'><strong>Dw3</strong></span> <span class='ocrx_word' id='word_1_161' title='bbox 617 1663 725 1690; x_wconf 77' lang='lat' dir='ltr'><strong>praeem</strong></span> 
     </span>
     <span class='ocr_line' id='line_1_30' title="bbox 325 1691 1033 1727; baseline -0.006 -7"><span class='ocrx_word' id='word_1_162' title='bbox 325 1692 344 1720; x_wconf 77' lang='lat'>8</span> <span class='ocrx_word' id='word_1_163' title='bbox 361 1693 460 1720; x_wconf 77' lang='lat' dir='ltr'><strong>Sed...</strong></span> <span class='ocrx_word' id='word_1_164' title='bbox 477 1693 661 1727; x_wconf 64' lang='lat' dir='ltr'><strong>impes-mim·</strong></span> <span class='ocrx_word' id='word_1_165' title='bbox 680 1692 743 1718; x_wconf 77' lang='lat' dir='ltr'><strong>hom</strong></span> <span class='ocrx_word' id='word_1_166' title='bbox 762 1699 806 1718; x_wconf 74' lang='lat' dir='ltr'><strong>oin</strong></span> <span class='ocrx_word' id='word_1_167' title='bbox 819 1691 916 1722; x_wconf 79' lang='lat' dir='ltr'><strong>GYZb,</strong></span> <span class='ocrx_word' id='word_1_168' title='bbox 934 1691 1033 1717; x_wconf 88' lang='lat' dir='ltr'><strong>Sed...</strong></span> 
     </span>
    </p>
   </div>
   <div class='ocr_carea' id='block_1_16' title="bbox 1053 1690 1421 1724">
    <p class='ocr_par' dir='ltr' id='par_1_18' title="bbox 1053 1690 1421 1724">
     <span class='ocr_line' id='line_1_31' title="bbox 1053 1690 1421 1724; baseline 0 -8"><span class='ocrx_word' id='word_1_169' title='bbox 1053 1690 1243 1724; x_wconf 69' lang='lat' dir='ltr'><strong>impermixtius</strong></span> <span class='ocrx_word' id='word_1_170' title='bbox 1261 1690 1421 1716; x_wconf 85' lang='lat' dir='ltr'><strong>BCENWX.</strong></span> 
     </span>
    </p>
   </div>
   <div class='ocr_carea' id='block_1_17' title="bbox 1401 793 2476 1272">
    <p class='ocr_par' dir='ltr' id='par_1_19' title="bbox 1403 793 2475 1055">
     <span class='ocr_line' id='line_1_32' title="bbox 1457 793 2474 847; baseline 0.006 -18"><span class='ocrx_word' id='word_1_171' title='bbox 1457 793 1564 830; x_wconf 89' lang='lat' dir='ltr'><strong>Item.</strong></span> <span class='ocrx_word' id='word_1_172' title='bbox 1591 793 1703 835; x_wconf 86' lang='lat' dir='ltr'><strong>Quod</strong></span> <span class='ocrx_word' id='word_1_173' title='bbox 1719 798 1770 830; x_wconf 79' lang='lat' dir='ltr'><strong>est</strong></span> <span class='ocrx_word' id='word_1_174' title='bbox 1789 796 2000 832; x_wconf 84' lang='lat' dir='ltr'><strong>maximum</strong></span> <span class='ocrx_word' id='word_1_175' title='bbox 2024 796 2062 832; x_wconf 91' lang='lat' dir='ltr'><strong>in</strong></span> <span class='ocrx_word' id='word_1_176' title='bbox 2091 808 2317 845; x_wconf 84' lang='lat' dir='ltr'><strong>unoquoque</strong></span> <span class='ocrx_word' id='word_1_177' title='bbox 2333 809 2474 847; x_wconf 82' lang='lat' dir='ltr'><strong>genere</strong></span> 
     </span>
     <span class='ocr_line' id='line_1_33' title="bbox 1403 847 2474 899; baseline 0.006 -17"><span class='ocrx_word' id='word_1_178' title='bbox 1403 851 1454 882; x_wconf 81' lang='lat' dir='ltr'><strong>est</strong></span> <span class='ocrx_word' id='word_1_179' title='bbox 1473 858 1587 883; x_wconf 86' lang='lat' dir='ltr'><strong>causa</strong></span> <span class='ocrx_word' id='word_1_180' title='bbox 1606 847 1768 884; x_wconf 88' lang='lat' dir='ltr'><strong>aliorum</strong></span> <span class='ocrx_word' id='word_1_181' title='bbox 1788 860 1886 897; x_wconf 86' lang='lat' dir='ltr'><strong>quae</strong></span> <span class='ocrx_word' id='word_1_182' title='bbox 1901 854 1985 884; x_wconf 83' lang='lat' dir='ltr'><strong>sunt</strong></span> <span class='ocrx_word' id='word_1_183' title='bbox 2004 850 2041 885; x_wconf 90' lang='lat' dir='ltr'><strong>in</strong></span> <span class='ocrx_word' id='word_1_184' title='bbox 2062 849 2125 886; x_wconf 86' lang='lat' dir='ltr'><strong>illo</strong></span> <span class='ocrx_word' id='word_1_185' title='bbox 2143 861 2285 899; x_wconf 80' lang='lat' dir='ltr'><strong>genere</strong></span> <span class='ocrx_word' id='word_1_186' title='bbox 2301 849 2474 889; x_wconf 56' lang='lat' dir='ltr'><strong>*zcausa</strong></span> 
     </span>
     <span class='ocr_line' id='line_1_34' title="bbox 1403 898 2474 948; baseline 0.006 -13"><span class='ocrx_word' id='word_1_187' title='bbox 1403 898 1509 936; x_wconf 90' lang='lat' dir='ltr'><strong>enim</strong></span> <span class='ocrx_word' id='word_1_188' title='bbox 1537 899 1665 948; x_wconf 88' lang='lat' dir='ltr'><strong>potior</strong></span> <span class='ocrx_word' id='word_1_189' title='bbox 1691 908 1748 937; x_wconf 93' lang='lat' dir='ltr'><strong>est</strong></span> <span class='ocrx_word' id='word_1_190' title='bbox 1775 901 1927 939; x_wconf 85' lang='lat' dir='ltr'><strong>effectu.</strong></span> <span class='ocrx_word' id='word_1_191' title='bbox 1963 902 2023 939; x_wconf 86' lang='lat' dir='ltr'><strong>Ex</strong></span> <span class='ocrx_word' id='word_1_192' title='bbox 2058 902 2144 939; x_wconf 93' lang='lat' dir='ltr'><strong>Deo</strong></span> <span class='ocrx_word' id='word_1_193' title='bbox 2179 910 2309 940; x_wconf 90' lang='lat' dir='ltr'><strong>autem</strong></span> <span class='ocrx_word' id='word_1_194' title='bbox 2342 903 2474 941; x_wconf 89' lang='lat' dir='ltr'><strong>omnia</strong></span> 
     </span>
     <span class='ocr_line' id='line_1_35' title="bbox 1403 952 2475 1011; baseline 0.005 -22"><span class='ocrx_word' id='word_1_195' title='bbox 1403 952 1548 1011; x_wconf 68' lang='lat' dir='ltr'><strong>liabent</strong></span> <span class='ocrx_word' id='word_1_196' title='bbox 1586 953 1775 991; x_wconf 90' lang='lat' dir='ltr'><strong>rationem</strong></span> <span class='ocrx_word' id='word_1_197' title='bbox 1800 954 1919 1000; x_wconf 88' lang='lat' dir='ltr'><strong>boni,</strong></span> <span class='ocrx_word' id='word_1_198' title='bbox 1955 962 1998 992; x_wconf 91' lang='lat' dir='ltr'><strong>ut</strong></span> <span class='ocrx_word' id='word_1_199' title='bbox 2035 963 2236 993; x_wconf 88' lang='lat' dir='ltr'><strong>ostensum</strong></span> <span class='ocrx_word' id='word_1_200' title='bbox 2270 963 2329 994; x_wconf 85' lang='lat' dir='ltr'><strong>est</strong></span> <span class='ocrx_word' id='word_1_201' title='bbox 2345 956 2378 994; x_wconf 73' lang='grc'><strong>*.</strong></span> <span class='ocrx_word' id='word_1_202' title='bbox 2406 957 2475 996; x_wconf 91' lang='lat' dir='ltr'><strong>Est</strong></span> 
     </span>
     <span class='ocr_line' id='line_1_36' title="bbox 1403 1005 2049 1055; baseline 0.005 -13"><span class='ocrx_word' id='word_1_203' title='bbox 1403 1005 1517 1054; x_wconf 83' lang='lat' dir='ltr'><strong>igitur</strong></span> <span class='ocrx_word' id='word_1_204' title='bbox 1544 1006 1625 1055; x_wconf 90' lang='lat' dir='ltr'><strong>ipse</strong></span> <span class='ocrx_word' id='word_1_205' title='bbox 1654 1019 1858 1045; x_wconf 90' lang='lat' dir='ltr'><strong>summum</strong></span> <span class='ocrx_word' id='word_1_206' title='bbox 1886 1007 2049 1045; x_wconf 92' lang='lat' dir='ltr'><strong>bonum.</strong></span> 
     </span>
    </p>

    <p class='ocr_par' dir='ltr' id='par_1_20' title="bbox 1401 1059 2476 1272">
     <span class='ocr_line' id='line_1_37' title="bbox 1456 1059 2475 1112; baseline 0.005 -16"><span class='ocrx_word' id='word_1_207' title='bbox 1456 1059 1647 1109; x_wconf 80' lang='lat' dir='ltr'><strong>Amplius,</strong></span> <span class='ocrx_word' id='word_1_208' title='bbox 1696 1059 1803 1098; x_wconf 91' lang='lat' dir='ltr'><strong>Sicut</strong></span> <span class='ocrx_word' id='word_1_209' title='bbox 1847 1061 1973 1099; x_wconf 87' lang='lat' dir='ltr'><strong>albius</strong></span> <span class='ocrx_word' id='word_1_210' title='bbox 2018 1069 2074 1098; x_wconf 91' lang='lat' dir='ltr'><strong>est</strong></span> <span class='ocrx_word' id='word_1_211' title='bbox 2114 1062 2225 1111; x_wconf 91' lang='lat' dir='ltr'><strong>quod</strong></span> <span class='ocrx_word' id='word_1_212' title='bbox 2265 1070 2321 1100; x_wconf 90' lang='lat' dir='ltr'><strong>est</strong></span> <span class='ocrx_word' id='word_1_213' title='bbox 2366 1063 2475 1112; x_wconf 86' lang='lat' dir='ltr'><strong>nigro</strong></span> 
     </span>
     <span class='ocr_line' id='line_1_38' title="bbox 1401 1112 2476 1164; baseline 0.005 -15"><span class='ocrx_word' id='word_1_214' title='bbox 1401 1112 1695 1161; x_wconf 88' lang='lat' dir='ltr'><strong>impermixtius,</strong></span> <span class='ocrx_word' id='word_1_215' title='bbox 1725 1114 1775 1151; x_wconf 91' lang='lat' dir='ltr'><strong>ita</strong></span> <span class='ocrx_word' id='word_1_216' title='bbox 1803 1114 1943 1152; x_wconf 89' lang='lat' dir='ltr'><strong>melius</strong></span> <span class='ocrx_word' id='word_1_217' title='bbox 1970 1122 2027 1151; x_wconf 89' lang='lat' dir='ltr'><strong>est</strong></span> <span class='ocrx_word' id='word_1_218' title='bbox 2053 1115 2161 1164; x_wconf 92' lang='lat' dir='ltr'><strong>quod</strong></span> <span class='ocrx_word' id='word_1_219' title='bbox 2190 1123 2246 1152; x_wconf 91' lang='lat' dir='ltr'><strong>est</strong></span> <span class='ocrx_word' id='word_1_220' title='bbox 2273 1117 2377 1153; x_wconf 93' lang='lat' dir='ltr'><strong>malo</strong></span> <span class='ocrx_word' id='word_1_221' title='bbox 2405 1116 2476 1154; x_wconf 90' lang='lat' dir='ltr'><strong>im-</strong></span> 
     </span>
     <span class='ocr_line' id='line_1_39' title="bbox 1401 1166 2475 1225; baseline 0.004 -22"><span class='ocrx_word' id='word_1_222' title='bbox 1401 1166 1639 1225; x_wconf 66' lang='lat' dir='ltr'><strong>permixtius</strong></span> <span class='ocrx_word' id='word_1_223' title='bbox 1678 1167 1756 1204; x_wconf 94' lang='lat' dir='ltr'><strong>Sed</strong></span> <span class='ocrx_word' id='word_1_224' title='bbox 1785 1168 1892 1205; x_wconf 90' lang='lat' dir='ltr'><strong>Deus</strong></span> <span class='ocrx_word' id='word_1_225' title='bbox 1920 1176 1976 1205; x_wconf 88' lang='lat' dir='ltr'><strong>est</strong></span> <span class='ocrx_word' id='word_1_226' title='bbox 2003 1168 2173 1206; x_wconf 87' lang='lat' dir='ltr'><strong>maxime</strong></span> <span class='ocrx_word' id='word_1_227' title='bbox 2201 1170 2306 1207; x_wconf 87' lang='lat' dir='ltr'><strong>malo</strong></span> <span class='ocrx_word' id='word_1_228' title='bbox 2334 1169 2475 1219; x_wconf 89' lang='lat' dir='ltr'><strong>imper-</strong></span> 
     </span>
     <span class='ocr_line' id='line_1_40' title="bbox 1401 1220 2475 1272; baseline 0.004 -16"><span class='ocrx_word' id='word_1_229' title='bbox 1401 1227 1561 1256; x_wconf 79' lang='lat' dir='ltr'><strong>mixtus:</strong></span> <span class='ocrx_word' id='word_1_230' title='bbox 1591 1232 1683 1270; x_wconf 81' lang='lat' dir='ltr'><strong>quia</strong></span> <span class='ocrx_word' id='word_1_231' title='bbox 1711 1220 1751 1257; x_wconf 91' lang='lat' dir='ltr'><strong>in</strong></span> <span class='ocrx_word' id='word_1_232' title='bbox 1778 1233 1827 1258; x_wconf 94' lang='lat' dir='ltr'><strong>eo</strong></span> <span class='ocrx_word' id='word_1_233' title='bbox 1855 1233 1927 1258; x_wconf 91' lang='lat' dir='ltr'><strong>nec</strong></span> <span class='ocrx_word' id='word_1_234' title='bbox 1955 1229 2042 1259; x_wconf 89' lang='lat' dir='ltr'><strong>actu</strong></span> <span class='ocrx_word' id='word_1_235' title='bbox 2079 1234 2152 1260; x_wconf 91' lang='lat' dir='ltr'><strong>nec</strong></span> <span class='ocrx_word' id='word_1_236' title='bbox 2187 1222 2359 1272; x_wconf 84' lang='lat' dir='ltr'><strong>potentia</strong></span> <span class='ocrx_word' id='word_1_237' title='bbox 2392 1235 2475 1260; x_wconf 84' lang='lat' dir='ltr'><strong>ma-</strong></span> 
     </span>
    </p>
   </div>
   <div class='ocr_carea' id='block_1_18' title="bbox 1362 1274 2475 1323">
    <p class='ocr_par' dir='ltr' id='par_1_21' title="bbox 1362 1274 2475 1323">
     <span class='ocr_line' id='line_1_41' title="bbox 1362 1274 2475 1323; baseline 0.004 -14"><span class='ocrx_word' id='word_1_238' title='bbox 1362 1287 1389 1302; x_wconf 75' lang='grc' dir='ltr'><strong>ιο</strong></span> <span class='ocrx_word' id='word_1_239' title='bbox 1401 1274 1485 1310; x_wconf 90' lang='lat' dir='ltr'><strong>lum</strong></span> <span class='ocrx_word' id='word_1_240' title='bbox 1513 1285 1596 1310; x_wconf 92' lang='lat' dir='ltr'><strong>esse</strong></span> <span class='ocrx_word' id='word_1_241' title='bbox 1625 1281 1760 1323; x_wconf 89' lang='lat' dir='ltr'><strong>potest,</strong></span> <span class='ocrx_word' id='word_1_242' title='bbox 1790 1282 1827 1312; x_wconf 93' lang='lat' dir='ltr'><strong>et</strong></span> <span class='ocrx_word' id='word_1_243' title='bbox 1855 1275 1932 1312; x_wconf 91' lang='lat' dir='ltr'><strong>hoc</strong></span> <span class='ocrx_word' id='word_1_244' title='bbox 1959 1275 1994 1312; x_wconf 91' lang='lat' dir='ltr'><strong>ei</strong></span> <span class='ocrx_word' id='word_1_245' title='bbox 2022 1287 2069 1313; x_wconf 90' lang='lat' dir='ltr'><strong>ex</strong></span> <span class='ocrx_word' id='word_1_246' title='bbox 2097 1275 2168 1313; x_wconf 81' lang='lat' dir='ltr'><strong>sua</strong></span> <span class='ocrx_word' id='word_1_247' title='bbox 2199 1283 2337 1314; x_wconf 89' lang='lat' dir='ltr'><strong>natura</strong></span> <span class='ocrx_word' id='word_1_248' title='bbox 2369 1288 2475 1314; x_wconf 89' lang='lat' dir='ltr'><strong>com-</strong></span> 
     </span>
    </p>
   </div>
   <div class='ocr_carea' id='block_1_19' title="bbox 1401 1325 2476 1524">
    <p class='ocr_par' dir='ltr' id='par_1_22' title="bbox 1401 1325 2475 1418">
     <span class='ocr_line' id='line_1_42' title="bbox 1401 1325 2475 1378; baseline 0.004 -15"><span class='ocrx_word' id='word_1_249' title='bbox 1401 1325 1504 1375; x_wconf 87' lang='lat' dir='ltr'><strong>petit,</strong></span> <span class='ocrx_word' id='word_1_250' title='bbox 1526 1334 1568 1364; x_wconf 90' lang='lat' dir='ltr'><strong>ut</strong></span> <span class='ocrx_word' id='word_1_251' title='bbox 1586 1334 1786 1365; x_wconf 89' lang='lat' dir='ltr'><strong>ostensum</strong></span> <span class='ocrx_word' id='word_1_252' title='bbox 1815 1336 1872 1365; x_wconf 89' lang='lat' dir='ltr'><strong>est</strong></span> <span class='ocrx_word' id='word_1_253' title='bbox 1889 1328 1920 1366; x_wconf 81' lang='grc'><strong>*.</strong></span> <span class='ocrx_word' id='word_1_254' title='bbox 1950 1329 2018 1366; x_wconf 92' lang='lat' dir='ltr'><strong>Est</strong></span> <span class='ocrx_word' id='word_1_255' title='bbox 2041 1328 2154 1377; x_wconf 86' lang='lat' dir='ltr'><strong>igitur</strong></span> <span class='ocrx_word' id='word_1_256' title='bbox 2172 1329 2253 1378; x_wconf 88' lang='lat' dir='ltr'><strong>ipse</strong></span> <span class='ocrx_word' id='word_1_257' title='bbox 2272 1341 2475 1367; x_wconf 89' lang='lat' dir='ltr'><strong>summum</strong></span> 
     </span>
     <span class='ocr_line' id='line_1_43' title="bbox 1402 1380 1566 1418; baseline 0 -1"><span class='ocrx_word' id='word_1_258' title='bbox 1402 1380 1566 1418; x_wconf 91' lang='lat' dir='ltr'><strong>bonum.</strong></span> 
     </span>
    </p>

    <p class='ocr_par' dir='ltr' id='par_1_23' title="bbox 1402 1433 2476 1524">
     <span class='ocr_line' id='line_1_44' title="bbox 1402 1433 2476 1485; baseline 0.003 -15"><span class='ocrx_word' id='word_1_259' title='bbox 1402 1459 1406 1463; x_wconf 79' lang='lat'><strong>·</strong></span> <span class='ocrx_word' id='word_1_260' title='bbox 1457 1433 1561 1471; x_wconf 89' lang='lat' dir='ltr'><strong>Hinc</strong></span> <span class='ocrx_word' id='word_1_261' title='bbox 1579 1440 1636 1470; x_wconf 91' lang='lat' dir='ltr'><strong>est</strong></span> <span class='ocrx_word' id='word_1_262' title='bbox 1649 1433 1758 1483; x_wconf 91' lang='lat' dir='ltr'><strong>quod</strong></span> <span class='ocrx_word' id='word_1_263' title='bbox 1776 1433 1915 1472; x_wconf 89' lang='lat' dir='ltr'><strong>dicitur</strong></span> <span class='ocrx_word' id='word_1_264' title='bbox 1929 1436 1942 1472; x_wconf 92' lang='lat'>1</span> <span class='ocrx_word' id='word_1_265' title='bbox 1957 1436 2126 1485; x_wconf 79' lang='lat' dir='ltr'><strong>Reg.11²:</strong></span> <span class='ocrx_word' id='word_1_266' title='bbox 2148 1437 2239 1473; x_wconf 90' lang='lat' dir='ltr'><strong>Non</strong></span> <span class='ocrx_word' id='word_1_267' title='bbox 2259 1442 2310 1472; x_wconf 87' lang='lat' dir='ltr'><strong>est</strong></span> <span class='ocrx_word' id='word_1_268' title='bbox 2327 1442 2476 1474; x_wconf 81' lang='lat' dir='ltr'><strong>sanctus</strong></span> 
     </span>
     <span class='ocr_line' id='line_1_45' title="bbox 1405 1488 1747 1524; baseline 0 0"><span class='ocrx_word' id='word_1_269' title='bbox 1405 1493 1443 1524; x_wconf 84' lang='lat' dir='ltr'><strong>ut</strong></span> <span class='ocrx_word' id='word_1_270' title='bbox 1471 1493 1522 1524; x_wconf 87' lang='lat' dir='ltr'><strong>est</strong></span> <span class='ocrx_word' id='word_1_271' title='bbox 1550 1488 1747 1524; x_wconf 85' lang='lat' dir='ltr'><strong>Dominus.</strong></span> 
     </span>
    </p>
   </div>
   <div class='ocr_carea' id='block_1_20' title="bbox 1520 1690 2479 1724">
    <p class='ocr_par' dir='ltr' id='par_1_24' title="bbox 1520 1690 2479 1724">
     <span class='ocr_line' id='line_1_46' title="bbox 1520 1690 2479 1724; baseline 0.002 -10"><span class='ocrx_word' id='word_1_272' title='bbox 1520 1696 1552 1714; x_wconf 82' lang='lat' dir='ltr'><strong>io</strong></span> <span class='ocrx_word' id='word_1_273' title='bbox 1571 1690 1594 1715; x_wconf 89' lang='lat' dir='ltr'><strong>ei</strong></span> <span class='ocrx_word' id='word_1_274' title='bbox 1613 1697 1657 1715; x_wconf 86' lang='lat' dir='ltr'><strong>om</strong></span> <span class='ocrx_word' id='word_1_275' title='bbox 1677 1690 1729 1721; x_wconf 72' lang='lat' dir='ltr'><strong>Er,</strong></span> <span class='ocrx_word' id='word_1_276' title='bbox 1746 1693 1808 1722; x_wconf 82' lang='lat' dir='ltr'><strong>post</strong></span> <span class='ocrx_word' id='word_1_277' title='bbox 1827 1695 1918 1715; x_wconf 83' lang='lat' dir='ltr'><strong>natura</strong></span> <span class='ocrx_word' id='word_1_278' title='bbox 1943 1690 2035 1717; x_wconf 85' lang='lat' dir='ltr'><strong>GWY.</strong></span> <span class='ocrx_word' id='word_1_279' title='bbox 2145 1690 2177 1716; x_wconf 80' lang='lat'><strong>23</strong></span> <span class='ocrx_word' id='word_1_280' title='bbox 2197 1690 2289 1716; x_wconf 77' lang='lat' dir='ltr'><strong>dicitur</strong></span> <span class='ocrx_word' id='word_1_281' title='bbox 2306 1691 2316 1716; x_wconf 93' lang='lat'><em>1</em></span> <span class='ocrx_word' id='word_1_282' title='bbox 2335 1691 2400 1724; x_wconf 84' lang='lat' dir='ltr'><strong>Reg.</strong></span> <span class='ocrx_word' id='word_1_283' title='bbox 2418 1699 2438 1716; x_wconf 88' lang='grc' dir='ltr'><strong>ιι</strong></span> <span class='ocrx_word' id='word_1_284' title='bbox 2456 1692 2479 1716; x_wconf 82' lang='grc' dir='ltr'><strong>Α</strong></span> 
     </span>
    </p>
   </div>
   <div class='ocr_carea' id='block_1_21' title="bbox 271 1716 1517 1774">
    <p class='ocr_par' dir='ltr' id='par_1_25' title="bbox 271 1716 1517 1774">
     <span class='ocr_line' id='line_1_47' title="bbox 271 1716 1517 1774; baseline -0.005 -18"><span class='ocrx_word' id='word_1_285' title='bbox 271 1716 359 1774; x_wconf 44' lang='grc' dir='ltr'><strong>’ἔσβη</strong></span> <span class='ocrx_word' id='word_1_286' title='bbox 377 1736 433 1764; x_wconf 70' lang='lat' dir='ltr'><strong>reg.</strong></span> <span class='ocrx_word' id='word_1_287' title='bbox 451 1727 506 1763; x_wconf 73' lang='lat' dir='ltr'><strong>(mo</strong></span> <span class='ocrx_word' id='word_1_288' title='bbox 523 1728 616 1754; x_wconf 81' lang='lat' dir='ltr'><strong>dicitur</strong></span> <span class='ocrx_word' id='word_1_289' title='bbox 633 1735 718 1760; x_wconf 76' lang='lat' dir='ltr'><strong>supra</strong></span> <span class='ocrx_word' id='word_1_290' title='bbox 738 1726 796 1762; x_wconf 75' lang='lat' dir='ltr'><strong>ras)</strong></span> <span class='ocrx_word' id='word_1_291' title='bbox 817 1727 847 1758; x_wconf 91' lang='lat' dir='ltr'><strong>Z,</strong></span> <span class='ocrx_word' id='word_1_292' title='bbox 865 1726 875 1752; x_wconf 93' lang='lat' dir='ltr'><strong>l</strong></span> <span class='ocrx_word' id='word_1_293' title='bbox 891 1727 956 1760; x_wconf 73' lang='lat' dir='ltr'><strong>Reg.</strong></span> <span class='ocrx_word' id='word_1_294' title='bbox 971 1734 990 1752; x_wconf 90' lang='grc' dir='ltr'><strong>ιι</strong></span> <span class='ocrx_word' id='word_1_295' title='bbox 1009 1725 1102 1752; x_wconf 83' lang='lat' dir='ltr'><strong>dicitur</strong></span> <span class='ocrx_word' id='word_1_296' title='bbox 1121 1725 1175 1757; x_wconf 73' lang='lat' dir='ltr'><strong>NP3</strong></span> <span class='ocrx_word' id='word_1_297' title='bbox 1195 1725 1260 1752; x_wconf 87' lang='lat' dir='ltr'><strong>Exo.</strong></span> <span class='ocrx_word' id='word_1_298' title='bbox 1278 1733 1297 1751; x_wconf 89' lang='grc' dir='ltr'><strong>ιι</strong></span> <span class='ocrx_word' id='word_1_299' title='bbox 1316 1725 1409 1751; x_wconf 85' lang='lat' dir='ltr'><strong>dicitur</strong></span> <span class='ocrx_word' id='word_1_300' title='bbox 1426 1725 1517 1751; x_wconf 75' lang='lat' dir='ltr'><strong>ceteri.</strong></span> 
     </span>
    </p>
   </div>
   <div class='ocr_carea' id='block_1_22' title="bbox 1041 1815 1380 1849">
    <p class='ocr_par' dir='ltr' id='par_1_26' title="bbox 1041 1815 1380 1849">
     <span class='ocr_line' id='line_1_48' title="bbox 1041 1815 1380 1849; baseline -0.006 0"><span class='ocrx_word' id='word_1_301' title='bbox 1041 1815 1380 1849; x_wconf 73' lang='lat' dir='ltr'><strong>commentaria</strong></span> 
     </span>
    </p>
   </div>
   <div class='ocr_carea' id='block_1_23' title="bbox 261 1913 1357 3392">
    <p class='ocr_par' dir='ltr' id='par_1_27' title="bbox 271 1913 1357 2048">
     <span class='ocr_line' id='line_1_49' title="bbox 271 1913 1357 1949; baseline -0.002 -3"><span class='ocrx_word' id='word_1_302' title='bbox 271 1929 302 1948; x_wconf 57' lang='grc' dir='ltr'><strong>ν,</strong></span> <span class='ocrx_word' id='word_1_303' title='bbox 342 1925 492 1949; x_wconf 63' lang='lat' dir='ltr'><strong>onaan</strong></span> <span class='ocrx_word' id='word_1_304' title='bbox 514 1914 757 1947; x_wconf 81' lang='lat' dir='ltr'><strong>secundoloco</strong></span> <span class='ocrx_word' id='word_1_305' title='bbox 779 1914 918 1946; x_wconf 76' lang='lat' dir='ltr'><strong>Sanctus</strong></span> <span class='ocrx_word' id='word_1_306' title='bbox 940 1914 1087 1945; x_wconf 85' lang='lat' dir='ltr'><strong>Thomas</strong></span> <span class='ocrx_word' id='word_1_307' title='bbox 1110 1914 1289 1945; x_wconf 79' lang='lat' dir='ltr'><strong>bonitatem</strong></span> <span class='ocrx_word' id='word_1_308' title='bbox 1310 1913 1357 1944; x_wconf 93' lang='lat' dir='ltr'><strong>di-</strong></span> 
     </span>
     <span class='ocr_line' id='line_1_50' title="bbox 273 1958 1356 2004; baseline -0.004 -11"><span class='ocrx_word' id='word_1_309' title='bbox 273 1986 279 2004; x_wconf 68' lang='lat'><strong>,</strong></span> <span class='ocrx_word' id='word_1_310' title='bbox 299 1997 303 2001; x_wconf 19' lang='lat'><strong>⁴</strong></span> <span class='ocrx_word' id='word_1_311' title='bbox 343 1962 454 1993; x_wconf 81' lang='lat' dir='ltr'><strong>vinam</strong></span> <span class='ocrx_word' id='word_1_312' title='bbox 469 1959 511 1991; x_wconf 86' lang='lat' dir='ltr'><strong>ad</strong></span> <span class='ocrx_word' id='word_1_313' title='bbox 525 1960 588 1991; x_wconf 88' lang='lat' dir='ltr'><strong>alia</strong></span> <span class='ocrx_word' id='word_1_314' title='bbox 609 1960 697 1991; x_wconf 89' lang='lat' dir='ltr'><strong>bona</strong></span> <span class='ocrx_word' id='word_1_315' title='bbox 719 1964 880 2001; x_wconf 84' lang='lat' dir='ltr'><strong>quantum</strong></span> <span class='ocrx_word' id='word_1_316' title='bbox 904 1958 945 1990; x_wconf 87' lang='lat' dir='ltr'><strong>ad</strong></span> <span class='ocrx_word' id='word_1_317' title='bbox 963 1958 1188 1990; x_wconf 87' lang='lat' dir='ltr'><strong>excellentiam</strong></span> <span class='ocrx_word' id='word_1_318' title='bbox 1203 1959 1230 1994; x_wconf 64' lang='lat'><strong>⁹,</strong></span> <span class='ocrx_word' id='word_1_319' title='bbox 1248 1964 1356 1989; x_wconf 91' lang='lat' dir='ltr'><strong>osten-</strong></span> 
     </span>
     <span class='ocr_line' id='line_1_51' title="bbox 276 2003 1027 2048; baseline -0.007 -9"><span class='ocrx_word' id='word_1_320' title='bbox 276 2005 390 2048; x_wconf 84' lang='lat' dir='ltr'><strong>ditque</strong></span> <span class='ocrx_word' id='word_1_321' title='bbox 414 2003 506 2047; x_wconf 84' lang='lat' dir='ltr'><strong>quod</strong></span> <span class='ocrx_word' id='word_1_322' title='bbox 527 2005 619 2037; x_wconf 81' lang='lat' dir='ltr'><strong>Deus</strong></span> <span class='ocrx_word' id='word_1_323' title='bbox 643 2009 690 2035; x_wconf 87' lang='lat' dir='ltr'><strong>est</strong></span> <span class='ocrx_word' id='word_1_324' title='bbox 711 2013 873 2036; x_wconf 83' lang='lat' dir='ltr'><strong>summum</strong></span> <span class='ocrx_word' id='word_1_325' title='bbox 896 2004 1027 2035; x_wconf 87' lang='lat' dir='ltr'><strong>bonum.</strong></span> 
     </span>
    </p>

    <p class='ocr_par' dir='ltr' id='par_1_28' title="bbox 269 2046 1357 2361">
     <span class='ocr_line' id='line_1_52' title="bbox 332 2046 1357 2091; baseline -0.005 -9"><span class='ocrx_word' id='word_1_326' title='bbox 332 2050 357 2082; x_wconf 91' lang='lat'><strong>1.</strong></span> <span class='ocrx_word' id='word_1_327' title='bbox 370 2049 537 2082; x_wconf 71' lang='lat' dir='ltr'><strong>Probatur</strong></span> <span class='ocrx_word' id='word_1_328' title='bbox 542 2049 664 2091; x_wconf 78' lang='lat' dir='ltr'><strong>primo.</strong></span> <span class='ocrx_word' id='word_1_329' title='bbox 682 2049 800 2079; x_wconf 84' lang='lat' dir='ltr'><strong>Divina</strong></span> <span class='ocrx_word' id='word_1_330' title='bbox 815 2048 943 2080; x_wconf 88' lang='lat' dir='ltr'><strong>bonitas</strong></span> <span class='ocrx_word' id='word_1_331' title='bbox 966 2052 1172 2088; x_wconf 86' lang='lat' dir='ltr'><strong>comparatur</strong></span> <span class='ocrx_word' id='word_1_332' title='bbox 1189 2046 1230 2078; x_wconf 84' lang='lat' dir='ltr'><strong>ad</strong></span> <span class='ocrx_word' id='word_1_333' title='bbox 1246 2047 1357 2078; x_wconf 87' lang='lat' dir='ltr'><strong>omnia</strong></span> 
     </span>
     <span class='ocr_line' id='line_1_53' title="bbox 275 2091 1357 2134; baseline -0.006 -7"><span class='ocrx_word' id='word_1_334' title='bbox 275 2095 364 2127; x_wconf 83' lang='lat' dir='ltr'><strong>bona</strong></span> <span class='ocrx_word' id='word_1_335' title='bbox 378 2095 464 2126; x_wconf 84' lang='lat' dir='ltr'><strong>sicut</strong></span> <span class='ocrx_word' id='word_1_336' title='bbox 477 2095 604 2126; x_wconf 88' lang='lat' dir='ltr'><strong>bonum</strong></span> <span class='ocrx_word' id='word_1_337' title='bbox 619 2093 800 2125; x_wconf 86' lang='lat' dir='ltr'><strong>universale</strong></span> <span class='ocrx_word' id='word_1_338' title='bbox 816 2093 856 2125; x_wconf 87' lang='lat' dir='ltr'><strong>ad</strong></span> <span class='ocrx_word' id='word_1_339' title='bbox 875 2093 1081 2134; x_wconf 82' lang='lat' dir='ltr'><strong>particulare:</strong></span> <span class='ocrx_word' id='word_1_340' title='bbox 1103 2101 1179 2123; x_wconf 89' lang='lat' dir='ltr'><strong>cum</strong></span> <span class='ocrx_word' id='word_1_341' title='bbox 1195 2092 1236 2122; x_wconf 89' lang='lat' dir='ltr'><strong>sit</strong></span> <span class='ocrx_word' id='word_1_342' title='bbox 1252 2091 1357 2122; x_wconf 83' lang='lat' dir='ltr'><strong>omnis</strong></span> 
     </span>
     <span class='ocr_line' id='line_1_54' title="bbox 272 2136 1357 2180; baseline -0.005 -8"><span class='ocrx_word' id='word_1_343' title='bbox 272 2140 353 2172; x_wconf 66' lang='lat' dir='ltr'><strong>‘boni</strong></span> <span class='ocrx_word' id='word_1_344' title='bbox 374 2140 506 2172; x_wconf 75' lang='lat' dir='ltr'><strong>bonum.</strong></span> <span class='ocrx_word' id='word_1_345' title='bbox 534 2139 622 2180; x_wconf 80' lang='lat' dir='ltr'><strong>Ergo</strong></span> <span class='ocrx_word' id='word_1_346' title='bbox 639 2139 852 2180; x_wconf 80' lang='lat' dir='ltr'><strong>&#39;praeeminet</strong></span> <span class='ocrx_word' id='word_1_347' title='bbox 879 2139 972 2169; x_wconf 89' lang='lat' dir='ltr'><strong>omni</strong></span> <span class='ocrx_word' id='word_1_348' title='bbox 999 2138 1090 2169; x_wconf 90' lang='lat' dir='ltr'><strong>bono</strong></span> <span class='ocrx_word' id='word_1_349' title='bbox 1117 2136 1311 2178; x_wconf 86' lang='lat' dir='ltr'><strong>particulari.</strong></span> <span class='ocrx_word' id='word_1_350' title='bbox 1333 2155 1357 2159; x_wconf 90' lang='lat'>—</span> 
     </span>
     <span class='ocr_line' id='line_1_55' title="bbox 275 2182 1357 2225; baseline -0.006 -7"><span class='ocrx_word' id='word_1_351' title='bbox 275 2186 368 2218; x_wconf 72' lang='lat' dir='ltr'><strong>Patet</strong></span> <span class='ocrx_word' id='word_1_352' title='bbox 395 2184 643 2225; x_wconf 78' lang='lat' dir='ltr'><strong>consequentia.</strong></span> <span class='ocrx_word' id='word_1_353' title='bbox 673 2183 761 2222; x_wconf 89' lang='lat' dir='ltr'><strong>Quia</strong></span> <span class='ocrx_word' id='word_1_354' title='bbox 791 2184 918 2215; x_wconf 87' lang='lat' dir='ltr'><strong>bonum</strong></span> <span class='ocrx_word' id='word_1_355' title='bbox 947 2182 1129 2214; x_wconf 82' lang='lat' dir='ltr'><strong>universale</strong></span> <span class='ocrx_word' id='word_1_356' title='bbox 1158 2182 1357 2222; x_wconf 80' lang='lat' dir='ltr'><strong>praeeminet</strong></span> 
     </span>
     <span class='ocr_line' id='line_1_56' title="bbox 274 2227 1356 2272; baseline -0.008 -7"><span class='ocrx_word' id='word_1_357' title='bbox 274 2231 366 2265; x_wconf 76' lang='lat' dir='ltr'><strong>bono</strong></span> <span class='ocrx_word' id='word_1_358' title='bbox 378 2230 573 2272; x_wconf 80' lang='lat' dir='ltr'><strong>particulari,</strong></span> <span class='ocrx_word' id='word_1_359' title='bbox 588 2229 672 2260; x_wconf 88' lang='lat' dir='ltr'><strong>sicut</strong></span> <span class='ocrx_word' id='word_1_360' title='bbox 682 2229 803 2260; x_wconf 80' lang='lat' dir='ltr'><strong>bonum</strong></span> <span class='ocrx_word' id='word_1_361' title='bbox 814 2229 923 2270; x_wconf 73' lang='lat' dir='ltr'><strong>gentis</strong></span> <span class='ocrx_word' id='word_1_362' title='bbox 935 2233 982 2260; x_wconf 87' lang='lat' dir='ltr'><strong>est</strong></span> <span class='ocrx_word' id='word_1_363' title='bbox 993 2228 1108 2259; x_wconf 84' lang='lat' dir='ltr'><strong>melius</strong></span> <span class='ocrx_word' id='word_1_364' title='bbox 1123 2237 1221 2268; x_wconf 81' lang='lat' dir='ltr'><strong>quam</strong></span> <span class='ocrx_word' id='word_1_365' title='bbox 1236 2227 1356 2257; x_wconf 85' lang='lat' dir='ltr'><strong>bonum</strong></span> 
     </span>
     <span class='ocr_line' id='line_1_57' title="bbox 275 2270 1355 2318; baseline -0.006 -11"><span class='ocrx_word' id='word_1_366' title='bbox 275 2275 388 2318; x_wconf 74' lang='lat' dir='ltr'><strong>unius:</strong></span> <span class='ocrx_word' id='word_1_367' title='bbox 399 2285 440 2307; x_wconf 92' lang='lat' dir='ltr'><strong>eo</strong></span> <span class='ocrx_word' id='word_1_368' title='bbox 453 2273 545 2316; x_wconf 91' lang='lat' dir='ltr'><strong>quod</strong></span> <span class='ocrx_word' id='word_1_369' title='bbox 554 2272 711 2315; x_wconf 82' lang='lat' dir='ltr'><strong>perfectio</strong></span> <span class='ocrx_word' id='word_1_370' title='bbox 724 2274 825 2305; x_wconf 89' lang='lat' dir='ltr'><strong>totius</strong></span> <span class='ocrx_word' id='word_1_371' title='bbox 834 2274 1034 2315; x_wconf 86' lang='lat' dir='ltr'><strong>praeeminet</strong></span> <span class='ocrx_word' id='word_1_372' title='bbox 1042 2270 1235 2314; x_wconf 87' lang='lat' dir='ltr'><strong>perfectioni</strong></span> <span class='ocrx_word' id='word_1_373' title='bbox 1246 2271 1355 2312; x_wconf 90' lang='lat' dir='ltr'><strong>partis,</strong></span> 
     </span>
     <span class='ocr_line' id='line_1_58' title="bbox 269 2318 895 2361; baseline -0.003 -9"><span class='ocrx_word' id='word_1_374' title='bbox 269 2319 464 2361; x_wconf 65' lang='lat' dir='ltr'><strong>&#39;simpliciter</strong></span> <span class='ocrx_word' id='word_1_375' title='bbox 487 2323 519 2350; x_wconf 92' lang='lat' dir='ltr'><strong>et</strong></span> <span class='ocrx_word' id='word_1_376' title='bbox 542 2318 691 2350; x_wconf 90' lang='lat' dir='ltr'><strong>absolute</strong></span> <span class='ocrx_word' id='word_1_377' title='bbox 714 2318 895 2360; x_wconf 90' lang='lat' dir='ltr'><strong>loquendo.</strong></span> 
     </span>
    </p>

    <p class='ocr_par' dir='ltr' id='par_1_29' title="bbox 268 2359 1357 2494">
     <span class='ocr_line' id='line_1_59' title="bbox 330 2359 1357 2404; baseline -0.005 -8"><span class='ocrx_word' id='word_1_378' title='bbox 330 2364 369 2396; x_wconf 92' lang='lat'><strong>11.</strong></span> <span class='ocrx_word' id='word_1_379' title='bbox 393 2364 556 2396; x_wconf 82' lang='lat' dir='ltr'><strong>Secundo.</strong></span> <span class='ocrx_word' id='word_1_380' title='bbox 579 2363 681 2402; x_wconf 93' lang='lat' dir='ltr'><strong>Quod</strong></span> <span class='ocrx_word' id='word_1_381' title='bbox 699 2373 757 2404; x_wconf 90' lang='lat' dir='ltr'><strong>per</strong></span> <span class='ocrx_word' id='word_1_382' title='bbox 778 2363 952 2395; x_wconf 81' lang='lat' dir='ltr'><strong>essentiam</strong></span> <span class='ocrx_word' id='word_1_383' title='bbox 969 2361 1096 2397; x_wconf 89' lang='lat' dir='ltr'><strong>dicitur,</strong></span> <span class='ocrx_word' id='word_1_384' title='bbox 1109 2361 1217 2392; x_wconf 85' lang='lat' dir='ltr'><strong>verius</strong></span> <span class='ocrx_word' id='word_1_385' title='bbox 1240 2359 1357 2391; x_wconf 89' lang='lat' dir='ltr'><strong>dicitur</strong></span> 
     </span>
     <span class='ocr_line' id='line_1_60' title="bbox 273 2406 1356 2451; baseline -0.006 -10"><span class='ocrx_word' id='word_1_386' title='bbox 273 2416 374 2451; x_wconf 83' lang='lat' dir='ltr'><strong>quam</strong></span> <span class='ocrx_word' id='word_1_387' title='bbox 386 2409 478 2451; x_wconf 89' lang='lat' dir='ltr'><strong>quod</strong></span> <span class='ocrx_word' id='word_1_388' title='bbox 493 2409 612 2440; x_wconf 87' lang='lat' dir='ltr'><strong>dicitur</strong></span> <span class='ocrx_word' id='word_1_389' title='bbox 626 2409 993 2450; x_wconf 80' lang='lat' dir='ltr'><strong>per&#39;participationem.</strong></span> <span class='ocrx_word' id='word_1_390' title='bbox 1008 2406 1099 2437; x_wconf 85' lang='lat' dir='ltr'><strong>Deus</strong></span> <span class='ocrx_word' id='word_1_391' title='bbox 1114 2413 1173 2446; x_wconf 86' lang='lat' dir='ltr'><strong>per</strong></span> <span class='ocrx_word' id='word_1_392' title='bbox 1185 2406 1356 2436; x_wconf 69' lang='lat' dir='ltr'><strong>essentiam</strong></span> 
     </span>
     <span class='ocr_line' id='line_1_61' title="bbox 268 2451 1265 2494; baseline -0.006 -7"><span class='ocrx_word' id='word_1_393' title='bbox 268 2454 392 2487; x_wconf 69' lang='lat' dir='ltr'><strong>dicitur</strong></span> <span class='ocrx_word' id='word_1_394' title='bbox 414 2454 535 2490; x_wconf 81' lang='lat' dir='ltr'><strong>bonus,</strong></span> <span class='ocrx_word' id='word_1_395' title='bbox 557 2459 590 2485; x_wconf 92' lang='lat' dir='ltr'><strong>et</strong></span> <span class='ocrx_word' id='word_1_396' title='bbox 613 2454 674 2485; x_wconf 86' lang='lat' dir='ltr'><strong>alia</strong></span> <span class='ocrx_word' id='word_1_397' title='bbox 696 2463 756 2494; x_wconf 88' lang='lat' dir='ltr'><strong>per</strong></span> <span class='ocrx_word' id='word_1_398' title='bbox 777 2453 1071 2494; x_wconf 82' lang='lat' dir='ltr'><strong>participationem.</strong></span> <span class='ocrx_word' id='word_1_399' title='bbox 1095 2451 1183 2491; x_wconf 82' lang='lat' dir='ltr'><strong>Ergo</strong></span> <span class='ocrx_word' id='word_1_400' title='bbox 1203 2455 1265 2481; x_wconf 89' lang='lat' dir='ltr'><strong>etc.</strong></span> 
     </span>
    </p>

    <p class='ocr_par' dir='ltr' id='par_1_30' title="bbox 271 2494 1356 2711">
     <span class='ocr_line' id='line_1_62' title="bbox 330 2494 1356 2540; baseline -0.006 -9"><span class='ocrx_word' id='word_1_401' title='bbox 330 2499 427 2531; x_wconf 82' lang='lat' dir='ltr'><strong>Circa</strong></span> <span class='ocrx_word' id='word_1_402' title='bbox 452 2499 541 2531; x_wconf 86' lang='lat' dir='ltr'><strong>illam</strong></span> <span class='ocrx_word' id='word_1_403' title='bbox 571 2499 844 2540; x_wconf 83' lang='lat' dir='ltr'><strong>propositionem,</strong></span> <span class='ocrx_word' id='word_1_404' title='bbox 872 2497 970 2536; x_wconf 85' lang='lat' dir='ltr'><strong>Quod</strong></span> <span class='ocrx_word' id='word_1_405' title='bbox 986 2506 1051 2538; x_wconf 80' lang='lat' dir='ltr'><strong>per</strong></span> <span class='ocrx_word' id='word_1_406' title='bbox 1077 2495 1249 2527; x_wconf 79' lang='lat' dir='ltr'><strong>essentiam</strong></span> <span class='ocrx_word' id='word_1_407' title='bbox 1276 2494 1356 2526; x_wconf 83' lang='lat' dir='ltr'><strong>dici-</strong></span> 
     </span>
     <span class='ocr_line' id='line_1_63' title="bbox 272 2539 1354 2585; baseline -0.006 -9"><span class='ocrx_word' id='word_1_408' title='bbox 272 2551 339 2581; x_wconf 80' lang='lat' dir='ltr'><strong>tur,</strong></span> <span class='ocrx_word' id='word_1_409' title='bbox 356 2544 466 2578; x_wconf 78' lang='lat' dir='ltr'><strong>verius</strong></span> <span class='ocrx_word' id='word_1_410' title='bbox 481 2543 603 2576; x_wconf 78' lang='lat' dir='ltr'><strong>dicitur</strong></span> <span class='ocrx_word' id='word_1_411' title='bbox 617 2553 715 2585; x_wconf 86' lang='lat' dir='ltr'><strong>quam</strong></span> <span class='ocrx_word' id='word_1_412' title='bbox 731 2544 821 2585; x_wconf 80' lang='lat' dir='ltr'><strong>quod</strong></span> <span class='ocrx_word' id='word_1_413' title='bbox 841 2543 963 2574; x_wconf 80' lang='lat' dir='ltr'><strong>dicitur</strong></span> <span class='ocrx_word' id='word_1_414' title='bbox 978 2551 1042 2582; x_wconf 80' lang='lat' dir='ltr'><strong>per</strong></span> <span class='ocrx_word' id='word_1_415' title='bbox 1055 2539 1354 2581; x_wconf 80' lang='lat' dir='ltr'><strong>participationem,</strong></span> 
     </span>
     <span class='ocr_line' id='line_1_64' title="bbox 273 2585 1354 2629; baseline -0.006 -8"><span class='ocrx_word' id='word_1_416' title='bbox 273 2589 411 2621; x_wconf 89' lang='lat' dir='ltr'><strong>dubium</strong></span> <span class='ocrx_word' id='word_1_417' title='bbox 427 2588 578 2620; x_wconf 88' lang='lat' dir='ltr'><strong>occurrit.</strong></span> <span class='ocrx_word' id='word_1_418' title='bbox 595 2587 682 2627; x_wconf 86' lang='lat' dir='ltr'><strong>Quia</strong></span> <span class='ocrx_word' id='word_1_419' title='bbox 703 2587 820 2620; x_wconf 87' lang='lat' dir='ltr'><strong>albedo</strong></span> <span class='ocrx_word' id='word_1_420' title='bbox 844 2597 928 2629; x_wconf 88' lang='lat' dir='ltr'><strong>quae</strong></span> <span class='ocrx_word' id='word_1_421' title='bbox 952 2586 1069 2618; x_wconf 88' lang='lat' dir='ltr'><strong>dicitur</strong></span> <span class='ocrx_word' id='word_1_422' title='bbox 1090 2595 1150 2627; x_wconf 88' lang='lat' dir='ltr'><strong>per</strong></span> <span class='ocrx_word' id='word_1_423' title='bbox 1172 2585 1354 2620; x_wconf 87' lang='lat' dir='ltr'><strong>essentiam,</strong></span> 
     </span>
     <span class='ocr_line' id='line_1_65' title="bbox 271 2629 1355 2674; baseline -0.006 -8"><span class='ocrx_word' id='word_1_424' title='bbox 271 2643 342 2666; x_wconf 89' lang='lat' dir='ltr'><strong>non</strong></span> <span class='ocrx_word' id='word_1_425' title='bbox 357 2634 464 2666; x_wconf 81' lang='lat' dir='ltr'><strong>verius</strong></span> <span class='ocrx_word' id='word_1_426' title='bbox 481 2633 598 2665; x_wconf 86' lang='lat' dir='ltr'><strong>dicitur</strong></span> <span class='ocrx_word' id='word_1_427' title='bbox 615 2632 687 2664; x_wconf 86' lang='lat' dir='ltr'><strong>alba</strong></span> <span class='ocrx_word' id='word_1_428' title='bbox 703 2642 803 2674; x_wconf 89' lang='lat' dir='ltr'><strong>quam</strong></span> <span class='ocrx_word' id='word_1_429' title='bbox 818 2632 853 2664; x_wconf 90' lang='lat' dir='ltr'><strong>id</strong></span> <span class='ocrx_word' id='word_1_430' title='bbox 868 2632 961 2674; x_wconf 91' lang='lat' dir='ltr'><strong>quod</strong></span> <span class='ocrx_word' id='word_1_431' title='bbox 975 2630 1125 2662; x_wconf 85' lang='lat' dir='ltr'><strong>albedine</strong></span> <span class='ocrx_word' id='word_1_432' title='bbox 1141 2629 1319 2670; x_wconf 84' lang='lat' dir='ltr'><strong>participat.</strong></span> <span class='ocrx_word' id='word_1_433' title='bbox 1332 2647 1355 2650; x_wconf 97' lang='lat'><strong>—</strong></span> 
     </span>
     <span class='ocr_line' id='line_1_66' title="bbox 273 2676 722 2711; baseline -0.007 0"><span class='ocrx_word' id='word_1_434' title='bbox 273 2680 381 2711; x_wconf 81' lang='lat' dir='ltr'><strong>Immo</strong></span> <span class='ocrx_word' id='word_1_435' title='bbox 403 2678 480 2710; x_wconf 79' lang='lat' dir='ltr'><strong>alba</strong></span> <span class='ocrx_word' id='word_1_436' title='bbox 501 2687 571 2709; x_wconf 91' lang='lat' dir='ltr'><strong>non</strong></span> <span class='ocrx_word' id='word_1_437' title='bbox 595 2676 722 2708; x_wconf 82' lang='lat' dir='ltr'><strong>dicitur.</strong></span> 
     </span>
    </p>

    <p class='ocr_par' dir='ltr' id='par_1_31' title="bbox 261 2716 1354 3392">
     <span class='ocr_line' id='line_1_67' title="bbox 270 2716 1354 2763; baseline -0.008 -7"><span class='ocrx_word' id='word_1_438' title='bbox 270 2735 272 2737; x_wconf 94' lang='lat'>·</span> <span class='ocrx_word' id='word_1_439' title='bbox 328 2724 392 2756; x_wconf 85' lang='lat' dir='ltr'><strong>Pro</strong></span> <span class='ocrx_word' id='word_1_440' title='bbox 419 2722 631 2763; x_wconf 80' lang='lat' dir='ltr'><strong>intelligentia</strong></span> <span class='ocrx_word' id='word_1_441' title='bbox 658 2722 756 2753; x_wconf 88' lang='lat' dir='ltr'><strong>huius</strong></span> <span class='ocrx_word' id='word_1_442' title='bbox 785 2720 1059 2753; x_wconf 86' lang='lat' dir='ltr'><strong>considerandum</strong></span> <span class='ocrx_word' id='word_1_443' title='bbox 1087 2717 1179 2759; x_wconf 90' lang='lat' dir='ltr'><strong>quod</strong></span> <span class='ocrx_word' id='word_1_444' title='bbox 1205 2717 1238 2749; x_wconf 89' lang='lat' dir='ltr'><strong>id</strong></span> <span class='ocrx_word' id='word_1_445' title='bbox 1261 2716 1354 2757; x_wconf 89' lang='lat' dir='ltr'><strong>quod</strong></span> 
     </span>
     <span class='ocr_line' id='line_1_68' title="bbox 272 2762 1353 2810; baseline -0.009 -9"><span class='ocrx_word' id='word_1_446' title='bbox 272 2769 390 2801; x_wconf 89' lang='lat' dir='ltr'><strong>dicitur</strong></span> <span class='ocrx_word' id='word_1_447' title='bbox 413 2777 472 2810; x_wconf 90' lang='lat' dir='ltr'><strong>per</strong></span> <span class='ocrx_word' id='word_1_448' title='bbox 495 2767 667 2798; x_wconf 83' lang='lat' dir='ltr'><strong>essentiam</strong></span> <span class='ocrx_word' id='word_1_449' title='bbox 685 2771 795 2808; x_wconf 79' lang='lat' dir='ltr'><strong>potest</strong></span> <span class='ocrx_word' id='word_1_450' title='bbox 817 2766 998 2807; x_wconf 87' lang='lat' dir='ltr'><strong>comparari</strong></span> <span class='ocrx_word' id='word_1_451' title='bbox 1022 2770 1054 2795; x_wconf 90' lang='lat' dir='ltr'><strong>et</strong></span> <span class='ocrx_word' id='word_1_452' title='bbox 1076 2763 1117 2794; x_wconf 90' lang='lat' dir='ltr'><strong>ad</strong></span> <span class='ocrx_word' id='word_1_453' title='bbox 1140 2762 1172 2793; x_wconf 92' lang='lat' dir='ltr'><strong>id</strong></span> <span class='ocrx_word' id='word_1_454' title='bbox 1195 2762 1288 2803; x_wconf 91' lang='lat' dir='ltr'><strong>quod</strong></span> <span class='ocrx_word' id='word_1_455' title='bbox 1306 2767 1353 2792; x_wconf 86' lang='lat' dir='ltr'><strong>est</strong></span> 
     </span>
     <span class='ocr_line' id='line_1_69' title="bbox 272 2805 1352 2855; baseline -0.008 -10"><span class='ocrx_word' id='word_1_456' title='bbox 272 2814 336 2846; x_wconf 85' lang='lat' dir='ltr'><strong>tale</strong></span> <span class='ocrx_word' id='word_1_457' title='bbox 345 2823 410 2855; x_wconf 78' lang='lat' dir='ltr'><strong>per</strong></span> <span class='ocrx_word' id='word_1_458' title='bbox 424 2811 668 2844; x_wconf 80' lang='lat' dir='ltr'><strong>similitudinem</strong></span> <span class='ocrx_word' id='word_1_459' title='bbox 692 2821 776 2852; x_wconf 86' lang='lat' dir='ltr'><strong>quae</strong></span> <span class='ocrx_word' id='word_1_460' title='bbox 798 2816 846 2845; x_wconf 83' lang='lat' dir='ltr'><strong>est</strong></span> <span class='ocrx_word' id='word_1_461' title='bbox 869 2819 970 2841; x_wconf 82' lang='lat' dir='ltr'><strong>causa</strong></span> <span class='ocrx_word' id='word_1_462' title='bbox 993 2809 1079 2845; x_wconf 85' lang='lat' dir='ltr'><strong>eius;</strong></span> <span class='ocrx_word' id='word_1_463' title='bbox 1103 2814 1134 2838; x_wconf 90' lang='lat' dir='ltr'><strong>et</strong></span> <span class='ocrx_word' id='word_1_464' title='bbox 1153 2807 1193 2838; x_wconf 90' lang='lat' dir='ltr'><strong>ad</strong></span> <span class='ocrx_word' id='word_1_465' title='bbox 1213 2806 1247 2838; x_wconf 91' lang='lat' dir='ltr'><strong>id</strong></span> <span class='ocrx_word' id='word_1_466' title='bbox 1262 2805 1352 2848; x_wconf 90' lang='lat' dir='ltr'><strong>quod</strong></span> 
     </span>
     <span class='ocr_line' id='line_1_70' title="bbox 272 2851 1350 2899; baseline -0.009 -9"><span class='ocrx_word' id='word_1_467' title='bbox 272 2865 321 2890; x_wconf 88' lang='lat' dir='ltr'><strong>est</strong></span> <span class='ocrx_word' id='word_1_468' title='bbox 335 2859 398 2890; x_wconf 88' lang='lat' dir='ltr'><strong>tale</strong></span> <span class='ocrx_word' id='word_1_469' title='bbox 414 2867 472 2899; x_wconf 88' lang='lat' dir='ltr'><strong>per</strong></span> <span class='ocrx_word' id='word_1_470' title='bbox 487 2856 779 2898; x_wconf 85' lang='lat' dir='ltr'><strong>participationem.</strong></span> <span class='ocrx_word' id='word_1_471' title='bbox 796 2855 830 2886; x_wconf 90' lang='lat' dir='ltr'><strong>Si</strong></span> <span class='ocrx_word' id='word_1_472' title='bbox 845 2856 952 2896; x_wconf 91' lang='lat' dir='ltr'><strong>primo</strong></span> <span class='ocrx_word' id='word_1_473' title='bbox 965 2853 1077 2889; x_wconf 91' lang='lat' dir='ltr'><strong>modo,</strong></span> <span class='ocrx_word' id='word_1_474' title='bbox 1095 2861 1171 2883; x_wconf 92' lang='lat' dir='ltr'><strong>cum</strong></span> <span class='ocrx_word' id='word_1_475' title='bbox 1183 2852 1216 2893; x_wconf 87' lang='lat' dir='ltr'><strong>ly</strong></span> <span class='ocrx_word' id='word_1_476' title='bbox 1233 2851 1350 2886; x_wconf 77' lang='lat' dir='ltr'><strong>verius,</strong></span> 
     </span>
     <span class='ocr_line' id='line_1_71' title="bbox 273 2897 1351 2941; baseline -0.008 -7"><span class='ocrx_word' id='word_1_477' title='bbox 273 2910 309 2935; x_wconf 91' lang='lat' dir='ltr'><strong>ut</strong></span> <span class='ocrx_word' id='word_1_478' title='bbox 331 2903 467 2934; x_wconf 90' lang='lat' dir='ltr'><strong>habetur</strong></span> <span class='ocrx_word' id='word_1_479' title='bbox 488 2901 584 2932; x_wconf 78' lang='lat' dir='ltr'><strong>Verit.</strong></span> <span class='ocrx_word' id='word_1_480' title='bbox 602 2911 633 2941; x_wconf 93' lang='lat' dir='ltr'><strong>q.</strong></span> <span class='ocrx_word' id='word_1_481' title='bbox 650 2910 692 2939; x_wconf 68' lang='lat' dir='ltr'><strong>tv,</strong></span> <span class='ocrx_word' id='word_1_482' title='bbox 709 2910 737 2930; x_wconf 87' lang='lat' dir='ltr'><strong>a.</strong></span> <span class='ocrx_word' id='word_1_483' title='bbox 755 2900 786 2936; x_wconf 86' lang='lat'><strong>6,</strong></span> <span class='ocrx_word' id='word_1_484' title='bbox 798 2900 904 2941; x_wconf 81' lang='lat' dir='ltr'><strong>possit</strong></span> <span class='ocrx_word' id='word_1_485' title='bbox 918 2899 1094 2941; x_wconf 81' lang='lat' dir='ltr'><strong>designare</strong></span> <span class='ocrx_word' id='word_1_486' title='bbox 1109 2900 1168 2927; x_wconf 83' lang='lat' dir='ltr'><strong>aut</strong></span> <span class='ocrx_word' id='word_1_487' title='bbox 1183 2897 1351 2926; x_wconf 79' lang='lat' dir='ltr'><strong>veritatem</strong></span> 
     </span>
     <span class='ocr_line' id='line_1_72' title="bbox 273 2941 1350 2986; baseline -0.008 -7"><span class='ocrx_word' id='word_1_488' title='bbox 273 2948 323 2979; x_wconf 73' lang='lat' dir='ltr'><strong>rei</strong></span> <span class='ocrx_word' id='word_1_489' title='bbox 345 2952 404 2979; x_wconf 78' lang='lat' dir='ltr'><strong>a&#39;ut</strong></span> <span class='ocrx_word' id='word_1_490' title='bbox 426 2947 593 2979; x_wconf 73' lang='lat' dir='ltr'><strong>ver-itatem</strong></span> <span class='ocrx_word' id='word_1_491' title='bbox 612 2944 882 2986; x_wconf 76' lang='lat' dir='ltr'><strong>praedicationis,</strong></span> <span class='ocrx_word' id='word_1_492' title='bbox 900 2945 926 2974; x_wconf 87' lang='lat' dir='ltr'><strong>si</strong></span> <span class='ocrx_word' id='word_1_493' title='bbox 948 2944 1115 2973; x_wconf 73' lang='lat' dir='ltr'><strong>veritatem</strong></span> <span class='ocrx_word' id='word_1_494' title='bbox 1130 2941 1176 2972; x_wconf 90' lang='lat' dir='ltr'><strong>rei</strong></span> <span class='ocrx_word' id='word_1_495' title='bbox 1195 2941 1350 2981; x_wconf 85' lang='lat' dir='ltr'><strong>designet,</strong></span> 
     </span>
     <span class='ocr_line' id='line_1_73' title="bbox 271 2985 1352 3027; baseline -0.008 -3"><span class='ocrx_word' id='word_1_496' title='bbox 271 3000 351 3024; x_wconf 87' lang='lat' dir='ltr'><strong>tunc</strong></span> <span class='ocrx_word' id='word_1_497' title='bbox 372 3001 441 3024; x_wconf 89' lang='lat' dir='ltr'><strong>non</strong></span> <span class='ocrx_word' id='word_1_498' title='bbox 465 2997 514 3023; x_wconf 88' lang='lat' dir='ltr'><strong>est</strong></span> <span class='ocrx_word' id='word_1_499' title='bbox 534 2990 754 3022; x_wconf 85' lang='lat' dir='ltr'><strong>necessarium</strong></span> <span class='ocrx_word' id='word_1_500' title='bbox 769 2995 806 3020; x_wconf 91' lang='lat' dir='ltr'><strong>ut</strong></span> <span class='ocrx_word' id='word_1_501' title='bbox 823 2990 931 3020; x_wconf 89' lang='lat' dir='ltr'><strong>verius</strong></span> <span class='ocrx_word' id='word_1_502' title='bbox 954 2989 995 3018; x_wconf 87' lang='lat' dir='ltr'><strong>sit</strong></span> <span class='ocrx_word' id='word_1_503' title='bbox 1010 2985 1132 3027; x_wconf 84' lang='lat' dir='ltr'><strong>aliquid</strong></span> <span class='ocrx_word' id='word_1_504' title='bbox 1150 2986 1208 3016; x_wconf 91' lang='lat' dir='ltr'><strong>ubi</strong></span> <span class='ocrx_word' id='word_1_505' title='bbox 1231 2990 1279 3016; x_wconf 91' lang='lat' dir='ltr'><strong>est</strong></span> <span class='ocrx_word' id='word_1_506' title='bbox 1293 2994 1352 3025; x_wconf 88' lang='lat' dir='ltr'><strong>per</strong></span> 
     </span>
     <span class='ocr_line' id='line_1_74' title="bbox 272 3029 1351 3071; baseline -0.01 -1"><span class='ocrx_word' id='word_1_507' title='bbox 272 3038 455 3070; x_wconf 72' lang='lat' dir='ltr'><strong>essentiam.</strong></span> <span class='ocrx_word' id='word_1_508' title='bbox 478 3037 591 3068; x_wconf 88' lang='lat' dir='ltr'><strong>Potest</strong></span> <span class='ocrx_word' id='word_1_509' title='bbox 618 3035 706 3066; x_wconf 89' lang='lat' dir='ltr'><strong>enim</strong></span> <span class='ocrx_word' id='word_1_510' title='bbox 734 3035 840 3065; x_wconf 89' lang='lat' dir='ltr'><strong>verius</strong></span> <span class='ocrx_word' id='word_1_511' title='bbox 867 3042 938 3064; x_wconf 87' lang='lat' dir='ltr'><strong>esse</strong></span> <span class='ocrx_word' id='word_1_512' title='bbox 964 3032 1022 3063; x_wconf 92' lang='lat' dir='ltr'><strong>ubi</strong></span> <span class='ocrx_word' id='word_1_513' title='bbox 1049 3036 1097 3062; x_wconf 92' lang='lat' dir='ltr'><strong>est</strong></span> <span class='ocrx_word' id='word_1_514' title='bbox 1122 3039 1180 3071; x_wconf 89' lang='lat' dir='ltr'><strong>per</strong></span> <span class='ocrx_word' id='word_1_515' title='bbox 1202 3029 1351 3061; x_wconf 89' lang='lat' dir='ltr'><strong>similitu-</strong></span> 
     </span>
     <span class='ocr_line' id='line_1_75' title="bbox 273 3074 1351 3123; baseline -0.008 -9"><span class='ocrx_word' id='word_1_516' title='bbox 273 3082 382 3114; x_wconf 85' lang='lat' dir='ltr'><strong>dinem</strong></span> <span class='ocrx_word' id='word_1_517' title='bbox 399 3091 483 3123; x_wconf 90' lang='lat' dir='ltr'><strong>quae</strong></span> <span class='ocrx_word' id='word_1_518' title='bbox 499 3086 548 3112; x_wconf 89' lang='lat' dir='ltr'><strong>est</strong></span> <span class='ocrx_word' id='word_1_519' title='bbox 561 3089 658 3111; x_wconf 88' lang='lat' dir='ltr'><strong>causa</strong></span> <span class='ocrx_word' id='word_1_520' title='bbox 672 3079 728 3115; x_wconf 93' lang='lat' dir='ltr'><strong>rei,</strong></span> <span class='ocrx_word' id='word_1_521' title='bbox 742 3088 841 3120; x_wconf 89' lang='lat' dir='ltr'><strong>quam</strong></span> <span class='ocrx_word' id='word_1_522' title='bbox 857 3077 914 3108; x_wconf 89' lang='lat' dir='ltr'><strong>ubi</strong></span> <span class='ocrx_word' id='word_1_523' title='bbox 930 3082 978 3108; x_wconf 88' lang='lat' dir='ltr'><strong>est</strong></span> <span class='ocrx_word' id='word_1_524' title='bbox 992 3086 1050 3117; x_wconf 91' lang='lat' dir='ltr'><strong>per</strong></span> <span class='ocrx_word' id='word_1_525' title='bbox 1066 3075 1250 3113; x_wconf 87' lang='lat' dir='ltr'><strong>essentiam:</strong></span> <span class='ocrx_word' id='word_1_526' title='bbox 1267 3074 1351 3106; x_wconf 89' lang='lat' dir='ltr'><strong>sicut</strong></span> 
     </span>
     <span class='ocr_line' id='line_1_76' title="bbox 271 3120 1350 3166; baseline -0.009 -7"><span class='ocrx_word' id='word_1_527' title='bbox 271 3137 322 3159; x_wconf 87' lang='lat' dir='ltr'><strong>res</strong></span> <span class='ocrx_word' id='word_1_528' title='bbox 344 3126 506 3158; x_wconf 87' lang='lat' dir='ltr'><strong>naturales</strong></span> <span class='ocrx_word' id='word_1_529' title='bbox 527 3125 635 3156; x_wconf 90' lang='lat' dir='ltr'><strong>verius</strong></span> <span class='ocrx_word' id='word_1_530' title='bbox 658 3129 733 3154; x_wconf 83' lang='lat' dir='ltr'><strong>sunt</strong></span> <span class='ocrx_word' id='word_1_531' title='bbox 755 3124 789 3154; x_wconf 89' lang='lat' dir='ltr'><strong>in</strong></span> <span class='ocrx_word' id='word_1_532' title='bbox 813 3127 922 3166; x_wconf 80' lang='lat' dir='ltr'><strong>mente</strong></span> <span class='ocrx_word' id='word_1_533' title='bbox 939 3121 1057 3157; x_wconf 89' lang='lat' dir='ltr'><strong>divina,</strong></span> <span class='ocrx_word' id='word_1_534' title='bbox 1074 3121 1131 3151; x_wconf 93' lang='lat' dir='ltr'><strong>ubi</strong></span> <span class='ocrx_word' id='word_1_535' title='bbox 1146 3124 1221 3151; x_wconf 89' lang='lat' dir='ltr'><strong>sunt</strong></span> <span class='ocrx_word' id='word_1_536' title='bbox 1236 3128 1294 3160; x_wconf 90' lang='lat' dir='ltr'><strong>per</strong></span> <span class='ocrx_word' id='word_1_537' title='bbox 1309 3120 1350 3150; x_wconf 92' lang='lat' dir='ltr'><strong>si-</strong></span> 
     </span>
     <span class='ocr_line' id='line_1_77' title="bbox 271 3163 1350 3211; baseline -0.01 -7"><span class='ocrx_word' id='word_1_538' title='bbox 271 3171 491 3210; x_wconf 83' lang='lat' dir='ltr'><strong>militudinem</strong></span> <span class='ocrx_word' id='word_1_539' title='bbox 507 3170 691 3211; x_wconf 85' lang='lat' dir='ltr'><strong>aliqualem,</strong></span> <span class='ocrx_word' id='word_1_540' title='bbox 705 3178 805 3209; x_wconf 86' lang='lat' dir='ltr'><strong>qnam</strong></span> <span class='ocrx_word' id='word_1_541' title='bbox 820 3169 854 3198; x_wconf 92' lang='lat' dir='ltr'><strong>in</strong></span> <span class='ocrx_word' id='word_1_542' title='bbox 868 3167 991 3208; x_wconf 54' lang='lat' dir='ltr'><strong>seipsis„</strong></span> <span class='ocrx_word' id='word_1_543' title='bbox 1007 3166 1064 3196; x_wconf 90' lang='lat' dir='ltr'><strong>ubi</strong></span> <span class='ocrx_word' id='word_1_544' title='bbox 1080 3170 1155 3196; x_wconf 89' lang='lat' dir='ltr'><strong>sunt</strong></span> <span class='ocrx_word' id='word_1_545' title='bbox 1168 3163 1227 3206; x_wconf 85' lang='lat' dir='ltr'><strong>per</strong></span> <span class='ocrx_word' id='word_1_546' title='bbox 1243 3173 1350 3195; x_wconf 89' lang='lat' dir='ltr'><strong>essen-</strong></span> 
     </span>
     <span class='ocr_line' id='line_1_78' title="bbox 270 3209 1350 3251; baseline -0.009 -2"><span class='ocrx_word' id='word_1_547' title='bbox 270 3218 361 3249; x_wconf 87' lang='lat' dir='ltr'><strong>tiam.</strong></span> <span class='ocrx_word' id='word_1_548' title='bbox 380 3217 442 3248; x_wconf 88' lang='lat' dir='ltr'><strong>Per</strong></span> <span class='ocrx_word' id='word_1_549' title='bbox 457 3215 566 3247; x_wconf 75' lang='lat' dir='ltr'><strong>verius</strong></span> <span class='ocrx_word' id='word_1_550' title='bbox 581 3219 691 3245; x_wconf 85' lang='lat' dir='ltr'><strong>autem</strong></span> <span class='ocrx_word' id='word_1_551' title='bbox 705 3215 770 3245; x_wconf 90' lang='lat' dir='ltr'><strong>hoc</strong></span> <span class='ocrx_word' id='word_1_552' title='bbox 786 3212 888 3243; x_wconf 89' lang='lat' dir='ltr'><strong>modo</strong></span> <span class='ocrx_word' id='word_1_553' title='bbox 903 3209 1153 3251; x_wconf 81' lang='lat' dir='ltr'><strong>intelligo&#39;i&#39;dem</strong></span> <span class='ocrx_word' id='word_1_554' title='bbox 1166 3209 1259 3250; x_wconf 87' lang='lat' dir='ltr'><strong>‘quod</strong></span> <span class='ocrx_word' id='word_1_555' title='bbox 1273 3218 1350 3250; x_wconf 83' lang='lat' dir='ltr'><strong>per—</strong></span> 
     </span>
     <span class='ocr_line' id='line_1_79' title="bbox 261 3253 1348 3305; baseline -0.009 -11"><span class='ocrx_word' id='word_1_556' title='bbox 261 3262 408 3305; x_wconf 83' lang='lat' dir='ltr'><strong>fectius:</strong></span> <span class='ocrx_word' id='word_1_557' title='bbox 431 3271 470 3293; x_wconf 84' lang='lat' dir='ltr'><strong>ex</strong></span> <span class='ocrx_word' id='word_1_558' title='bbox 492 3266 583 3301; x_wconf 86' lang='lat' dir='ltr'><strong>parte</strong></span> <span class='ocrx_word' id='word_1_559' title='bbox 606 3260 694 3291; x_wconf 88' lang='lat' dir='ltr'><strong>enim</strong></span> <span class='ocrx_word' id='word_1_560' title='bbox 709 3259 755 3290; x_wconf 87' lang='lat' dir='ltr'><strong>rei</strong></span> <span class='ocrx_word' id='word_1_561' title='bbox 770 3259 886 3290; x_wconf 89' lang='lat' dir='ltr'><strong>veritas</strong></span> <span class='ocrx_word' id='word_1_562' title='bbox 900 3258 933 3287; x_wconf 91' lang='lat' dir='ltr'><strong>in</strong></span> <span class='ocrx_word' id='word_1_563' title='bbox 951 3265 1020 3287; x_wconf 89' lang='lat' dir='ltr'><strong>esse</strong></span> <span class='ocrx_word' id='word_1_564' title='bbox 1031 3255 1202 3291; x_wconf 61' lang='lat' dir='ltr'><strong>fundatum</strong></span> <span class='ocrx_word' id='word_1_565' title='bbox 1223 3259 1255 3285; x_wconf 90' lang='lat' dir='ltr'><strong>et</strong></span> <span class='ocrx_word' id='word_1_566' title='bbox 1274 3253 1348 3284; x_wconf 91' lang='lat' dir='ltr'><strong>ideo</strong></span> 
     </span>
     <span class='ocr_line' id='line_1_80' title="bbox 271 3299 1349 3339; baseline -0.009 -1"><span class='ocrx_word' id='word_1_567' title='bbox 271 3307 380 3338; x_wconf 83' lang='lat' dir='ltr'><strong>dicere</strong></span> <span class='ocrx_word' id='word_1_568' title='bbox 394 3315 464 3337; x_wconf 86' lang='lat' dir='ltr'><strong>rem</strong></span> <span class='ocrx_word' id='word_1_569' title='bbox 479 3315 550 3337; x_wconf 90' lang='lat' dir='ltr'><strong>esse</strong></span> <span class='ocrx_word' id='word_1_570' title='bbox 564 3305 671 3336; x_wconf 89' lang='lat' dir='ltr'><strong>verius</strong></span> <span class='ocrx_word' id='word_1_571' title='bbox 686 3305 720 3335; x_wconf 93' lang='lat' dir='ltr'><strong>in</strong></span> <span class='ocrx_word' id='word_1_572' title='bbox 736 3304 808 3334; x_wconf 92' lang='lat' dir='ltr'><strong>Deo</strong></span> <span class='ocrx_word' id='word_1_573' title='bbox 823 3303 955 3333; x_wconf 88' lang='lat' dir='ltr'><strong>veritate</strong></span> <span class='ocrx_word' id='word_1_574' title='bbox 971 3301 1027 3336; x_wconf 91' lang='lat' dir='ltr'><strong>rei,</strong></span> <span class='ocrx_word' id='word_1_575' title='bbox 1048 3305 1096 3331; x_wconf 90' lang='lat' dir='ltr'><strong>est</strong></span> <span class='ocrx_word' id='word_1_576' title='bbox 1115 3299 1222 3331; x_wconf 91' lang='lat' dir='ltr'><strong>dicere</strong></span> <span class='ocrx_word' id='word_1_577' title='bbox 1245 3299 1349 3339; x_wconf 83' lang='lat' dir='ltr'><strong>ipsam</strong></span> 
     </span>
     <span class='ocr_line' id='line_1_81' title="bbox 271 3342 1349 3392; baseline -0.01 -9"><span class='ocrx_word' id='word_1_578' title='bbox 271 3352 306 3382; x_wconf 87' lang='lat' dir='ltr'><strong>in</strong></span> <span class='ocrx_word' id='word_1_579' title='bbox 324 3352 397 3392; x_wconf 90' lang='lat' dir='ltr'><strong>ipso</strong></span> <span class='ocrx_word' id='word_1_580' title='bbox 421 3351 540 3382; x_wconf 88' lang='lat' dir='ltr'><strong>habere</strong></span> <span class='ocrx_word' id='word_1_581' title='bbox 562 3349 738 3390; x_wconf 88' lang='lat' dir='ltr'><strong>perfectius</strong></span> <span class='ocrx_word' id='word_1_582' title='bbox 761 3357 829 3378; x_wconf 89' lang='lat' dir='ltr'><strong>esse</strong></span> <span class='ocrx_word' id='word_1_583' title='bbox 846 3356 944 3387; x_wconf 90' lang='lat' dir='ltr'><strong>quam</strong></span> <span class='ocrx_word' id='word_1_584' title='bbox 967 3346 1001 3376; x_wconf 89' lang='lat' dir='ltr'><strong>in</strong></span> <span class='ocrx_word' id='word_1_585' title='bbox 1024 3345 1144 3385; x_wconf 85' lang='lat' dir='ltr'><strong>seipsa;</strong></span> <span class='ocrx_word' id='word_1_586' title='bbox 1170 3344 1246 3384; x_wconf 90' lang='lat' dir='ltr'><strong>quia</strong></span> <span class='ocrx_word' id='word_1_587' title='bbox 1268 3342 1349 3373; x_wconf 88' lang='lat' dir='ltr'><strong>illud</strong></span> 
     </span>
    </p>
   </div>
   <div class='ocr_carea' id='block_1_24' title="bbox 1376 2038 1385 3352">
    <p class='ocr_par' dir='ltr' id='par_1_32' title="bbox 1376 2038 1385 3352">
     <span class='ocr_line' id='line_1_82' title="bbox 1376 2038 1385 3352; baseline 0 0"><span class='ocrx_word' id='word_1_588' title='bbox 1376 2038 1385 3352; x_wconf 95' lang='lat' dir='ltr'><strong> </strong></span> 
     </span>
    </p>
   </div>
   <div class='ocr_carea' id='block_1_25' title="bbox 1412 1812 1722 1848">
    <p class='ocr_par' dir='ltr' id='par_1_33' title="bbox 1412 1812 1722 1848">
     <span class='ocr_line' id='line_1_83' title="bbox 1412 1812 1722 1848; baseline 0 -1"><span class='ocrx_word' id='word_1_589' title='bbox 1412 1812 1722 1848; x_wconf 74' lang='lat' dir='ltr'><strong>Fen-ariensis</strong></span> 
     </span>
    </p>
   </div>
   <div class='ocr_carea' id='block_1_26' title="bbox 1398 1911 2485 3382">
    <p class='ocr_par' dir='ltr' id='par_1_34' title="bbox 1409 1911 2483 2212">
     <span class='ocr_line' id='line_1_84' title="bbox 1411 1911 2482 1948; baseline 0.002 -5"><span class='ocrx_word' id='word_1_590' title='bbox 1411 1918 1459 1944; x_wconf 90' lang='lat' dir='ltr'><strong>est</strong></span> <span class='ocrx_word' id='word_1_591' title='bbox 1474 1912 1632 1948; x_wconf 87' lang='lat' dir='ltr'><strong>divinum,</strong></span> <span class='ocrx_word' id='word_1_592' title='bbox 1647 1911 1733 1944; x_wconf 90' lang='lat' dir='ltr'><strong>istud</strong></span> <span class='ocrx_word' id='word_1_593' title='bbox 1753 1922 1830 1943; x_wconf 89' lang='lat' dir='ltr'><strong>vero</strong></span> <span class='ocrx_word' id='word_1_594' title='bbox 1854 1918 1901 1943; x_wconf 87' lang='lat' dir='ltr'><strong>est</strong></span> <span class='ocrx_word' id='word_1_595' title='bbox 1924 1918 2078 1944; x_wconf 86' lang='lat' dir='ltr'><strong>creatum.</strong></span> <span class='ocrx_word' id='word_1_596' title='bbox 2092 1930 2115 1935; x_wconf 91' lang='lat'><em>-</em></span> <span class='ocrx_word' id='word_1_597' title='bbox 2131 1913 2165 1944; x_wconf 90' lang='lat' dir='ltr'><strong>Si</strong></span> <span class='ocrx_word' id='word_1_598' title='bbox 2187 1918 2296 1944; x_wconf 86' lang='lat' dir='ltr'><strong>autem</strong></span> <span class='ocrx_word' id='word_1_599' title='bbox 2317 1914 2482 1945; x_wconf 86' lang='lat' dir='ltr'><strong>veritatem</strong></span> 
     </span>
     <span class='ocr_line' id='line_1_85' title="bbox 1410 1956 2483 1999; baseline 0.001 -11"><span class='ocrx_word' id='word_1_600' title='bbox 1410 1957 1659 1999; x_wconf 86' lang='lat' dir='ltr'><strong>praedicationis</strong></span> <span class='ocrx_word' id='word_1_601' title='bbox 1682 1956 1851 1998; x_wconf 83' lang='lat' dir='ltr'><strong>significet,</strong></span> <span class='ocrx_word' id='word_1_602' title='bbox 1874 1958 1919 1988; x_wconf 92' lang='lat' dir='ltr'><strong>sic</strong></span> <span class='ocrx_word' id='word_1_603' title='bbox 1944 1957 2051 1988; x_wconf 80' lang='lat' dir='ltr'><strong>verius</strong></span> <span class='ocrx_word' id='word_1_604' title='bbox 2081 1962 2127 1988; x_wconf 85' lang='lat' dir='ltr'><strong>est</strong></span> <span class='ocrx_word' id='word_1_605' title='bbox 2157 1957 2406 1999; x_wconf 81' lang='lat' dir='ltr'><strong>unumquodque</strong></span> <span class='ocrx_word' id='word_1_606' title='bbox 2429 1958 2483 1990; x_wconf 79' lang='lat' dir='ltr'><strong>ubi</strong></span> 
     </span>
     <span class='ocr_line' id='line_1_86' title="bbox 1410 2001 2482 2042; baseline 0.001 -10"><span class='ocrx_word' id='word_1_607' title='bbox 1410 2006 1459 2033; x_wconf 86' lang='lat' dir='ltr'><strong>est</strong></span> <span class='ocrx_word' id='word_1_608' title='bbox 1475 2011 1538 2042; x_wconf 81' lang='lat' dir='ltr'><strong>per</strong></span> <span class='ocrx_word' id='word_1_609' title='bbox 1561 2002 1741 2037; x_wconf 83' lang='lat' dir='ltr'><strong>essentiam,</strong></span> <span class='ocrx_word' id='word_1_610' title='bbox 1765 2011 1862 2042; x_wconf 83' lang='lat' dir='ltr'><strong>quam</strong></span> <span class='ocrx_word' id='word_1_611' title='bbox 1887 2002 1941 2032; x_wconf 85' lang='lat' dir='ltr'><strong>ubi</strong></span> <span class='ocrx_word' id='word_1_612' title='bbox 1964 2006 2011 2033; x_wconf 83' lang='lat' dir='ltr'><strong>est</strong></span> <span class='ocrx_word' id='word_1_613' title='bbox 2026 2011 2090 2042; x_wconf 81' lang='lat' dir='ltr'><strong>per</strong></span> <span class='ocrx_word' id='word_1_614' title='bbox 2112 2001 2364 2033; x_wconf 80' lang='lat' dir='ltr'><strong>similitudinem.</strong></span> <span class='ocrx_word' id='word_1_615' title='bbox 2396 2002 2482 2041; x_wconf 90' lang='lat' dir='ltr'><strong>Quia</strong></span> 
     </span>
     <span class='ocr_line' id='line_1_87' title="bbox 1409 2045 2482 2087; baseline 0.002 -11"><span class='ocrx_word' id='word_1_616' title='bbox 1409 2047 1524 2077; x_wconf 90' lang='lat' dir='ltr'><strong>veritas</strong></span> <span class='ocrx_word' id='word_1_617' title='bbox 1539 2046 1787 2087; x_wconf 84' lang='lat' dir='ltr'><strong>praedicationis</strong></span> <span class='ocrx_word' id='word_1_618' title='bbox 1807 2046 1981 2077; x_wconf 90' lang='lat' dir='ltr'><strong>attenditur</strong></span> <span class='ocrx_word' id='word_1_619' title='bbox 1995 2045 2175 2077; x_wconf 88' lang='lat' dir='ltr'><strong>secundum</strong></span> <span class='ocrx_word' id='word_1_620' title='bbox 2191 2046 2282 2086; x_wconf 89' lang='lat' dir='ltr'><strong>quod</strong></span> <span class='ocrx_word' id='word_1_621' title='bbox 2297 2047 2418 2087; x_wconf 88' lang='lat' dir='ltr'><strong>aliquid</strong></span> <span class='ocrx_word' id='word_1_622' title='bbox 2434 2057 2482 2078; x_wconf 92' lang='lat' dir='ltr'><strong>se-</strong></span> 
     </span>
     <span class='ocr_line' id='line_1_88' title="bbox 1410 2090 2482 2131; baseline 0 -9"><span class='ocrx_word' id='word_1_623' title='bbox 1410 2090 1556 2122; x_wconf 89' lang='lat' dir='ltr'><strong>cundum</strong></span> <span class='ocrx_word' id='word_1_624' title='bbox 1571 2100 1667 2122; x_wconf 90' lang='lat' dir='ltr'><strong>suum</strong></span> <span class='ocrx_word' id='word_1_625' title='bbox 1683 2090 1820 2121; x_wconf 83' lang='lat' dir='ltr'><strong>formale</strong></span> <span class='ocrx_word' id='word_1_626' title='bbox 1843 2090 2058 2131; x_wconf 86' lang='lat' dir='ltr'><strong>significatum</strong></span> <span class='ocrx_word' id='word_1_627' title='bbox 2074 2090 2114 2121; x_wconf 93' lang='lat' dir='ltr'><strong>de</strong></span> <span class='ocrx_word' id='word_1_628' title='bbox 2130 2091 2240 2131; x_wconf 81' lang='lat' dir='ltr'><strong>aliquo</strong></span> <span class='ocrx_word' id='word_1_629' title='bbox 2256 2091 2382 2123; x_wconf 85' lang='lat' dir='ltr'><strong>dicitur.</strong></span> <span class='ocrx_word' id='word_1_630' title='bbox 2405 2092 2482 2122; x_wconf 91' lang='lat' dir='ltr'><strong>Non</strong></span> 
     </span>
     <span class='ocr_line' id='line_1_89' title="bbox 1409 2135 2483 2177; baseline 0.001 -10"><span class='ocrx_word' id='word_1_631' title='bbox 1409 2141 1519 2177; x_wconf 85' lang='lat' dir='ltr'><strong>potest</strong></span> <span class='ocrx_word' id='word_1_632' title='bbox 1534 2141 1644 2167; x_wconf 83' lang='lat' dir='ltr'><strong>autem</strong></span> <span class='ocrx_word' id='word_1_633' title='bbox 1658 2137 1760 2176; x_wconf 87' lang='lat' dir='ltr'><strong>magis</strong></span> <span class='ocrx_word' id='word_1_634' title='bbox 1775 2136 1871 2167; x_wconf 90' lang='lat' dir='ltr'><strong>alicui</strong></span> <span class='ocrx_word' id='word_1_635' title='bbox 1888 2137 2062 2167; x_wconf 89' lang='lat' dir='ltr'><strong>convenire</strong></span> <span class='ocrx_word' id='word_1_636' title='bbox 2078 2135 2254 2167; x_wconf 85' lang='lat' dir='ltr'><strong>formaliter</strong></span> <span class='ocrx_word' id='word_1_637' title='bbox 2270 2145 2369 2176; x_wconf 86' lang='lat' dir='ltr'><strong>quam</strong></span> <span class='ocrx_word' id='word_1_638' title='bbox 2383 2138 2411 2168; x_wconf 77' lang='lat' dir='ltr'><strong>si</strong></span> <span class='ocrx_word' id='word_1_639' title='bbox 2425 2146 2483 2177; x_wconf 89' lang='lat' dir='ltr'><strong>per</strong></span> 
     </span>
     <span class='ocr_line' id='line_1_90' title="bbox 1411 2181 1857 2212; baseline -0.002 0"><span class='ocrx_word' id='word_1_640' title='bbox 1411 2181 1583 2212; x_wconf 84' lang='lat' dir='ltr'><strong>essentiam</strong></span> <span class='ocrx_word' id='word_1_641' title='bbox 1606 2181 1652 2212; x_wconf 89' lang='lat' dir='ltr'><strong>illi</strong></span> <span class='ocrx_word' id='word_1_642' title='bbox 1675 2181 1857 2212; x_wconf 74' lang='lat' dir='ltr'><strong>conveniat.</strong></span> 
     </span>
    </p>

    <p class='ocr_par' dir='ltr' id='par_1_35' title="bbox 1399 2223 2485 2927">
     <span class='ocr_line' id='line_1_91' title="bbox 1466 2223 2483 2266; baseline 0 -10"><span class='ocrx_word' id='word_1_643' title='bbox 1466 2225 1501 2257; x_wconf 90' lang='lat' dir='ltr'><strong>Si</strong></span> <span class='ocrx_word' id='word_1_644' title='bbox 1523 2225 1669 2256; x_wconf 89' lang='lat' dir='ltr'><strong>secundo</strong></span> <span class='ocrx_word' id='word_1_645' title='bbox 1692 2225 1806 2261; x_wconf 89' lang='lat' dir='ltr'><strong>modo,</strong></span> <span class='ocrx_word' id='word_1_646' title='bbox 1830 2232 1919 2261; x_wconf 85' lang='lat' dir='ltr'><strong>tunc,</strong></span> <span class='ocrx_word' id='word_1_647' title='bbox 1945 2223 2261 2266; x_wconf 90' lang='lat' dir='ltr'><strong>quomodocumque</strong></span> <span class='ocrx_word' id='word_1_648' title='bbox 2284 2230 2429 2262; x_wconf 86' lang='lat' dir='ltr'><strong>sumatur</strong></span> <span class='ocrx_word' id='word_1_649' title='bbox 2450 2226 2483 2257; x_wconf 91' lang='lat' dir='ltr'><strong>lv</strong></span> 
     </span>
     <span class='ocr_line' id='line_1_92' title="bbox 1410 2262 2484 2311; baseline 0 -10"><span class='ocrx_word' id='word_1_650' title='bbox 1410 2271 1529 2306; x_wconf 77' lang='lat' dir='ltr'><strong>verius,</strong></span> <span class='ocrx_word' id='word_1_651' title='bbox 1547 2280 1620 2301; x_wconf 87' lang='lat' dir='ltr'><strong>vera</strong></span> <span class='ocrx_word' id='word_1_652' title='bbox 1637 2275 1684 2301; x_wconf 86' lang='lat' dir='ltr'><strong>est</strong></span> <span class='ocrx_word' id='word_1_653' title='bbox 1699 2270 1882 2311; x_wconf 90' lang='lat' dir='ltr'><strong>propositio</strong></span> <span class='ocrx_word' id='word_1_654' title='bbox 1903 2269 2012 2300; x_wconf 87' lang='lat' dir='ltr'><strong>Sancti</strong></span> <span class='ocrx_word' id='word_1_655' title='bbox 2024 2269 2184 2300; x_wconf 90' lang='lat' dir='ltr'><strong>Thomae.</strong></span> <span class='ocrx_word' id='word_1_656' title='bbox 2204 2268 2304 2307; x_wconf 89' lang='lat' dir='ltr'><strong>Quod</strong></span> <span class='ocrx_word' id='word_1_657' title='bbox 2320 2271 2407 2301; x_wconf 91' lang='lat' dir='ltr'><strong>enim</strong></span> <span class='ocrx_word' id='word_1_658' title='bbox 2426 2262 2484 2311; x_wconf 75' lang='lat' dir='ltr'><strong>per</strong></span> 
     </span>
     <span class='ocr_line' id='line_1_93' title="bbox 1410 2311 2484 2355; baseline 0 -9"><span class='ocrx_word' id='word_1_659' title='bbox 1410 2311 1582 2346; x_wconf 79' lang='lat' dir='ltr'><strong>essentiam</strong></span> <span class='ocrx_word' id='word_1_660' title='bbox 1598 2314 1694 2345; x_wconf 88' lang='lat' dir='ltr'><strong>alicui</strong></span> <span class='ocrx_word' id='word_1_661' title='bbox 1710 2315 1873 2351; x_wconf 87' lang='lat' dir='ltr'><strong>convenit,</strong></span> <span class='ocrx_word' id='word_1_662' title='bbox 1889 2313 2063 2355; x_wconf 84' lang='lat' dir='ltr'><strong>perfectius</strong></span> <span class='ocrx_word' id='word_1_663' title='bbox 2079 2323 2147 2345; x_wconf 91' lang='lat' dir='ltr'><strong>esse</strong></span> <span class='ocrx_word' id='word_1_664' title='bbox 2159 2314 2193 2345; x_wconf 90' lang='lat' dir='ltr'><strong>in</strong></span> <span class='ocrx_word' id='word_1_665' title='bbox 2205 2312 2261 2344; x_wconf 92' lang='lat' dir='ltr'><strong>illo</strong></span> <span class='ocrx_word' id='word_1_666' title='bbox 2274 2313 2369 2345; x_wconf 87' lang='lat' dir='ltr'><strong>habet</strong></span> <span class='ocrx_word' id='word_1_667' title='bbox 2385 2324 2484 2355; x_wconf 88' lang='lat' dir='ltr'><strong>quam</strong></span> 
     </span>
     <span class='ocr_line' id='line_1_94' title="bbox 1399 2358 2485 2400; baseline 0 -10"><span class='ocrx_word' id='word_1_668' title='bbox 1399 2361 1444 2390; x_wconf 54' lang='lat' dir='ltr'><strong>*in</strong></span> <span class='ocrx_word' id='word_1_669' title='bbox 1460 2369 1501 2391; x_wconf 93' lang='lat' dir='ltr'><strong>eo</strong></span> <span class='ocrx_word' id='word_1_670' title='bbox 1516 2360 1570 2391; x_wconf 91' lang='lat' dir='ltr'><strong>cui</strong></span> <span class='ocrx_word' id='word_1_671' title='bbox 1591 2360 1744 2390; x_wconf 87' lang='lat' dir='ltr'><strong>convenit</strong></span> <span class='ocrx_word' id='word_1_672' title='bbox 1758 2369 1817 2400; x_wconf 89' lang='lat' dir='ltr'><strong>per</strong></span> <span class='ocrx_word' id='word_1_673' title='bbox 1832 2359 2120 2400; x_wconf 88' lang='lat' dir='ltr'><strong>participationem.</strong></span> <span class='ocrx_word' id='word_1_674' title='bbox 2141 2359 2183 2389; x_wconf 92' lang='lat' dir='ltr'><strong>Et</strong></span> <span class='ocrx_word' id='word_1_675' title='bbox 2197 2358 2355 2390; x_wconf 85' lang='lat' dir='ltr'><strong>maiorem</strong></span> <span class='ocrx_word' id='word_1_676' title='bbox 2370 2359 2485 2390; x_wconf 89' lang='lat' dir='ltr'><strong>identi-</strong></span> 
     </span>
     <span class='ocr_line' id='line_1_95' title="bbox 1409 2404 2484 2446; baseline 0 -10"><span class='ocrx_word' id='word_1_677' title='bbox 1409 2410 1510 2436; x_wconf 81' lang='lat' dir='ltr'><strong>tatem</strong></span> <span class='ocrx_word' id='word_1_678' title='bbox 1525 2405 1696 2436; x_wconf 83' lang='lat' dir='ltr'><strong>formalem</strong></span> <span class='ocrx_word' id='word_1_679' title='bbox 1711 2414 1788 2436; x_wconf 89' lang='lat' dir='ltr'><strong>cum</strong></span> <span class='ocrx_word' id='word_1_680' title='bbox 1802 2405 1875 2446; x_wconf 89' lang='lat' dir='ltr'><strong>ipso</strong></span> <span class='ocrx_word' id='word_1_681' title='bbox 1891 2405 2001 2435; x_wconf 83' lang='lat' dir='ltr'><strong>habet:</strong></span> <span class='ocrx_word' id='word_1_682' title='bbox 2026 2413 2064 2435; x_wconf 88' lang='lat' dir='ltr'><strong>ex</strong></span> <span class='ocrx_word' id='word_1_683' title='bbox 2083 2413 2151 2445; x_wconf 92' lang='lat' dir='ltr'><strong>quo</strong></span> <span class='ocrx_word' id='word_1_684' title='bbox 2167 2404 2314 2444; x_wconf 85' lang='lat' dir='ltr'><strong>sequitur</strong></span> <span class='ocrx_word' id='word_1_685' title='bbox 2328 2410 2365 2435; x_wconf 90' lang='lat' dir='ltr'><strong>ut</strong></span> <span class='ocrx_word' id='word_1_686' title='bbox 2379 2405 2484 2436; x_wconf 90' lang='lat' dir='ltr'><strong>verius</strong></span> 
     </span>
     <span class='ocr_line' id='line_1_96' title="bbox 1410 2449 1744 2491; baseline 0 -11"><span class='ocrx_word' id='word_1_687' title='bbox 1410 2450 1508 2481; x_wconf 86' lang='lat' dir='ltr'><strong>etiam</strong></span> <span class='ocrx_word' id='word_1_688' title='bbox 1531 2449 1744 2491; x_wconf 85' lang='lat' dir='ltr'><strong>praedicetur.</strong></span> 
     </span>
     <span class='ocr_line' id='line_1_97' title="bbox 1399 2492 2484 2534; baseline -0.002 -8"><span class='ocrx_word' id='word_1_689' title='bbox 1399 2531 1403 2534; x_wconf 22' lang='lat'><strong>⁴</strong></span> <span class='ocrx_word' id='word_1_690' title='bbox 1464 2494 1518 2526; x_wconf 88' lang='lat' dir='ltr'><strong>Ad</strong></span> <span class='ocrx_word' id='word_1_691' title='bbox 1535 2495 1720 2526; x_wconf 81' lang='lat' dir='ltr'><strong>instantiam</strong></span> <span class='ocrx_word' id='word_1_692' title='bbox 1736 2493 1852 2525; x_wconf 89' lang='lat' dir='ltr'><strong>dicitur</strong></span> <span class='ocrx_word' id='word_1_693' title='bbox 1868 2492 1958 2533; x_wconf 91' lang='lat' dir='ltr'><strong>quod</strong></span> <span class='ocrx_word' id='word_1_694' title='bbox 1973 2492 2160 2533; x_wconf 81' lang='lat' dir='ltr'><strong>intelligitur</strong></span> <span class='ocrx_word' id='word_1_695' title='bbox 2174 2493 2356 2534; x_wconf 87' lang='lat' dir='ltr'><strong>propositio</strong></span> <span class='ocrx_word' id='word_1_696' title='bbox 2377 2493 2484 2524; x_wconf 86' lang='lat' dir='ltr'><strong>Sancti</strong></span> 
     </span>
     <span class='ocr_line' id='line_1_98' title="bbox 1409 2536 2484 2578; baseline 0 -9"><span class='ocrx_word' id='word_1_697' title='bbox 1409 2538 1559 2571; x_wconf 87' lang='lat' dir='ltr'><strong>Thomae</strong></span> <span class='ocrx_word' id='word_1_698' title='bbox 1575 2539 1632 2570; x_wconf 87' lang='lat' dir='ltr'><strong>ubi</strong></span> <span class='ocrx_word' id='word_1_699' title='bbox 1647 2538 1728 2570; x_wconf 92' lang='lat' dir='ltr'><strong>illud</strong></span> <span class='ocrx_word' id='word_1_700' title='bbox 1744 2538 1920 2569; x_wconf 87' lang='lat' dir='ltr'><strong>formaliter</strong></span> <span class='ocrx_word' id='word_1_701' title='bbox 1934 2536 2136 2578; x_wconf 90' lang='lat' dir='ltr'><strong>praedicetur</strong></span> <span class='ocrx_word' id='word_1_702' title='bbox 2151 2537 2192 2567; x_wconf 92' lang='lat' dir='ltr'><strong>de</strong></span> <span class='ocrx_word' id='word_1_703' title='bbox 2209 2543 2359 2578; x_wconf 90' lang='lat' dir='ltr'><strong>utroque,</strong></span> <span class='ocrx_word' id='word_1_704' title='bbox 2376 2543 2408 2568; x_wconf 90' lang='lat' dir='ltr'><strong>et</strong></span> <span class='ocrx_word' id='word_1_705' title='bbox 2427 2538 2484 2569; x_wconf 90' lang='lat' dir='ltr'><strong>ubi</strong></span> 
     </span>
     <span class='ocr_line' id='line_1_99' title="bbox 1408 2581 2484 2624; baseline -0.002 -10"><span class='ocrx_word' id='word_1_706' title='bbox 1408 2584 1477 2624; x_wconf 89' lang='lat' dir='ltr'><strong>ipsa</strong></span> <span class='ocrx_word' id='word_1_707' title='bbox 1501 2584 1638 2616; x_wconf 89' lang='lat' dir='ltr'><strong>essentia</strong></span> <span class='ocrx_word' id='word_1_708' title='bbox 1665 2593 1724 2624; x_wconf 91' lang='lat' dir='ltr'><strong>per</strong></span> <span class='ocrx_word' id='word_1_709' title='bbox 1753 2593 1787 2614; x_wconf 91' lang='lat' dir='ltr'><strong>se</strong></span> <span class='ocrx_word' id='word_1_710' title='bbox 1815 2583 1973 2613; x_wconf 88' lang='lat' dir='ltr'><strong>subsistat.</strong></span> <span class='ocrx_word' id='word_1_711' title='bbox 2003 2581 2099 2612; x_wconf 91' lang='lat' dir='ltr'><strong>Tunc</strong></span> <span class='ocrx_word' id='word_1_712' title='bbox 2129 2582 2217 2612; x_wconf 90' lang='lat' dir='ltr'><strong>enim</strong></span> <span class='ocrx_word' id='word_1_713' title='bbox 2238 2582 2344 2612; x_wconf 89' lang='lat' dir='ltr'><strong>verius</strong></span> <span class='ocrx_word' id='word_1_714' title='bbox 2368 2582 2484 2613; x_wconf 89' lang='lat' dir='ltr'><strong>dicitur</strong></span> 
     </span>
     <span class='ocr_line' id='line_1_100' title="bbox 1408 2625 2480 2668; baseline -0.001 -9"><span class='ocrx_word' id='word_1_715' title='bbox 1408 2627 1500 2668; x_wconf 90' lang='lat' dir='ltr'><strong>quod</strong></span> <span class='ocrx_word' id='word_1_716' title='bbox 1522 2634 1572 2659; x_wconf 83' lang='lat' dir='ltr'><strong>est</strong></span> <span class='ocrx_word' id='word_1_717' title='bbox 1589 2629 1659 2668; x_wconf 89' lang='lat' dir='ltr'><strong>ipsa</strong></span> <span class='ocrx_word' id='word_1_718' title='bbox 1675 2626 1846 2668; x_wconf 77' lang='lat' dir='ltr'><strong>quidditas,</strong></span> <span class='ocrx_word' id='word_1_719' title='bbox 1863 2636 1963 2667; x_wconf 83' lang='lat' dir='ltr'><strong>quam</strong></span> <span class='ocrx_word' id='word_1_720' title='bbox 1977 2625 2011 2656; x_wconf 92' lang='lat' dir='ltr'><strong>id</strong></span> <span class='ocrx_word' id='word_1_721' title='bbox 2026 2625 2118 2666; x_wconf 93' lang='lat' dir='ltr'><strong>quod</strong></span> <span class='ocrx_word' id='word_1_722' title='bbox 2140 2627 2236 2656; x_wconf 85' lang='lat' dir='ltr'><strong>habet</strong></span> <span class='ocrx_word' id='word_1_723' title='bbox 2259 2625 2480 2667; x_wconf 83' lang='lat' dir='ltr'><strong>quidditatem.</strong></span> 
     </span>
     <span class='ocr_line' id='line_1_101' title="bbox 1407 2670 2480 2713; baseline -0.001 -9"><span class='ocrx_word' id='word_1_724' title='bbox 1407 2672 1450 2703; x_wconf 93' lang='lat' dir='ltr'><strong>Et</strong></span> <span class='ocrx_word' id='word_1_725' title='bbox 1469 2674 1546 2713; x_wconf 88' lang='lat' dir='ltr'><strong>quia</strong></span> <span class='ocrx_word' id='word_1_726' title='bbox 1565 2673 1654 2704; x_wconf 84' lang='lat' dir='ltr'><strong>Deus</strong></span> <span class='ocrx_word' id='word_1_727' title='bbox 1669 2673 1739 2713; x_wconf 84' lang='lat' dir='ltr'><strong>ipsa</strong></span> <span class='ocrx_word' id='word_1_728' title='bbox 1753 2672 1953 2706; x_wconf 70' lang='lat' dir='ltr'><strong>bonitas-est,</strong></span> <span class='ocrx_word' id='word_1_729' title='bbox 1969 2671 2030 2701; x_wconf 85' lang='lat' dir='ltr'><strong>alia</strong></span> <span class='ocrx_word' id='word_1_730' title='bbox 2045 2680 2122 2701; x_wconf 89' lang='lat' dir='ltr'><strong>vero</strong></span> <span class='ocrx_word' id='word_1_731' title='bbox 2146 2670 2266 2701; x_wconf 84' lang='lat' dir='ltr'><strong>habent</strong></span> <span class='ocrx_word' id='word_1_732' title='bbox 2288 2671 2480 2708; x_wconf 85' lang='lat' dir='ltr'><strong>bonitatem;</strong></span> 
     </span>
     <span class='ocr_line' id='line_1_102' title="bbox 1406 2714 2480 2752; baseline -0.001 -4"><span class='ocrx_word' id='word_1_733' title='bbox 1406 2723 1439 2748; x_wconf 89' lang='lat' dir='ltr'><strong>et</strong></span> <span class='ocrx_word' id='word_1_734' title='bbox 1453 2716 1571 2748; x_wconf 89' lang='lat' dir='ltr'><strong>dicitur</strong></span> <span class='ocrx_word' id='word_1_735' title='bbox 1585 2717 1763 2748; x_wconf 85' lang='lat' dir='ltr'><strong>formaliter</strong></span> <span class='ocrx_word' id='word_1_736' title='bbox 1777 2717 1894 2752; x_wconf 87' lang='lat' dir='ltr'><strong>bonus,</strong></span> <span class='ocrx_word' id='word_1_737' title='bbox 1906 2716 1989 2747; x_wconf 87' lang='lat' dir='ltr'><strong>sicut</strong></span> <span class='ocrx_word' id='word_1_738' title='bbox 2004 2720 2036 2745; x_wconf 90' lang='lat' dir='ltr'><strong>et</strong></span> <span class='ocrx_word' id='word_1_739' title='bbox 2050 2716 2112 2746; x_wconf 89' lang='lat' dir='ltr'><strong>alia</strong></span> <span class='ocrx_word' id='word_1_740' title='bbox 2123 2714 2275 2746; x_wconf 84' lang='lat' dir='ltr'><strong>dicuntur</strong></span> <span class='ocrx_word' id='word_1_741' title='bbox 2290 2715 2388 2747; x_wconf 89' lang='lat' dir='ltr'><strong>bona:</strong></span> <span class='ocrx_word' id='word_1_742' title='bbox 2406 2716 2480 2747; x_wconf 89' lang='lat' dir='ltr'><strong>ideo</strong></span> 
     </span>
     <span class='ocr_line' id='line_1_103' title="bbox 1406 2759 2479 2802; baseline -0.001 -9"><span class='ocrx_word' id='word_1_743' title='bbox 1406 2767 1439 2792; x_wconf 87' lang='lat' dir='ltr'><strong>et</strong></span> <span class='ocrx_word' id='word_1_744' title='bbox 1456 2763 1563 2793; x_wconf 86' lang='lat' dir='ltr'><strong>verius</strong></span> <span class='ocrx_word' id='word_1_745' title='bbox 1580 2767 1619 2793; x_wconf 82' lang='lat' dir='ltr'><strong>et</strong></span> <span class='ocrx_word' id='word_1_746' title='bbox 1641 2761 1814 2802; x_wconf 89' lang='lat' dir='ltr'><strong>perfectius</strong></span> <span class='ocrx_word' id='word_1_747' title='bbox 1842 2761 1958 2792; x_wconf 91' lang='lat' dir='ltr'><strong>dicitur</strong></span> <span class='ocrx_word' id='word_1_748' title='bbox 1981 2759 2097 2791; x_wconf 89' lang='lat' dir='ltr'><strong>bonus.</strong></span> <span class='ocrx_word' id='word_1_749' title='bbox 2122 2759 2248 2791; x_wconf 92' lang='lat' dir='ltr'><strong>Albedo</strong></span> <span class='ocrx_word' id='word_1_750' title='bbox 2272 2765 2381 2791; x_wconf 88' lang='lat' dir='ltr'><strong>autem</strong></span> <span class='ocrx_word' id='word_1_751' title='bbox 2410 2771 2479 2792; x_wconf 92' lang='lat' dir='ltr'><strong>non</strong></span> 
     </span>
     <span class='ocr_line' id='line_1_104' title="bbox 1405 2804 2480 2848; baseline -0.001 -11"><span class='ocrx_word' id='word_1_752' title='bbox 1405 2807 1520 2848; x_wconf 89' lang='lat' dir='ltr'><strong>recipit</strong></span> <span class='ocrx_word' id='word_1_753' title='bbox 1531 2805 1805 2848; x_wconf 89' lang='lat' dir='ltr'><strong>praedicationem</strong></span> <span class='ocrx_word' id='word_1_754' title='bbox 1821 2806 1870 2836; x_wconf 91' lang='lat' dir='ltr'><strong>sui</strong></span> <span class='ocrx_word' id='word_1_755' title='bbox 1886 2805 2039 2841; x_wconf 89' lang='lat' dir='ltr'><strong>concreti,</strong></span> <span class='ocrx_word' id='word_1_756' title='bbox 2052 2809 2088 2835; x_wconf 92' lang='lat' dir='ltr'><strong>ut</strong></span> <span class='ocrx_word' id='word_1_757' title='bbox 2102 2805 2233 2846; x_wconf 90' lang='lat' dir='ltr'><strong>proprie</strong></span> <span class='ocrx_word' id='word_1_758' title='bbox 2249 2804 2373 2836; x_wconf 91' lang='lat' dir='ltr'><strong>dicatur</strong></span> <span class='ocrx_word' id='word_1_759' title='bbox 2387 2805 2480 2836; x_wconf 84' lang='lat' dir='ltr'><strong>alba:</strong></span> 
     </span>
     <span class='ocr_line' id='line_1_105' title="bbox 1405 2847 2479 2892; baseline -0.001 -10"><span class='ocrx_word' id='word_1_760' title='bbox 1405 2861 1467 2882; x_wconf 90' lang='lat' dir='ltr'><strong>nec</strong></span> <span class='ocrx_word' id='word_1_761' title='bbox 1491 2852 1587 2882; x_wconf 90' lang='lat' dir='ltr'><strong>etiam</strong></span> <span class='ocrx_word' id='word_1_762' title='bbox 1611 2861 1670 2892; x_wconf 88' lang='lat' dir='ltr'><strong>per</strong></span> <span class='ocrx_word' id='word_1_763' title='bbox 1687 2861 1721 2882; x_wconf 91' lang='lat' dir='ltr'><strong>se</strong></span> <span class='ocrx_word' id='word_1_764' title='bbox 1738 2849 1794 2886; x_wconf 84' lang='lat' dir='ltr'><strong>est,</strong></span> <span class='ocrx_word' id='word_1_765' title='bbox 1811 2850 1887 2881; x_wconf 91' lang='lat' dir='ltr'><strong>licet</strong></span> <span class='ocrx_word' id='word_1_766' title='bbox 1901 2859 1959 2891; x_wconf 92' lang='lat' dir='ltr'><strong>per</strong></span> <span class='ocrx_word' id='word_1_767' title='bbox 1974 2859 2008 2880; x_wconf 89' lang='lat' dir='ltr'><strong>se</strong></span> <span class='ocrx_word' id='word_1_768' title='bbox 2023 2848 2230 2890; x_wconf 88' lang='lat' dir='ltr'><strong>significetur.</strong></span> <span class='ocrx_word' id='word_1_769' title='bbox 2251 2847 2328 2880; x_wconf 84' lang='lat' dir='ltr'><strong>Ideo</strong></span> <span class='ocrx_word' id='word_1_770' title='bbox 2344 2859 2412 2881; x_wconf 92' lang='lat' dir='ltr'><strong>non</strong></span> <span class='ocrx_word' id='word_1_771' title='bbox 2432 2855 2479 2881; x_wconf 90' lang='lat' dir='ltr'><strong>est</strong></span> 
     </span>
     <span class='ocr_line' id='line_1_106' title="bbox 1405 2894 1550 2927; baseline 0 0"><span class='ocrx_word' id='word_1_772' title='bbox 1405 2896 1519 2927; x_wconf 86' lang='lat' dir='ltr'><strong>simile.</strong></span> <span class='ocrx_word' id='word_1_773' title='bbox 1547 2894 1550 2897; x_wconf 73' lang='grc'><strong>’</strong></span> 
     </span>
    </p>

    <p class='ocr_par' dir='ltr' id='par_1_36' title="bbox 1398 2938 2476 3072">
     <span class='ocr_line' id='line_1_107' title="bbox 1462 2938 2476 2971; baseline -0.001 -1"><span class='ocrx_word' id='word_1_774' title='bbox 1462 2940 1513 2971; x_wconf 85' lang='lat'><strong>111.</strong></span> <span class='ocrx_word' id='word_1_775' title='bbox 1552 2941 1672 2971; x_wconf 85' lang='lat' dir='ltr'><strong>Tertio.</strong></span> <span class='ocrx_word' id='word_1_776' title='bbox 1707 2940 1755 2970; x_wconf 88' lang='lat' dir='ltr'><strong>Ex</strong></span> <span class='ocrx_word' id='word_1_777' title='bbox 1789 2940 1860 2970; x_wconf 92' lang='lat' dir='ltr'><strong>Deo</strong></span> <span class='ocrx_word' id='word_1_778' title='bbox 1896 2939 2006 2969; x_wconf 88' lang='lat' dir='ltr'><strong>omnia</strong></span> <span class='ocrx_word' id='word_1_779' title='bbox 2040 2938 2119 2968; x_wconf 90' lang='lat' dir='ltr'><strong>boni</strong></span> <span class='ocrx_word' id='word_1_780' title='bbox 2152 2938 2311 2969; x_wconf 86' lang='lat' dir='ltr'><strong>rationem</strong></span> <span class='ocrx_word' id='word_1_781' title='bbox 2348 2938 2476 2970; x_wconf 88' lang='lat' dir='ltr'><strong>habent.</strong></span> 
     </span>
     <span class='ocr_line' id='line_1_108' title="bbox 1398 2982 2476 3026; baseline 0 -12"><span class='ocrx_word' id='word_1_782' title='bbox 1398 2986 1491 3026; x_wconf 83' lang='lat' dir='ltr'><strong>Ergo</strong></span> <span class='ocrx_word' id='word_1_783' title='bbox 1515 2990 1577 3016; x_wconf 86' lang='lat' dir='ltr'><strong>ete.</strong></span> <span class='ocrx_word' id='word_1_784' title='bbox 1595 3002 1620 3008; x_wconf 93' lang='lat'>-</span> <span class='ocrx_word' id='word_1_785' title='bbox 1639 2985 1796 3016; x_wconf 89' lang='lat' dir='ltr'><strong>Probatur</strong></span> <span class='ocrx_word' id='word_1_786' title='bbox 1818 2983 2062 3024; x_wconf 87' lang='lat' dir='ltr'><strong>consequentia.</strong></span> <span class='ocrx_word' id='word_1_787' title='bbox 2091 2982 2177 3021; x_wconf 87' lang='lat' dir='ltr'><strong>Quia</strong></span> <span class='ocrx_word' id='word_1_788' title='bbox 2199 2983 2287 3023; x_wconf 83' lang='lat' dir='ltr'><strong>quod</strong></span> <span class='ocrx_word' id='word_1_789' title='bbox 2309 2987 2357 3014; x_wconf 84' lang='lat' dir='ltr'><strong>est</strong></span> <span class='ocrx_word' id='word_1_790' title='bbox 2377 2993 2476 3014; x_wconf 86' lang='lat' dir='ltr'><strong>causa</strong></span> 
     </span>
     <span class='ocr_line' id='line_1_109' title="bbox 1403 3028 2271 3072; baseline -0.003 -11"><span class='ocrx_word' id='word_1_791' title='bbox 1403 3030 1547 3061; x_wconf 84' lang='lat' dir='ltr'><strong>aliorum</strong></span> <span class='ocrx_word' id='word_1_792' title='bbox 1572 3029 1605 3060; x_wconf 86' lang='lat' dir='ltr'><strong>in</strong></span> <span class='ocrx_word' id='word_1_793' title='bbox 1631 3039 1696 3063; x_wconf 86' lang='lat' dir='ltr'><strong>uno</strong></span> <span class='ocrx_word' id='word_1_794' title='bbox 1719 3038 1850 3072; x_wconf 81' lang='lat' dir='ltr'><strong>genere,</strong></span> <span class='ocrx_word' id='word_1_795' title='bbox 1874 3033 1922 3059; x_wconf 81' lang='lat' dir='ltr'><strong>est</strong></span> <span class='ocrx_word' id='word_1_796' title='bbox 1944 3028 2120 3059; x_wconf 83' lang='lat' dir='ltr'><strong>maximum</strong></span> <span class='ocrx_word' id='word_1_797' title='bbox 2145 3028 2178 3058; x_wconf 88' lang='lat' dir='ltr'><strong>in</strong></span> <span class='ocrx_word' id='word_1_798' title='bbox 2203 3028 2271 3058; x_wconf 86' lang='lat' dir='ltr'><strong>illo.</strong></span> 
     </span>
    </p>

    <p class='ocr_par' dir='ltr' id='par_1_37' title="bbox 1403 3073 2475 3205">
     <span class='ocr_line' id='line_1_110' title="bbox 1460 3073 2475 3115; baseline -0.004 -10"><span class='ocrx_word' id='word_1_799' title='bbox 1460 3073 1600 3112; x_wconf 87' lang='lat' dir='ltr'><strong>Adverte</strong></span> <span class='ocrx_word' id='word_1_800' title='bbox 1624 3075 1781 3115; x_wconf 90' lang='lat' dir='ltr'><strong>quoniam</strong></span> <span class='ocrx_word' id='word_1_801' title='bbox 1808 3074 1862 3105; x_wconf 90' lang='lat' dir='ltr'><strong>hic</strong></span> <span class='ocrx_word' id='word_1_802' title='bbox 1891 3073 2029 3104; x_wconf 89' lang='lat' dir='ltr'><strong>sumitur</strong></span> <span class='ocrx_word' id='word_1_803' title='bbox 2049 3083 2154 3114; x_wconf 83' lang='lat' dir='ltr'><strong>genus</strong></span> <span class='ocrx_word' id='word_1_804' title='bbox 2177 3082 2237 3112; x_wconf 91' lang='lat' dir='ltr'><strong>pro</strong></span> <span class='ocrx_word' id='word_1_805' title='bbox 2266 3073 2356 3102; x_wconf 91' lang='lat' dir='ltr'><strong>omni</strong></span> <span class='ocrx_word' id='word_1_806' title='bbox 2386 3081 2475 3102; x_wconf 91' lang='lat' dir='ltr'><strong>com-</strong></span> 
     </span>
     <span class='ocr_line' id='line_1_111' title="bbox 1403 3117 2475 3157; baseline -0.004 -7"><span class='ocrx_word' id='word_1_807' title='bbox 1403 3119 1496 3150; x_wconf 91' lang='lat' dir='ltr'><strong>muni</strong></span> <span class='ocrx_word' id='word_1_808' title='bbox 1519 3119 1699 3151; x_wconf 90' lang='lat' dir='ltr'><strong>secundum</strong></span> <span class='ocrx_word' id='word_1_809' title='bbox 1723 3118 1860 3150; x_wconf 89' lang='lat' dir='ltr'><strong>eandem</strong></span> <span class='ocrx_word' id='word_1_810' title='bbox 1882 3118 2040 3149; x_wconf 90' lang='lat' dir='ltr'><strong>rationem</strong></span> <span class='ocrx_word' id='word_1_811' title='bbox 2064 3123 2119 3148; x_wconf 89' lang='lat' dir='ltr'><strong>aut</strong></span> <span class='ocrx_word' id='word_1_812' title='bbox 2141 3117 2327 3157; x_wconf 89' lang='lat' dir='ltr'><strong>simpliciter</strong></span> <span class='ocrx_word' id='word_1_813' title='bbox 2349 3122 2404 3147; x_wconf 91' lang='lat' dir='ltr'><strong>aut</strong></span> <span class='ocrx_word' id='word_1_814' title='bbox 2426 3126 2475 3147; x_wconf 90' lang='lat' dir='ltr'><strong>se-</strong></span> 
     </span>
     <span class='ocr_line' id='line_1_112' title="bbox 1403 3162 2359 3205; baseline -0.004 -10"><span class='ocrx_word' id='word_1_815' title='bbox 1403 3163 1550 3195; x_wconf 85' lang='lat' dir='ltr'><strong>cun‘dum</strong></span> <span class='ocrx_word' id='word_1_816' title='bbox 1572 3164 1830 3205; x_wconf 70' lang='lat' dir='ltr'><strong>proportionem,</strong></span> <span class='ocrx_word' id='word_1_817' title='bbox 1854 3166 1891 3194; x_wconf 86' lang='lat' dir='ltr'><strong>ut</strong></span> <span class='ocrx_word' id='word_1_818' title='bbox 1913 3162 2060 3203; x_wconf 87' lang='lat' dir='ltr'><strong>superius</strong></span> <span class='ocrx_word' id='word_1_819' title='bbox 2073 3163 2090 3179; x_wconf 76' lang='lat'><strong>⁴*</strong></span> <span class='ocrx_word' id='word_1_820' title='bbox 2114 3166 2161 3192; x_wconf 89' lang='lat' dir='ltr'><strong>est</strong></span> <span class='ocrx_word' id='word_1_821' title='bbox 2183 3167 2359 3192; x_wconf 89' lang='lat' dir='ltr'><strong>ostensum.</strong></span> 
     </span>
    </p>

    <p class='ocr_par' dir='ltr' id='par_1_38' title="bbox 1402 3204 2473 3338">
     <span class='ocr_line' id='line_1_113' title="bbox 1421 3204 2473 3246; baseline -0.005 -6"><span class='ocrx_word' id='word_1_822' title='bbox 1421 3216 1424 3218; x_wconf 74' lang='grc'>’</span> <span class='ocrx_word' id='word_1_823' title='bbox 1461 3208 1600 3245; x_wconf 84' lang='lat' dir='ltr'><strong>Quarto.</strong></span> <span class='ocrx_word' id='word_1_824' title='bbox 1622 3209 1659 3240; x_wconf 89' lang='lat' dir='ltr'><strong>In</strong></span> <span class='ocrx_word' id='word_1_825' title='bbox 1674 3208 1886 3239; x_wconf 86' lang='lat' dir='ltr'><strong>Deo-malum</strong></span> <span class='ocrx_word' id='word_1_826' title='bbox 1900 3217 1961 3238; x_wconf 89' lang='lat' dir='ltr'><strong>nec</strong></span> <span class='ocrx_word' id='word_1_827' title='bbox 1979 3212 2053 3238; x_wconf 85' lang='lat' dir='ltr'><strong>actu</strong></span> <span class='ocrx_word' id='word_1_828' title='bbox 2075 3216 2136 3237; x_wconf 93' lang='lat' dir='ltr'><strong>nec</strong></span> <span class='ocrx_word' id='word_1_829' title='bbox 2152 3206 2297 3246; x_wconf 90' lang='lat' dir='ltr'><strong>potentia</strong></span> <span class='ocrx_word' id='word_1_830' title='bbox 2313 3211 2369 3236; x_wconf 86' lang='lat' dir='ltr'><strong>est.</strong></span> <span class='ocrx_word' id='word_1_831' title='bbox 2386 3204 2473 3245; x_wconf 82' lang='lat' dir='ltr'><strong>Ergo</strong></span> 
     </span>
     <span class='ocr_line' id='line_1_114' title="bbox 1403 3249 2473 3291; baseline -0.003 -8"><span class='ocrx_word' id='word_1_832' title='bbox 1403 3258 1451 3283; x_wconf 88' lang='lat' dir='ltr'><strong>est</strong></span> <span class='ocrx_word' id='word_1_833' title='bbox 1474 3263 1640 3285; x_wconf 75' lang='lat' dir='ltr'><strong>summum</strong></span> <span class='ocrx_word' id='word_1_834' title='bbox 1663 3254 1799 3284; x_wconf 89' lang='lat' dir='ltr'><strong>bonum.</strong></span> <span class='ocrx_word' id='word_1_835' title='bbox 1815 3271 1838 3275; x_wconf 97' lang='lat'><em>-</em></span> <span class='ocrx_word' id='word_1_836' title='bbox 1852 3253 2010 3283; x_wconf 91' lang='lat' dir='ltr'><strong>Probatur</strong></span> <span class='ocrx_word' id='word_1_837' title='bbox 2032 3251 2274 3291; x_wconf 86' lang='lat' dir='ltr'><strong>consequentia.</strong></span> <span class='ocrx_word' id='word_1_838' title='bbox 2297 3249 2384 3288; x_wconf 92' lang='lat' dir='ltr'><strong>Quia</strong></span> <span class='ocrx_word' id='word_1_839' title='bbox 2405 3258 2473 3280; x_wconf 88' lang='lat' dir='ltr'><strong>me-</strong></span> 
     </span>
     <span class='ocr_line' id='line_1_115' title="bbox 1402 3297 2098 3338; baseline -0.003 -10"><span class='ocrx_word' id='word_1_840' title='bbox 1402 3298 1464 3329; x_wconf 89' lang='lat' dir='ltr'><strong>lius</strong></span> <span class='ocrx_word' id='word_1_841' title='bbox 1489 3297 1651 3338; x_wconf 75' lang='lat' dir='ltr'><strong>estquod</strong></span> <span class='ocrx_word' id='word_1_842' title='bbox 1674 3303 1721 3330; x_wconf 83' lang='lat' dir='ltr'><strong>est</strong></span> <span class='ocrx_word' id='word_1_843' title='bbox 1743 3297 1831 3328; x_wconf 86' lang='lat' dir='ltr'><strong>malo</strong></span> <span class='ocrx_word' id='word_1_844' title='bbox 1854 3297 2098 3338; x_wconf 86' lang='lat' dir='ltr'><strong>impermixtius.</strong></span> 
     </span>
    </p>

    <p class='ocr_par' dir='ltr' id='par_1_39' title="bbox 1460 3341 2130 3382">
     <span class='ocr_line' id='line_1_116' title="bbox 1460 3341 2130 3382; baseline -0.006 -8"><span class='ocrx_word' id='word_1_845' title='bbox 1460 3342 1692 3374; x_wconf 67' lang='lat' dir='ltr'><strong>Courranxrtm</strong></span> <span class='ocrx_word' id='word_1_846' title='bbox 1715 3342 1904 3373; x_wconf 90' lang='lat' dir='ltr'><strong>auctoritate</strong></span> <span class='ocrx_word' id='word_1_847' title='bbox 1928 3341 1940 3371; x_wconf 93' lang='lat'>1</span> <span class='ocrx_word' id='word_1_848' title='bbox 1956 3341 2082 3382; x_wconf 81' lang='lat' dir='ltr'><strong>Regum</strong></span> <span class='ocrx_word' id='word_1_849' title='bbox 2098 3350 2130 3370; x_wconf 88' lang='lat' dir='ltr'><strong>n.</strong></span> 
     </span>
    </p>
   </div>
   <div class='ocr_carea' id='block_1_27' title="bbox 1349 3522 1403 3563">
    <p class='ocr_par' dir='ltr' id='par_1_40' title="bbox 1349 3522 1403 3563">
     <span class='ocr_line' id='line_1_117' title="bbox 1349 3522 1403 3563; baseline -0.019 -29"><span class='ocrx_word' id='word_1_850' title='bbox 1349 3522 1403 3563; x_wconf 49' lang='grc' dir='ltr'><strong>ψ.</strong></span> 
     </span>
    </p>
   </div>
   <div class='ocr_carea' id='block_1_28' title="bbox 2501 847 2718 902">
    <p class='ocr_par' dir='ltr' id='par_1_41' title="bbox 2501 847 2718 902">
     <span class='ocr_line' id='line_1_118' title="bbox 2501 847 2718 875; baseline 0 -7"><span class='ocrx_word' id='word_1_851' title='bbox 2501 849 2510 857; x_wconf 92' lang='grc'>·</span> <span class='ocrx_word' id='word_1_852' title='bbox 2525 847 2629 875; x_wconf 81' lang='lat' dir='ltr'><strong>Metaph.</strong></span> <span class='ocrx_word' id='word_1_853' title='bbox 2643 847 2681 870; x_wconf 83' lang='grc' dir='ltr'><strong>Ια,</strong></span> <span class='ocrx_word' id='word_1_854' title='bbox 2698 853 2718 872; x_wconf 60' lang='grc' dir='ltr'><strong>ι,</strong></span> 
     </span>
     <span class='ocr_line' id='line_1_119' title="bbox 2501 874 2700 902; baseline 0 -7"><span class='ocrx_word' id='word_1_855' title='bbox 2501 880 2520 902; x_wconf 80' lang='grc'><strong>5;</strong></span> <span class='ocrx_word' id='word_1_856' title='bbox 2533 874 2641 901; x_wconf 77' lang='lat' dir='ltr'><strong>s.Tn.11,</strong></span> <span class='ocrx_word' id='word_1_857' title='bbox 2657 874 2671 895; x_wconf 94' lang='grc' dir='ltr'><strong>Ι.</strong></span> <span class='ocrx_word' id='word_1_858' title='bbox 2680 879 2700 896; x_wconf 74' lang='lat'><strong>2.</strong></span> 
     </span>
    </p>
   </div>
   <div class='ocr_carea' id='block_1_29' title="bbox 2501 953 2672 981">
    <p class='ocr_par' dir='ltr' id='par_1_42' title="bbox 2501 953 2672 981">
     <span class='ocr_line' id='line_1_120' title="bbox 2501 953 2672 981; baseline 0 -6"><span class='ocrx_word' id='word_1_859' title='bbox 2501 954 2510 964; x_wconf 90' lang='grc'><em>·</em></span> <span class='ocrx_word' id='word_1_860' title='bbox 2525 953 2583 981; x_wconf 83' lang='lat' dir='ltr'><strong>Cap.</strong></span> <span class='ocrx_word' id='word_1_861' title='bbox 2598 959 2672 981; x_wconf 82' lang='lat' dir='ltr'><strong>praec.</strong></span> 
     </span>
    </p>
   </div>
   <div class='ocr_carea' id='block_1_30' title="bbox 2501 1330 2673 1358">
    <p class='ocr_par' dir='ltr' id='par_1_43' title="bbox 2501 1330 2673 1358">
     <span class='ocr_line' id='line_1_121' title="bbox 2501 1330 2673 1358; baseline -0.006 -6"><span class='ocrx_word' id='word_1_862' title='bbox 2501 1331 2511 1341; x_wconf 86' lang='grc'><em>·</em></span> <span class='ocrx_word' id='word_1_863' title='bbox 2526 1330 2583 1358; x_wconf 80' lang='lat' dir='ltr'><strong>Cap.</strong></span> <span class='ocrx_word' id='word_1_864' title='bbox 2593 1336 2673 1352; x_wconf 78' lang='lat' dir='ltr'><strong>xxxix.</strong></span> 
     </span>
    </p>
   </div>
   <div class='ocr_carea' id='block_1_31' title="bbox 2501 3162 2688 3184">
    <p class='ocr_par' dir='ltr' id='par_1_44' title="bbox 2501 3162 2688 3184">
     <span class='ocr_line' id='line_1_122' title="bbox 2501 3162 2688 3184; baseline -0.005 0"><span class='ocrx_word' id='word_1_865' title='bbox 2501 3163 2510 3172; x_wconf 84' lang='grc'><em>·</em></span> <span class='ocrx_word' id='word_1_866' title='bbox 2526 3162 2564 3184; x_wconf 79' lang='lat' dir='ltr'><strong>cf.</strong></span> <span class='ocrx_word' id='word_1_867' title='bbox 2578 3168 2598 3184; x_wconf 89' lang='lat' dir='ltr'><strong>c.</strong></span> <span class='ocrx_word' id='word_1_868' title='bbox 2609 3168 2688 3184; x_wconf 79' lang='lat' dir='ltr'><strong>xxxiv.</strong></span> 
     </span>
    </p>
   </div>
  </div>
 </body>
</html>
