2768 4134
35 2563 46 2572 '
59 2561 97 2584 Cf.
116 2561 252 2593 Conni-nent.

32 2593 84 2617 etp.
95 2594 159 2614 xxm,
173 2592 224 2610 init.

763 288 952 326 SUMMA
982 288 1204 326 CONTRA
1233 289 1507 335 GENTILES,
1534 291 1628 327 LIB.
1649 290 1690 335 ll,
1712 290 1822 327 CAP.
1844 291 1992 329 XLVII.

278 367 366 403 Hoc
394 373 525 404 autem
560 374 616 403 est
650 367 856 416 proprium
883 367 1102 415 voluntatis,
1132 380 1203 418 per
1230 381 1351 418 quam

278 419 490 457 substantia
509 419 638 469 aliqua
658 428 714 457 est
732 420 894 458 domina
922 421 981 458 sui
1009 429 1128 467 actus,
1148 429 1282 471 utpote
1311 420 1351 458 in

277 472 361 523 ipsa
376 472 540 510 existens
555 485 667 521 agere
683 481 719 510 et
733 485 814 510 non
834 486 957 523 agere.
980 474 1224 512 Substantiae
1239 474 1352 523 igitur

278 525 551 564 intellectuales
579 534 727 564 creatae
757 527 901 564 habent
928 529 1181 565 voluntatem.

332 579 523 630 Amplius,
553 579 793 629 Principium
820 580 1023 618 cuiuslibet
1042 580 1277 631 operationis
1296 587 1352 617 est

276 633 403 671 forma
438 645 509 683 per
537 645 658 682 quam
691 632 835 683 aliquid
871 642 927 671 est
961 642 1067 672 actu:
1111 646 1203 671 cum
1232 645 1350 671 omne

278 698 395 735 agens
432 694 518 736 agat
554 686 790 736 inquantum
827 695 883 724 est
917 695 1016 725 actu.
1048 688 1212 737 Oportet
1239 686 1352 736 igitur

278 739 387 789 quod
416 739 637 778 secundum
665 740 832 778 modum
860 741 1008 778 formae
1030 740 1076 778 sit
1094 741 1238 778 modus
1258 752 1350 790 ope-

277 792 435 831 rationis
455 793 728 843 consequentis
747 794 927 831 formam.
955 795 1100 832 Forma
1118 793 1231 842 igitur
1250 805 1351 844 quae

277 858 359 883 non
388 855 444 884 est
472 847 520 885 ab
546 846 631 896 ipso
656 855 790 896 agente
815 860 886 897 per
907 847 1087 894 formam,
1108 855 1239 885 causat
1258 859 1351 897 ope-

277 899 469 938 rationem
498 900 609 938 cuius
638 912 756 949 agens
783 913 865 938 non
893 909 949 938 est
977 900 1173 938 dominus.
1204 900 1244 938 Si
1273 913 1351 950 qua

277 965 373 991 vero
401 954 514 991 fuerit
541 954 667 991 forma
695 966 797 1003 quae
826 954 872 991 sit
900 954 949 991 ab
978 966 1026 991 eo
1050 953 1118 1004 qui
1136 966 1207 1003 per
1225 953 1351 1004 ipsam

278 1015 472 1057 operatur,
492 1007 728 1057 operationis
748 1007 865 1045 etiam
892 1007 1165 1056 consequentis
1185 1019 1352 1057 operans

278 1061 501 1099 dominium
520 1060 689 1098 habebit.
706 1083 731 1088 —
746 1061 914 1098 Formae
935 1068 1066 1098 autem
1085 1061 1288 1107 naturales,
1305 1073 1352 1098 ex

277 1114 423 1164 quibus
441 1122 659 1164 sequuntur
677 1122 808 1152 motus
828 1121 865 1151 et
884 1113 1129 1164 operationes
1148 1115 1352 1160 naturales,

277 1180 359 1205 non
389 1175 478 1205 sunt
511 1168 560 1205 ab
589 1167 649 1204 his
684 1179 856 1217 quorum
891 1175 981 1204 sunt
1011 1167 1177 1214 formae,
1207 1167 1275 1205 sed
1303 1167 1352 1204 ab

277 1221 531 1259 exterioribus
550 1220 751 1270 agentibus
769 1220 950 1258 totaliter:
981 1232 1073 1258 cum
1096 1233 1167 1270 per
1185 1221 1352 1258 formam

277 1276 494 1312 naturalem
513 1274 832 1324 unumquodque
861 1286 943 1311 esse
973 1274 1114 1311 habeat
1137 1274 1176 1312 in
1196 1286 1267 1311 sua
1285 1286 1352 1311 na-

276 1335 381 1375 tura;
411 1328 507 1365 nihil
535 1335 667 1365 autem
695 1335 821 1377 potest
849 1339 932 1364 esse
962 1327 1032 1364 sibi
1051 1339 1168 1365 causa
1188 1326 1350 1364 essendi.

277 1383 327 1420 Et
354 1381 444 1419 ideo
473 1393 574 1431 quae
603 1388 815 1418 moventur
839 1380 1071 1426 naturaliter,
1091 1393 1172 1418 non
1192 1388 1353 1418 movent

277 1435 420 1485 seipsa:
445 1447 528 1472 non
547 1434 653 1471 enim
671 1446 788 1482 grave
807 1441 942 1471 movet
960 1433 1135 1482 seipsum
1154 1434 1352 1480 deorsum,

242 1516 250 1528 ,
278 1489 346 1526 sed
372 1499 572 1537 generans,
593 1487 702 1537 quod
731 1486 836 1524 dedit
865 1486 899 1524 ei
927 1488 1095 1524 formam
1114 1486 1145 1523 ³¹⁸.
1166 1509 1191 1513 -
1211 1488 1253 1523 In
1273 1486 1352 1524 ani-

277 1540 445 1579 malibus
473 1540 590 1577 etiam
618 1539 740 1577 brutis
768 1540 916 1577 formae
945 1547 1118 1577 sensatae
1138 1540 1201 1577 vel
1222 1539 1353 1588 imagi-

276 1601 389 1632 natae
422 1600 627 1631 moventes
662 1605 744 1630 non
782 1601 871 1630 sunt
908 1592 1137 1630 adinventae
1176 1592 1224 1629 ab
1262 1592 1354 1642 ipsis

277 1646 510 1686 animalibus
538 1645 676 1692 brutis,
706 1646 774 1683 sed
813 1653 903 1683 sunt
936 1653 1112 1694 receptae
1145 1644 1186 1682 in
1221 1645 1275 1682 eis
1303 1646 1353 1683 ab

276 1699 529 1739 exterioribus
558 1699 814 1745 sensibilibus,
839 1711 940 1748 quae
969 1706 1087 1747 agunt
1114 1698 1154 1735 in
1182 1710 1353 1744 sensum,

276 1761 314 1792 et
341 1753 572 1791 diiudicatae
592 1765 663 1803 per
685 1753 858 1790 naturale
887 1751 1205 1790 aestimatorium.
1229 1752 1353 1798 Unde,

276 1806 363 1846 licet
390 1806 691 1856 quodammodo
725 1805 905 1843 dicantur
936 1817 1098 1843 movere
1128 1804 1268 1854 seipsa,
1297 1804 1353 1842 in-

276 1867 470 1911 quantum
499 1871 638 1897 eorum
667 1872 747 1897 una
773 1871 863 1908 pars
890 1866 946 1896 est
963 1870 1131 1896 movens
1150 1865 1187 1895 et
1206 1857 1280 1895 alia
1299 1866 1354 1895 est

2400 291 2474 340 377

1406 376 1554 406 natura.
1584 370 1821 418 Inquantum
1849 369 1954 406 enim
1983 369 2174 419 appetitus
2202 378 2336 408 movet
2353 383 2476 408 mem-

1406 421 1486 468 bra,
1506 421 1689 459 dicuntur
1717 422 1842 472 seipsa
1869 434 2041 470 movere,
2061 423 2169 472 quod
2189 423 2334 461 habent
2360 436 2477 474 supra

1406 474 1618 511 inanimata
1637 482 1673 512 et
1691 476 1859 524 plantas;
1889 475 2122 525 inquantum
2141 489 2235 514 vero
2255 476 2386 527 ipsum
2410 490 2476 527 ap-

1405 535 1535 577 petere
1573 528 1621 564 de
1656 528 1879 566 necessitate
1912 529 2086 578 sequitur
2119 529 2159 566 in
2188 529 2241 567 eis
2269 542 2316 567 ex
2342 530 2476 568 formis

1373 596 1383 616 5
1406 580 1572 630 acceptis
1599 592 1670 630 per
1698 593 1856 618 sensum
1886 589 1922 618 et
1949 581 2137 619 iudicium
2165 583 2347 620 naturalis
2366 584 2475 621 aesti-

1406 633 1597 679 mationis,
1627 645 1708 670 non
1743 634 1815 671 sibi
1855 642 1944 671 sunt
1981 647 2097 672 causa
2134 636 2241 684 quod
2278 644 2474 674 moveant.

1405 686 1519 724 Unde
1544 698 1626 724 non
1655 687 1800 724 habent
1828 686 2049 724 dominium
2070 687 2128 725 sui
2148 695 2266 726 actus.
2287 711 2313 716 —
2332 690 2477 727 Forma

1406 747 1537 776 autem
1575 739 1780 786 intellecta,
1818 752 1889 790 per
1926 753 2046 789 quam
2084 741 2293 779 substantia
2334 742 2476 780 intelle-

1406 793 1541 830 ctualis
1570 801 1763 843 operatur,
1784 801 1840 830 est
1859 794 1908 830 ab
1928 793 2013 843 ipso
2033 793 2235 840 intellectu,
2256 802 2388 844 utpote
2407 808 2477 845 per

1367 864 1392 879 ιο
1406 846 1536 896 ipsum
1565 855 1752 897 concepta
1785 854 1821 884 et
1854 847 2152 896 quodammodo
2181 848 2404 895 excogitata:
2434 856 2477 886 ut

1406 907 1510 949 patet
1529 900 1577 937 de
1597 900 1722 937 forma
1741 900 1841 946 artis,
1862 912 1982 950 quam
2011 900 2144 937 artifex
2172 900 2340 950 concipit
2359 908 2395 937 et
2414 913 2476 938 ex-

1407 953 1546 1002 cogitat
1573 961 1609 990 et
1637 966 1708 1003 per
1740 965 1827 991 eam
1861 961 2053 1003 operatur.
2090 953 2333 991 Substantiae
2366 953 2478 1002 igitur

1407 1007 1678 1044 intellectuales
1698 1006 1842 1056 seipsas
1868 1015 1986 1055 agunt
2005 1007 2054 1044 ad
2074 1007 2330 1057 operandum,
2350 1014 2393 1043 ut
2410 1007 2477 1044 ha-

1407 1060 1541 1097 bentes
1561 1073 1654 1098 suae
1674 1060 1908 1110 operationis
1928 1059 2161 1098 dominium.
2192 1060 2348 1097 Habent
2367 1059 2479 1109 igitur

1368 1128 1390 1149 15
1407 1115 1661 1151 voluntatem.

1461 1168 1567 1204 Item.
1608 1166 1790 1204 Activum
1827 1174 1979 1216 oportet
2015 1178 2097 1203 esse
2139 1166 2478 1216 proportionatum

1408 1220 1574 1270 passivo,
1603 1228 1640 1257 et
1668 1219 1862 1257 motivum
1890 1220 2036 1257 mobili.
2068 1220 2145 1257 Sed
2174 1219 2213 1256 in
2246 1219 2477 1257 habentibus

1407 1273 1668 1322 cognitionem
1691 1273 1750 1310 vis
1778 1273 2061 1323 apprehensiva
2089 1285 2128 1310 se
2158 1273 2273 1310 habet
2292 1274 2341 1310 ad
2361 1285 2477 1322 appe-

1407 1326 1556 1364 titivam
1586 1326 1682 1364 sicut
1718 1326 1913 1363 motivum
1946 1327 1996 1364 ad
2029 1326 2189 1363 mobile:
2220 1338 2312 1363 nam
2342 1338 2477 1376 appre-v

1381 1381 1576 1417 ohensum
1609 1391 1679 1430 per
1710 1392 1869 1417 sensum
1898 1381 1961 1416 vel
1988 1379 2304 1428 imaginationem
2332 1381 2393 1417 vel
2421 1379 2478 1416 in-

1408 1434 1619 1479 tellectum,
1657 1441 1791 1470 movet
1832 1432 2046 1482 appetitum
2083 1433 2379 1470 intellectualem
2416 1433 2478 1469 vel

1408 1486 1628 1523 animalem.
1664 1485 1934 1535 Apprehensio
1973 1493 2104 1523 autem
2137 1485 2365 1523 intellectiva
2395 1497 2477 1523 non
2514 1518 2527 1525 -

1408 1539 1687 1577 determinatur
1705 1539 1754 1577 ad
1774 1539 1980 1589 quaedam,
1996 1539 2064 1576 sed
2084 1546 2139 1576 est
2154 1539 2350 1576 omnium:
2371 1539 2477 1576 unde

1409 1599 1446 1629 et
1460 1593 1508 1629 de
1523 1592 1716 1630 intellectu
1735 1592 1907 1642 possibili
1922 1591 2183 1641 Philosophus
2199 1592 2298 1638 dicit,
2313 1592 2352 1629 in
2372 1593 2418 1629 III
2433 1592 2479 1629 de

1369 1661 1392 1681 ις
1408 1646 1549 1682 Anima
1563 1645 1594 1692 ²¹²,
1614 1645 1722 1696 quod
1742 1652 1798 1682 est
1817 1657 1888 1694 quo
1918 1651 1968 1682 est
1996 1647 2124 1682 omnia
2140 1647 2245 1694 fieri.
2275 1644 2478 1694 Appetitus

1409 1697 1523 1746 igitur
1550 1697 1811 1735 intellectualis
1844 1697 2077 1735 substantiae
2111 1705 2166 1734 est
2201 1698 2250 1735 ad
2278 1697 2411 1735 omnia
2438 1710 2478 1735 se

1410 1751 1570 1788 habens.
1600 1752 1688 1789 Hoc
1716 1759 1848 1788 autem
1877 1758 1933 1787 est
1960 1750 2164 1800 proprium
2194 1750 2410 1797 voluntatis,
2438 1758 2480 1788 ut

1409 1804 1458 1841 ad
1479 1804 1612 1842 omnia
1633 1817 1672 1841 se
1693 1804 1853 1842 habeat:
1875 1803 1979 1841 unde
1999 1803 2036 1840 in
2058 1805 2103 1841 III
2123 1804 2371 1841 Ethicorum*
2390 1803 2479 1841 Phi-

1409 1858 1598 1907 losophus
1618 1857 1707 1895 dicit
1727 1858 1835 1907 quod
1859 1865 1914 1894 est
1938 1863 1971 1894 et
1992 1857 2224 1907 possibilium
2254 1863 2287 1894 et
2314 1859 2479 1907 impossi-

276 1922 394 1960 mota,
409 1921 542 1951 tamen
560 1912 692 1963 ipsum
712 1924 872 1950 movere
892 1924 974 1949 non
993 1919 1049 1949 est
1068 1911 1123 1948 eis
1142 1924 1187 1948 ex
1208 1910 1353 1960 seipsis,
1370 1928 1395 1945 το
1409 1911 1549 1948 bilium.
1594 1910 1838 1948 Substantiae
1875 1909 1988 1958 igitur
2025 1910 2295 1948 intellectuales
2338 1910 2481 1947 habent

277 1967 344 2005 sed
372 1966 514 2017 partim
543 1978 590 2003 ex
623 1965 876 2003 exterioribus
909 1964 1068 2002 sensatis
1098 1972 1134 2001 et
1162 1964 1303 2014 partim
1332 1977 1354 2001 a

332 2072 346 2098 3
365 2071 489 2104 existens]
510 2071 635 2096 existente
654 2070 678 2101 b,
697 2070 770 2103 quod
787 2072 860 2095 certe
878 2069 911 2094 de
930 2072 1018 2094 mente
1035 2069 1163 2093 Auctoris
1181 2071 1229 2093 est.

275 2109 454 2177 ffitzapiotizesqt.
463 2142 496 2174 G,
511 2145 576 2174 post
594 2142 644 2166 sibi
663 2141 725 2166 αΡσ.

276 2179 434 2210 mationem3
452 2178 487 2212 cs.
503 2178 519 2202 b
533 2177 556 2202 5.

329 2222 348 2247 4
366 2215 399 2240 de
417 2213 573 2239 necessitate
587 2215 653 2245 post
671 2212 790 2244 sequitur
808 2211 955 2236 aDWXPc.

277 2255 303 2276 et
321 2249 560 2275 EGNWXYZch.
653 2255 687 2282 29
706 2253 731 2272 et
746 2255 792 2280 pr.
811 2248 870 2272 loco
888 2255 931 2272 om
951 2246 1084 2272 CDGch.

1322 2075 1353 2092 12
1374 2067 1427 2101 qui]
1448 2075 1516 2101 quae
1535 2075 1560 2098 α,
1580 2068 1652 2100 quod
1671 2068 1700 2098 Z,
1719 2075 1761 2092 om
1781 2068 1836 2092 EG.

538 2113 651 2139 operans
669 2107 692 2130 Α
704 2106 778 2131 solus
783 2113 790 2136 ;
810 2105 970 2138 operationis
982 2105 1044 2135 αΡε,
1058 2104 1203 2136 operationi
1215 2104 1241 2128 in
1254 2104 1286 2133 X,
1300 2105 1466 2136 operationes
1478 2103 1607 2134 DEGNY,
1621 2111 1663 2128 om
1677 2103 1758 2129 WZb.

813 2140 845 2165 26
865 2146 946 2173 agunt
965 2140 991 2165 in
1010 2139 1128 2172 sensum]
1149 2140 1174 2164 in
1192 2147 1302 2165 sensum
1322 2144 1402 2172 agunt
1421 2138 1509 2172 (agant
1528 2139 1560 2173 P)
1579 2139 1622 2164 Pc.

1040 2210 1057 2235 6
1076 2215 1200 2235 moveant
1218 2212 1240 2235 A
1260 2211 1346 2241 solun
1366 2215 1529 2236 moveantur.

1409 1965 1663 2000 voluntatem.

1930 2067 1961 2092 13
1981 2067 2138 2100 operationis
2152 2074 2194 2092 om
2207 2067 2274 2099 XPc,
2287 2068 2431 2101 operationi
2451 2069 2479 2100 b;

1845 2102 1878 2128 18
1891 2110 1951 2128 esse
1960 2106 2025 2135 post
2036 2103 2131 2128 habeat
2143 2103 2287 2128 etDWXPc.
2371 2111 2403 2137 19
2419 2112 2479 2129 esse

1711 2146 1742 2171 27
1763 2139 1879 2163 naturale
1898 2138 2102 2164 aestimatorium
2121 2138 2225 2170 EGNZ;
2245 2139 2390 2164 naturalem
2402 2140 2479 2182 aesti-

1616 2217 1648 2243 ¹9
1668 2208 1871 2243 apprehensum]
1892 2209 2112 2243 comprehensum
2132 2210 2174 2235 Pc.
2261 2209 2294 2235 28
2313 2209 2389 2244 unde]
2410 2210 2479 2236 unde

1041 2335 1380 2368 commentaria.
1409 2334 1719 2366 Fen-ariensis

334 2432 482 2454 osraum
506 2421 648 2452 ostendit
671 2421 807 2452 Sanctus
840 2421 987 2451 Thomas
1019 2420 1203 2461 oportuisse
1227 2428 1296 2450 esse
1320 2420 1354 2449 in

281 2434 332 2498 p
346 2468 497 2498 universo
522 2466 645 2506 aliquas
669 2470 830 2496 creaturas
862 2474 946 2506 quae
977 2464 1213 2495 intellectuales
1237 2469 1353 2500 essent,

278 2521 367 2543 nunc
384 2511 424 2541 de
446 2516 561 2541 natura
576 2511 722 2550 ipsarum
737 2510 989 2540 substantiarum
1011 2509 1281 2540 intellectualium
1299 2507 1354 2538 de-

279 2557 430 2587 terminat
440 2556 467 2585 *.
493 2554 588 2585 Circa
603 2555 668 2585 hoc
684 2560 795 2586 autern
812 2554 879 2585 duo
902 2553 995 2584 facit:
1020 2554 1138 2594 primo,
1163 2553 1355 2584 determinat

280 2601 319 2631 de
343 2601 487 2640 ipsarum
509 2605 623 2629 natura
639 2599 803 2635 absolute3
828 2598 984 2635 secundo,
1001 2608 1060 2639 per
1075 2598 1354 2638 comparationem

279 2645 319 2676 ad
343 2654 412 2675 esse
436 2643 569 2674 actualis
593 2644 790 2680 existentiae,
815 2653 886 2683 cap.
903 2653 955 2673 m.

335 2689 431 2720 Circa
453 2689 598 2728 primum
621 2687 688 2719 duo
715 2687 805 2719 facit:
833 2689 951 2728 primo,
980 2686 1172 2717 determinat
1202 2686 1242 2716 de
1269 2687 1353 2726 ipsa-

277 2743 351 2765 rum
374 2739 488 2763 natura
511 2738 672 2773 quantum
695 2732 736 2762 ad
763 2742 800 2763 ea
824 2741 908 2772 quae
931 2732 992 2761 sibi
1023 2731 1209 2761 affirmative
1233 2739 1353 2760 conve-

277 2779 387 2814 niunt;
412 2777 568 2814 secundo,
593 2782 754 2817 quantum
773 2776 814 2807 ad
837 2786 876 2806 ea
899 2785 984 2816 quae
1006 2776 1154 2815 negative
1170 2773 1353 2814 significan-

278 2828 340 2859 tur,
365 2831 436 2862 cap.
460 2831 543 2851 xmx.

333 2866 503 2905 Quantum
527 2865 567 2895 ad
590 2865 743 2905 primum,
761 2865 858 2895 etiam
875 2863 941 2894 duo
966 2862 1055 2894 facit:
1073 2863 1190 2903 primo,
1211 2862 1352 2892 ostendit

275 2912 362 2952 ipsas
385 2910 533 2941 volentes
556 2919 640 2946 esse;
665 2908 821 2945 secundo,
839 2908 930 2948 quod
953 2908 1045 2938 liberi
1064 2908 1183 2937 arbitrii
1207 2907 1279 2943 sint,
1300 2916 1352 2937 ca-

277 2957 344 2997 pite
368 2955 528 2995 sequenti.

333 3000 356 3030 Ι.
381 2999 550 3038 Quantum
575 2997 615 3028 ad
638 2998 791 3038 primum,
815 2997 949 3037 ponitur
967 2997 1047 3026 haec
1069 2995 1252 3026 conclusio:
1271 2995 1350 3026 Sub-

276 3044 414 3076 stantias
437 3048 566 3074 creatas
590 3042 824 3073 intellectuales
849 3050 976 3071 necesse
999 3045 1046 3071 est
1069 3041 1212 3071 volentes
1235 3049 1312 3070 esse.

331 3089 498 3119 Probatur
514 3087 636 3128 primo.
661 3087 791 3117 Habent
814 3086 994 3126 appetitum
1021 3085 1114 3115 boni:
1140 3085 1216 3125 quia
1240 3085 1350 3114 omnia

276 3138 432 3175 appetunt
453 3133 584 3163 bonum.
608 3132 695 3171 Ergo
719 3136 794 3162 sunt
817 3130 974 3160 volentes.
991 3146 1014 3151 -
1031 3129 1122 3159 Patet
1145 3138 1350 3169 consequen-

275 3179 329 3209 tia.
355 3178 442 3216 Quia
473 3178 634 3217 appetitus
666 3176 864 3206 conveniens
894 3175 932 3204 iis
963 3183 1047 3214 quae
1076 3173 1270 3213 intelligunt,
1303 3178 1350 3203 est

277 3223 437 3264 appetitus
453 3221 636 3256 rationalis,
654 3221 711 3260 qui
723 3225 770 3250 est
783 3220 952 3250 voluntas:
966 3219 1049 3248 sicut
1061 3218 1222 3258 appetitus
1235 3227 1349 3248 eorum

277 3277 361 3308 quae
378 3268 566 3307 cognitione
583 3270 701 3301 carent,
719 3264 836 3295 dicitur
853 3263 1016 3294 naturalis
1021 3269 1033 3299 ;
1052 3268 1084 3292 et
1107 3263 1276 3292 brutorum
1293 3264 1349 3302 a'p-

275 3313 396 3354 petitus
420 3311 537 3342 dicitur
560 3310 722 3350 appetitus
746 3308 908 3339 animalis.

333 3356 484 3392 Adverte,
501 3356 586 3385 circa
600 3355 694 3384 istam
710 3354 950 3384 distinctionem
962 3351 1175 3392 appetituum,
1189 3350 1279 3391 quod
1293 3360 1348 3391 ap-

276 3402 396 3441 petitus
421 3408 626 3440 consequens
649 3398 788 3429 formam
807 3398 923 3437 accipit
946 3397 1087 3436 speciem
1107 3401 1139 3425 et
1159 3394 1348 3426 denomina-

276 3445 402 3476 tionem
426 3455 443 3475 a
467 3443 572 3474 forma
595 3453 694 3484 quam
726 3443 945 3482 consequitur.
977 3441 1063 3478 Quia
1086 3449 1163 3480 ergo
1194 3440 1228 3469 in
1251 3440 1346 3470 rebus

277 3499 361 3529 quae
385 3489 574 3529 cognitione
598 3493 716 3524 carent,
742 3487 951 3527 consequitur
974 3485 1113 3515 formam
1143 3493 1232 3514 mere
1254 3490 1348 3514 natu-

276 3534 387 3570 ralem,
411 3533 487 3564 ideo
510 3533 545 3563 in
567 3533 629 3562 illis
660 3532 776 3563 dicitur
799 3532 959 3572 appetitus
991 3528 1163 3560 naturalis.
1187 3528 1223 3558 In
1247 3529 1347 3558 brutis

277 3583 397 3615 autem,
423 3583 454 3608 et
477 3577 665 3607 hominibus
689 3582 726 3607 ut
755 3586 831 3607 cum
862 3575 962 3606 brutis
993 3574 1246 3608 communicant,
1272 3573 1347 3612 quia

278 3623 490 3663 consequitur
517 3621 655 3652 formam
684 3622 918 3661 apprehensam
942 3629 999 3659 per
1022 3626 1162 3654 sensum,
1187 3622 1346 3657 quantum

278 3667 399 3697 scilicet
416 3666 455 3697 ad
471 3666 630 3697 actualem
645 3666 905 3700 inclinationem;
922 3664 1102 3704 potentiam
1123 3667 1230 3692 autem
1247 3662 1346 3692 sensi-

421 3730 514 3754 Sumta
534 3728 645 3753 Com—iu
666 3728 798 3752 Ganrlnns
818 3728 849 3752 D.
868 3727 982 3751 ‘Fi-ioum:
1001 3725 1069 3750 Tota.
1090 3725 1107 3749 l.

1407 2419 1507 2450 tivam
1523 2419 1741 2455 intrinsecam,
1758 2424 1918 2459 quantum
1934 2417 1974 2448 ad
1990 2417 2200 2458 potentialem
2219 2418 2477 2448 inclinationem:

1408 2463 1483 2494 ideo
1508 2463 1625 2494 dicitur
1648 2464 1809 2503 appetitus
1832 2463 2004 2493 sensitivus
2027 2463 2094 2492 sive
2113 2462 2275 2493 animalis.
2300 2463 2336 2492 In
2359 2463 2479 2493 haben-

1408 2508 1494 2538 tibus
1518 2513 1627 2538 autem
1651 2508 1874 2547 cognitionem
1898 2507 2126 2537 intellectivam
2146 2506 2262 2537 dicitur
2279 2507 2478 2537 intellectua—

1410 2553 1468 2583 lis:
1491 2553 1567 2592 quia
1591 2552 1802 2592 consequitur
1825 2552 1976 2581 virtutem
2005 2557 2036 2581 et
2060 2551 2282 2590 cognitionem
2308 2551 2477 2581 intellecti-

1408 2606 1491 2627 vam.
1517 2596 1558 2626 Et
1581 2597 1711 2626 sortitus
1727 2602 1775 2626 est
1799 2596 1895 2625 etiam
1915 2595 2002 2625 aliud
2017 2604 2150 2630 nomen,
2167 2600 2203 2625 ut
2218 2595 2339 2625 scilicet
2355 2595 2478 2625 dicatur

1409 2641 1571 2671 voluntas.

1463 2685 1499 2715 11.
1517 2684 1677 2715 Secundo.
1695 2684 1906 2714 Inveniuntur
1921 2684 1955 2713 in
1975 2683 2158 2713 substantiis
2182 2683 2294 2713 creatis
2317 2682 2475 2722 quaedam

1408 2738 1492 2769 quae
1514 2738 1583 2759 non
1605 2734 1706 2768 agunt
1728 2729 1832 2768 seipsa
1854 2727 1895 2758 ad
1911 2727 2112 2768 operandum
2128 2726 2185 2757 sed
2204 2732 2342 2767 aguntur
2359 2732 2396 2757 ut
2418 2737 2475 2757 na-

1407 2779 1511 2804 turae:
1531 2778 1567 2803 ut
1582 2773 1711 2813 plantae
1728 2778 1759 2803 et
1774 2773 1876 2802 bruta.
1900 2772 1986 2812 Ergo
2004 2777 2133 2812 oportet
2155 2781 2224 2801 esse
2248 2771 2355 2811 aliqua
2372 2772 2475 2811 prima

1407 2827 1491 2858 quae
1514 2818 1618 2858 seipsa
1645 2823 1740 2857 agant
1764 2817 1803 2847 ad
1830 2816 2042 2857 operandum.
2068 2816 2154 2856 Ergo
2181 2825 2313 2846 necesse
2336 2821 2383 2845 est
2406 2825 2474 2846 esse

1407 2862 1513 2902 aliqua
1528 2862 1632 2902 prima
1656 2871 1740 2901 quae
1763 2862 1826 2891 sint
1847 2861 1999 2891 volentia.
2024 2860 2109 2900 Ergo
2134 2861 2327 2890 substantiae
2350 2859 2474 2890 intelle-

1406 2906 1526 2937 ctuales
1543 2912 1618 2936 sunt
1632 2906 1789 2937 volentes.
1802 2923 1826 2928 -
1839 2905 1997 2935 Probatur
2012 2905 2116 2945 prima
2128 2904 2371 2944 consequentia.
2388 2903 2474 2941 Quia

1406 2951 1496 2991 quod
1520 2956 1567 2981 est
1590 2960 1648 2991 per
1670 2950 1758 2981 aliud
1781 2949 1945 2980 reducitur
1967 2950 2001 2980 in
2024 2948 2057 2979 id
2081 2949 2171 2989 quod
2195 2954 2242 2979 est
2264 2958 2322 2989 per
2344 2958 2377 2978 se
2404 2953 2474 2978 tan-

1406 3005 1504 3035 quam
1527 2996 1561 3025 in
1577 2996 1676 3035 prius.
1693 2994 1794 3033 Quod
1816 2995 1971 3035 probatur
1995 2993 2144 3033 exemplo
2170 3002 2345 3033 corporum
2368 2993 2474 3022 mobi-

1404 3040 1496 3076 lium,
1513 3049 1597 3080 quae
1618 3039 1816 3070 reducuntur
1831 3039 1864 3069 in
1882 3048 2019 3078 corpora
2041 3038 2144 3077 prima
2166 3037 2331 3068 moventia
2353 3037 2471 3076 seipsa3

1406 3089 1437 3114 et
1461 3084 1711 3114 conclusionum
1728 3085 1761 3114 in
1778 3083 1980 3124 syllogismiS,
1998 3092 2080 3122 quae
2104 3081 2301 3112 reducuntur
2319 3081 2351 3110 in
2370 3081 2472 3121 prima

1405 3129 1562 3168 principia
1585 3137 1643 3168 per
1665 3138 1698 3158 se
1722 3133 1810 3158 nota.
1826 3146 1849 3150 —
1869 3126 2017 3158 Secunda
2049 3127 2144 3156 etiam
2167 3131 2264 3166 patet.
2289 3124 2374 3162 Quia
2396 3134 2472 3165 pro-

1404 3173 1512 3213 prium
1536 3178 1584 3203 est
1607 3172 1781 3203 voluntatis
1805 3177 1841 3202 ut
1863 3181 1921 3212 per
1944 3181 2014 3201 eam
2039 3169 2160 3210 aliquid
2183 3180 2217 3200 se
2241 3174 2311 3209 agat
2334 3169 2374 3199 ad
2393 3179 2473 3209 ope-

1404 3217 1556 3248 randum:
1582 3226 1658 3247 cum
1688 3226 1746 3257 per
1774 3218 1877 3256 ipsam
1907 3216 2082 3246 substantia
2113 3215 2153 3244 sit
2179 3214 2311 3244 domina
2337 3223 2472 3244 suorum

1404 3267 1546 3298 actuum,
1571 3267 1726 3301 tanquam
1755 3266 1872 3301 potens
1900 3269 1993 3300 agere
2021 3265 2052 3289 et
2081 3268 2149 3289 non
2173 3268 2275 3299 agere.
2301 3276 2325 3280 —
2351 3258 2472 3288 Ultima

1404 3316 1539 3346 quoque
1559 3311 1657 3346 patet.
1681 3306 1767 3344 Quia
1790 3306 1893 3345 prima
1915 3305 1949 3334 in
1971 3304 2066 3334 rebus
2090 3304 2202 3333 creatis
2229 3308 2304 3333 sunt
2327 3302 2472 3332 substan-

1402 3351 1465 3381 tiae
1489 3350 1731 3381 intellectuales.

1459 3395 1511 3425 111.
1539 3395 1648 3425 Tertio
1665 3396 1691 3424 ἦ
1717 3394 1835 3424 Forma
1855 3392 2015 3423 intellecta
2035 3401 2092 3431 per
2115 3401 2212 3431 quam
2233 3391 2407 3422 substantia
2422 3391 2471 3421 in-

1402 3439 1591 3470 tellectualis
1615 3444 1775 3479 operatur,
1801 3443 1848 3468 est
1875 3437 1913 3467 ab
1937 3437 2008 3476 ipso
2036 3436 2211 3471 intellectu,
2236 3440 2391 3475 tanquam
2413 3444 2471 3475 per

1401 3484 1509 3524 ipsum
1533 3489 1691 3524 concepta
1712 3488 1743 3513 et
1762 3479 2005 3522 quodammodo
2030 3481 2217 3519 excogitata.
2242 3479 2328 3519 Ergo
2351 3480 2470 3519 seipsas

1403 3534 1502 3568 agunt
1525 3527 1565 3558 ad
1592 3527 1795 3568 operandum
1824 3525 2019 3556 substantiae
2049 3524 2291 3560 intellectuales,
2315 3529 2470 3563 tanquam

1402 3573 1556 3603 habentes
1579 3582 1656 3602 suae
1679 3571 1876 3611 operationis
1901 3570 2093 3600 dominium.
2113 3568 2200 3608 Ergo
2223 3574 2298 3598 sunt
2313 3568 2469 3599 volentes.

1456 3617 1614 3647 Probatur
1634 3615 1827 3646 antecedens
1848 3614 1997 3654 exemplo
2015 3612 2138 3643 formae
2155 3613 2238 3649 artis,
2255 3622 2340 3652 quae
2359 3613 2398 3643 ab
2421 3623 2469 3643 ar-

1401 3660 1488 3691 tifice
1512 3661 1719 3700 excogitatur.

2293 3718 2327 3751 48

2505 1647 2609 1696 ἷῖἒρΝ,
2619 1654 2635 1674 ¹3
2647 1647 2717 1670 s.Th.

2508 1800 2516 1809 '‘
2525 1798 2582 1826 cap.
2589 1805 2642 1826 ¹¹›7;
2653 1798 2717 1821 §.Th-

2499 3395 2506 3403 ·
2524 3393 2559 3415 cf.
2575 3399 2599 3415 n.
2614 3399 2664 3415 vin.
