2768 4134
765 287 954 325 SUMMA
983 287 1206 325 CONTRA
1234 287 1509 333 GENTILES,
1537 287 1632 324 LIB.
1653 288 1695 333 ΙΙ,
1726 287 1837 324 CAP.
1858 288 1940 325 LX.

252 365 395 405 aliqum
419 364 576 396 altiorem.
601 365 652 403 Et,
677 375 753 397 cum
776 371 925 407 oporteat
939 375 992 397 eas
1015 376 1083 397 non
1100 366 1211 397 deesse
1233 367 1326 397 intel-

251 409 351 440 lectui
377 409 534 450 possibili,
558 410 584 440 si
607 411 797 441 substantias
827 416 986 451 separatas
1008 411 1173 451 intelligat,
1196 411 1328 442 habebit

251 453 434 485 intellectus
445 454 608 494 possibilis
620 454 785 495 duplicem
801 456 984 486 scientiam:
1001 465 1101 486 unam
1116 465 1174 496 per
1189 455 1327 486 modum

252 499 504 540 substantiarum
526 505 759 539 separatarum3
776 500 871 530 aliam
888 510 906 531 a
922 500 1068 531 sensibus
1091 505 1268 540 acceptam.
1286 500 1328 530 Et

252 543 299 574 sic
322 543 420 574 altera
443 542 666 584 superflueret.

310 597 340 618 2.
368 587 464 619 Circa
495 588 579 618 hanc
609 589 769 619 rationem
799 588 970 629 dupliciter
1001 589 1174 620 dubitatur.
1206 589 1326 625 Primo,

252 632 330 672 quia
351 633 457 672 prima
479 633 712 672 consequentia
734 642 802 663 non
826 633 952 664 videtur
973 643 1057 664 vera.
1086 633 1216 674 Species
1240 633 1327 663 enim

252 676 423 707 existentes
445 677 480 707 in
509 677 675 708 intellectu
704 678 801 708 unius
831 678 1026 709 substantiae
1054 683 1228 718 separatae,
1258 686 1327 707 non

251 726 328 751 sunt
349 722 531 752 causativae
546 722 728 762 specierum
743 723 777 752 in
798 723 966 753 intellectu
981 723 1110 753 alterius
1132 722 1327 753 substantiae

251 771 425 805 separatae.
442 766 512 796 Nec
527 775 593 796 una
609 767 785 797 substantia
800 772 944 807 separata
954 767 1104 807 intelligit
1115 776 1173 807 per
1184 767 1327 807 speciem

252 809 382 840 alterius
413 811 608 842 substantiae
639 817 820 851 separatae:
849 821 925 842 cum
949 817 1099 852 oporteat
1126 811 1327 842 intellectum

252 854 460 894 intelligentis
491 854 659 886 informari
686 857 795 896 specie
821 856 1039 896 intelligibilis.
1060 856 1158 896 Ergo,
1180 856 1328 895 quamvis

252 899 377 938 species
401 899 603 930 sensibilium
626 901 689 930 sint
712 901 746 930 in
774 901 951 931 substantia
973 906 1118 941 separata
1144 899 1328 939 intelligibi-

252 943 334 979 liter,
357 953 427 974 non
451 945 597 984 sequitur
613 944 704 985 quod
726 945 907 975 intellectus
930 945 1113 984 intelligens
1136 944 1328 974 substantias

253 994 425 1028 separatas,
450 989 586 1029 accipiat
608 989 643 1020 in
667 989 712 1020 eis
735 989 936 1020 sensibilium
959 989 1193 1029 cognitionem.

309 1032 472 1070 Secundo,
498 1034 575 1073 quia
597 1042 666 1064 non
688 1032 825 1070 videtur,
848 1034 876 1064 si
898 1033 1080 1064 intellectus
1101 1033 1217 1063 habeat
1239 1032 1328 1062 illam

254 1075 420 1118 duplicem
443 1078 678 1118 cognitionem,
695 1077 786 1118 quod
809 1077 907 1108 altera
922 1077 1109 1118 superfluat.
1133 1077 1210 1107 Non
1230 1077 1327 1113 enim,

254 1121 282 1151 si
304 1122 488 1153 intellectus
510 1122 607 1153 habet
630 1122 854 1162 cognitionem
883 1122 1026 1162 aliquam
1049 1120 1090 1152 de
1120 1122 1193 1152 Deo
1217 1127 1249 1151 et
1271 1121 1329 1151 ali-

255 1175 355 1206 quam
378 1166 418 1197 de
442 1167 658 1203 sensibilibus,
682 1166 779 1197 altera
803 1166 985 1206 superfluit:
1010 1166 1156 1206 alioquin
1180 1171 1236 1196 aut
1259 1165 1328 1196 Me-

255 1211 423 1252 taphysica
442 1217 498 1241 aut
513 1211 724 1252 Philosophia
737 1211 898 1241 Naturalis
913 1210 1076 1251 superflua
1092 1215 1184 1241 esset.
1201 1209 1329 1240 Eodem

254 1254 368 1292 modo,
392 1256 418 1286 si
441 1255 624 1286 intellectus
647 1255 809 1296 possibilis
831 1255 948 1286 habeat
974 1255 1141 1285 scientiam
1165 1263 1265 1285 unam
1288 1254 1329 1285 ad

254 1298 394 1331 modum
417 1300 668 1339 substantiarum
683 1304 912 1340 separatarum,
929 1308 1014 1340 quae
1037 1299 1077 1329 sit
1099 1299 1193 1330 altior
1217 1299 1329 1339 cogni-

251 1341 347 1375 fl'one
370 1340 584 1380 sensibilium3
609 1350 642 1375 et
664 1343 759 1374 aliam
782 1353 800 1374 a
823 1344 969 1375 sensibus
985 1348 1162 1383 acceptam,
1180 1352 1245 1383 qua
1261 1343 1330 1383 ipsa

254 1388 418 1420 sensibilia
441 1394 631 1429 cognoscat:
655 1397 725 1419 non
755 1394 886 1429 oportet
915 1397 1027 1419 earum
1056 1387 1188 1418 alteram
1218 1396 1330 1428 super-

255 1431 359 1465 fluam
380 1442 722 1474 supervacaneamque
745 1442 826 1463 esse.

313 1477 345 1508 3.
369 1477 422 1509 Ad
444 1478 587 1518 primum
613 1478 734 1508 horum
760 1476 876 1507 dicitur
903 1475 995 1516 quod
1017 1476 1099 1507 ratio
1117 1475 1266 1516 procedit
1292 1485 1330 1506 ex

255 1521 483 1563 suppositione
506 1521 598 1553 modi
613 1520 813 1561 intelligendi
828 1530 928 1561 quem
943 1520 1069 1551 videtur
1087 1521 1156 1560 ipse
1172 1519 1332 1550 Averroes

255 1572 391 1641 εἴητε,
415 1565 457 1596 111
473 1565 513 1596 de
527 1566 657 1601 Anima,
674 1570 863 1596 commento
881 1573 922 1595 20
939 1570 971 1595 et
994 1564 1035 1594 36
1047 1565 1083 1601 ';
1099 1570 1136 1595 ut
1151 1564 1248 1594 etiam
1271 1564 1332 1594 sibi

303 1609 399 1651 ponit
421 1609 558 1641 Sanctus
573 1610 730 1646 Thomas,
747 1608 884 1647 Quarto,
901 1608 931 1638 d.
948 1618 1030 1644 xux,
1047 1617 1079 1648 q.
1095 1618 1129 1645 11,
1143 1618 1170 1638 a.
1191 1615 1219 1638 ι.
1236 1608 1333 1638 Ponit

256 1655 347 1686 enim
369 1653 573 1685 intellectum
589 1663 689 1695 quem
712 1654 782 1694 ipse
797 1653 1000 1683 materialem
1021 1658 1127 1689 vocat,
1151 1651 1333 1683 secundum

256 1707 295 1733 ιβ
316 1698 569 1735 consideratum,
597 1708 667 1730 non
694 1703 804 1729 autem
835 1697 1017 1728 secundum
1041 1696 1133 1737 quod
1163 1702 1211 1727 est
1238 1697 1333 1727 nobis

258 1743 442 1784 copulatus,
466 1752 595 1784 semper
618 1743 811 1774 substantias
834 1747 995 1782 separatas
1017 1741 1205 1781 intelligere,
1230 1750 1268 1771 ex
1292 1750 1332 1772 eo

196 1824 199 1834 .
217 1823 222 1827 ,
257 1787 352 1831 ‚quod
366 1789 436 1829 ipsa
451 1788 629 1819 substantia
644 1792 790 1828 separata
805 1786 984 1818 intellectui
998 1785 1155 1817 materiali
1171 1790 1219 1816 est
1233 1785 1333 1822 unita,

253 1837 261 1841 ⁴
280 1831 540 1864 uemadmodum
555 1837 588 1863 et
602 1831 649 1863 illi
671 1831 848 1863 substantia
870 1831 1052 1862 intellectus
1075 1830 1198 1871 agentis
1213 1830 1333 1860 unitur.

369 1876 450 1908 dum
473 1877 561 1908 enim
584 1876 668 1907 hanc
690 1876 900 1916 positionem,
917 1875 1000 1906 sicut
1022 1884 1083 1905 nos
1106 1875 1262 1915 ponimus
1284 1875 1334 1904 in-

257 1921 426 1953 tellectum
449 1921 626 1952 Beatorum
649 1929 778 1961 semper
800 1919 909 1950 videre
924 1919 1068 1950 divinam
1091 1919 1262 1950 essentiam
1277 1927 1335 1959 per

256 1965 324 1999 hoc
348 1965 441 2007 quod
463 1965 572 1997 divina
595 1965 734 1996 essentia
763 1964 942 1995 intellectui
970 1964 1081 1995 unitur
1110 1973 1169 2003 pe:
1195 1963 1334 1993 modum

259 2009 385 2041 formae
414 2009 640 2050 intelligibilis;
672 2010 716 2040 ita
745 2009 880 2050 ponitur
911 2008 1112 2039 intellectum
1143 2008 1334 2038 substantias

259 2060 420 2096 separatas
446 2054 547 2086 intelli
571 2063 624 2085 ere
651 2063 690 2084 ex
713 2054 778 2084 hoc
793 2050 886 2094 quod
910 2052 1089 2083 intellectui
1114 2061 1173 2092 per
1195 2052 1333 2083 modum

260 2097 386 2131 formae
409 2098 544 2140 intelligi
567 2098 617 2129 ilis
639 2098 808 2129 uniuntur.
832 2097 874 2128 Et
896 2096 982 2134 ideo,
1011 2097 1093 2128 sicut
1115 2096 1261 2127 videntes
1285 2096 1332 2126 di-

259 2144 371 2175 vinam
393 2144 566 2174 essentiam
587 2141 699 2173 vident
714 2143 826 2173 omnia
849 2147 963 2178 creata,
986 2146 1142 2181 tanquam
1157 2150 1215 2181 per
1229 2142 1334 2181 ipsam

259 2189 444 2225 essentiam,
458 2189 493 2219 in
517 2197 583 2229 qua
597 2187 838 2227 intelligibiliter
855 2191 941 2222 sunt,
957 2190 1209 2226 repraesentata;
1226 2186 1270 2216 ita
1285 2186 1334 2216 in-

259 2233 409 2265 tellectus
431 2232 545 2264 videns
567 2233 778 2263 substantiam
805 2235 984 2271 separatam
1010 2230 1222 2261 essentialiter
1242 2236 1278 2260 ut
1299 2230 1334 2260 in

260 2286 296 2309 se
318 2283 377 2314 est,
400 2278 427 2308 si
450 2278 484 2308 in
507 2277 683 2308 substantia
705 2281 850 2317 separata
864 2275 1073 2306 continentur
1094 2274 1335 2315 intelligibiliter

259 2331 312 2355 res
335 2322 512 2359 sensibiles,
535 2323 570 2352 in
593 2322 663 2362 ipsa
686 2321 824 2351 essentia
847 2320 1042 2350 substantiae
1061 2324 1225 2360 separatae
1248 2318 1335 2349 videt

259 2371 311 2399 τεῦ
333 2366 499 2397 sensibiles
527 2375 585 2406 per
614 2366 718 2405 ipsam
746 2365 917 2395 essentiam
945 2368 1205 2404 repraesentatas,
1229 2368 1262 2394 et
1289 2363 1335 2393 sic

260 2411 296 2442 in
322 2411 368 2442 eis
395 2411 513 2451 accipit
543 2409 767 2450 cognitionem
794 2418 904 2440 rerum
932 2407 1149 2444 sensibilium
1174 2407 1258 2438 sicut
1287 2408 1334 2437 vi-

261 2455 375 2486 dentes
397 2454 540 2486 divinam
563 2454 735 2485 essentiam
757 2454 791 2484 in
817 2454 888 2493 ipsa
917 2453 1082 2493 accipiunt
1111 2453 1335 2492 cognitionem

261 2509 378 2533 eorum
400 2509 484 2540 quae
500 2499 561 2530 sibi
582 2508 640 2539 per
656 2498 799 2529 divinam
822 2497 994 2528 essentiam
1008 2501 1296 2537 repraesentantur.
1313 2513 1335 2518 -

260 2544 296 2576 Si
319 2545 416 2575 etiam
439 2549 580 2585 ponatur
610 2543 812 2574 intellectum
838 2551 908 2572 non
934 2541 1114 2582 intelligere
1143 2541 1334 2572 substantias

261 2594 422 2629 separatas
445 2597 503 2628 per
525 2588 590 2618 hoc
606 2586 697 2628 quod
712 2587 800 2627 ipsae
814 2587 978 2625 ,uniantur
1000 2586 1189 2622 intellectui,
1206 2585 1263 2616 sed
1277 2594 1336 2625 per

261 2634 396 2674 specieS‚
421 2632 527 2663 adhuc
545 2632 692 2672 sequitur
714 2631 932 2672 propositum.
957 2630 1053 2668 Quia,
1070 2629 1335 2671 quomodocum-

262 2686 328 2718 que
350 2676 533 2708 intellectus
556 2676 642 2717 ipsas
658 2682 846 2716 cognoscat,
863 2676 890 2705 si
906 2674 1116 2715 quidditative
1140 2679 1172 2704 et
1194 2673 1335 2714 perfecte

261 2731 316 2753 eas
339 2725 526 2761 cognoscat,
549 2720 672 2751 videbit
697 2721 822 2760 species
844 2720 878 2750 in
908 2719 986 2759 ipsis
1017 2719 1187 2749 existentes
1218 2718 1336 2758 quibus

261 2770 543 2806 repraesentantur
565 2764 737 2801 sensibilia,
761 2770 918 2804 tanquam
941 2763 1010 2794 eius
1033 2763 1256 2803 proprietates,
1280 2767 1336 2792 aut

260 2815 417 2850 tanquam
432 2810 587 2840 habentes
602 2818 680 2839 cum
695 2809 832 2839 essentia
847 2808 1044 2838 substantiae
1067 2811 1230 2847 separatae
1245 2805 1335 2836 iden-

261 2855 395 2886 titatem.
412 2854 455 2884 Et
468 2854 515 2885 sic
539 2858 716 2893 cognoscet
730 2862 780 2883 res
803 2852 969 2882 sensibiles
989 2852 1023 2882 in
1039 2851 1223 2882 substantiis
1244 2859 1336 2891 sepa-

260 2900 348 2930 ratis.
370 2916 395 2921 —-
416 2898 466 2929 Ex
488 2898 608 2939 quibus
635 2902 724 2937 patet
752 2896 1021 2936 consequentiam
1051 2895 1159 2926 Sancti
1186 2894 1336 2925 Thomae

262 2944 421 2984 optimam
445 2952 528 2973 esse:
553 2951 622 2973 non
652 2942 739 2982 quia,
770 2941 939 2981 speciebus
968 2940 1176 2970 existentibus
1198 2939 1233 2969 in
1260 2939 1335 2969 sub-

261 2989 376 3019 stantia
403 2992 556 3028 separata,
584 2991 733 3026 oporteat
764 2985 894 3015 effluere
922 2984 1045 3024 species
1070 2985 1105 3014 in
1134 2983 1335 3014 intellectum

261 3031 475 3068 materialem;
499 3030 556 3062 sed
580 3031 656 3070 quia
679 3039 737 3070 per
759 3030 884 3070 species
907 3029 1078 3059 existentes
1100 3028 1135 3058 in
1158 3027 1335 3058 substantia

262 3082 408 3118 separata
431 3076 576 3116 cognitas
599 3084 649 3105 res
673 3074 852 3104 materiales
874 3072 1041 3112 intelliget.
1128 3099 1132 3102 .

320 3121 407 3152 Cum
431 3125 541 3151 autem
564 3123 678 3150 contra
699 3119 764 3148 hoc
790 3118 935 3154 instatur,
959 3117 1037 3156 quia
1066 3126 1131 3147 una
1159 3116 1335 3146 substantia

263 3171 409 3206 separata
431 3174 500 3196 non
523 3163 672 3203 intelligit
694 3172 752 3203 per
775 3162 898 3202 species
914 3161 1044 3191 alterius
1067 3160 1262 3191 substantiae
1285 3169 1335 3190 se-

263 3215 409 3251 paratae:
434 3209 551 3240 dicitur
573 3207 665 3248 quod
686 3207 801 3247 utique
827 3215 894 3236 una
915 3205 1125 3245 intelligentia
1148 3213 1217 3234 non
1240 3204 1335 3234 intel-

261 3255 333 3295 ligit
347 3264 406 3295 per
421 3254 545 3294 species
560 3253 594 3283 in
610 3252 671 3282 alia
684 3250 895 3291 intelligentia
911 3250 1082 3280 existentes
1104 3254 1261 3289 tanquam
1277 3258 1335 3288 per

261 3299 462 3340 principium
485 3297 662 3328 elicitivum
688 3295 901 3336 operationis3
928 3293 985 3324 sed
1007 3294 1090 3323 bene
1112 3297 1220 3333 potest
1242 3293 1336 3337 intel-

262 3344 362 3384 ligere
384 3353 444 3383 per
465 3343 535 3373 illas
558 3347 714 3381 tanquam
743 3349 802 3380 per
830 3348 900 3369 rem
927 3338 1091 3378 cognitam
1119 3338 1155 3367 in
1183 3346 1248 3376 qua
1275 3337 1336 3367 alia

263 3388 431 3423 videntur;
455 3388 539 3418 sicut
561 3385 699 3416 dicimus
714 3385 832 3414 Beatos
855 3393 913 3423 per
936 3382 1108 3413 essentiam
1131 3380 1273 3411 divinam
1296 3381 1335 3411 ab

265 3433 312 3463 eis
333 3433 436 3463 visam
459 3431 568 3462 videre
593 3434 762 3461 creaturas.

321 3477 355 3508 Si
385 3481 494 3507 autern
517 3480 705 3516 quaeratur:
734 3472 823 3511 Quid
851 3472 909 3502 erit
935 3470 1132 3511 principium
1160 3469 1336 3499 elicitivum

263 3519 453 3552 huiusmodi
474 3519 669 3560 cognitionis
692 3527 751 3559 per
772 3516 909 3547 modurn
933 3515 1052 3555 speciei
1073 3510 1299 3553 intelligibilis?
1314 3530 1337 3535 -

264 3565 480 3606 respondetur
495 3563 586 3604 quod
603 3564 633 3594 ei
649 3562 740 3603 quod
755 3561 881 3592 videtur
896 3561 929 3590 in
946 3560 1008 3590 alio
1024 3567 1092 3589 non
1116 3562 1247 3597 oportet
1261 3557 1337 3587 assi—

265 3619 364 3650 gnare
389 3609 556 3650 propriam
580 3613 612 3638 et
635 3607 847 3647 adaequatam
870 3605 1012 3645 speciem
1043 3611 1126 3642 quae
1156 3602 1196 3632 sit
1218 3601 1337 3641 princi-

264 3655 358 3696 pium
390 3653 586 3694 cognitionis
610 3653 689 3688 eius,
718 3651 775 3682 sed
807 3649 923 3680 sufficit
950 3648 1072 3688 species
1106 3647 1174 3676 eius
1204 3646 1238 3675 in
1269 3654 1336 3685 quo

2371 299 2449 336 427

1381 366 1490 406 ipsum
1512 366 1656 396 videtur:
1681 375 1738 406 per
1761 367 1904 406 speciem
1920 367 2007 396 enim
2023 366 2147 406 speculi
2169 365 2318 397 videntur
2341 368 2452 397 omnia

1383 420 1466 450 quae
1482 411 1515 440 in
1532 410 1667 451 speculo
1683 410 1846 446 videntur;
1863 416 1894 441 et
1909 419 1967 450 per
1983 410 2124 441 divinam
2141 411 2311 441 essentiam
2328 412 2451 442 unitam

1381 455 1559 485 intellectui
1581 454 1732 485 videntur
1755 455 1865 485 omnia
1882 464 1965 495 quae
1987 455 2022 485 in
2046 455 2153 485 divina
2169 455 2305 486 essentia
2328 465 2451 496 cogno-

1381 504 1525 529 scuntur.
1550 498 1603 529 Sic
1627 499 1723 529 etiam
1747 498 1893 529 dicemus
1917 499 2007 539 quod
2029 509 2087 539 per
2110 499 2247 530 formam
2271 509 2336 540 qua
2357 500 2451 531 intel·

1381 543 1484 573 lectus
1507 543 1690 579 materialis,
1715 543 1782 573 sive
1812 543 1984 583 possibilis,
2007 543 2094 574 videt
2124 544 2335 575 substantiam
2359 553 2451 585 sepa-

1381 593 1493 623 ratam,
1510 588 1576 617 sive
1591 588 1632 617 sit
1646 588 1785 626 ipsamet
1800 588 1975 617 substantia
1991 594 2135 628 separata
2149 589 2216 618 sive
2232 589 2355 628 species
2371 590 2450 626 eius,

1381 631 1503 662 videbit
1527 632 1623 661 etiam
1647 631 1808 661 sensibilia
1832 641 1916 671 quae
1939 632 1972 661 in
1996 633 2065 672 ipsa
2088 638 2375 672 repraesentantur.

1436 684 1468 714 4.
1493 675 1545 706 Ad
1568 675 1749 706 secundum
1765 675 1882 706 dicitur
1897 675 1997 716 quod,
2016 686 2091 707 cum
2107 682 2241 716 negatur
2259 678 2293 707 in
2316 686 2450 718 respon-

1381 720 1474 750 sione
1496 729 1554 760 per
1577 720 1732 751 Sanctum
1748 720 1911 750 Thomam
1935 720 2072 751 adducta
2088 721 2278 751 substantias
2292 727 2450 762 separatas

1381 764 1499 795 habere
1530 765 1752 804 cognitionem
1780 765 1989 800 sensibilium,
2020 774 2088 795 non
2116 765 2253 796 intendit
2282 767 2450 806 responsio

1381 818 1499 849 negare
1522 819 1540 839 a
1563 809 1747 839 substantiis
1771 809 1922 849 separatis
1946 809 2167 848 cognitionem
2191 810 2388 841 sensibilium
2413 820 2451 840 ex

1381 858 1471 893 parte
1491 854 1537 884 rei
1553 854 1711 894 cognitae,
1729 853 1820 893 quasi
1836 853 1927 883 nullo
1944 852 2045 883 modo
2062 853 2222 884 sensibilia
2238 860 2450 894 cognoscunt,

1381 903 1419 927 ut
1442 898 1583 928 obiectio
1599 898 1764 938 supponit,
1784 897 1840 928 sed
1857 907 1895 929 ex
1911 903 2000 937 parte
2015 897 2115 928 medii
2129 897 2351 938 intelligibilis:
2369 900 2452 929 sicut

1382 942 1416 972 in
1439 948 1630 982 argumento
1655 942 1756 973 fuerat
1781 947 1983 982 assumptum
2008 942 2098 982 quod
2127 943 2161 972 in
2191 943 2373 973 substantiis
2403 953 2451 973 se-

1381 987 1498 1027 paratis
1517 992 1592 1018 sunt
1615 987 1738 1027 species
1760 995 1868 1017 rerum
1885 987 2085 1018 sensibilium
2101 986 2358 1027 intelligibiliter,
2376 988 2452 1027 quia

1382 1030 1531 1061 videlicet
1553 1041 1621 1061 non
1644 1030 1793 1070 intelligit
1815 1039 1874 1071 per
1889 1031 2012 1071 species
2034 1031 2112 1071 ipsis
2131 1031 2226 1061 rebus
2249 1031 2451 1062 sensibilibus

1382 1076 1641 1116 proportionatas
1666 1081 1697 1106 et
1720 1075 1923 1116 adaequatas,
1954 1075 2011 1105 sed
2033 1085 2091 1116 per
2114 1075 2242 1106 altiores
2266 1081 2298 1106 et
2323 1076 2451 1106 univer-

1382 1120 1524 1150 saliores.
1549 1120 1591 1150 Et
1613 1120 1696 1150 hanc
1719 1125 1814 1150 vocat
1837 1119 1972 1150 Sanctus
1995 1119 2141 1150 Thomas
2164 1119 2314 1150 altiorem
2338 1120 2452 1162 cogni-

1383 1164 1513 1194 tionem.
1538 1164 1579 1194 Et
1594 1165 1640 1194 sic
1663 1165 1810 1204 sequitur
1825 1164 1916 1204 quod
1932 1164 2029 1194 altera
2053 1164 2196 1204 cognitio
2213 1163 2253 1194 de
2268 1165 2363 1195 rebus
2379 1174 2451 1194 sen-

1382 1209 1528 1239 sibilibus
1551 1209 1610 1239 erit
1633 1208 1806 1249 superflua.
1832 1208 1866 1238 Si
1889 1209 1976 1239 enim
1998 1208 2180 1239 intellectus
2211 1209 2379 1248 cognoscit
2401 1218 2451 1240 res

1382 1253 1548 1283 sensibiles
1571 1262 1628 1293 per
1643 1253 1880 1293 inspectionem
1896 1252 2047 1283 altiorum
2065 1253 2247 1293 specierum
2270 1258 2302 1283 et
2324 1253 2452 1284 univer-

1383 1297 1538 1328 saliorum
1554 1298 1759 1328 existenn'um
1782 1297 1816 1327 in
1832 1297 2008 1327 substantia
2024 1302 2176 1337 separata,
2192 1306 2262 1328 non
2285 1298 2344 1328 erit
2367 1306 2451 1338 opus

1382 1342 1491 1381 ipsum
1515 1342 1661 1382 accipere
1692 1351 1710 1371 a
1740 1341 1943 1372 sensibilibus
1971 1342 2206 1382 cognitionem:
2233 1351 2308 1372 cum
2336 1341 2391 1372 illa
2412 1342 2452 1372 sit

1383 1385 1545 1416 sufficiens
1569 1386 1713 1426 cognitio
1737 1385 1778 1416 de
1801 1386 2014 1416 sensibilibus.
2039 1386 2080 1416 Et
2103 1386 2148 1416 sic
2171 1386 2315 1426 cognitio
2339 1395 2357 1416 a
2380 1392 2452 1416 s'en-

1384 1430 1529 1461 sibilibus
1552 1436 1684 1470 accepta
1707 1431 1767 1461 erit
1789 1430 1961 1470 superflua.

1440 1474 1475 1506 Si
1497 1474 1657 1505 diceretur
1673 1474 1763 1514 quod
1778 1475 1867 1505 nulla
1889 1475 2022 1505 istarum
2039 1475 2098 1504 erit
2120 1473 2282 1514 superflua
2298 1474 2452 1514 cognitio,

1386 1519 1463 1559 quia
1493 1524 1568 1549 sunt
1599 1519 1802 1558 cognitiones
1831 1518 2028 1549 diversarum
2058 1518 2230 1555 rationum,
2255 1519 2338 1549 sicut
2365 1523 2397 1549 et
2419 1519 2453 1549 in

1386 1563 1516 1594 Christo
1541 1568 1588 1593 est
1611 1564 1745 1593 scientia
1767 1562 1873 1593 infusa
1897 1569 1928 1593 et
1958 1563 2131 1602 acquisita:
2156 1563 2219 1593 hoc
2247 1572 2315 1593 non
2339 1563 2452 1593 obstat.

1385 1606 1472 1645 Quia
1494 1607 1570 1637 licet
1586 1612 1692 1637 essent
1707 1607 1817 1647 aliquo
1833 1606 1934 1637 modo
1958 1606 2154 1638 diversarum
2178 1607 2350 1643 rationum,
2369 1612 2455 1637 utra-

1386 1661 1451 1691 que
1473 1656 1583 1681 tamen
1607 1657 1690 1681 esset
1711 1651 1873 1681 naturalis.
1898 1651 1940 1681 Et
1962 1650 2048 1687 ideo,
2073 1652 2098 1681 si
2124 1651 2305 1681 intellectus
2327 1656 2455 1681 natura-

1386 1696 1458 1726 liter
1473 1696 1643 1735 cognoscit
1657 1704 1706 1726 res
1719 1695 1884 1726 sensibiles
1896 1695 1936 1726 ad
1947 1695 2086 1725 modurn
2101 1696 2349 1726 substantiarum
2365 1705 2455 1735 sepa-

1386 1745 1537 1776 ratarum,
1554 1738 1717 1780 superflua
1730 1740 1788 1770 erit
1801 1740 1861 1770 sibi
1877 1740 1938 1770 alia
1954 1740 2098 1779 cognitio
2114 1740 2265 1770 naturalis
2281 1739 2456 1770 earundem

1386 1794 1511 1815 rerum:
1536 1784 1595 1814 uni
1618 1784 1706 1815 enim
1729 1785 1894 1824 potentiae
1911 1784 2151 1824 cognoscitivae
2174 1783 2291 1814 sufficit
2315 1793 2378 1814 una
2400 1793 2456 1814 na-

1387 1829 1497 1859 turalis
1520 1829 1653 1859 scientia
1675 1833 1825 1869 respectu
1849 1828 2024 1859 earundem
2040 1837 2157 1859 rerum.
2181 1828 2258 1858 Non
2279 1833 2326 1858 est
2349 1833 2457 1858 autem

1387 1873 1492 1903 simile
1520 1873 1560 1904 de
1589 1873 1721 1903 scientia
1750 1872 1857 1903 infusa
1888 1878 1919 1903 et
1953 1873 2108 1912 acquisita
2143 1874 2176 1903 in
2208 1872 2353 1903 Christo:
2381 1873 2457 1913 quia

1387 1918 1519 1948 scientia
1534 1916 1640 1947 infusa
1656 1917 1689 1947 in
1705 1916 1835 1947 Christo
1852 1926 1920 1947 non
1945 1922 2011 1947 erat
2025 1917 2177 1947 naturalis
2200 1917 2326 1947 animae
2338 1916 2456 1947 Christi

1387 1963 1580 1993 coniunctae
1604 1962 1744 2001 corpori.
1761 1961 1837 1992 Non
1861 1962 1949 1991 enim
1971 1961 2159 1992 inconvenit
2174 1961 2384 1997 intellectum,
2407 1970 2456 1992 re-

1386 2011 1499 2048 spectu
1523 2006 1620 2036 etiam
1643 2005 1819 2036 earundem
1842 2015 1950 2036 rerum
1973 2015 2053 2046 quas
2076 2005 2260 2036 naturaliter
2279 2006 2455 2045 cognoscit,

1386 2061 1405 2082 a
1428 2050 1499 2081 Deo
1524 2049 1628 2080 altiori
1651 2049 1753 2080 modo
1777 2049 1899 2090 perfici.

1442 2095 1526 2125 XIV.
1554 2094 1810 2131 Quintodecimo.
1844 2094 2039 2134 Sequeretur
2062 2093 2152 2134 quod
2178 2102 2239 2123 nos
2267 2094 2456 2124 substantias

1387 2144 1546 2180 separatas
1568 2139 1834 2178 intelligeremus:
1858 2138 2040 2168 intellectus
2062 2138 2148 2168 enim
2171 2138 2331 2177 possibilis
2354 2143 2401 2168 est
2422 2137 2456 2168 id

1387 2194 1454 2225 quo
1477 2183 1625 2223 intelligit
1647 2184 1764 2213 anima.
1788 2183 1863 2213 Hoc
1886 2179 1934 2213 est
1957 2182 2083 2218 falsum,
2107 2188 2144 2213 ut
2166 2187 2254 2222 patet
2277 2191 2314 2212 ex
2339 2182 2366 2212 11
2387 2183 2456 2212 Me—

1388 2228 1577 2269 taphysicae
1588 2229 1615 2258 *.
1639 2228 1726 2267 Ergo
1750 2233 1812 2258 etc.

1446 2273 1479 2303 Si
1503 2272 1636 2308 dicatur,
1660 2271 1840 2302 secundum
1856 2271 2044 2307 Averroem,
2066 2270 2156 2311 quod
2179 2270 2359 2300 intellectus
2381 2279 2457 2310 pos-

1388 2317 1486 2348 sibilis
1509 2316 1667 2356 intelligit.
1684 2316 1875 2346 substantias
1899 2321 2058 2355 separatas
2086 2314 2267 2345 secundum
2298 2314 2388 2355 quod
2411 2319 2458 2344 est

1387 2362 1422 2392 in
1445 2371 1479 2392 se
1494 2361 1680 2396 subsistens,
1697 2366 1728 2390 et
1744 2366 1791 2390 est
1806 2361 1840 2390 in
1864 2361 2010 2400 potentia
2026 2358 2065 2389 ad
2082 2369 2134 2389 eas
2155 2359 2237 2389 sicut
2260 2358 2458 2399 diaphanum

1389 2406 1430 2437 ad
1452 2405 1577 2441 lucem;
1602 2410 1650 2435 est
1673 2411 1782 2441 autem
1805 2405 1839 2434 in
1863 2405 2010 2444 potentia
2033 2403 2073 2434 ad
2102 2403 2222 2433 formas
2246 2403 2415 2433 abstractas
2440 2412 2458 2433 a

1388 2449 1665 2491 phantasmatibus
1688 2448 1869 2479 secundum
1885 2448 1975 2488 quod
1991 2448 2198 2478 continuatur
2216 2447 2320 2483 nobis,
2337 2457 2356 2477 a
2370 2448 2458 2487 prin-

1389 2495 1492 2535 cipio;
1517 2494 1592 2525 ideo
1615 2503 1684 2524 non
1707 2493 1917 2533 intelligimus
1941 2502 1958 2523 a
1985 2492 2147 2532 principio
2170 2501 2229 2532 per
2250 2493 2359 2531 ipsum
2383 2492 2457 2522 sub-

1389 2539 1519 2570 stantias
1541 2543 1714 2579 separatas:
1737 2555 1761 2560 -
1785 2543 1897 2567 contra
1919 2537 2071 2576 arguitur.

1444 2583 1533 2614 Tum
1557 2583 1633 2622 quia
1655 2582 1745 2622 prius
1768 2587 1816 2612 est
1835 2580 2036 2611 considerare
2059 2577 2259 2610 intellectum
2282 2585 2318 2609 ut
2341 2579 2373 2609 in
2397 2589 2457 2619 po-

1389 2628 1489 2658 tentia
1512 2626 1552 2657 ad
1575 2624 1762 2656 huiusmodi
1785 2625 1908 2665 species
1935 2634 2034 2665 quam
2056 2629 2092 2654 ut
2116 2624 2322 2654 continuatur
2344 2623 2455 2653 nobis:

1389 2681 1465 2702 cum
1487 2675 1629 2711 ponatur
1652 2670 1833 2700 continuari
1855 2669 1950 2699 nobis
1973 2678 2031 2708 per
2053 2667 2242 2698 huiusmodi
2258 2668 2391 2707 species.
2415 2667 2457 2697 Et

1388 2716 1465 2746 ideo
1485 2724 1554 2745 non
1578 2724 1635 2755 per
1659 2714 1722 2744 hoc
1738 2713 1828 2753 quod
1844 2713 2051 2743 continuatur
2073 2712 2178 2748 nobis,
2194 2717 2242 2742 est
2263 2712 2297 2741 in
2311 2712 2457 2751 potentia

1389 2760 1431 2791 ad
1452 2758 1642 2790 huiusmodi
1664 2758 1798 2798 species.

1445 2804 1533 2834 Tum
1557 2803 1634 2843 quia
1656 2811 1725 2833 esse
1748 2803 1782 2832 in
1805 2801 1951 2841 potentia
1970 2800 2009 2830 ad
2031 2799 2219 2830 huiusmodi
2243 2799 2365 2839 species
2387 2808 2456 2829 non

1389 2848 1578 2879 conveniret
1601 2848 1630 2878 ei
1653 2856 1711 2887 per
1733 2855 1777 2882 se,
1794 2845 1851 2876 sed
1865 2855 1923 2886 per
1946 2844 2043 2881 aliud,
2065 2845 2186 2874 scilicet
2207 2853 2265 2884 per
2288 2844 2456 2874 continua-

1388 2893 1513 2923 tionem
1535 2892 1719 2922 nobiscum.
1735 2891 1777 2921 Et
1799 2890 1844 2920 sic
1859 2899 1928 2920 non
1952 2889 2182 2920 convenienter
2200 2887 2386 2918 definiretur
2407 2888 2456 2917 in-

1387 2937 1535 2967 tellectus
1557 2935 1718 2976 possibilis
1734 2944 1792 2975 per
1806 2935 1872 2964 hoc
1887 2933 1978 2974 quod
1993 2938 2040 2963 est
2061 2933 2096 2963 in
2117 2933 2260 2973 potentia
2283 2931 2322 2962 ad
2345 2932 2456 2962 huius-

1388 2980 1479 3012 modi
1495 2981 1629 3021 species,
1642 2985 1678 3010 ut
1694 2978 1845 3010 definitur
1861 2978 1903 3008 Ill
1919 2977 1958 3008 de
1973 2978 2111 3007 Anima:
2125 2986 2194 3007 non
2206 2977 2292 3007 enim
2305 2975 2456 3006 definitur

1388 3025 1511 3065 aliquid
1533 3034 1592 3064 per
1614 3034 1652 3055 ea
1675 3033 1758 3064 quae
1782 3033 1850 3053 non
1874 3022 2073 3053 conveniunt
2097 3022 2125 3051 ei
2149 3020 2328 3051 secundum
2351 3029 2395 3050 se.

1444 3069 1533 3099 Tum
1557 3069 1643 3109 quia,
1664 3069 1689 3098 si
1708 3067 1889 3098 intellectus
1909 3066 2064 3106 intelligat
2087 3065 2275 3095 substantias
2299 3068 2456 3103 separatas

1390 3119 1422 3144 et
1444 3114 1568 3153 species
1591 3122 1609 3143 a
1631 3112 1907 3152 phantasmatibus
1933 3111 2113 3145 abstractas,
2141 3114 2270 3150 oportet
2293 3108 2383 3148 quod
2405 3107 2456 3138 vel

1388 3158 1545 3198 intelligat
1559 3166 1618 3198 per
1640 3157 1719 3187 tales
1743 3156 1865 3197 species
1881 3155 2072 3185 substantias
2088 3158 2256 3193 separatas,
2277 3152 2327 3182 vel
2343 3161 2361 3182 e
2378 3161 2456 3182 con-

1387 3211 1482 3232 verso
1498 3211 1556 3242 per
1570 3202 1656 3242 ipsas
1672 3201 1862 3232 substantias
1878 3204 2037 3239 separatas
2052 3198 2130 3228 tales
2146 3197 2272 3237 species
2285 3196 2454 3235 intelligat:

1389 3247 1467 3287 quia
1489 3245 1689 3286 impossibile
1720 3250 1767 3276 est
1789 3244 1991 3274 intellectum
2018 3241 2206 3282 possibilem
2236 3241 2331 3270 simul
2354 3239 2457 3270 multa

1389 3291 1567 3330 intelligere
1591 3289 1725 3330 (scilicet
1748 3290 1781 3319 in
1805 3293 1879 3318 actu
1902 3286 2060 3327 perfecto)
2085 3286 2146 3316 nisi
2169 3294 2273 3315 unum
2289 3294 2347 3324 per
2370 3283 2456 3314 aliud

1388 3335 1559 3374 intelligat3
1577 3343 1652 3364 cum
1668 3343 1734 3364 una
1750 3332 1895 3372 potentia
1910 3341 1978 3361 non
1994 3329 2178 3370 perficiatur
2193 3329 2288 3359 simul
2311 3328 2456 3368 pluribus

1390 3379 1514 3409 actibus
1536 3379 1598 3409 nisi
1620 3377 1795 3408 secundum
1820 3376 1976 3410 ordinem,
2000 3374 2092 3410 idest,
2116 3374 2176 3404 nisi
2203 3374 2285 3403 inter
2307 3382 2341 3402 se
2363 3377 2456 3402 natu-

1389 3424 1489 3454 ralem
1513 3422 1660 3453 ordinem
1685 3427 1716 3452 et
1739 3420 2024 3451 concomitantiam
2047 3419 2194 3448 habeant.
2214 3416 2456 3456 Quodcumque

1389 3468 1508 3498 horum
1531 3467 1634 3503 detur,
1659 3471 1788 3506 oportet
1811 3470 1847 3494 ut
1869 3473 1929 3494 nos
1952 3463 2168 3502 intelligamus
2195 3461 2385 3491 substantias
2409 3469 2456 3490 se-

1389 3517 1524 3552 paratas
1541 3511 1637 3549 Quia,
1657 3511 1682 3540 si
1705 3519 1766 3539 nos
1788 3508 2003 3547 intelligamus
2019 3516 2068 3537 res
2084 3505 2249 3536 sensibiles
2264 3506 2458 3545 inquantum

1390 3556 1538 3595 intelligit
1568 3564 1620 3585 eas
1650 3553 1844 3588 intellectus,
1878 3551 2026 3590 intelligit
2057 3556 2164 3581 autem
2195 3559 2248 3580 eas
2277 3548 2458 3579 intellectus

1390 3609 1448 3640 per
1470 3600 1534 3630 hoc
1558 3598 1647 3639 quod
1670 3597 1818 3636 intelligit
1845 3596 2035 3626 substantias
2065 3599 2238 3634 separatas,
2269 3597 2398 3633 oportet
2427 3597 2458 3623 et

1390 3653 1451 3675 nos
1475 3644 1619 3674 similiter
1643 3651 1694 3672 eas
1716 3641 1902 3680 intelligere.
1920 3640 1961 3670 Et
1984 3639 2127 3669 similiter
2150 3639 2176 3669 si
2192 3639 2232 3668 sit
2248 3647 2266 3668 e
2282 3646 2456 3668 converso:

2484 2236 2494 2245 ‘
2508 2235 2547 2256 Al.
2562 2234 2602 2256 lib.
2614 2234 2651 2257 la..
