2768 4134
39 738 50 748 '
64 737 90 760 S.
100 737 209 765 Tn.1.4.

868 289 1057 328 SUMMA
1086 294 1308 335 CONTRA
1336 299 1610 352 GENTILES,
1641 306 1751 344 CAP.
1773 308 1901 346 XCIII.

286 362 368 413 ipse
397 375 420 400 a
448 365 556 402 nullo
590 365 737 415 aliquid
772 366 944 416 accipiat.
986 371 1096 409 Unde
1134 375 1244 412 Rom.
1275 381 1357 414 X135:

292 418 384 459 Quis
405 419 519 467 prior
536 419 633 455 dedit
652 419 716 465 illi,
737 425 771 456 et
790 422 1013 459 retribuetur
1031 425 1094 461 ei?
1122 434 1158 462 et
1179 430 1246 465 Iob
1261 433 1358 466 xm²t

291 471 383 514 Quis
402 477 489 508 ante
507 473 604 509 dedit
623 473 726 518 mihi,
747 479 786 510 ut
810 473 965 511 reddam
994 477 1058 513 ei?
1086 478 1161 515 Per
1188 480 1360 519 similitu-

284 523 420 562 dinem
447 532 579 563 tamen
607 525 738 575 aliqua
764 526 852 564 Deo
880 527 972 565 dare
999 529 1176 578 dicimur,
1196 532 1359 583 inquan-

284 585 369 616 tum
397 586 529 617 nostra
557 579 646 618 data
674 579 783 618 Deus
810 588 992 630 acceptat.
1028 583 1119 620 Non
1148 584 1262 633 igitur
1289 587 1360 625 sibi
1384 605 1392 625 ς

284 632 470 681 competit
496 631 778 669 commutativa
805 632 957 680 iustitia,
983 635 1052 672 sed
1080 638 1208 674 solum
1238 639 1358 677 distri-

283 684 429 722 butiva.
467 685 581 723 Unde
616 685 828 736 Dionysius
863 686 964 733 dicit,
1002 700 1059 725 vm
1088 701 1170 739 cap.
1201 692 1246 728 de
1274 694 1357 730 Div.

282 738 400 777 Nom.
415 738 448 786 *,
468 739 578 789 quod
597 740 733 776 iustitia
752 740 929 779 laudatur
946 742 1050 779 Deus
1070 744 1163 780 sicut
1189 748 1360 783 omnibus

280 791 486 829 secundum
515 793 734 843 dignitatem
763 794 1001 833 distribuens:
1028 797 1247 835 secundum
1266 798 1360 837 illud

281 846 418 885 Mauh.
437 858 510 883 xxv
523 850 562 883 ¹⁵:
593 846 703 886 Dedit
721 849 923 898 unicuique
939 850 1144 886 secundum
1163 854 1359 901 propriam
1376 871 1401 885 m

281 900 466 936 virtutem.

336 952 442 990 Scire
470 960 603 991 autem
631 962 784 1004 oportet
811 955 919 1005 quod
949 955 1119 994 actiones
1143 957 1243 995 circa
1262 971 1360 1008 quas

280 1013 371 1043 sunt
397 1007 616 1057 praedictae
643 1008 816 1055 virtutes,
846 1010 1066 1048 secundum
1085 1023 1175 1048 suas
1194 1011 1360 1050 rationes

281 1071 328 1097 ex
348 1059 465 1099 rebus
493 1061 678 1100 humanis
705 1073 788 1100 non
816 1062 1053 1112 dependent:
1083 1076 1165 1102 non
1185 1064 1291 1102 enim
1311 1066 1359 1104 de

280 1113 440 1162 agendis
467 1113 651 1160 iudicare,
671 1114 818 1165 aliquid
837 1116 930 1154 dare
955 1118 1017 1157 vel
1037 1117 1278 1165 distribuere,
1299 1132 1360 1157 so·
1376 1141 1398 1161 ις

280 1166 354 1204 lius
386 1167 560 1205 hominis
590 1177 658 1216 est,
687 1169 756 1206 sed
790 1169 995 1208 cuiuslibet
1027 1170 1263 1209 intellectum
1292 1173 1359 1210 ha-

280 1220 417 1259 bentis.
448 1222 678 1260 Secundum
706 1230 839 1260 tamen
868 1224 977 1273 quod
1006 1225 1056 1262 ad
1080 1237 1141 1262 res
1164 1226 1359 1264 humanas

279 1275 591 1324 contrahuntur„
602 1289 652 1321 ex
679 1275 739 1314 his
767 1277 1068 1326 quodammodo
1097 1279 1268 1329 speciem
1296 1292 1359 1318 su-

278 1334 408 1370 munt:
424 1327 537 1367 sient
560 1342 719 1368 curvum
748 1331 786 1368 in
817 1343 909 1370 naso
927 1331 1016 1371 facit
1033 1332 1205 1383 speciem
1225 1333 1312 1371 simi
1325 1333 1357 1371 *.

278 1379 448 1422 Virtutes
474 1381 590 1431 igitur
616 1384 849 1435 praedictae,
879 1385 1099 1424 secundum
1126 1386 1235 1436 quod
1257 1386 1359 1425 ordi·
1374 1409 1400 1423 ,ο

278 1442 373 1473 nam
400 1435 620 1474 humanam
647 1436 769 1475 vitam
797 1437 976 1487 activam,
1006 1439 1056 1477 ad
1084 1440 1156 1477 has
1187 1439 1359 1479 actiones

333 1555 347 1581 ι
367 1549 467 1584 aliquid
484 1558 520 1575 an
539 1551 591 1576 alio
610 1551 735 1577 intendat
753 1553 775 1577 Α
795 1552 904 1578 dubium
924 1556 965 1579 ert
983 1553 1016 1578 ob
1034 1553 1187 1587 scripturae
1205 1555 1447 1589 impersectionem;
1465 1556 1516 1581 alio
1535 1557 1563 1588 Z,
1582 1558 1678 1590 aliquid
1702 1560 1791 1585 ceteri.

276 1588 344 1612 ode
358 1590 450 1613 neena
463 1586 530 1617 αΡες
549 1587 609 1612 data
621 1594 664 1612 om
679 1587 723 1613 W.

277 1621 377 1656 divid
394 1622 457 1650 dne
476 1622 525 1649 Pd.

332 1664 366 1692 19
384 1657 500 1685 rationes
514 1661 579 1691 post
597 1659 779 1692 complectitur
796 1659 882 1690 aDPc,
900 1663 965 1686 aare
982 1661 1102 1694 proprias
1122 1661 1154 1687 Ν.

816 1594 850 1613 ιο
867 1596 926 1615 xxv.
946 1589 994 1619 Pc3
1012 1597 1080 1615 xxxv.
1099 1591 1121 1615 Α
1140 1597 1205 1615 casa
1224 1595 1251 1616 er
1267 1591 1359 1617 ceteri.

1042 1774 1382 1810 commentaria

363 1893 473 1917 'rums
497 1885 562 1925 agit
584 1884 723 1918 Sanctus
739 1886 886 1920 Thomas
911 1885 952 1918 de
976 1887 1148 1919 virtutibus
1169 1897 1253 1928 quae
1275 1889 1360 1920 circa

344 1929 490 1964 meones
518 1935 595 1962 sunt
609 1931 636 1961 ³.
666 1929 763 1964 Circa
790 1931 883 1971 quod
909 1931 978 1963 duo
1008 1931 1098 1964 facit:
1132 1933 1239 1973 primo
1271 1934 1359 1967 enim

276 1973 420 2009 ostendit
442 1973 615 2015 quomodo
632 1975 705 2006 Deo
721 1976 852 2007 attribui
875 1977 1016 2017 possum
1040 1977 1197 2014 secundo,
1213 1984 1361 2010 removet

277 2018 446 2060 quoddam
458 2018 596 2051 dubium
604 2020 632 2051 ⁵.
649 2019 820 2058 Quantum
831 2019 874 2052 ad
887 2021 1041 2062 primum,
1054 2022 1113 2053 tria
1130 2021 1220 2054 facit:
1240 2023 1358 2063 primo,

276 2064 312 2096 in
323 2064 494 2098 communi
509 2064 627 2105 probat
637 2064 761 2105 aliquas
776 2074 889 2098 earum
904 2065 977 2097 Deo
993 2067 1184 2104 convenire:
1201 2067 1359 2105 secundo,

277 2107 318 2141 de
329 2117 530 2149 unaquaque
543 2109 672 2141 illarum
684 2110 918 2150 particulariter
928 2111 1084 2151 probat*;
1097 2112 1204 2148 tertio,
1217 2113 1359 2145 ostendit

277 2152 450 2194 quomodo
474 2158 507 2186 et
530 2154 691 2194 quaedam
714 2154 795 2186 aliae
818 2155 880 2196 ipsi
906 2165 975 2186 non
999 2157 1206 2193 conveniant,
1231 2162 1263 2187 et
1285 2157 1358 2188 illae

277 2207 359 2239 quaa
373 2199 490 2239 probat
501 2198 574 2231 Deo
594 2199 781 2235 convenire.
794 2199 976 2232 secundum
993 2201 1122 2241 aliquos
1139 2210 1251 2232 earum
1267 2208 1358 2233 actus

276 2243 339 2276 sibi
360 2243 538 2276 convenire
561 2253 631 2274 non
654 2250 793 2284 possunt
808 2245 835 2275 ³.

333 2287 357 2321 l.
380 2287 554 2326 Quantum
568 2287 610 2320 ad
625 2289 780 2329 primum,
797 2290 893 2329 ponit
907 2290 991 2320 hanc
1015 2291 1279 2323 conclusionem:
1302 2292 1358 2322 Ve-
1382 2305 1383 2314 κ

277 2332 370 2368 rius,
399 2332 533 2368 iustitia,
563 2332 759 2369 liberalium
788 2334 1049 2376 magnificentia,
1073 2335 1262 2376 prudentia,
1290 2346 1356 2372 ars,

276 2382 354 2410 sunt
376 2377 410 2408 in
434 2377 517 2408 Deo.

328 2422 500 2455 Probatur
515 2422 638 2463 primo.
670 2423 827 2455 Actiones
851 2433 936 2464 quae
958 2430 1035 2455 sunt
1062 2425 1177 2456 harum
1201 2426 1357 2457 virtutum

276 2467 412 2499 materia
433 2466 486 2498 vel
509 2467 688 2503 obiectum,
705 2467 834 2499 divinae
854 2467 1049 2509 perfectioni
1073 2479 1141 2500 non
1166 2477 1357 2511 repugnant.

276 2511 365 2552 Ergo
395 2521 466 2543 non
494 2512 615 2543 habent
644 2512 768 2553 aliquid
802 2513 985 2546 secundum
1013 2514 1178 2555 propriam
1213 2516 1357 2556 speciem

276 2561 412 2598 propter
433 2556 526 2597 quod
549 2567 568 2588 a
590 2556 700 2588 divina
722 2557 924 2598 perfectione
948 2558 1169 2590 excludantur.

328 2600 491 2633 Secundo.
504 2600 588 2633 Sunt
598 2601 818 2642 perfectiones
834 2603 1018 2634 intellectus
1030 2608 1062 2634 et
1073 2603 1259 2640 voluntatis,
1273 2614 1357 2644 quae

277 2651 353 2678 sunt
375 2646 536 2686 principia
559 2647 791 2687 operationum
814 2647 938 2688 absque
960 2649 1112 2688 passione
1128 2649 1311 2679 intellectus
1326 2655 1357 2679 et

277 2690 464 2723 voluntatis.
489 2690 577 2731 Ergo
601 2696 664 2722 etc.

334 2734 430 2767 Circa
461 2740 667 2775 assumptum
702 2735 878 2773 dubitatur,
906 2746 983 2769 cum
1018 2737 1135 2769 dicitur
1168 2737 1356 2768 huiusmodi

277 2780 412 2815 virtutes
438 2789 524 2820 quae
547 2786 623 2811 sunt
646 2781 731 2812 circa
753 2782 909 2818 actiones,
930 2788 999 2813 esse
1016 2782 1239 2824 perfectiones
1262 2782 1355 2812 intel-

278 2824 381 2856 lectus
403 2829 436 2856 et
457 2825 646 2856 voluntatis.
670 2825 755 2856 Nam
779 2827 971 2867 oppositum
995 2827 1092 2859 huius
1107 2826 1233 2857 videtur
1249 2826 1355 2856 dicere

278 2869 418 2902 Sanctus
434 2869 582 2901 Thomas
603 2869 712 2902 Prima
734 2869 915 2907 Secundae,
932 2881 963 2912 q.
980 2881 1030 2907 rx,
1050 2881 1078 2901 a.
1098 2872 1127 2907 5,
1151 2877 1183 2901 et
1206 2870 1355 2902 Secunda

278 2913 458 2951 Secundae,
475 2923 507 2954 q.
526 2924 650 2950 cxxxW,
676 2924 757 2954 a.·4,
780 2915 821 2948 ad
838 2924 865 2947 ι.
887 2916 935 2947 Ibi
958 2917 1045 2947 enim
1068 2916 1162 2956 ponit
1186 2915 1355 2946 liberalita-

277 2964 344 2989 tem
369 2964 401 2989 et
423 2957 700 2999 magnificentiam
723 2969 793 2991 esse
816 2960 848 2991 in
874 2961 1020 3001 appetitu
1050 2961 1217 2996 sensitivo;
1243 2966 1275 2991 et
1298 2969 1355 3000 per

278 3012 485 3043 consequens
509 3013 576 3035 non
605 3013 676 3035 esse
706 3003 922 3045 perfectiones
950 3005 1132 3036 intellectus
1162 3014 1270 3045 neque
1297 3014 1354 3034 vo-

278 3048 420 3080 luntatis.

333 3091 564 3133 Respondetur
580 3091 683 3132 quod,
698 3093 782 3124 sicut
800 3095 942 3135 pecunia
965 3094 1137 3134 dupliciter
1159 3093 1354 3124 considerari

277 3142 396 3178 potest,
412 3147 482 3169 uno
505 3136 608 3168 modo
632 3142 668 3168 ut
691 3143 739 3169 est
762 3139 929 3171 obiectum
952 3140 1122 3180 passionis,
1138 3144 1216 3178 puta
1232 3147 1353 3169 concu÷

277 3182 473 3222 piscentine,
490 3181 723 3219 delectationis,
751 3184 871 3215 amoris
902 3189 958 3214 aut
987 3184 1067 3223 spei,
1092 3183 1156 3213 alio
1186 3182 1287 3213 modo
1318 3187 1354 3212 ut

277 3227 412 3259 materia
433 3232 628 3267 sumptuum
658 3232 691 3259 et
720 3237 949 3268 expensarum3
973 3229 1017 3258 ita
1041 3228 1160 3267 duplex
1184 3233 1232 3257 est
1254 3228 1353 3257 virtus

277 3270 474 3304 liberalitatis
489 3277 522 3303 et
535 3270 795 3311 magnificentiae
812 3273 897 3304 circa
911 3274 1006 3313 ipsas.
1022 3273 1095 3303 Una
1107 3281 1191 3312 quae
1207 3276 1254 3302 est
1270 3272 1352 3301 circa

278 3316 446 3355 passiones
469 3316 510 3348 ad
532 3317 688 3357 pecunias
712 3318 907 3353 terminatas,
925 3326 1009 3357 quae
1025 3316 1147 3346 scilicet
1170 3322 1217 3345 est
1239 3314 1353 3345 mode·
1376 3341 1378 3346 .

277 3360 375 3393 ratrix
397 3362 682 3402 concupiscentiae
698 3367 731 3392 et
745 3363 864 3393 amoris
888 3361 1116 3401 pecuniarum:
1141 3365 1187 3395 ut,
1206 3361 1351 3399 inquam,

279 3405 382 3438 homo
407 3414 484 3437 cum
505 3405 729 3439 mediocritate
752 3412 840 3438 amet
862 3406 1027 3446 pecunias,
1051 3414 1092 3435 ne
1115 3404 1217 3434 nimio
1241 3413 1351 3434 amore

278 3459 354 3490 erga
376 3450 462 3489 ipsas
486 3460 504 3481 a
526 3449 712 3482 dationibus
735 3457 767 3482 et
790 3450 972 3490 sumptibus
993 3448 1261 3481 convenientibus
1277 3457 1352 3487 pro-

278 3494 436 3526 hibeatur.
460 3494 503 3525 Et
520 3495 600 3527 haec
619 3501 668 3526 est
683 3504 782 3535 quam
799 3495 894 3536 ponit
909 3494 1045 3526 Sanctus
1062 3493 1206 3523 Thomas
1222 3492 1256 3521 in
1271 3492 1351 3522 locis

278 3538 427 3571 adductis·
441 3539 476 3570 in
491 3540 638 3580 appetitu
653 3541 808 3574 sensitivo
825 3549 903 3571 esse.
921 3538 984 3569 Sed
1000 3537 1040 3568 de
1052 3538 1111 3569 hac
1124 3546 1192 3566 non
1207 3536 1351 3575 loquitur

276 3583 343 3615 hoc
357 3583 444 3615 loco.
460 3602 484 3606 —
498 3584 572 3617 Alia
588 3590 636 3615 est
652 3593 736 3624 quae
757 3590 804 3615 est
828 3585 911 3614 circa
934 3584 1021 3622 ipsos
1045 3586 1204 3620 sumptus,
1221 3586 1252 3610 et
1268 3581 1351 3610 circa

278 3637 376 3661 usum
398 3629 612 3668 pecuniarum
636 3629 792 3660 consistit.
818 3629 859 3659 Et
874 3628 953 3659 haec
970 3627 1102 3667 ponitur
1117 3625 1150 3654 in
1166 3624 1348 3655 voluntate:

276 3682 357 3704 usus
373 3674 461 3706 enim
477 3673 518 3704 ad
533 3673 735 3705 voluntatem
751 3673 898 3713 pertinet,
916 3677 952 3703 ut
969 3670 1045 3701 dicit
1057 3669 1192 3700 Sanctus
1205 3668 1349 3699 Thomas

2404 319 2477 356 255

1416 381 1642 440 ordinantur
1660 394 1775 433 prout
1802 388 1851 424 ad
1879 401 1939 426 res
1967 391 2158 430 humanas
2187 396 2476 445 contrahuntur,

1415 433 1463 469 ab
1493 446 1546 470 eis
1575 437 1742 484 speciem
1772 450 1977 479 sumentes.
2009 444 2236 484 Secundum
2255 460 2374 497 quern
2393 462 2477 488 mo-

1415 485 1509 522 dum
1526 487 1612 547 Deo
1627 491 1833 529 convenire
1848 505 1928 531 non
1942 505 2114 545 possunt.
2138 499 2363 539 Secundum
2382 515 2476 541 vero

1416 539 1524 597 quod
1543 548 1711 579 aenones
1738 546 1953 592 praedictae
1972 548 2012 586 in
2032 563 2102 588 sua
2120 554 2396 593 communitate
2415 569 2476 597 ac-

1416 600 1620 650 cipiuntur,
1636 605 1798 643 possunt
1812 599 1926 637 etiam
1941 602 2056 639 rebus
2070 604 2208 642 divinis
2222 607 2353 655 aptari.
2371 608 2476 650 Sicut

1416 655 1520 680 emm
1545 646 1670 705 homo
1699 661 1827 688 rerum
1856 653 2129 703 humanarum,
2149 666 2192 695 ut
2209 660 2396 707 pecuniae
2413 663 2475 699 vel

1416 696 1586 756 hononS‚
1615 700 1836 740 distributor
1854 714 1920 752 est,
1941 706 1991 743 ita
2018 715 2055 744 et
2082 710 2187 747 Deus
2209 713 2387 750 omniurn
2406 714 2475 752 bo-

1415 757 1576 808 nuatum
1606 753 1786 793 universi.
1818 757 1916 795 Sunt
1944 758 2056 807 igitur
2082 763 2296 810 praedictae
2318 766 2475 804 virtutes

1415 814 1454 838 m
1474 804 1558 841 Deo
1578 806 1861 847 universalioris
1880 812 2110 851 extensionis
2136 828 2255 864 quam
2283 818 2323 855 in
2350 819 2475 858 homi-

1415 867 1480 914 ne3
1511 869 1602 894 nam
1635 859 1730 898 sicut
1762 862 1900 901 iustitia
1932 865 2102 903 hominis
2134 880 2174 905 se
2207 870 2322 907 habet
2349 872 2398 908 ad
2425 872 2475 909 ci-

1415 917 1571 947 V1tatem
1600 914 1661 949 vel
1689 914 1864 963 domum,
1895 917 1944 954 ita
1970 917 2109 956 iustitia
2130 921 2202 958 Dei
2228 934 2267 959 se
2290 924 2404 960 habet
2426 925 2474 962 ad

1414 969 1539 999 toturn
1568 965 1805 1005 universum.
1836 970 1947 1007 Unde
1976 979 2012 1007 et
2040 972 2192 1011 divinae
2221 974 2378 1013 virtutes
2406 989 2474 1014 no-

1415 1022 1580 1054 strarum
1609 1021 1840 1070 exemplares
1872 1022 2052 1061 dicuntur
2070 1025 2105 1062 *τ
2135 1038 2227 1064 narn
2254 1040 2354 1077 quae
2387 1038 2476 1067 sunt

1415 1076 1608 1107 contracta
1645 1080 1680 1109 et
1716 1074 1948 1123 particulata,
1982 1077 2248 1117 similitudines
2282 1083 2475 1132 quaedam

1415 1121 1681 1162 absolutorum
1708 1127 1855 1165 entium
1883 1138 1981 1175 sunt,
2011 1130 2107 1169 sicut
2134 1133 2267 1171 lumen
2294 1135 2475 1176 candelae

1415 1187 1455 1211 se
1485 1176 1600 1213 habet
1628 1179 1676 1215 ad
1705 1180 1837 1218 lumen
1865 1182 1972 1222 solis.
1994 1206 2019 1211 -
2048 1185 2154 1222 Aliae
2183 1198 2276 1224 vero
2304 1187 2472 1236 virtutes,

1415 1240 1515 1277 quae
1545 1230 1629 1267 Deo
1658 1233 1811 1281 proprie
1840 1246 1919 1272 non
1947 1238 2193 1286 conveniunt,
2223 1251 2303 1277 non
2331 1241 2475 1278 habent

1415 1284 1612 1332 exemplar
1635 1282 1674 1321 in
1699 1285 1828 1323 divina
1854 1296 2003 1335 natura;
2034 1291 2101 1328 sed
2125 1293 2251 1329 solum
2278 1293 2317 1330 in
2344 1293 2475 1333 divina

1414 1335 1612 1384 sapientia,
1641 1350 1740 1386 quae
1773 1340 1951 1379 omnium
1980 1343 2127 1381 entium
2154 1346 2328 1394 proprias
2363 1347 2474 1385 ratio-

1414 1400 1483 1479 nebs
1511 1391 1825 1440 complectitur*;
1850 1393 1945 1432 sicut
1963 1404 2018 1433 est
2037 1396 2085 1433 de
2104 1397 2184 1434 aliis
2212 1400 2474 1448 corporalibus

1415 1453 1455 1478 re
1484 1455 1542 1479 us.

1892 1569 1905 1586 2
1925 1562 2088 1597 retribuetur]
2107 1564 2229 1589 retribuet
2247 1574 2272 1592 α.
2371 1566 2384 1591 5
2404 1567 2475 1594 Deus

1453 1591 1484 1617 13
1504 1598 1566 1618 sunt
1583 1593 1626 1618 hle
1645 1593 1701 1624 NZ;
1718 1599 1780 1627 post
1798 1596 1916 1622 virtutes.
2007 1597 2037 1623 15
2058 1599 2153 1632 aliquid
2175 1600 2236 1625 dare
2254 1608 2296 1626 om
2320 1602 2409 1633 EGW,
2433 1609 2478 1629 aut

1412 1777 1725 1812 Fen-ariensis

1413 1889 1520 1921 Prima
1536 1890 1715 1927 Secundae,
1733 1901 1764 1932 q.
1782 1902 1833 1923 xvr
1845 1894 1871 1922 *.
1896 1893 1937 1924 Et
1953 1893 1992 1924 de
2009 1894 2067 1924 hac
2083 1894 2227 1935 loquitur
2242 1896 2376 1931 Sanctus
2389 1898 2478 1928 Tho·

1412 1944 1482 1965 mas
1505 1935 1539 1965 in
1563 1935 1626 1966 hoc
1651 1937 1774 1977 capite;
1799 1942 1831 1967 et
1853 1938 1885 1968 in
1909 1938 2015 1968 Prima
2036 1939 2138 1975 Parte,
2163 1949 2194 1980 q.
2210 1950 2272 1977 xxx,
2290 1950 2316 1971 a.
2338 1949 2366 1977 1,
2389 1941 2429 1972 ad
2450 1950 2476 1978 1,

1413 1984 1445 2010 et
1465 1979 1651 2015 Virtutibus,
1669 1990 1700 2021 q.
1714 1991 1734 2017 1,
1748 1991 1776 2012 a.
1791 1982 1820 2017 5,
1837 1982 1892 2012 ubi
1910 1982 2131 2014 liberalitatem
2146 1984 2180 2014 in
2195 1985 2359 2016 voluntate
2374 1987 2475 2026 ponit.

1469 2023 1506 2054 11.
1519 2024 1688 2062 Quantum
1711 2025 1750 2056 ad
1773 2025 1962 2062 secundum,
1982 2027 2181 2067 singulariter
2203 2029 2316 2069 probat
2334 2029 2374 2060 de
2398 2040 2476 2062 una·

1412 2077 1543 2109 quaque
1567 2079 1677 2102 earum
1689 2070 1716 2100 ἦ
1741 2070 1781 2101 Et
1804 2071 1908 2111 primo
1933 2071 1972 2101 de
1996 2077 2076 2108 arte,
2100 2073 2156 2103 sic.
2183 2072 2340 2108 Omnium
2363 2083 2476 2105 eor-um

1412 2122 1495 2153 quae
1519 2123 1538 2145 a
1560 2114 1632 2144 Deo
1656 2115 1689 2144 in
1714 2124 1781 2147 esse
1797 2115 1988 2156 procedunt,
2008 2117 2088 2147 ratio
2111 2118 2240 2157 propria
2257 2123 2304 2148 est
2317 2119 2351 2148 in
2367 2118 2475 2150 divino

1410 2158 1588 2189 intellectu.
1613 2159 1699 2199 Ergo
1723 2160 1756 2190 in
1772 2159 1843 2190 Deo
1868 2165 1914 2190 est
1936 2170 1999 2191 ars:
2025 2166 2071 2191 est
2097 2162 2183 2192 enim
2206 2171 2254 2192 ars
2278 2168 2365 2195 recta
2390 2163 2475 2194 ratio

1401 2203 1616 2244 factibilium.
1632 2221 1655 2226 —
1678 2203 1898 2235 Confirmatur
1920 2204 1995 2245 Sap.
2011 2215 2065 2241 vn,
2089 2206 2145 2236 ubi
2173 2205 2297 2243 dicitur,
2325 2206 2474 2237 Omnium

1410 2247 1538 2288 artifex
1562 2253 1622 2278 etc.

1466 2292 1606 2323 Adverte
1631 2293 1721 2333 quod
1744 2303 1793 2324 ars
1817 2299 2069 2327 connumeratur
2087 2294 2139 2325 hic
2155 2295 2237 2325 inter
2251 2296 2392 2331 virtutes,
2408 2304 2475 2325 non

1411 2337 1488 2376 quia
1511 2336 1652 2377 perfecte
1676 2338 1791 2369 habeat
1813 2339 1971 2369 rationem
1987 2339 2124 2370 virtutis:
2141 2357 2164 2361 —
2181 2338 2221 2369 de
2244 2340 2367 2370 ratione
2389 2340 2476 2375 enim

1410 2381 1571 2421 perfectae
1587 2382 1711 2412 virtutis
1727 2388 1774 2413 est
1790 2388 1825 2413 ut
1844 2382 1938 2413 faciat
1961 2382 2144 2414 facultatem
2167 2384 2248 2414 bene
2271 2383 2425 2424 operandi
2445 2389 2476 2414 et

1410 2427 1536 2457 bonum
1560 2436 1656 2459 usum
1679 2427 1749 2457 talis
1771 2426 1928 2459 facultatis
1944 2428 1973 2457 *ε
1998 2428 2117 2459 iustitia
2131 2428 2218 2458 enim
2234 2427 2309 2459 facit
2323 2433 2359 2458 ut
2374 2429 2474 2458 homo

1410 2471 1450 2501 sit
1465 2477 1635 2511 promptae
1649 2470 1806 2503 facultatis
1822 2471 1862 2502 ad
1877 2472 1959 2503 iuste
1976 2471 2186 2511 operandum,
2204 2478 2235 2502 et
2250 2478 2285 2502 ut
2300 2473 2381 2503 iuste
2397 2481 2475 2512 ope-

1409 2521 1505 2546 retur.
1529 2516 1590 2547 Ars
1613 2521 1723 2547 autem
1746 2514 1821 2546 facit
1845 2515 1976 2556 quidem
2001 2515 2184 2548 facultatem
2207 2522 2292 2547 recte
2309 2516 2473 2556 operandi,

1410 2569 1448 2589 ex
1472 2569 1540 2599 quo
1563 2560 1660 2590 habet
1682 2560 1792 2600 aliquo
1815 2559 1917 2590 modo
1940 2561 2099 2590 rationem
2122 2560 2255 2596 virtutis,
2271 2561 2354 2590 sicut
2372 2566 2403 2590 et
2418 2560 2473 2590 ha-

1410 2604 1495 2634 bitus
1510 2604 1692 2635 intellectus
1715 2603 1917 2643 speculativi:
1941 2613 2009 2634 non
2025 2610 2132 2634 tamen
2148 2603 2223 2634 facit
2238 2605 2362 2635 bonum
2378 2613 2472 2634 usum

1409 2648 1479 2678 talis
1495 2647 1666 2683 facultatis;
1689 2653 1796 2688 potest
1811 2649 1898 2678 enim
1914 2648 2034 2678 habens
2050 2653 2150 2678 artem
2165 2648 2287 2678 malum
2303 2647 2472 2678 artificium

1409 2693 1544 2732 operari,
1561 2693 1644 2723 sicut
1659 2692 1780 2722 habens
1796 2698 1896 2722 artem
1918 2692 2144 2731 grammaticae
2166 2697 2272 2731 potest
2294 2692 2471 2731 incongrue

1407 2738 1509 2777 loqui.
1535 2736 1611 2767 Ideo
1634 2746 1702 2767 non
1725 2736 1821 2766 habet
1843 2735 1984 2776 perfecte
2006 2736 2163 2766 rationem
2186 2735 2318 2771 virtutis,
2343 2735 2399 2765 sed
2420 2744 2470 2765 se-

1408 2781 1552 2813 cundum
1577 2780 1669 2821 quid:
1693 2781 1888 2820 inquantum
1915 2779 1990 2810 facit
2013 2780 2121 2819 aliquo
2145 2779 2245 2810 modo
2272 2780 2390 2809 bonum
2411 2779 2469 2808 ha-

1407 2827 1540 2861 bentem,
1563 2831 1594 2855 et
1615 2834 1699 2865 opus
1720 2825 1788 2855 eius
1808 2824 1910 2855 reddit
1933 2825 2050 2855 bonum
2073 2824 2247 2854 secundum
2261 2823 2468 2864 facultatem.

1463 2869 1626 2906 Secundo,
1654 2869 1808 2910 probatur
1835 2869 1874 2900 de
1895 2869 2082 2909 prudentia.
2107 2868 2262 2899 Voluntas
2296 2867 2402 2900 divina
2429 2867 2468 2899 ad

1407 2915 1467 2946 alia
1491 2914 1720 2945 determinatur
1742 2913 1782 2944 ad
1803 2923 1906 2944 unum
1922 2923 1979 2953 per
1994 2913 2222 2952 cognitionem.
2247 2912 2331 2951 Ergo
2347 2911 2380 2941 in
2395 2911 2466 2951 ipso

1407 2965 1455 2990 est
1470 2958 1653 2999 prudentia:
1680 2963 1726 2989 est
1742 2958 1829 2988 enim
1844 2957 2013 2998 prudentia
2029 2962 2116 2988 recta
2133 2957 2218 2987 ratio
2238 2955 2415 2997 agibilium‚
2432 2959 2468 2984 ut

1407 3004 1522 3035 dicitur
1542 3003 1585 3034 VI
1600 3003 1800 3034 Ethicorum.
1817 3020 1840 3024 -
1856 3001 2073 3033 Confirmatur
2102 3001 2288 3031 auctoritate
2310 2999 2369 3029 Iob
2384 3008 2466 3034 xxvx,

1407 3049 1462 3079 ubi
1486 3047 1610 3083 dicitur,
1635 3047 1730 3087 Apud
1753 3047 1855 3086 ips-um
1879 3051 1926 3077 est
1942 3045 2128 3086 prudentia.

1463 3093 1586 3127 Tertio,
1612 3091 1651 3122 de
1675 3091 1808 3122 iustitia.
1839 3091 1937 3126 Deus,
1963 3088 2102 3120 volendo
2129 3087 2259 3127 aliquid,
2284 3086 2350 3117 vult
2377 3085 2466 3126 quod

1407 3138 1476 3168 eius
1491 3135 1683 3176 perfectioni
1698 3135 1841 3166 debetur.
1866 3135 1951 3174 Ergo
1974 3135 2007 3164 in
2030 3143 2070 3164 eo
2094 3138 2140 3163 est
2162 3132 2292 3162 iustitia:
2317 3135 2363 3160 est
2379 3131 2466 3163 enim

1407 3182 1476 3213 eius
1491 3181 1664 3221 unicuique
1686 3179 1772 3220 quod
1794 3189 1887 3210 suum
1908 3183 1954 3209 est
1976 3177 2174 3208 distribuere.
2198 3175 2274 3206 Ideo
2289 3175 2323 3204 in
2337 3174 2464 3209 Psalmo

1407 3226 1532 3261 dicitur,
1557 3225 1666 3257 Iustus
1689 3224 1849 3254 Dominus
1872 3228 1903 3253 et
1925 3222 2062 3253 iustitias
2088 3220 2211 3252 dilexit.
2237 3237 2260 3242 —
2286 3218 2464 3256 Quomodo

1406 3271 1446 3301 sit
1470 3270 1615 3301 debitum
1637 3269 1670 3298 in
1694 3269 1846 3308 operibus
1868 3267 1939 3302 Dei,
1963 3265 2094 3296 inferius
2110 3266 2126 3281 ὓ
2149 3262 2344 3294 ostendetur.
2442 3306 2447 3311 ⁵

1461 3314 1597 3351 Quarto,
1621 3313 1762 3352 arguitur
1785 3311 1824 3342 de
1848 3311 2048 3341 liberalitate.
2078 3309 2165 3339 Deus
2187 3317 2255 3338 non
2277 3306 2346 3337 vult
2372 3306 2464 3336 boni-

1406 3364 1504 3389 tatem
1515 3367 1607 3389 suam
1621 3357 1716 3387 alicui
1729 3356 1967 3387 communicare
1979 3359 2015 3384 ut
2028 3352 2140 3384 exinde
2156 3352 2215 3381 sibi
2226 3349 2347 3390 aliquid
2358 3359 2464 3380 accre-

1405 3409 1481 3438 scat,
1499 3402 1554 3432 sed
1571 3402 1646 3441 quia
1662 3406 1709 3431 est
1727 3401 1785 3430 sibi
1808 3399 2012 3429 conveniens.
2036 3397 2121 3436 Ergo
2145 3401 2193 3426 est
2215 3395 2365 3428 liberalis:
2389 3394 2464 3427 dare

1406 3448 1493 3477 enim
1516 3456 1583 3476 non
1607 3450 1738 3486 propter
1760 3442 1892 3483 aliquod
1915 3440 2126 3472 commodum
2149 3439 2251 3471 dantis
2272 3448 2311 3469 ex
2325 3440 2395 3478 ipsa
2409 3438 2463 3468 da-

1404 3492 1493 3521 tione
1513 3495 1726 3530 expectatum,
1743 3487 1798 3518 sed
1814 3492 1944 3527 propter
1967 3485 2142 3517 bonitatem
2165 3484 2268 3523 ipsam
2291 3488 2323 3513 et
2346 3491 2464 3513 conve-

1403 3535 1557 3566 nientiam
1587 3533 1734 3567 dationis,
1766 3538 1812 3562 est
1842 3536 1930 3561 actus
1958 3528 2164 3560 liberalitatis.
2195 3545 2217 3550 -
2246 3526 2464 3561 Confirmatur

1404 3579 1591 3609 auctoritate
1615 3577 1798 3609 Avicennae
1822 3574 1954 3605 dicentis
1970 3572 2060 3612 quod
2075 3573 2144 3612 ipse
2160 3571 2248 3603 solus
2264 3576 2312 3602 est
2327 3571 2463 3603 liberalis

1403 3623 1543 3663 proprie,
1561 3622 1636 3661 quia
1652 3629 1749 3653 omne
1766 3618 1851 3652 aliud
1867 3627 1963 3657 agens
1978 3615 2115 3648 intendit
2130 3615 2262 3656 aliquod
2286 3616 2410 3650 bonum
2426 3625 2464 3646 ex

1403 3677 1460 3697 sua
1476 3667 1602 3696 actione
1619 3663 1783 3702 consequi.
1799 3680 1822 3684 -
1837 3662 1916 3692 Item
1940 3661 2126 3692 auctoritate
2141 3660 2272 3694 Psalmi:
2294 3660 2465 3705 Aper-iente

2501 1033 2511 1042 ‘
2525 1032 2636 1061 Macrob.,
2652 1034 2662 1055 1
2676 1040 2713 1056 su-

2498 1064 2544 1086 per
2552 1058 2631 1082 Somu.
2640 1060 2712 1108 Scliffl

2501 1086 2658 1141 fia-‚tatf-

2501 1406 2511 1415 '
2525 1405 2581 1434 Cap.
2596 1412 2640 1429 nv.

2503 1898 2513 1909 ·
2527 1898 2578 1920 Art.
2589 1905 2609 1921 t-

2503 2074 2512 2084 ·
2526 2073 2562 2096 Cf.
2577 2073 2627 2096 init.
2644 2073 2713 2096 Com-

2502 2104 2573 2122 ment.

2502 2431 2511 2441 ⁸
2532 2430 2567 2452 Cf.
2591 2429 2612 2451 11
2629 2429 2713 2456 Ethic„

2501 2462 2533 2483 vx,
2548 2462 2567 2478 2.

2492 3264 2501 3274 ·
2524 3263 2575 3285 Lib.
2599 3263 2628 3288 Π,
2652 3269 2704 3290 cap.

2491 3296 2574 3317 xxvnr,
2588 3295 2652 3311 xxix.
