2768 4134
51 711 62 719 ¹
77 708 136 735 Cap.
145 713 195 730 xm.

48 1352 56 1360 ·
74 1348 132 1376 Cap·
146 1355 182 1370 xv.

53 3067 110 3089 'Cf.
126 3067 221 3095 ISent„
245 3068 266 3089 d.

54 3100 102 3142 031¹:
116 3100 267 3149 falmia}

298 253 348 289 82
874 249 1063 286 SUMMA
1093 249 1316 286 CONTRA
1344 248 1622 299 GENTILES,
1654 251 1765 290 CAP.
1787 253 1923 290 XXVI.

295 332 454 376 animal;
476 329 566 367 alias
586 335 813 377 sequeretur
832 327 940 377 quod
968 326 1008 364 in
1038 328 1195 366 Socrate
1224 335 1261 364 et
1280 328 1364 365 Pla—

294 394 386 423 tone
414 389 539 420 essent
558 383 670 431 plura
689 381 880 427 animalia,
903 380 1043 418 scilicet
1066 380 1197 441 ipsum
1221 381 1365 418 animal

292 447 518 481 commune,
556 443 592 472 et
629 435 752 473 homo
790 434 1025 481 communis,
1060 443 1097 472 et
1127 434 1210 485 ipse
1243 435 1364 472 Plato.

293 492 419 529 Multo
448 488 560 537 igitur
588 488 719 526 minus
747 496 784 526 et
812 488 943 538 ipsum
968 500 1051 526 esse
1072 500 1286 526 commune
1311 495 1367 525 est

1422 328 1568 375 omnia,
1589 329 1658 367 sed
1676 329 1776 368 inter
1802 331 1947 380 omnia,
1976 331 2102 369 immo
2131 331 2277 382 aliquid
2305 332 2499 370 omnium.

1423 382 1527 419 Cum
1547 394 1638 431 ergo
1659 382 1899 422 divinitatem
1921 398 2034 436 super
2052 384 2186 422 omnia
2209 384 2315 432 dixit,
2335 386 2502 424 ostendit

1422 435 1642 473 secundum
1661 448 1775 474 suam
1798 445 1979 476 naturam
1999 438 2048 476 ab
2072 438 2259 476 omnibus
2277 415 2501 477 distinctum

1422 496 1459 526 et
1487 501 1606 538 super
1637 489 1772 527 omnia
1799 492 2044 530 collocatum.
2075 493 2134 530 Ex
2162 493 2240 530 hoc
2267 504 2363 530 vero
2392 493 2502 542 quod

293 543 436 593 aliquid
457 549 609 592 praeter
632 554 771 580 omnes
799 554 859 579 res
887 542 1090 580 existentes
1108 541 1182 579 nisi
1200 541 1241 579 in
1260 541 1367 579 intel·
1390 555 1399 577 s
1423 541 1516 580 dixit
1551 542 1661 592 quod
1694 543 1875 582 divinitas
1909 553 1966 583 est
2000 558 2078 584 esse
2114 547 2297 593 omnium,
2334 546 2502 584 ostendit

292 600 393 635 lectu
425 597 566 634 solum.
597 595 638 634 Si
670 595 784 644 igitur
814 596 922 633 Deus
950 595 997 633 sit
1024 608 1108 632 esse
1140 607 1366 642 commune,

293 652 400 688 Deus
419 662 501 687 non
520 649 590 687 erit
608 648 738 699 aliqua
757 661 817 687 res
837 649 909 686 nisi
928 661 1030 699 quae
1049 649 1096 686 sit
1115 648 1155 686 in
1174 649 1367 686 intellectu

292 712 455 741 tantum.
477 704 691 742 Ostensum
711 710 844 740 autem
872 711 929 740 est
957 702 1106 752 supra*
1127 703 1258 739 Deum
1283 713 1367 739 esse

293 757 439 808 aliquid
473 769 554 794 non
588 758 718 794 solum
751 755 791 793 in
824 756 1029 803 intellectu,
1060 756 1129 792 sed
1162 755 1202 792 in
1235 767 1366 792 rerum

292 819 441 849 natura.
463 811 557 848 Non
577 818 633 847 est
652 809 765 859 igitur
779 810 887 847 Deus
907 809 1038 859 ipsum
1054 821 1137 846 esse
1152 820 1391 846 communex

293 864 486 903 omnium.

346 920 452 956 Item.
474 917 682 955 Generatio
702 928 773 966 per
791 929 832 954 se
852 915 1051 966 loquendo
1067 923 1123 953 est
1137 915 1201 953 via
1215 915 1255 953 in
1270 927 1365 962 esse,

293 980 329 1009 et
355 970 554 1021 corruptio
583 970 647 1008 via
675 970 714 1007 in
743 982 824 1007 non
853 981 951 1007 esse:
982 981 1064 1006 non
1084 969 1190 1007 enim
1208 981 1366 1018 genera-

291 1025 406 1063 tionis
441 1023 629 1062 terminus
663 1031 719 1061 est
755 1024 891 1068 forma,
921 1030 958 1060 et
995 1022 1256 1073 corruptionis
1290 1022 1366 1073 pri-

291 1078 408 1126 vatio,
438 1078 511 1115 nisi
539 1077 631 1127 quia
658 1077 784 1114 forma
810 1076 898 1113 facit
925 1088 1008 1114 esse
1038 1084 1075 1114 et
1099 1076 1265 1127 privatio
1284 1088 1367 1114 non

292 1144 392 1178 esse;
421 1132 512 1169 dato
541 1131 646 1168 enim
675 1130 783 1179 quod
812 1129 941 1180 aliqua
968 1130 1095 1167 forma
1122 1142 1204 1168 non
1227 1130 1367 1168 faceret

292 1198 386 1232 esse,
417 1197 498 1222 non
526 1184 717 1222 diceretur
740 1183 914 1232 generari
934 1184 1043 1234 quod
1062 1185 1180 1222 talem
1198 1184 1367 1222 formam

292 1239 491 1289 acciperet.
523 1237 564 1275 Si
592 1237 705 1286 igitur
732 1238 840 1274 Deus
860 1236 906 1274 sit
924 1236 1106 1275 omniurn
1127 1250 1259 1275 rerum
1283 1250 1366 1276 esse

290 1293 462 1339 formale,
483 1299 667 1341 sequetur
685 1291 794 1341 quod
813 1290 860 1327 sit
878 1291 1068 1328 terminus
1095 1291 1364 1341 generationis.

291 1346 412 1394 Quod
427 1353 483 1382 est
496 1346 652 1383 falsum:
675 1357 767 1382 cum
785 1344 868 1394 ipse
887 1344 934 1382 sit
953 1352 1146 1393 aeternus,
1162 1353 1205 1383 ut
1219 1345 1367 1395 supra*

290 1407 491 1437 ostensum
521 1406 587 1436 est.

344 1454 557 1491 Praeterea.
589 1452 783 1502 Sequetur
810 1452 918 1502 quod
952 1465 1035 1490 esse
1073 1452 1278 1490 cuiuslibet
1312 1452 1367 1490 rei

289 1506 401 1545 fuerit
429 1506 478 1544 ab
507 1514 676 1544 aeterno.
715 1507 810 1543 Non
838 1505 952 1554 igitur
979 1513 1105 1557 potest
1132 1518 1215 1544 esse
1251 1518 1367 1556 gene-

290 1560 386 1598 ratio
406 1561 470 1597 vel
488 1559 698 1609 corruptio.
721 1559 762 1598 Si
782 1559 888 1597 enim
907 1559 964 1607 sit,
982 1567 1134 1610 oportet
1153 1560 1263 1610 quod
1283 1572 1366 1597 esse

290 1613 550 1664 praeexistens
578 1613 691 1651 alicui
721 1613 775 1651 rei
803 1613 852 1651 de
881 1625 988 1651 novo
1018 1613 1250 1663 acquiratur.
1289 1615 1368 1651 Aut

291 1680 382 1717 ergo
411 1667 525 1705 alicui
553 1667 660 1717 prius
688 1666 879 1704 existenti:
904 1675 971 1705 aut
990 1668 1098 1704 nullo
1117 1667 1240 1704 modo
1260 1666 1368 1717 prius

291 1721 476 1759 existenti.
517 1721 557 1759 Si
594 1720 723 1770 primo
760 1720 894 1767 modo,
925 1732 1019 1758 cum
1053 1732 1181 1758 unum
1210 1720 1256 1758 sit
1284 1733 1367 1758 esse

291 1774 472 1813 omnium
500 1774 746 1812 existentium
765 1774 983 1812 secundum
1002 1773 1238 1824 positionem
1258 1786 1367 1824 prae-

291 1829 446 1875 dictam,
476 1835 661 1877 sequetur
688 1828 797 1877 quod
817 1840 877 1865 res
897 1840 998 1877 quae
1017 1827 1191 1876 generari
1215 1827 1365 1873 dicitur,

291 1889 372 1920 non
410 1881 571 1931 accipiat
608 1894 761 1919 novum
797 1893 891 1928 esse,
921 1881 990 1919 sed
1018 1893 1171 1918 novum
1200 1881 1367 1919 modum

291 1935 459 1973 essendi:
490 1935 598 1985 quod
628 1947 709 1972 non
738 1934 824 1972 facit
851 1934 1155 1983 generationem,
1180 1935 1248 1971 sed
1277 1936 1367 1972 alte-

291 1989 493 2027 rationem.
524 1988 564 2026 Si
593 1995 725 2025 autem
754 1989 861 2025 nullo
891 1988 1013 2025 modo
1042 1988 1150 2038 prius
1170 1987 1365 2035 existebat,

291 2050 475 2092 sequetur
502 2042 611 2092 quod
638 2041 707 2079 fiat
739 2053 787 2079 ex
820 2041 957 2079 nihilo:
995 2041 1105 2091 quod
1140 2050 1197 2078 est
1233 2049 1368 2079 contra

291 2096 482 2133 rationem
500 2094 769 2144 generationis.
790 2095 906 2144 Igitur
925 2096 1022 2132 haec
1041 2094 1181 2144 positio
1202 2095 1366 2133 omnino

290 2148 579 2198 generationem
609 2156 645 2186 et
673 2148 966 2198 corruptionem
994 2148 1166 2186 destruit.
1201 2149 1250 2186 Et
1278 2148 1367 2187 ideo

291 2211 395 2254 patet
423 2215 511 2240 eam
540 2215 624 2240 esse
652 2202 946 2252 impossibilem.

346 2257 463 2293 Hunc
492 2255 608 2293 etiam
637 2267 811 2293 errorem
840 2256 956 2294 Sacra
984 2255 1171 2294 Doctrina
1209 2256 1367 2305 repellit,

293 2310 390 2347 dum
419 2309 626 2347 confitetur
658 2310 787 2346 Deum
823 2310 1011 2347 excelsum
1040 2316 1073 2346 et
1102 2310 1296 2355 elevatum,
1327 2318 1369 2347 ut

293 2363 432 2401 dicitur
459 2363 578 2400 Isaiae
604 2367 671 2408 vt¹;
701 2371 738 2400 et
765 2375 858 2400 eum
896 2375 1009 2413 super
1045 2364 1174 2401 omnia
1209 2375 1297 2409 esse,
1327 2371 1369 2401 ut

293 2419 405 2454 Rom.
426 2421 481 2454 1x⁵
501 2417 676 2454 habetur.
700 2416 739 2454 Si
759 2416 865 2453 enim
885 2424 942 2453 est
960 2428 1044 2453 esse
1063 2416 1256 2460 omnium,
1277 2424 1411 2454 tuneo

294 2478 351 2508 est
370 2469 515 2520 aliquid
536 2470 729 2516 omnium,
751 2482 831 2508 non
852 2477 984 2507 autem
1004 2482 1123 2520 super
1141 2469 1287 2508 omnia.

348 2523 400 2561 Hi
419 2523 534 2561 etiam
555 2531 724 2561 errantes
744 2523 882 2561 eadem
902 2523 1090 2561 sententia
1104 2525 1370 2573 procelluntur

295 2590 374 2627 qua
407 2585 443 2615 et
481 2577 676 2624 idolatrae,
711 2577 778 2627 qui
818 2578 1170 2615 incommunicabile
1201 2578 1368 2624 IVomen,

295 2630 434 2668 scilicet
453 2630 537 2678 Dei,
558 2631 671 2682 lignis
690 2637 723 2668 et
741 2631 925 2681 lapidibus
953 2633 1219 2681 imposuerunt,
1241 2639 1283 2669 ut
1302 2632 1369 2669 ha-

294 2684 407 2722 betur
431 2686 517 2734 Sap.
535 2688 640 2722 xiv²¹.
673 2684 713 2722 Si
733 2684 838 2722 enim
861 2685 969 2722 Deus
989 2692 1045 2722 est
1064 2697 1147 2722 esse
1174 2685 1368 2732 omnium,

294 2750 375 2776 non
404 2738 526 2787 magis
554 2738 702 2776 dicetur
730 2751 821 2776 vere
850 2739 944 2788 lapis
963 2745 1014 2776 est
1033 2751 1109 2785 ens,
1131 2751 1252 2788 quam
1275 2740 1370 2790 lapis

294 2798 345 2829 est
372 2793 486 2829 Deus.

349 2845 452 2883 Huic
480 2853 611 2883 autem
631 2845 751 2882 errori
771 2854 941 2895 quatuor
959 2854 1049 2883 sunt
1067 2858 1169 2896 quae
1188 2845 1371 2884 videntur

294 2898 524 2950 praestitisse
553 2898 783 2936 fomentum.
823 2899 1002 2937 Primum
1031 2907 1086 2936 est
1121 2900 1370 2949 quarundam

294 2951 567 2990 auctoritatum
583 2951 794 2990 intellectus
813 2964 1031 3002 perversus.
1052 2953 1250 2991 Invenitur
1264 2953 1370 2991 enim

295 3019 318 3044 a
337 3005 527 3056 Dionysio
543 3005 703 3052 dictum,
719 3018 754 3043 1v
768 3018 800 3043 0.
821 3007 922 3044 Cael.
939 3007 1072 3044 Hier..·
1091 3008 1182 3044 Esse
1201 3010 1370 3045 omnium

295 3066 346 3098 est
372 3059 702 3110 super-essentialis
727 3060 899 3098 divinitas
913 3059 943 3097 ³¹¹.
974 3060 1033 3097 Ex
1054 3072 1134 3110 quo
1164 3059 1370 3110 intelligere

295 3114 504 3151 voluerunt
537 3112 665 3163 ipsum
700 3125 783 3150 esse
821 3113 982 3151 formale
1020 3113 1201 3151 omnium
1239 3126 1371 3153 rerum

295 3168 427 3204 Deum
456 3179 550 3213 esse,
572 3179 652 3204 non
682 3166 971 3204 considerantes
1000 3167 1107 3205 hunc
1135 3166 1371 3206 intellectum

1423 595 1532 645 quod
1547 608 1571 633 a
1584 596 1695 633 Deo
1685 608 1727 634 111
1741 597 1926 636 omnibus
1945 599 2142 649 quaedam
2157 598 2279 637 divini
2293 612 2378 638 esse
2397 599 2502 638 simi-

1423 649 1546 686 litudo
1570 649 1771 699 reperitur.
1792 672 1818 677 —
1837 651 1956 690 Hunc
1974 652 2088 691 etiam
2111 665 2251 691 eorum
2269 665 2502 703 perversum

1423 702 1660 740 intellectum
1680 702 1770 741 alibi
1789 704 1960 765 apertius
1978 706 2200 754 excludens,
2216 706 2333 744 dixit
2323 719 2364 745 111
2379 719 2400 745 11
2415 719 2499 757 cap.

1423 757 1469 794 de
1482 757 1569 794 Div.
1585 756 1733 794 Nom*
1735 786 1744 804 ,
1761 757 1899 807 quod
1889 757 2012 808 ipsius
2025 759 2100 797 Dei
2119 773 2238 811 neque
2251 767 2368 799 tactus
2383 773 2503 811 neque

1395 810 1550 861 oaliqua
1578 812 1798 849 commixtio
1826 817 1878 849 est
1900 812 1952 850 ad
1973 824 2032 849 res
2050 814 2158 860 alias,
2175 816 2269 852 sicut
2297 821 2348 852 est
2370 816 2504 865 puncti

1422 864 1474 901 ad
1500 864 1652 910 lineam,
1682 865 1741 902 vel
1756 866 1919 915 figurae
1945 866 2063 925 sigilli
2088 867 2141 904 ad
2165 879 2305 905 ceram.

1477 917 1708 956 Secundum
1733 919 1846 980 quod
1883 931 1951 956 eos
1988 918 2029 956 in
2052 919 2170 957 hunc
2206 932 2380 960 errorem
2411 934 2501 972 pro-

1422 970 1559 1018 movit,
1589 979 1646 1009 est
1673 971 1831 1010 rationis
1859 973 2042 1011 defectus.
2072 972 2178 1021 Quia
2204 973 2311 1012 enim
2334 974 2374 1013 id
2393 976 2502 1036 quod

1422 1037 1638 1063 commune
1657 1034 1715 1063 est
1731 1038 1804 1076 per
1830 1026 2072 1064 additionem
2100 1026 2347 1077 specificatur
2363 1029 2454 1067 vel'
2445 1042 2502 1067 111-

1383 1094 1406 1115 ις
1423 1078 1658 1127 dividuatur,
1674 1079 1979 1118 aestimaverunt
1997 1080 2178 1119 divinum
2197 1093 2293 1129 esse,
2313 1081 2378 1120 cui
2397 1083 2504 1121 nulla

1422 1131 1467 1169 fit
1494 1132 1653 1180 additio,
1682 1145 1764 1171 non
1792 1146 1876 1171 esse
1905 1134 2064 1184 aliquod
2092 1146 2178 1172 esse
2195 1134 2414 1186 proprium,
2435 1136 2503 1173 sed

1423 1198 1506 1223 esse
1525 1198 1741 1224 commune
1761 1187 1960 1235 omnium;
1985 1200 2068 1226 non
2086 1187 2376 1226 considerantes
2394 1189 2504 1240 quod

1422 1239 1462 1277 id
1490 1240 1599 1290 quod
1627 1252 1842 1278 commune
1870 1249 1928 1279 est
1955 1243 2018 1279 vel
2041 1241 2261 1280 universale
2284 1242 2367 1281 sine
2395 1242 2504 1281 addi-

1421 1293 1527 1331 tione
1557 1306 1640 1331 esse
1664 1307 1747 1333 non
1774 1302 1913 1355 potest,
1943 1296 2012 1333 sed
2041 1295 2124 1333 sine
2152 1295 2349 1334 additione
2377 1296 2503 1334 consi-

1382 1365 1409 1380 20
1423 1347 1594 1385 deratur:
1624 1360 1707 1386 non
1735 1347 1842 1387 enim
1861 1350 2007 1387 animal
2023 1357 2150 1399 potest
2170 1362 2254 1388 esse
2273 1350 2422 1400 absque
2441 1363 2504 1388 ra-

1422 1402 1555 1439 tionali
1571 1402 1634 1439 vel
1656 1403 1872 1440 irrationali
1893 1402 2123 1451 differentia,
2144 1403 2327 1454 quamvis
2354 1403 2504 1464 absque

1423 1454 1483 1492 his
1516 1454 1742 1493 differentiis
1779 1455 1976 1505 cogitetur.
2015 1456 2125 1494 Licet
2161 1456 2279 1495 etiam
2317 1457 2506 1507 cogitetur

1423 1508 1642 1546 universale
1671 1509 1819 1560 absque
1848 1509 2058 1558 additione,
2083 1523 2165 1548 non
2194 1518 2326 1548 tamen
2354 1511 2504 1562 absque

1423 1561 1710 1612 receptibilitate
1745 1562 1968 1601 additionis:
2007 1576 2102 1602 nam
2135 1563 2167 1601 si
2203 1565 2364 1602 animali
2398 1565 2504 1603 nulla

1383 1629 1406 1650 ες
1424 1615 1640 1654 differentia
1667 1615 1758 1654 addi
1786 1625 1929 1666 posset,
1949 1629 2072 1666 genus
2091 1629 2174 1655 non
2193 1625 2308 1663 esset;
2338 1625 2375 1656 et
2398 1617 2504 1656 simi-

1423 1668 1507 1706 liter
1525 1677 1581 1707 est
1599 1669 1649 1707 de
1669 1669 1854 1708 omnibus
1878 1670 1961 1708 aliis
1989 1670 2228 1709 nominibus.
2258 1693 2284 1699 —
2313 1671 2504 1710 Divinum

1423 1730 1556 1760 autem
1571 1735 1654 1760 esse
1674 1731 1730 1760 est
1749 1723 1897 1774 absque
1912 1724 2110 1763 additione
2129 1736 2211 1762 non
2230 1726 2359 1763 solum
2379 1725 2419 1763 in
2438 1737 2503 1763 co-

1423 1776 1616 1825 gitatione,
1638 1777 1707 1814 sed
1727 1776 1844 1815 etiam
1862 1777 1903 1815 in
1922 1789 2055 1816 rerum
2088 1786 2242 1816 natura:
2272 1790 2346 1816 nec
2373 1780 2501 1817 solum

1423 1829 1572 1879 absque
1591 1830 1802 1876 additione,
1823 1831 1891 1869 sed
1911 1831 2028 1869 etiam
2047 1832 2196 1882 absque
2216 1831 2503 1892 receptibilitate

1383 1899 1409 1920 ιο
1423 1883 1642 1921 additionis.
1679 1884 1794 1922 Unde
1823 1896 1869 1922 ex
1898 1885 1976 1922 1100
2003 1884 2090 1935 ipso
2118 1885 2227 1935 quod
2263 1882 2504 1925 additionem

1423 1948 1504 1974 non
1533 1936 1666 1986 recipit
1694 1949 1768 1974 nec
1795 1937 1966 1988 recipere
1999 1946 2138 1988 potest,
2166 1938 2291 1987 magis
2322 1938 2504 1977 concludi

1422 1997 1549 2040 potest
1577 1991 1686 2040 quod
1719 1991 1828 2028 Deus
1861 2003 1942 2029 non
1977 1991 2023 2029 sit
2059 2003 2143 2030 esse
2179 2003 2406 2038 commune,
2435 1992 2505 2031 sed

1422 2043 1644 2094 proprium:
1684 2043 1829 2082 etenim
1867 2057 1915 2082 ex
1953 2045 2030 2083 hoc
2062 2044 2148 2095 ipso
2181 2058 2300 2083 suum
2337 2057 2421 2084 esse
2453 2046 2504 2084 ab

1423 2097 1609 2135 omnibus
1637 2097 1718 2135 aliis
1744 2097 1990 2147 distinguitur
2008 2098 2118 2148 quod
2138 2098 2234 2137 nihil
2253 2099 2288 2137 ei
2307 2099 2399 2137 addi
2418 2107 2504 2150 pot-

1384 2162 1406 2183 ις
1423 2158 1490 2189 051.
1522 2151 1634 2189 Unde
1663 2159 1949 2190 commentator
1976 2152 2016 2190 in
2040 2152 2138 2190 libro
2160 2153 2206 2190 de
2229 2154 2360 2190 Causis
2374 2153 2395 2176 ¹⁸¹
2412 2152 2506 2191 dicit

1424 2205 1532 2255 quod
1552 2217 1670 2242 causa
1692 2204 1820 2255 prima
1839 2218 1886 2243 ex
1906 2205 1988 2256 ipsa
2012 2205 2176 2256 puritate
2201 2218 2294 2244 suae
2323 2206 2504 2244 bonitatis

1424 2259 1474 2296 ab
1493 2257 1575 2296 aliis
1594 2257 1840 2308 distinguitur
1859 2267 1895 2296 et
1909 2259 2210 2309 quodammodo
2225 2259 2502 2298 individuatur.

1479 2311 1658 2349 Tertium
1687 2312 1796 2362 quod
1826 2325 1894 2350 eos
1922 2312 1962 2350 in
1991 2313 2098 2350 hunc
2131 2324 2304 2350 errorem
2339 2312 2502 2361 induxit,

1425 2373 1482 2402 est
1509 2364 1664 2403 divinae
1693 2365 1944 2416 simplicitatis
1972 2365 2242 2404 consideratio.
2273 2366 2379 2414 Quia
2397 2367 2501 2405 enim

1384 2433 1411 2453 4ο
1425 2419 1533 2456 1)0115
1562 2418 1601 2456 111
1629 2418 1709 2456 fine
1729 2419 1980 2470 simplicitatis
1999 2427 2066 2467 est,
2087 2419 2391 2458 aestimaverunt
2409 2419 2503 2459 illud

1425 2472 1559 2522 quod
1550 2484 1590 2509 111
1605 2472 1744 2510 ultimo
1765 2473 2011 2512 resolutionis
2030 2473 2228 2511 invenitur
2247 2485 2387 2512 eorum
2401 2486 2503 2526 quae

1425 2525 1554 2564 fiunt
1545 2538 1583 2563 111
1605 2525 1730 2574 nobis,
1751 2527 1882 2565 Deum
1902 2539 1998 2574 esse,
2019 2526 2131 2577 quasi
2154 2526 2502 2578 simplicissimum:

1425 2591 1507 2617 non
1536 2579 1643 2617 enim
1671 2587 1727 2617 est
1755 2580 1795 2618 in
1824 2580 2022 2618 infinitum
2050 2580 2291 2631 procedere
2282 2593 2323 2619 111
2341 2592 2504 2642 compo·

1425 2633 1562 2671 sitione
1591 2645 1731 2671 eorum
1760 2646 1862 2684 quae
1891 2642 1981 2672 sunt
2009 2634 2049 2672 in
2072 2634 2199 2672 nobis.
2229 2635 2272 2672 In
2291 2635 2369 2673 hoc
2386 2633 2504 2674 etiam

1384 2704 1409 2725 45
1426 2699 1566 2724 eorum
1585 2687 1722 2724 defecit
1741 2687 1850 2734 ratio,
1865 2688 1964 2726 dum
1979 2700 2061 2726 non
2076 2686 2330 2726 attenderunt
2341 2687 2378 2726 id
2394 2688 2504 2739 quod

1426 2740 1464 2778 in
1494 2740 1609 2778 nobis
1638 2740 1970 2791 simplicissimum
1989 2741 2197 2789 invenitur,
2218 2754 2301 2781 non
2319 2749 2400 2780 tam
2419 2753 2504 2780 rem

1425 2795 1674 2844 completam,
1705 2807 1827 2845 quam
1857 2795 1911 2833 rei
1939 2795 2086 2846 aliquid
2114 2808 2210 2840 esse.
2247 2796 2333 2834 Deo
2370 2803 2504 2833 autem

1425 2847 1648 2898 simplicitas
1685 2848 1904 2887 attribuitur
1937 2848 2035 2887 sicut
2073 2849 2128 2887 rei
2164 2847 2278 2888 alicui
2313 2849 2504 2899 perfectae

1426 2901 1657 2939 subsistenti.

1479 2955 1676 3003 Quartum
1705 2954 1822 2994 etiam
1849 2956 1958 3006 quod
1978 2969 2046 2995 eos
2065 2957 2116 2994 ad
2134 2957 2212 2995 hoc
2229 2955 2415 2995 inducere
2434 2967 2505 3006 po-

1426 3008 1507 3056 tuit,
1537 3017 1594 3046 est
1621 3010 1766 3047 modus
1795 3010 1982 3060 loquendi
2010 3022 2091 3060 quo
2119 3009 2286 3048 dicimus
2309 3010 2439 3048 Deum
2465 3011 2504 3047 in

1426 3064 1598 3101 omnibus
1626 3064 1735 3101 rebus
1763 3075 1856 3101 esse:
1884 3076 1965 3102 non
1998 3063 2249 3113 intelligentes
2281 3063 2391 3123 quod
2422 3074 2505 3101 non

1426 3115 1480 3154 sic
1508 3124 1564 3154 est
1592 3115 1632 3154 in
1661 3116 1778 3154 rebus
1805 3117 1917 3167 quasi
1945 3116 2092 3167 aliquid
2125 3116 2191 3165 rei,
2220 3117 2290 3155 sed
2324 3116 2423 3154 sicut
2450 3115 2505 3154 rei

1427 3181 1545 3207 causa
1572 3182 1674 3219 quae
1702 3171 1810 3208 nullo
1839 3171 1962 3210 modo
1986 3183 2060 3209 suo
2079 3169 2234 3209 effectui
2261 3170 2380 3208 deest.
2409 3169 2505 3207 Non

297 3220 388 3270 ipsis
416 3220 545 3258 verbis
573 3232 796 3258 consonum
826 3233 908 3258 esse
938 3232 1020 3258 non
1048 3233 1175 3270 posse.
1206 3222 1312 3259 Nam
1341 3222 1371 3259 si
1388 3239 1410 3261 ςς
1427 3222 1534 3261 0111111
1563 3223 1736 3261 51111111101·
1755 3223 1922 3262 dicimus
1950 3236 2034 3262 esse
2062 3224 2228 3263 formam
2258 3222 2299 3261 in
2326 3234 2503 3273 corpore,

297 3273 475 3311 divinitas
495 3282 550 3311 est
570 3274 750 3312 omniurn
771 3286 854 3311 esse
875 3274 1047 3321 formale,
1065 3286 1145 3312 non
1165 3274 1235 3312 erit
1254 3287 1372 3326 super

351 3394 367 3419 6
386 3403 445 3420 0550
462 3399 524 3427 post
542 3404 683 3421 commune
701 3397 764 3422 αΡε.

298 3430 405 3456 alicuius
425 3431 520 3456 αΧΥΖ.

297 3465 429 3499 Scriptura
447 3467 492 3492 Zb.

856 3404 871 3429 7
892 3404 934 3422 105
964 3405 1007 3423 res
1027 3398 1139 3423 existens
1159 3399 1207 3424 Pd.

614 3431 646 3456 26
666 3432 739 3457 nullo
758 3433 838 3458 modo
858 3432 929 3465 prius
966 3441 1019 3458 non
1038 3434 1153 3460 EGWY.

577 3475 610 3499 4²
631 3467 820 3502 procelluntur}
841 3468 1024 3510 propelluntur
1041 3469 1211 3495 waszd.

355 3508 365 3526 1
388 3501 462 3535 111101]
482 3503 547 3527 intra
560 3503 633 3529 DPd.

299 3536 368 3570 dixit]
390 3537 449 3562 dixit
468 3538 537 3563 enim
557 3539 617 3564 aed.

299 3571 386 3605 tionis]
407 3578 447 3597 051
465 3574 571 3598 addunt
590 3575 633 3600 Pe.

300 3615 335 3639 40
355 3608 379 3632 in
399 3607 457 3642 fine]
478 3608 590 3635 infinitae
610 3610 669 3635 ch.

301 3643 365 3668 dunt
384 3643 435 3674 ΝΖ,
455 3645 616 3670 attenderent
635 3646 665 3675 X,

726 3511 739 3529 5
760 3511 824 3537 ergo
837 3511 880 3530 om
894 3504 944 3534 FZ,
959 3505 1028 3530 enim
1042 3505 1109 3536 BPc,
1122 3513 1186 3531 vero
1199 3506 1228 3536 C,
1244 3511 1330 3531 nutem
1347 3507 1380 3532 H.

714 3547 730 3573 9
749 3539 842 3573 tactus]
863 3540 942 3564 totius
961 3549 986 3566 α.

726 3583 757 3608 ²7
778 3576 803 3601 in
824 3575 987 3610 cogitatione}
1008 3577 1162 3610 cogitatione
1177 3577 1225 3603 Pa.

754 3619 788 3643 42
808 3610 881 3646 fiunt]
903 3617 965 3637 sunt
985 3613 1027 3638 Ρο.

686 3646 847 3672 intenderent
868 3647 916 3677 αἱ),
937 3648 1103 3673 intenderunt
1123 3648 1154 3674 G.

1300 3406 1332 3432 17
1353 3399 1433 3434 quod]
1455 3400 1522 3426 idest
1536 3401 1609 3434 quod
1623 3401 1650 3432 d,
1661 3401 1687 3427 id
1701 3402 1774 3435 quod
1794 3401 1822 3427 Ρ.

1247 3442 1279 3467 57
1299 3443 1383 3461 unum
1407 3443 1451 3461 om
1470 3437 1500 3462 Ζ.

1306 3470 1336 3496 55
1358 3476 1398 3496 051
1416 3471 1668 3507 super-essentialis]
1688 3472 1914 3506 superessentiali·
1933 3471 2013 3503 oech,
2033 3476 2074 3497 051
2092 3471 2350 3505 supersubstantialis
2369 3471 2397 3496 Ρ.

1087 3539 1120 3566 16
1140 3542 1245 3575 aliquod
1265 3541 1334 3576 0550]
1355 3542 1451 3576 aliquid
1471 3551 1531 3569 0550
1550 3552 1576 3574 α,
1595 3527 1693 3577 aliquid
1714 3544 1757 3570 Pe.

1317 3577 1350 3603 58
1370 3578 1427 3612 1100]
1448 3584 1473 3604 01
1487 3587 1539 3604 11011
1554 3579 1662 3606 αΥΖΡε.

1118 3621 1154 3645 44
1173 3612 1242 3647 511111]
1263 3612 1329 3639 fiunt
1348 3613 1401 3639 Yz.

1249 3648 1279 3674 55
1301 3649 1412 3675 dicimus
1427 3654 1491 3682 post
1510 3658 1569 3676 0550
1589 3650 1639 3677 Pd.

1428 3284 1465 3314 et
1493 3285 1655 3315 nautam
1684 3276 1724 3315 in
1753 3277 1856 3316 navi.

2366 3399 2399 3426 55
2419 3400 2495 3427 alicui

1915 3408 1949 3433 54
1967 3399 2009 3435 nit]
2029 3401 2064 3426 511
2080 3400 2214 3433 generatio
2229 3399 2275 3426 Pe.

2321 3435 2353 3469 37
2373 3436 2496 3462 Docti-ian

1592 3444 1653 3463 0550
1677 3445 1719 3463 om
1745 3445 1763 3462 15
1787 3438 1851 3469 (11οη
1871 3437 1912 3469 Β,
1927 3439 1992 3469 post
2010 3435 2176 3462 existentium
2195 3435 2229 3462 G.

1472 3507 1485 3533 3
1507 3515 1582 3533 5115111
1594 3515 1637 3534 om
1652 3516 1676 3539 α,
1688 3511 1752 3542 post
1763 3513 1882 3534 naturum
1897 3507 1941 3534 Ρε.
2031 3506 2048 3533 8
2067 3515 2082 3532 5
2082 3506 2190 3542 pei-tius]
2209 3507 2350 3541 perfectius
2369 3515 2394 3540 αι,
2409 3515 2452 3534 om
2473 3508 2506 3534 Y.

1856 3542 1888 3568 53
1908 3543 2009 3585 absque
2027 3550 2070 3568 om
2090 3543 2141 3574 CF,
2160 3543 2216 3568 sine
2234 3543 2290 3569 BH.
2383 3550 2417 3575 ²4
2435 3544 2505 3569 addi-

1756 3578 1879 3612 34011οά
1908 3579 1970 3612 quin
1984 3578 2062 3604 uch.
2155 3577 2188 3604 38
2207 3578 2314 3613 induxit}
2334 3579 2431 3604 inducit
2444 3579 2505 3606 αΡο.

1486 3615 1520 3647 45
1541 3614 1642 3650 defecit]
1663 3613 1750 3641 deficit
1767 3614 1877 3640 130sz
1899 3622 1923 3640 0.
2009 3614 2175 3640 attenderunt
2194 3614 2237 3640 Ita
2256 3614 2404 3645 EWYch3
2423 3621 2508 3642 atten-

2529 761 2581 783 5.
2589 761 2636 784 τὴ.
2650 761 2666 783 ι.
2676 766 2696 790 3·
