2768 4134
9 758 18 767 ‘
35 756 81 784 Qu.
98 762 147 777 xvi.

799 278 988 315 SUMMA
1018 280 1239 320 CONTRA
1268 283 1544 333 GENTILES,
1576 286 1686 323 CAP.
1708 287 1805 333 LIX,
1827 288 1908 324 LX.

253 356 417 397 completa
444 356 692 397 adaequatione.
717 357 810 387 Licet
836 358 934 394 enirn,
965 359 1174 400 intelligendo
1199 362 1327 402 quiddi-

2380 290 2450 338 173

1381 363 1420 394 ad
1437 366 1710 405 compositionem
1727 368 1885 406 pervenit:
1903 377 1989 403 cum,
2006 369 2137 408 proprie
2149 368 2326 409 loquendo,
2340 380 2451 401 verum

252 407 351 432 tatem
375 401 523 437 alicuius,
548 402 588 432 sit
611 402 657 432 rei
685 400 894 441 adaequatus,
919 404 996 442 quia
1018 409 1127 435 tamen
1151 405 1256 437 adhuc
1281 413 1327 437 est
1380 409 1421 438 sit
1443 413 1570 439 tantum
1594 410 1626 439 in
1651 412 1890 450 compositione
1915 418 1946 442 et
1970 412 2136 443 divisione.

252 448 284 477 in
302 447 448 487 potentia
464 446 504 477 ad
521 447 808 487 compositionem,
826 447 859 476 in
876 456 940 486 qua
957 448 1069 479 ultima
1086 451 1154 480 eius
1170 451 1326 491 perfectio

252 492 409 527 consistit,
434 497 470 522 ut
494 491 612 522 dicitur
634 492 667 522 in
691 492 840 532 sequenti
864 492 998 529 ratione,
1022 499 1100 524 tunc
1132 501 1178 525 est
1202 496 1327 527 incom-

252 537 338 577 plete
362 535 560 576 adaequatus
583 537 639 567 rei.
657 536 851 576 Completur
866 542 975 567 autem
992 543 1022 568 et
1038 538 1202 579 perficitur
1217 541 1327 571 huius-

251 581 343 612 modi
359 581 552 622 adaequatio
569 591 626 622 per
647 580 816 617 iudicium,
833 581 923 621 quod
943 581 1063 613 iudicat
1086 585 1130 614 rei
1154 587 1327 616 convenire

252 626 344 667 quod
367 626 408 656 de
431 627 502 667 ipsa
520 626 710 666 simpliciter
729 626 891 665 concepit.
916 626 1017 664 Quod
1040 627 1076 658 fit
1095 630 1326 669 componendo

253 677 285 702 et
308 670 494 701 dividendo.

309 715 386 746 Non
410 715 517 746 obstat
538 715 635 745 etiam
654 714 826 755 praedictis
850 714 941 756 quod
957 716 1063 756 inquit
1086 717 1221 748 Sanctus
1238 719 1327 749 Tho-

251 770 321 791 mas
337 760 442 790 Prima
459 760 562 795 Parte,
575 760 766 800 quaestione
783 760 917 800 allegata
929 761 956 796 *‚
974 766 1031 790 art.
1047 770 1077 796 2,
1091 762 1211 793 scilicet
1227 764 1327 803 quod,

245 805 385 846 proprie
408 804 582 846 loquendo,
606 805 727 835 veritas
751 810 798 835 est
821 805 854 835 in
879 805 1043 836 intellectu
1065 813 1275 846 componente
1299 814 1329 839 et

251 850 424 885 dividente,
442 859 508 880 non
525 854 633 880 autem
658 850 691 880 in
717 850 880 880 intellectu
905 856 1123 891 cognoscente
1145 853 1232 892 quod
1252 854 1330 893 quid

251 900 307 926 est.
333 895 460 925 Dicitur
476 895 565 925 enim
581 894 673 935 quod
696 893 869 934 dupliciter
885 900 993 934 potest
1012 895 1147 935 intelligi
1164 898 1327 928 veritatem

250 940 383 981 proprie
399 949 468 970 esse
492 940 525 970 in
541 939 719 970 intellectu.
737 939 813 970 Uno
830 938 942 976 mod0,
959 941 1156 980 proprietate
1175 942 1234 972 rei:
1252 943 1328 982 quia

249 984 400 1016 videlicet
421 984 456 1015 id
479 984 571 1025 quod
593 985 725 1025 proprie
749 989 797 1014 est
820 984 945 1020 veritas,
966 990 1014 1015 est
1037 985 1069 1014 in
1094 985 1270 1017 intellectu.
1287 987 1328 1017 Et

250 1031 295 1060 sic
319 1030 435 1060 veritas
459 1035 507 1060 est
529 1029 659 1070 proprie
683 1029 780 1059 etiam
803 1029 836 1058 in
861 1028 1026 1059 intellectu
1050 1030 1198 1070 simplici.
1214 1049 1237 1052 —
1254 1031 1327 1062 Alio

250 1074 364 1111 modo,
389 1075 586 1115 proprietate
617 1073 809 1104 locutionis:
834 1073 925 1109 idest,
950 1073 1131 1104 secundum
1159 1076 1328 1116 proprium

240 1119 485 1160 >propositionis
509 1128 652 1150 sensum.
676 1118 718 1148 Et
741 1118 786 1148 sic
810 1118 925 1148 veritas
952 1124 1000 1149 est
1023 1120 1154 1159 proprie
1178 1120 1211 1150 in
1235 1121 1327 1151 intel-

250 1165 337 1196 lectu
361 1169 582 1205 componente
599 1168 631 1194 et
646 1162 809 1193 dividente
824 1168 960 1193 tanturn.
986 1163 1073 1194 Cum
1098 1165 1185 1195 enim
1202 1164 1326 1201 dicitur,

256 1210 372 1241 Verum
396 1214 445 1240 est
467 1209 500 1239 in
525 1208 690 1239 intellectu
717 1213 944 1249 cognoscente,
970 1209 1101 1249 proprie
1131 1209 1329 1249 significatur

251 1254 343 1296 quod
365 1254 406 1284 ab
428 1253 597 1284 intellectu
613 1253 832 1293 cognoscitur.
850 1253 925 1283 Hoc
941 1258 1050 1284 autem
1066 1254 1127 1284 soli
1150 1254 1328 1285 intellectui

250 1298 466 1340 componenti
493 1303 525 1329 et
555 1296 711 1328 dividenti
743 1298 906 1328 convenit.
932 1297 973 1328 Et
1005 1298 1043 1328 ad
1077 1299 1164 1329 hunc
1196 1308 1326 1329 sensum

238 1343 478 1375 masan&
502 1342 652 1373 Thomae
676 1342 909 1382 intelliguntur.

305 1387 358 1420 Ad
381 1387 524 1419 eundem
552 1396 685 1418 sensum
714 1387 900 1427 intelligitur
934 1387 1025 1428 quod
1055 1387 1172 1419 dicitur
1195 1388 1326 1425 ibidem,

249 1433 373 1465 seilicet
396 1432 488 1474 quod
512 1441 629 1463 nomen
654 1432 724 1462 veri
748 1432 903 1473 importat
926 1433 1106 1474 cognitum.
1139 1433 1328 1474 Intelligitur

249 1479 338 1510 enirn
354 1477 395 1509 de
406 1478 542 1509 nornine
554 1478 627 1518 ipso
639 1482 676 1507 ut
689 1478 822 1517 ponitur
834 1478 866 1508 in
879 1477 939 1508 hac
953 1478 1189 1518 propositione,
1211 1478 1326 1509 Verum

249 1528 298 1555 est
320 1523 353 1554 in
379 1523 544 1554 intellectu
573 1527 810 1563 cognoscente:
837 1521 1035 1563 significatur
1064 1523 1150 1553 enim
1175 1522 1266 1562 quod
1289 1524 1329 1553 sit

247 1569 283 1600 in
305 1569 379 1610 ipso
403 1567 565 1599 obiective
581 1573 618 1598 ut
641 1568 811 1608 cognitum
827 1566 1015 1597 formaliter.
1041 1567 1151 1607 ipsum
1171 1577 1248 1597 vero
1268 1577 1328 1597 no-

248 1622 326 1644 men
350 1613 429 1649 veri,
447 1621 506 1653 per
528 1621 563 1643 se
586 1618 755 1652 sumptum
780 1611 938 1648 absolute,
956 1617 1154 1652 conceptum
1173 1613 1219 1642 rei
1235 1611 1329 1642 adae-

197 1674 201 1678 —
249 1663 387 1699 quatum
409 1656 579 1698 significat.

5 1703 16 1715 ⁸
31 1702 68 1726 cf.
82 1707 107 1725 u.
122 1708 156 1730 iv,
168 1702 220 1725 init.

7 3055 18 3065 ”
32 3053 90 3082 Cap.
101 3059 186 3076 xxviii.

9 3213 19 3224 ·
33 3212 66 3234 vt
73 3212 159 3240 Ennia,
168 3219 195 3240 n,
201 3219 222 3241 33

9 3245 30 3262 ι.
39 3239 83 3262 Th.
100 3240 115 3261 Ι.
125 3245 146 3262 2.

7 3271 19 3282 '
33 3270 91 3299 Cap.
102 3277 202 3293 xxxvui.

8 3432 19 3441 ·
33 3430 91 3459 Cap.
99 3437 167 3453 xxm.

305 1703 390 1734 XIV.
419 1702 528 1734 Tertio
547 1703 575 1733 ³.
601 1701 637 1732 ln
662 1701 734 1732 Deo
763 1707 811 1732 est
842 1700 1000 1742 perfectio
1025 1710 1124 1741 quam
1148 1700 1330 1731 intellectus

248 1748 346 1779 habet
368 1757 427 1788 per
450 1747 675 1788 cognitionem
697 1746 983 1786 incomplexorum
1009 1751 1040 1776 et
1064 1745 1328 1787 complexorum:

249 1793 333 1825 sicut
357 1798 389 1823 et
412 1792 548 1823 aliarum
571 1792 723 1822 omnium
747 1800 865 1822 rerum.
891 1790 955 1822 Sed
978 1790 1094 1821 veritas
1118 1791 1330 1831 consequitur

247 1837 452 1870 intellectum
469 1836 651 1868 secundum
668 1835 760 1877 quod
778 1842 826 1867 est
840 1835 1014 1876 perfectus.
1032 1835 1119 1876 Ergo
1136 1840 1196 1865 etc.
1213 1853 1236 1857 —
1251 1835 1330 1865 Pro-

248 1883 343 1926 batur
361 1883 479 1914 minor.
497 1881 584 1920 Quia
607 1881 790 1912 intellectus
814 1879 1061 1921 apprehendens
1084 1879 1330 1920 incomplexum

247 1927 400 1959 nondum
422 1927 577 1968 pertingit
608 1925 648 1957 ad
678 1935 771 1956 suam
802 1925 950 1956 ultimam
981 1924 1228 1966 perfectionem,
1252 1925 1329 1964 quia

249 1972 355 2004 adhuc
371 1977 419 2003 est
441 1973 475 2003 in
498 1971 646 2012 potentia
662 1976 811 2011 respectu
828 1970 1076 2010 compositionis
1093 1974 1124 1999 et
1148 1969 1327 1999 divisionis:

249 2027 326 2049 cum
349 2022 459 2048 autem
476 2016 516 2047 ad
532 2016 808 2056 compositionem
825 2015 981 2055 pervenit,
1005 2015 1069 2044 iam
1086 2019 1133 2043 est
1156 2012 1327 2054 perfectus.

249 2062 373 2093 Veritas
398 2067 507 2092 autem
524 2061 736 2101 consequitur
759 2059 962 2090 intellectum
986 2058 1118 2099 quando
1142 2059 1207 2088 iam
1223 2067 1327 2098 usque

1436 453 1679 484 Advertendum
1696 455 1748 485 hic
1761 455 1851 495 quod
1864 457 2007 496 cognitio
2024 457 2305 498 incomplexorum
2318 464 2349 489 et
2361 468 2451 489 com-

1379 497 1551 537 plexorum
1575 498 1747 538 dupliciter
1761 504 1868 539 potest
1891 500 2098 531 considerari:
2118 512 2184 532 uno
2202 502 2313 539 modo,
2331 508 2450 534 utram-

1381 551 1446 582 que
1470 552 1527 582 per
1551 552 1584 573 se
1613 542 1848 574 considerando
1878 554 1916 574 ex
1945 551 2034 584 parte
2065 551 2168 582 actus;
2193 547 2256 577 alio
2281 547 2392 583 modo,
2416 549 2449 578 in

1380 588 1624 627 comparatione
1649 586 1688 617 ad
1712 597 1780 618 rem
1806 588 2013 624 intellectam,
2038 594 2074 619 ut
2097 590 2217 621 scilicet
2241 597 2315 622 sunt
2339 593 2450 632 cogni—

1379 632 1484 662 tiones
1508 632 1604 662 unius
1628 637 1659 662 et
1683 631 1829 662 eiusdem
1852 633 1907 662 rei.
1924 633 2033 663 Primo
2051 634 2162 670 modo,
2179 636 2312 675 simplex
2337 645 2449 677 appre-

1379 676 1494 707 hensio
1518 676 1691 716 perfectior
1714 682 1774 707 est:
1805 682 1919 717 utpote
1943 678 2129 717 simplicior,
2155 685 2186 709 et
2209 679 2248 710 ad
2270 680 2382 710 intima
2405 682 2449 711 rei

1379 722 1574 760 pertingens
1592 720 1744 751 Secundo
1761 726 1870 751 autem
1886 721 1998 758 modo,
2023 723 2166 762 cognitio
2191 725 2359 764 complexa
2378 734 2450 765 per-

1380 765 1494 795 fectior
1518 771 1581 795 est:
1605 775 1673 796 non
1699 766 1785 796 enim
1809 775 1867 806 per
1890 766 2071 806 simplicem
2090 768 2381 807 apprehensionem
2401 770 2449 799 in-

1379 809 1525 840 tellectus
1540 811 1642 840 nostri
1653 810 1788 841 habetur
1800 810 1962 850 completa
1975 816 2006 841 et
2018 811 2130 841 ultima
2141 812 2285 851 cognitio
2301 813 2449 843 omnium

1381 863 1464 894 quae
1488 860 1563 884 sunt
1586 855 1619 885 in
1643 864 1686 890 re,
1711 854 1767 886 sed
1790 864 1874 895 opus
1899 860 1945 885 est
1969 854 2196 895 complexione
2217 856 2256 886 ad
2276 856 2449 896 perfectam

1380 899 1425 928 rei
1449 899 1681 939 cognitionem.
1706 899 1801 930 Unde
1826 905 1857 929 et
1880 900 1925 930 sic
1954 900 2124 939 complexa
2155 901 2298 940 cognitio
2326 901 2449 931 incom-

1380 943 1508 983 plexam
1532 943 1677 974 includit.

1436 987 1678 1019 Attendendum
1695 989 1801 1023 etiam,
1819 997 1894 1018 cum
1911 987 2027 1018 dicitur
2043 989 2209 1019 veritatem
2233 990 2387 1030 consequi
2403 990 2450 1019 in—

1381 1032 1541 1062 tellectum
1565 1033 1695 1073 quando
1722 1033 1786 1063 iam
1812 1042 1911 1073 usque
1934 1032 1978 1063 ad
2008 1033 2271 1073 compositionem
2290 1034 2449 1074 pervenit,

1381 1077 1470 1116 quod
1495 1078 1558 1107 hoc
1581 1087 1650 1107 non
1673 1078 1718 1107 sic
1742 1077 1930 1117 intelligitur
1960 1078 2050 1117 quasi
2082 1078 2195 1108 veritas
2226 1087 2293 1108 non
2325 1079 2358 1108 in
2382 1079 2450 1118 ipsa

1381 1122 1619 1162 compositione
1642 1121 1824 1153 includatur
1847 1121 1903 1151 sed
1919 1127 2072 1162 sequatur
2087 1122 2127 1152 ad
2147 1123 2260 1162 ipsam,
2280 1122 2344 1152 hoc
2363 1123 2450 1153 enim

1381 1166 1467 1196 iuxta
1491 1166 1653 1206 praedicta
1676 1172 1763 1206 patet
1786 1166 1902 1196 falsum
1924 1175 2005 1196 esse:
2032 1166 2087 1197 sed
2107 1167 2182 1206 quia
2203 1176 2271 1196 non
2290 1167 2451 1197 invenitur

1382 1210 1557 1241 formaliter
1578 1211 1692 1241 veritas
1716 1211 1748 1241 in
1772 1211 1937 1241 intellectu
1962 1215 1998 1241 ut
2020 1211 2153 1252 cognita
2176 1211 2238 1241 nisi
2258 1210 2336 1241 dum
2360 1221 2450 1242 com-

1381 1256 1474 1295 ponit
1498 1261 1552 1286 aut
1576 1255 1701 1291 dividit;
1719 1256 1795 1295 quia
1817 1261 1894 1285 tunc
1910 1260 2036 1285 tantum
2053 1255 2322 1296 adaequationem
2341 1256 2391 1286 sui
2411 1255 2450 1286 ad

1380 1310 1449 1331 rem
1472 1300 1630 1340 intelligit,
1647 1299 1737 1340 quod
1754 1305 1801 1330 est
1815 1300 1946 1340 proprie
1970 1300 2134 1331 veritatem
2151 1301 2183 1330 in
2199 1300 2365 1331 intellectu
2382 1309 2449 1330 esse

1380 1344 1562 1375 secundum
1584 1344 1759 1375 locutionis
1782 1344 2022 1384 proprietatem.

1436 1389 1506 1419 XV.
1533 1389 1672 1425 Quarto.
1703 1389 1817 1419 Verum
1842 1393 1889 1418 est
1910 1389 2028 1419 bonum
2060 1388 2247 1424 intellectus,
2273 1394 2309 1418 ut
2336 1388 2451 1419 dicitur

1380 1433 1424 1464 VI
1440 1434 1556 1469 Ethic„
1575 1443 1602 1464 c.
1619 1444 1652 1464 11.
1677 1433 1763 1473 Ergo
1786 1434 1899 1463 veritas
1915 1438 1962 1463 est
1977 1433 2011 1462 in
2027 1433 2110 1463 Deo.
2126 1451 2149 1454 —
2164 1433 2321 1463 Probatur
2336 1442 2450 1463 conse-

1381 1479 1523 1518 quentia.
1544 1478 1629 1516 Quia
1646 1478 1734 1508 Deus
1750 1487 1864 1508 omnes
1880 1478 2038 1508 bonitates
2055 1477 2087 1507 in
2101 1487 2134 1507 se
2150 1478 2260 1507 habet:
2277 1482 2313 1507 ut
2327 1476 2450 1507 dictum

1382 1528 1429 1553 est
1452 1523 1610 1563 superius.

1437 1566 1681 1597 Advertendum
1705 1566 1795 1606 quod
1818 1576 1930 1596 verum
1955 1566 2070 1596 dicitur
2093 1566 2217 1595 bonum
2241 1570 2273 1595 et
2295 1564 2449 1605 perfectio

1381 1612 1564 1642 intellectus
1580 1611 1772 1652 inquantum
1789 1616 1836 1641 est
1851 1610 2029 1652 cognitum,
2046 1615 2082 1640 ut
2098 1609 2213 1640 dicitur
2228 1609 2333 1639 Prima
2348 1609 2450 1644 Parte,

1383 1666 1414 1696 q.
1431 1666 1494 1691 xvr,
1511 1665 1539 1686 a.
1559 1665 1588 1686 2.
1614 1655 1690 1686 Ideo
1707 1656 1740 1685 in
1757 1655 1813 1685 illo
1836 1655 2002 1685 intellectu
2025 1659 2150 1684 tantum
2167 1658 2224 1689 est,
2242 1654 2387 1684 absolute
2403 1653 2451 1683 lo-

1383 1700 1527 1741 quendo‚
1548 1710 1566 1730 a
1590 1709 1656 1740 quo
1677 1700 1894 1740 cognoscitur.
1919 1699 1960 1729 Et
1981 1699 2056 1739 quia
2080 1699 2118 1728 ab
2134 1697 2300 1728 intellectu
2316 1707 2452 1737 compo-

1382 1750 1481 1776 nente
1498 1751 1529 1776 et
1552 1743 1716 1775 dividente
1732 1750 1858 1775 tantum
1874 1744 2091 1784 cognoscitur,
2112 1741 2186 1772 ideo
2203 1742 2390 1782 simpliciter
2406 1747 2453 1771 est

1382 1795 1510 1820 tantum
1533 1790 1566 1819 in
1591 1790 1679 1830 ipso:
1705 1789 1780 1819 licet
1804 1788 1867 1819 alio
1887 1787 1988 1818 modo
2013 1787 2136 1818 dicatur
2160 1796 2228 1817 esse
2251 1787 2285 1816 in
2307 1795 2403 1816 sensu
2422 1791 2453 1815 et

1382 1835 1416 1865 in
1432 1834 1599 1865 intellectu
1615 1833 1764 1874 simplici,
1781 1834 1864 1864 sicut
1879 1832 2029 1863 videlicet
2044 1832 2077 1862 in
2102 1841 2135 1862 re
2151 1841 2234 1861 vera.
2252 1831 2299 1861 Ex
2316 1840 2383 1871 quo
2404 1840 2453 1860 se-

1383 1879 1494 1920 quitur
1517 1878 1608 1918 quod
1632 1879 1729 1909 etiarn
1753 1879 1785 1908 in
1808 1877 1973 1908 intellectu
1997 1876 2118 1912 divino,
2139 1876 2325 1906 continente
2349 1874 2452 1915 perfe—

1383 1925 1526 1955 ctionem
1542 1923 1723 1954 intellectus
1739 1923 1968 1962 componentis
1984 1931 2042 1961 per
2054 1919 2216 1961 quandam
2233 1920 2450 1955 eminentiam,

1382 1969 1423 1999 sit
1446 1969 1543 1998 etiam
1567 1977 1680 1998 verum
1704 1972 1740 1997 ut
1764 1967 1932 2006 cognitum
1957 1972 1988 1996 et
2010 1965 2220 1996 intellectum.

1439 2012 1670 2043 Coummwn
1694 2017 1860 2051 postremo
1885 2011 2053 2041 conclusio
2077 2010 2266 2040 auctoritate
2290 2007 2450 2048 Apostoli,

1382 2057 1426 2088 ad
1448 2057 1541 2087 Rom.
1563 2066 1606 2086 111.

732 2279 1263 2336 CAPITULUM
1311 2275 1977 2332 SEXAGESIMUM

1126 2379 1156 2409 A
1193 2379 1243 2409 5v
1283 2385 1350 2408 a2i
1391 2377 1461 2407 sine
1484 2376 1591 2407 titulo.

881 2452 1075 2505 QUOD
1119 2451 1303 2493 DEUS
1351 2450 1480 2491 EST
1523 2447 1826 2490 VERITAS

389 2603 394 2613 ,
438 2592 443 2597 ,
467 2581 490 2605 x
518 2566 740 2617 praemissis
769 2574 900 2604 autem
925 2573 1084 2615 apparet
1108 2565 1215 2614 quod
1246 2564 1327 2614 ipse

480 2622 588 2659 Deus
618 2628 674 2658 est
701 2620 854 2657 veritas.

288 2711 294 2722 „
323 2719 330 2725 ‚
380 2712 390 2714 „
534 2674 683 2712 Veritas
707 2673 813 2711 enim
837 2672 1032 2723 quaedam
1060 2671 1242 2722 perfectio
1272 2677 1328 2708 est

277 2728 290 2759 3
381 2729 389 2735 ’
413 2730 422 2735 ’
443 2743 446 2747 ’
481 2727 760 2776 intelligentiae,
790 2726 871 2764 sive
900 2724 1163 2763 intellectualis
1191 2735 1327 2773 opera-

250 2782 378 2829 tionis,
406 2790 449 2819 ut
477 2781 625 2818 dictum
651 2788 707 2818 est
721 2780 752 2817 ²¹⁸.
783 2779 993 2828 Intelligere
1017 2786 1148 2816 autem
1173 2777 1245 2814 Dei
1272 2783 1327 2813 est

251 2849 322 2874 sua
351 2835 564 2873 substantia
578 2834 609 2871 ²¹⁸.
630 2835 764 2884 Ipsum
784 2833 899 2870 etiam
921 2832 1139 2880 intelligere,
1161 2842 1252 2867 cum
1282 2828 1328 2866 sit

251 2890 432 2928 divinum
467 2901 562 2936 esse,
592 2895 634 2925 ut
662 2895 864 2924 ostensum
894 2894 950 2923 est
963 2885 994 2932 *,
1025 2897 1106 2922 non
1144 2895 1327 2932 superve-

251 2943 371 2981 nienti
403 2943 532 2992 aliqua
560 2940 794 2991 perfectione
827 2939 1041 2988 perfectum
1075 2945 1141 2983 est,
1171 2936 1239 2973 sed
1273 2942 1328 2972 est

251 3009 322 3047 per
350 2996 523 3047 seipsum
551 2994 781 3044 perfectum:
812 2992 910 3029 sicut
938 2999 975 3028 et
1002 2991 1051 3028 de
1080 2990 1214 3027 divino
1243 3002 1326 3026 esse

1384 2563 1461 2600 Sed
1490 2562 1630 2599 veritas
1658 2569 1714 2598 est
1738 2561 1776 2597 in
1802 2561 1898 2605 Deo,
1920 2567 1962 2596 ut
1990 2558 2140 2608 supra³¹e
2163 2565 2362 2594 ostensum
2382 2564 2448 2592 est.

1384 2616 1424 2653 Si
1453 2615 1566 2663 igitur
1593 2627 1674 2651 non
1701 2614 1849 2650 dicatur
1870 2611 2143 2661 participative,
2169 2617 2319 2659 oportet
2343 2609 2449 2658 quod

1382 2669 1532 2706 dicatur
1559 2666 1815 2704 essentialiter.
1852 2666 1959 2702 Deus
1991 2675 2081 2712 ergo
2118 2671 2173 2700 est
2200 2675 2271 2699 sua
2299 2661 2447 2698 veritas.

2479 2559 2488 2567 ·
2504 2558 2559 2585 Cap.
2571 2564 2645 2586 praec.

1436 2720 1626 2770 Amplius.
1654 2719 1761 2756 Licet
1780 2731 1919 2755 verum
1938 2716 2093 2767 proprie
2116 2729 2190 2752 non
2215 2718 2258 2752 sit
2283 2717 2320 2751 in
2341 2717 2449 2751 rebus
2477 2725 2481 2746 ².

1350 2789 1358 2808 ς
1381 2775 1447 2812 sed
1473 2776 1509 2811 in
1540 2779 1674 2820 mente,
1702 2772 1920 2809 secundum
1948 2770 2233 2818 Philosophum
2247 2768 2277 2813 ³³²,
2308 2780 2367 2804 res
2394 2775 2448 2804 ta-

2476 2770 2486 2799 ‘3
2500 2770 2520 2790 V
2531 2769 2643 2817 MetaGh„
2656 2775 2687 2793 ιν,

2477 2804 2495 2821 ¹:
2507 2803 2525 2818 ⁵.
2534 2796 2578 2818 Th.
2613 2796 2630 2821 1.
2641 2796 2654 2818 1.
2664 2803 2686 2822 4.

1383 2840 1475 2864 men
1503 2827 1699 2864 interdum
1718 2838 1810 2863 vera
1829 2824 1976 2870 dicitur,
1998 2823 2215 2860 secundum
2234 2821 2341 2870 quod
2360 2832 2448 2869 pro·
2486 2823 2492 2858 ἓ

1382 2881 1464 2931 prie
1494 2888 1624 2918 actum
1652 2879 1832 2929 propriae
1861 2885 2020 2915 naturae
2048 2874 2307 2924 consequitur.
2337 2873 2447 2911 Unde

1383 2934 1582 2971 Avicenna
1610 2932 1711 2977 dicit,
1742 2932 1779 2969 in
1814 2944 1883 2968 sua
1910 2931 2174 2979 Metaphysica
2193 2928 2223 2973 ²¹⁶,
2253 2927 2360 2977 quod
2389 2939 2447 2964 ve-

1383 2990 1473 3025 ritas
1492 2989 1549 3024 rei
1564 2993 1616 3024 est
1629 2987 1842 3036 proprietas
1861 2997 1938 3021 esse
1962 2984 2245 3031 uniuscuiusque
2269 2982 2326 3017 rei
2352 2980 2450 3029 quod

252 3050 404 3101 supra*
428 3057 630 3087 ostensum
650 3055 716 3085 est.
746 3045 994 3094 Relinquitur
1012 3044 1126 3092 igitur
1143 3043 1250 3092 quod
1271 3042 1326 3079 di·
1343 3059 1368 3073 ιο
1380 3041 1580 3078 stabilitum
1605 3046 1656 3076 est
1680 3041 1725 3085 ei,
1749 3039 1981 3088 inquantum
2005 3036 2088 3073 talis
2117 3048 2176 3072 res
2204 3042 2293 3071 nata
2321 3041 2376 3070 est
2399 3033 2446 3069 de

251 3105 343 3142 vina
372 3102 584 3141 substantia
612 3101 658 3138 sit
686 3100 769 3150 ipsa
797 3098 948 3136 veritas.

306 3159 413 3195 Item.
450 3158 594 3195 Veritas
626 3161 678 3191 est
712 3153 897 3204 quaedam
935 3153 1080 3188 honitas
1113 3150 1325 3195 intellectus,

252 3211 473 3249 secundum
505 3209 791 3258 Philosophum
810 3206 841 3243 ³¹².
871 3207 979 3243 Deus
1012 3211 1144 3241 autem
1172 3211 1228 3240 est
1256 3215 1327 3239 sua

251 3265 415 3312 bonitas,
436 3271 480 3302 ut
508 3275 626 3313 supra
640 3262 661 3284 '¹‘
685 3268 885 3298 ostensum
910 3266 977 3295 est.
998 3258 1102 3305 Ergo
1127 3264 1183 3293 est
1210 3255 1326 3293 etiam

251 3331 323 3356 sua
353 3318 503 3356 veritas.

305 3373 520 3410 Praeterea.
550 3371 610 3408 De
634 3370 720 3406 Deo
740 3366 836 3404 nihil
858 3363 1121 3415 participative
1142 3362 1216 3400 dici
1242 3369 1326 3412 pot-

251 3434 324 3463 est:
355 3437 448 3463 cum
478 3424 525 3461 sit
553 3435 671 3461 suum
700 3433 795 3468 esse,
817 3419 924 3469 quod
954 3417 1048 3454 nihil
1078 3415 1279 3466 participat
1292 3415 1325 3451 ²¹⁶.

1383 3095 1561 3131 sefacere
1576 3105 1711 3130 veram
1726 3091 2044 3135 aestimationem,
2062 3097 2098 3126 et
2113 3089 2344 3137 inquantum
2358 3097 2446 3135 pro—

1382 3147 1508 3197 priam
1536 3146 1596 3184 sui
1631 3145 1820 3183 rationem
1855 3156 1954 3193 quae
1988 3150 2044 3179 est
2078 3142 2117 3178 in
2146 3147 2274 3177 mente
2303 3139 2445 3177 divina.

1382 3201 1563 3238 imitatur.
1595 3200 1672 3236 Sed
1701 3200 1808 3236 Deus
1837 3205 1892 3234 est
1920 3209 1990 3233 sua
2018 3194 2190 3232 essentia.
2222 3193 2336 3241 Ergo,
2366 3191 2446 3228 sive

1382 3255 1431 3292 de
1454 3253 1611 3291 veritate
1636 3252 1847 3289 intellectus
1870 3252 2079 3298 loquamur
2106 3247 2185 3284 sive
2214 3246 2262 3282 de
2290 3244 2446 3282 veritate

1343 3326 1365 3345 ις
1383 3308 1448 3351 rei,
1478 3308 1586 3344 Deus
1615 3314 1671 3343 est
1699 3318 1769 3342 sua
1796 3303 1947 3341 veritas.

1437 3361 1524 3397 Hoc
1543 3367 1674 3397 autern
1702 3357 1956 3395 confirmatur
1974 3353 2194 3392 auctoritate
2214 3350 2374 3389 Domini
2398 3350 2446 3387 de

1383 3427 1423 3451 se
1443 3413 1614 3459 dicentis,
1630 3414 1739 3449 Ioan.
1755 3423 1814 3447 xw
1825 3408 1854 3447 ⁶:
1872 3412 1957 3459 Ego
1975 3420 2056 3445 sum
2073 3409 2144 3450 via,
2161 3407 2294 3443 veritas
2313 3410 2346 3441 et
2360 3405 2445 3441 vita.

307 3541 321 3567 3
341 3546 382 3566 est
396 3543 461 3573 post
479 3538 662 3572 intelligentiae
681 3537 743 3562 αΡε.

306 3577 320 3602 3
341 3574 522 3608 essentialiter]
542 3580 571 3599 ut
589 3581 670 3607 supra
683 3578 821 3597 ostensum
837 3575 876 3595 est
888 3569 993 3594 addunt
1005 3567 1084 3592 ach.

253 3647 349 3681 quiturl
370 3647 515 3673 secundum
535 3646 642 3679 quid...
662 3649 839 3676 consequetur
858 3650 883 3666 α.
974 3639 1079 3672 proprie
1099 3645 1140 3662 om
1160 3635 1327 3660 WZsDYPa.

251 3685 275 3709 ei
294 3691 336 3709 om
357 3684 404 3716 ΡΖ.
496 3689 529 3707 ιο
547 3679 711 3714 inquantum]
732 3685 764 3718 et⁹
776 3679 825 3703 hoc
844 3683 884 3702 est
903 3678 1055 3708 inquantum
1075 3673 1117 3698 NZ
1136 3680 1194 3697 cum
1215 3673 1264 3704 pA.

835 3542 850 3567 7
870 3532 1062 3566 supervenienti
1081 3530 1224 3559 DEGNW;
1244 3529 1453 3561 superveniente.

1169 3564 1272 3597 veritas]
1292 3564 1393 3589 bonitas
1407 3564 1460 3594 DE,
1476 3563 1578 3587 bonitas
1593 3567 1619 3587 et
1630 3562 1725 3586 veritas
1740 3559 1849 3585 GWYb.

253 3618 281 3638 ut
298 3617 370 3646 patet
388 3620 435 3645 per
453 3609 640 3644 philosophum
660 3609 686 3633 in
704 3608 739 3632 V1
758 3606 951 3639 metaphysicae
970 3604 989 3628 Z
1007 3611 1067 3628 cum
1087 3603 1135 3635 pA,
1155 3601 1300 3626 secundum
1319 3599 1505 3632 philosophum
1529 3598 1555 3622 in
1578 3597 1612 3621 Vl
1632 3595 1824 3629 metaphysicae
1841 3593 1931 3619 ceteri.

1935 3556 1948 3581 5
1968 3555 2113 3580 secundum
2128 3552 2315 3585 Philosophum
2331 3554 2353 3577 Α
2363 3553 2447 3582 solus;

2021 3589 2038 3614 6
2057 3590 2200 3622 secundum
2220 3588 2338 3621 quod...
2357 3595 2448 3613 conse-

1418 3642 1434 3667 7
1454 3634 1529 3659 Unde
1548 3633 1604 3663 NZ;
1623 3637 1652 3657 ut
1670 3638 1755 3656 autem
1775 3629 1882 3658 GWYb,
1902 3634 1930 3652 ut
1948 3626 2038 3652 ceteri.
2122 3633 2138 3658 9
2158 3625 2229 3657 quod
2248 3623 2389 3649 stabilitum
2410 3628 2451 3647 est

1357 3670 1388 3695 13
1409 3669 1473 3702 sive]
1494 3669 1516 3693 si
1536 3668 1594 3693 aed.

2475 2929 2484 2937 ·
2495 2927 2572 2949 Tract.
2584 2926 2646 2952 vm.
2656 2932 2687 2947 vi.
