2768 4134
56 936 65 945 '
80 933 116 956 Cf.
133 940 183 962 cap.
195 940 241 956 ux.

56 1095 65 1103 ·
77 1093 112 1115 Cf.
126 1099 177 1121 cap.
187 1099 271 1119 vani,

55 1126 110 1142 Lxx.

56 1471 66 1480 '¹
75 1470 98 1491 S.
107 1469 152 1492 Th,
164 1470 178 1490 l.
187 1476 206 1497 5;
217 1469 270 1491 Did.

56 1496 108 1523 VII,
119 1503 150 1522 vi,
162 1496 183 1518 S.

58 1954 66 1962 ·
83 1951 119 1974 Ci.
138 1951 270 1982 Commeni.

58 1984 109 2006 cap.
125 1984 171 2006 ινι,
187 1982 237 1999 init.

296 307 377 354 454

780 300 969 338 SUMMA
998 297 1222 335 CONTRA
1250 294 1526 340 GENTILES,
1555 294 1650 333 LIB.
1676 294 1719 340 ΙΙ,
1749 293 1860 331 CAP.
1885 294 2021 331 LXXI.

604 454 1091 513 CAPITULUM
1127 448 1847 509 SEPTUAGESIMUM
1882 433 2209 504 PRIMUM

717 584 893 637 QUOD
928 583 1130 625 ANIMA
1163 579 1516 623 IMMEDIATE
1548 577 1785 620 UNITUR
1819 577 2088 619 CORPORI

432 741 449 752 ,.
483 732 486 736 ,
505 719 528 744 x
541 704 763 756 praemissis
782 712 914 742 autem
929 702 1109 741 concludi
1123 709 1249 752 potest
1268 701 1376 752 quod

317 772 332 798 ,ς
366 744 488 804 {125
520 759 651 797 anima
685 757 909 796 immediate
942 755 1097 805 corpori
1131 754 1275 802 unitur,
1304 766 1377 793 nec

318 824 338 860 ξ
369 819 489 866 ιγ’,
520 821 672 864 oportet
699 824 847 863 ponere
869 810 1028 860 aliquod
1057 808 1235 847 medium
1266 807 1377 858 quasi

328 868 335 880 ⁴
372 867 408 889 ³²
422 857 495 889 ω’
519 866 693 905 animam
729 864 883 915 corpori
920 863 1075 901 uniens:
1105 864 1169 905 vel
1195 862 1377 912 phantas-

423 868 467 875 a.»

297 930 412 969 mata,
442 921 539 959 sicut
567 920 657 958 dicit
684 921 877 956 Averroes
891 917 928 961 *;
952 918 1015 954 vel
1033 915 1225 966 potentias
1243 916 1395 966 ipsius,-

299 975 397 1013 sicut
424 975 586 1026 quidam
615 973 766 1018 dicunt3
797 973 858 1009 vel
883 970 1000 1008 etiam
1029 969 1208 1020 spiritum
1237 982 1376 1021 corpo-

299 1030 432 1076 ralem,
461 1028 559 1066 sicut
587 1027 648 1065 alii
677 1026 868 1064 dixerunt.

354 1083 568 1121 Ostensum
597 1088 652 1118 est
681 1079 788 1117 enim
802 1078 822 1100 '¹‘
850 1078 959 1128 quod
980 1076 1111 1114 anima
1130 1076 1264 1115 unitur
1291 1089 1375 1115 cor-

298 1136 385 1186 pori
413 1144 455 1173 ut
482 1135 608 1172 forma
636 1133 730 1170 eius.
759 1133 905 1169 Forma
933 1139 1066 1169 autem
1095 1131 1228 1168 unitur
1255 1139 1376 1168 mate-

299 1189 376 1226 riae
405 1189 554 1238 absque
574 1186 684 1225 omni
712 1185 862 1224 medio:
891 1197 963 1236 per
990 1197 1031 1222 se
1056 1184 1162 1222 enim
1190 1184 1377 1235 competit
1392 1201 1418 1215 ιο

298 1243 446 1280 formae
475 1241 583 1292 quod
612 1240 658 1278 sit
686 1247 794 1277 actus
821 1239 906 1277 talis
925 1238 1111 1289 corporis,
1141 1246 1178 1275 et
1205 1250 1287 1276 non
1306 1250 1377 1290 per

298 1295 444 1346 aliquid
463 1295 580 1333 aliud.
600 1294 714 1333 Unde
734 1305 807 1332 nec
826 1301 882 1331 est
902 1292 1048 1343 aliquid
1077 1304 1205 1330 unum
1232 1292 1376 1330 faciens

299 1362 346 1387 ex
373 1349 534 1388 materia
559 1356 596 1386 et
623 1348 749 1386 forma
768 1346 841 1385 nisi
865 1359 994 1396 agens,
1022 1346 1133 1396 quod
1160 1346 1377 1396 potentiam

300 1403 448 1441 reducit
475 1403 524 1440 ad
553 1410 696 1448 actum,
725 1409 769 1438 ut
801 1401 942 1450 probat
968 1400 1203 1447 Aristoteles,
1229 1400 1270 1438 in
1293 1401 1377 1438 VIII

1487 699 1617 735 Potest
1644 705 1776 735 tamen
1805 696 1881 734 dici
1909 696 2054 748 aliquid
2083 710 2167 735 esse
2195 696 2374 736 mediUm
2411 698 2513 738 inter

1432 751 1607 789 animam
1635 758 1672 789 et
1699 762 1853 801 corpus,
1883 750 1952 789 etsi
1985 762 2067 788 non
2099 751 2141 792 in
2171 751 2349 799 essendo,
2377 759 2510 792 tamen

1432 805 1473 843 in
1496 804 1698 843 movendo
1727 812 1764 842 et
1791 804 1832 842 in
1857 803 1922 842 via
1941 804 2212 853 generationis,
2240 806 2284 844 In
2308 807 2509 845 movendo

1434 859 1609 908 quidem,
1630 858 1723 908 quia
1749 858 1790 895 in
1808 866 1922 896 motu
1940 870 2023 907 quo
2046 858 2179 896 anima
2201 867 2336 896 movet
2353 871 2509 910 corpus,

1434 920 1490 950 est
1517 912 1680 962 quidam
1709 912 1808 949 ordo
1836 911 2045 949 mobilium
2065 919 2103 948 et
2127 919 2340 949 motorum.
2366 913 2511 951 Anima

1433 966 1540 1003 enim
1568 977 1708 1003 omnes
1728 965 1973 1016 operationes
1992 977 2083 1002 suas
2102 964 2219 1002 efficit
2235 976 2307 1016 per
2331 977 2421 1004 suas
2439 979 2510 1018 po-

1431 1019 1584 1057 tentias:
1615 1019 1721 1057 unde
1749 1018 1947 1058 mediante
1973 1018 2147 1069 potentia
2180 1026 2316 1057 movet
2347 1030 2509 1070 corpus;

1433 1081 1469 1110 et
1497 1073 1628 1111 adhuc
1656 1073 1836 1111 membra
1864 1072 2061 1111 mediante
2090 1071 2246 1123 spiritu;
2280 1080 2317 1110 et
2351 1072 2513 1112 ulterius

1432 1139 1560 1164 unum
1589 1138 1782 1175 organum
1811 1126 2007 1164 mediante
2035 1125 2111 1164 alio
2144 1138 2304 1175 organo.
2325 1148 2351 1153 —
2370 1127 2414 1164 111
2446 1126 2513 1165 via

1432 1188 1564 1217 autem
1578 1179 1837 1228 generationis
1856 1180 2130 1230 dispositiones
2145 1180 2194 1218 ad
2213 1180 2382 1218 formam
2401 1191 2511 1232 prae-

1432 1233 1576 1270 cedunt
1603 1233 1772 1271 formam
1801 1233 1841 1270 in
1869 1234 2041 1281 materia,
2071 1233 2254 1284 quamvis
2281 1233 2357 1284 sint
2383 1241 2512 1284 poste·

1432 1286 1552 1324 riores
1580 1285 1620 1325 in
1640 1287 1819 1326 essendo.
1844 1287 1958 1327 Unde
1986 1295 2023 1326 et
2046 1286 2318 1338 dispositiones
2338 1286 2513 1339 corporis

1433 1339 1578 1390 quibus
1618 1339 1662 1379 fit
1703 1339 1910 1391 proprium
1946 1340 2181 1391 perfectibile
2223 1340 2307 1379 talis
2346 1341 2512 1388 formae,

1432 1394 1511 1432 hoc
1538 1394 1661 1432 modo
1690 1402 1855 1444 possunt
1883 1394 1960 1432 dici
1987 1394 2141 1432 mediae
2161 1394 2260 1432 inter
2282 1394 2458 1433 animam
2476 1402 2514 1433 et

298 1458 586 1507 Metaphysicae
599 1455 635 1492 *z
667 1467 759 1492 nam
780 1454 942 1492 materia
961 1462 998 1491 et
1025 1454 1152 1492 forma
1171 1454 1317 1492 habent
1335 1466 1376 1492 se
1393 1476 1416 1497 ις
1433 1459 1590 1498 eorpus·

298 1518 341 1548 ut
367 1509 540 1560 potentia
568 1516 605 1547 et
633 1516 752 1546 actus.

353 1634 382 1652 11
404 1626 464 1652 talis
482 1634 526 1652 om
545 1624 736 1658 aDWXpGPc.

354 1662 367 1687 5
388 1662 526 1688 mobilium
545 1660 580 1695 et]
600 1660 738 1686 mobilium
758 1660 808 1692 aX,
827 1659 955 1685 nobilium
974 1659 1048 1685 EGb.

1142 1659 1174 1685 13
1194 1659 1340 1695 proprium]
1360 1661 1477 1694 primum
1495 1661 1560 1693 EG;
1577 1661 1740 1694 perfectibile
1757 1667 1801 1686 om
1822 1661 1853 1686 Y.

1063 1758 1400 1793 Commenta-ria
1433 1758 1746 1792 Fen-ariensis

356 1869 503 1890 osteum
527 1857 752 1888 determinavit
776 1857 912 1888 Sanctus
937 1857 1084 1887 Thomas
1103 1856 1143 1887 de
1159 1857 1283 1887 unione
1308 1857 1377 1887 ani-

366 1913 439 1934 mae
454 1902 668 1934 intellectivae
692 1901 732 1932 ad
754 1902 922 1932 materiam
938 1901 1095 1938 absolute,
1111 1910 1201 1931 nunc
1217 1901 1258 1932 de
1273 1901 1376 1932 modo

299 1948 431 1979 unionis
454 1947 569 1987 incipit
593 1946 808 1977 determinare
819 1946 846 1976 ³.
865 1945 960 1976 Circa
983 1946 1047 1976 hoc
1064 1951 1174 1976 autem
1199 1945 1266 1976 duo
1284 1945 1375 1976 facit:

299 1994 406 2034 primo
431 1992 519 2022 enim
542 1991 607 2031 agit
630 1990 670 2021 de
693 1989 939 2021 immediatione
970 1991 1118 2026 unionis;
1150 1989 1307 2026 secundo,
1337 1990 1376 2021 de

299 2037 455 2068 totalitate
479 2036 559 2072 eius,
585 2036 689 2075 capite
712 2035 873 2075 sequenti.

356 2082 378 2113 1.
402 2081 572 2119 Quantum
596 2080 637 2110 ad
659 2080 814 2120 primum,
844 2085 1014 2120 ponuntur
1040 2085 1104 2110 tres
1135 2079 1376 2111 conclusiones,

356 2127 462 2157 Prima
477 2130 538 2156 est:
555 2125 674 2155 Anima
692 2124 876 2155 immediate
892 2124 1007 2154 unitur
1022 2125 1157 2165 corpori
1178 2125 1211 2154 in
1229 2124 1376 2155 essendo.

299 2173 362 2203 Pro
398 2171 490 2202 cuius
525 2169 753 2206 declaratione,
782 2168 1056 2200 considerandum
1087 2175 1135 2200 est
1167 2169 1269 2210 quod,
1300 2178 1377 2200 cum

300 2225 415 2248 omnes
438 2214 505 2246 fere
527 2214 716 2254 philosophi
739 2214 908 2254 posuerint
927 2214 1130 2245 intellectum
1146 2214 1258 2255 aliquo
1274 2213 1377 2244 modo

300 2260 431 2301 corpori
445 2260 591 2290 humano
607 2259 774 2299 coniungi,
790 2257 923 2289 fuerunt
935 2258 1079 2299 quidam,
1092 2268 1160 2290 non
1177 2258 1378 2290 attendentes

300 2305 340 2337 ad
362 2304 488 2335 formae
516 2303 751 2340 conditionem,
783 2303 839 2343 qui
868 2309 1050 2343 posuerunt
1081 2304 1222 2334 animam
1252 2303 1378 2334 intelle-

301 2351 418 2381 ctivam
441 2358 510 2379 non
533 2349 618 2379 uniri
645 2347 831 2379 immediate
855 2349 996 2388 corpori,
1020 2347 1077 2378 sed
1099 2349 1183 2379 inter
1211 2349 1316 2389 ipsam
1347 2354 1378 2379 et

302 2403 422 2435 corpus
446 2392 568 2433 aliquid
584 2392 736 2429 mediare,
754 2392 844 2433 quod
860 2393 900 2423 sit
915 2393 1007 2433 quasi
1023 2393 1191 2424 vinculum
1211 2393 1379 2434 quoddam

302 2445 334 2470 et
356 2439 569 2479 ligamentum
595 2438 700 2477 ipsam
716 2447 792 2468 cum
812 2446 950 2478 corpore
966 2438 1097 2468 uniens:
1119 2438 1203 2468 sicut
1218 2438 1379 2469 Averroes

301 2485 525 2524 phantasmata
549 2481 627 2512 dixit
650 2491 719 2512 esse
742 2482 911 2512 vinculum
942 2491 1009 2522 quo
1040 2482 1223 2513 intellectus
1251 2483 1378 2513 homini

302 2529 430 2564 unitur3
466 2527 519 2557 alii
554 2526 702 2557 dixerunt
735 2527 840 2567 ipsam
870 2526 1088 2557 mediantibus
1123 2528 1189 2558 suis
1224 2528 1379 2567 potentiis

302 2573 387 2604 uniri
410 2572 557 2612 corpori;
586 2571 718 2611 quidam
748 2580 826 2602 vero
854 2571 945 2612 quod
975 2572 1059 2602 inter
1081 2572 1223 2604 animam
1248 2578 1280 2603 et
1308 2581 1379 2603 cor-

302 2627 364 2658 pus
386 2615 507 2647 mediat
529 2616 658 2656 spiritus
682 2616 875 2656 corporalis;
901 2616 954 2646 alii
977 2626 1113 2656 quoque
1137 2616 1287 2648 dixerunt
1310 2626 1380 2648 me-

303 2662 389 2693 diare
412 2661 531 2697 lucem,
555 2669 655 2700 quam
679 2669 749 2691 esse
773 2669 892 2701 corpus
916 2661 1150 2692 existimabant.

359 2705 482 2736 Contra
504 2705 566 2736 hos
589 2714 677 2745 ergo,
702 2714 740 2735 ex
771 2714 812 2735 eo
844 2705 934 2746 quod
962 2711 1131 2737 ostensum
1160 2712 1207 2737 est
1237 2706 1379 2737 animam

302 2750 530 2781 intellectivam
566 2759 635 2780 esse
669 2748 810 2780 formam
845 2751 1007 2790 corporis,
1043 2750 1175 2782 deducit
1210 2750 1380 2782 corollarie

303 2795 440 2826 Sanctus
463 2794 610 2825 Thomas
633 2794 725 2834 quod
749 2799 877 2835 oportet
892 2795 1038 2826 animam
1063 2796 1153 2826 uniri
1168 2796 1304 2836 corpori
1321 2796 1380 2826 im-

304 2839 450 2870 mediate.

359 2884 400 2915 Et
423 2884 526 2924 arguit
556 2884 612 2914 sic.
643 2883 763 2914 Forma
792 2884 904 2914 unitur
926 2885 1079 2916 materiae
1111 2886 1234 2926 absque
1258 2885 1379 2916 medio.

304 2927 367 2959 Sed
390 2929 498 2959 anima
519 2927 715 2959 intellectiva
739 2932 786 2958 est
808 2927 914 2958 forma
937 2930 1093 2969 corporis,
1125 2935 1162 2960 ut
1188 2931 1222 2960 in
1250 2939 1381 2971 praece-

304 2973 392 3004 denti
415 2972 560 3013 capitulo
584 2978 632 3003 est
655 2977 834 3003 ostensum.
859 2973 947 3015 Ergo
976 2979 1036 3004 etc.
1056 2992 1079 2996 —
1094 2974 1254 3005 Probatur
1277 2975 1382 3005 maior

305 3017 485 3058 dupliciter.
513 3017 643 3048 Scilicet
670 3017 860 3048 auctoritate
889 3018 1082 3054 Aristotelis,
1110 3019 1182 3049 Vlll
1207 3019 1381 3060 Metaphy-

304 3062 400 3098 sicae,
425 3062 602 3102 inquientis
624 3061 704 3092 nihil
728 3071 797 3092 esse
825 3062 915 3102 quod
939 3061 1035 3093 faciat
1057 3072 1162 3094 unum
1186 3072 1225 3094 ex
1248 3065 1382 3094 materia

306 3112 337 3136 et
360 3105 465 3137 forma
487 3107 549 3137 nisi
573 3115 680 3146 agenS‚
707 3106 797 3146 quod
820 3107 1002 3147 potentiam
1026 3107 1151 3139 reducit
1167 3108 1207 3138 ad
1224 3113 1342 3139 actum.
1359 3126 1383 3132 -

306 3150 469 3188 Secundo,
493 3151 571 3191 quia
592 3150 673 3181 nihil
697 3156 744 3181 est
768 3151 859 3191 quod
879 3150 974 3182 faciat
997 3161 1101 3183 unum
1126 3162 1164 3183 ex
1187 3154 1335 3193 potentia
1351 3159 1382 3184 et

307 3201 390 3226 actu.
415 3195 479 3226 Sed
501 3194 606 3226 forma
629 3195 811 3226 secundum
834 3205 869 3226 se
893 3202 940 3227 est
963 3202 1064 3233 actus,
1087 3206 1156 3228 non
1179 3206 1238 3239 per
1261 3197 1383 3238 aliquid

307 3239 404 3270 aliud.
429 3240 516 3280 Ergo
540 3245 601 3270 etc.

363 3284 504 3315 Adverte
527 3284 619 3325 quod
649 3283 899 3316 fundamentum
927 3284 1024 3316 huius
1054 3286 1187 3316 rationis
1218 3292 1275 3322 est,
1307 3287 1383 3327 quia

309 3327 412 3359 forma
436 3338 494 3369 per
523 3329 661 3369 seipsam
689 3328 766 3360 facit
795 3338 865 3360 esse
897 3335 981 3366 actu,
1015 3335 1046 3360 et
1068 3339 1137 3361 non
1168 3339 1226 3371 per
1249 3331 1383 3372 aliquod

308 3373 471 3404 medium:
497 3382 573 3404 cum
597 3374 636 3404 sit
659 3382 717 3414 per
741 3374 912 3405 essentiam
936 3383 1028 3405 suam
1051 3380 1151 3405 actus.
1177 3375 1282 3411 Unde,
1307 3385 1384 3406 cum

309 3417 355 3447 sic
378 3417 508 3448 dicatur
531 3417 657 3458 aliquid
681 3428 780 3449 unum
804 3428 868 3459 quo
893 3418 990 3449 modo
1015 3424 1062 3450 est
1085 3428 1152 3455 ens,
1182 3425 1313 3460 oportet
1336 3426 1383 3457 ut,

310 3462 392 3492 sicut
416 3463 637 3502 compositum
661 3468 709 3493 est
733 3472 789 3493 ens
813 3463 999 3494 immediate
1030 3473 1088 3503 per
1117 3463 1268 3500 formam,
1293 3465 1384 3504 quod

311 3506 407 3536 etiam
430 3506 615 3537 immediate
640 3516 697 3547 per
721 3507 860 3538 formam
891 3509 931 3538 sit
961 3517 1080 3538 unum:
1113 3514 1149 3539 ut
1178 3509 1223 3539 sic
1254 3515 1385 3549 oportet

312 3548 449 3580 formam
473 3560 530 3591 per
553 3561 586 3581 se
611 3557 642 3582 et
664 3551 850 3583 immediate
874 3553 959 3583 uniri
983 3553 1146 3590 materiae,
1163 3553 1247 3583 sicut
1270 3563 1327 3593 per
1351 3563 1384 3584 se

312 3593 495 3625 immediate
520 3594 572 3626 dat
596 3605 675 3626 esse.

368 3637 404 3667 11.
430 3638 577 3669 Secunda
602 3640 770 3671 conclusio
795 3646 855 3671 est:
882 3642 999 3672 Anima
1025 3641 1057 3671 in
1087 3641 1245 3672 movendo
1271 3642 1385 3673 unitur

313 3682 446 3720 corpori
469 3683 627 3714 mediate:
643 3684 732 3719 idest,
757 3690 864 3715 movet
880 3695 998 3726 corpus
1014 3686 1107 3717 cuius
1122 3685 1243 3717 dicitur
1262 3687 1383 3723 anima,
1409 3672 1412 3724 Ι

1431 1867 1497 1887 non
1516 1867 1581 1898 per
1603 1857 1776 1888 essentiam
1799 1866 1894 1888 suam
1918 1856 2112 1892 immediate,
2128 1855 2186 1887 sed
2202 1865 2267 1898 per
2289 1856 2426 1898 aliquod
2449 1865 2514 1888 me-

1430 1902 1529 1932 dium.
1555 1902 1725 1932 Probatur.
1750 1901 1840 1932 Tum
1863 1901 1941 1942 quia
1963 1906 2076 1932 movet
2090 1909 2149 1941 per
2170 1901 2349 1941 potentias:
2374 1901 2459 1933 sicut
2481 1907 2515 1933 et

1430 1955 1546 1977 omnes
1563 1946 1641 1977 alias
1664 1946 1873 1986 operationes
1888 1955 1947 1986 per
1961 1955 2036 1977 suas
2051 1945 2216 1986 potentias
2231 1950 2368 1976 exercet.
2385 1962 2410 1969 —
2424 1945 2515 1978 Tum

1431 1991 1508 2031 quia
1531 1995 1645 2021 movet
1667 1991 1815 2021 membra
1837 1989 2003 2021 mediante
2026 1990 2152 2031 spiritu,
2177 1995 2210 2021 et
2231 1999 2338 2021 unum
2353 1996 2515 2031 organum

1431 2034 1595 2066 mediante
1619 2035 1696 2065 alio.

1487 2079 1734 2110 Advertendum
1758 2079 1850 2120 quod
1874 2079 1986 2110 anima
2004 2089 2069 2120 per
2088 2079 2379 2121 apprehensionem
2402 2085 2436 2111 et
2456 2086 2514 2122 ap·

1427 2125 1565 2165 petitum
1589 2129 1697 2155 movet
1719 2133 1850 2165 corpus,
1874 2129 1912 2155 ut
1934 2123 2053 2156 dicitur
2074 2124 2108 2155 in
2125 2124 2191 2163 Qu.
2215 2123 2256 2155 de
2278 2124 2408 2162 Anima,
2433 2134 2462 2156 a.
2480 2135 2511 2166 9,

1431 2169 1471 2200 ad
1496 2169 1526 2200 6.
1552 2169 1593 2200 Et
1616 2170 1662 2200 sic
1681 2168 1799 2200 dicitur
1813 2178 1948 2200 movere
1963 2178 2022 2210 per
2039 2169 2218 2210 potentias,
2235 2178 2374 2210 quarum
2390 2169 2515 2202 scilicet

1431 2214 1639 2255 operationes
1662 2219 1739 2245 sunt
1761 2214 2005 2255 apprehendere
2032 2219 2064 2245 et
2087 2219 2251 2256 appetere.
2283 2214 2326 2245 Et
2355 2215 2433 2256 quia·
2454 2223 2513 2257 ap-

1430 2259 1551 2299 petitus
1575 2259 1747 2290 sensitivus
1773 2258 1928 2290 fundatur
1949 2259 1983 2290 in
2013 2259 2123 2296 corde,
2147 2258 2330 2290 secundum
2353 2260 2513 2292 Aristote-

1430 2303 1506 2340 lem,
1530 2309 1568 2334 ut
1590 2303 1708 2335 dicitur
1727 2303 1767 2334 de
1782 2304 2024 2345 Spa-ituauhus,
2041 2313 2069 2335 a.
2091 2304 2121 2341 3,
2138 2303 2179 2335 ad
2193 2305 2254 2344 4',
2282 2302 2358 2335 ideo
2383 2313 2442 2336 cor
2460 2309 2513 2336 est

1431 2349 1573 2389 primum
1606 2349 1860 2380 instrumentum
1891 2357 1950 2390 per
1981 2348 2072 2390 quod
2100 2354 2216 2380 movet
2248 2354 2370 2380 ceteras
2403 2354 2512 2391 partes

1431 2394 1592 2434 corporis:
1627 2399 1658 2424 et
1687 2394 1753 2425 hoc
1784 2399 1831 2425 est
1855 2393 1946 2435 quod
1969 2394 2022 2425 hic
2057 2393 2184 2431 dicitur,
2220 2395 2379 2435 quoniam
2404 2399 2515 2427 moret

1433 2448 1534 2469 unum
1564 2439 1741 2470 membrum
1771 2439 1935 2470 mediante
1964 2439 2043 2470 alio.
2068 2438 2156 2478 Quia
2185 2447 2264 2470 vero
2290 2444 2398 2480 partes
2420 2447 2512 2481 gwe-

1431 2483 1531 2514 siores
1548 2484 1695 2524 corporis
1711 2493 1769 2524 per
1791 2484 1976 2515 subtiliores
1990 2489 2113 2521 movet,
2129 2483 2207 2515 ideo
2226 2484 2370 2524 primum
2393 2484 2512 2516 instru-

1431 2533 1581 2559 mentum
1609 2528 1734 2559 virtutis
1757 2529 1900 2560 motivae
1924 2534 1972 2560 est
1998 2529 2144 2570 spiritus,
2169 2534 2206 2559 ut
2237 2527 2356 2560 dicitur
2377 2529 2418 2560 ab
2440 2529 2514 2560 Arl-

1432 2572 1559 2609 stotele‚
1583 2573 1616 2603 in
1641 2573 1741 2603 Libro
1764 2573 1805 2603 de
1829 2573 1940 2604 Causa
1965 2574 2078 2605 Motus
2094 2573 2303 2614 ,Animatium
2314 2574 2342 2605 ⁴.

1488 2616 1553 2648 Sed
1576 2617 1834 2658 intelligendum,
1858 2627 1935 2649 cum
1951 2617 2069 2649 dicitur
2084 2627 2142 2649 cor
2157 2619 2301 2659 primum
2316 2619 2514 2651 instrumen-

1432 2667 1503 2693 tum
1526 2662 1652 2693 virtutis
1675 2663 1827 2699 motivae,
1853 2667 1885 2694 et
1907 2663 2054 2694 similiter
2077 2663 2218 2704 spiritus,
2242 2662 2334 2704 quod
2356 2664 2422 2695 hoc
2443 2671 2514 2696 non

1433 2711 1482 2737 est
1504 2706 1623 2737 eodem
1638 2706 1754 2738 modo:
1780 2706 1836 2738 sed
1860 2716 1919 2738 cor
1933 2713 1982 2738 est
1996 2708 2141 2749 primum
2164 2707 2419 2739 instrumentum
2434 2717 2516 2740 con-

1433 2752 1583 2782 iunctum
1613 2752 1722 2782 virtuti
1756 2752 1909 2789 motivae,
1941 2757 2057 2793 utpote
2091 2753 2126 2783 in
2161 2761 2230 2794 quo
2265 2758 2314 2784 est
2340 2753 2515 2795 appetitus,

1434 2796 1492 2837 qui
1514 2801 1563 2826 est
1585 2796 1686 2827 virtus
1709 2797 1847 2834 motiva:
1871 2797 2002 2838 spiritus
2026 2802 2136 2828 aut·-
2159 2802 2208 2828 est
2230 2797 2374 2838 primum
2397 2797 2516 2829 instru-

1434 2846 1583 2871 mentum
1599 2846 1795 2881 separatum,
1811 2841 2009 2882 inquantum
2025 2847 2074 2873 est
2096 2842 2240 2883 primum
2257 2842 2348 2883 quod
2363 2847 2518 2875 movetur

1435 2886 1474 2916 ab
1498 2886 1606 2916 anima
1630 2886 1713 2916 inter
1738 2895 1775 2917 ea
1799 2895 1883 2927 quae
1907 2892 1983 2917 sunt
2006 2892 2161 2928 separata.

1491 2929 1544 2960 111.
1569 2929 1680 2961 Tertia
1703 2931 1873 2962 conclusio
1897 2936 1959 2962 est:
1985 2931 2024 2962 In
2049 2931 2102 2962 uia
2129 2931 2358 2974 generationis
2379 2931 2517 2974 disposi-

1435 2974 1540 3006 tiones
1555 2975 1706 3016 corporis
1721 2975 1836 3016 quibus
1848 2975 1896 3018 fit
1911 2976 2088 3017 proprium
2110 2976 2327 3018 susceptivum
2351 2976 2427 3008 talis
2436 2977 2519 3020 sor*-

1436 3028 1517 3055 mae,
1541 3024 1619 3050 sunt
1641 3020 1767 3051 mediae
1790 3020 1876 3051 inter
1898 3021 2043 3052 animam
2066 3025 2099 3052 et
2120 3028 2261 3062 corpus:
2282 3026 2315 3052 et
2335 3021 2383 3053 sic
2405 3021 2519 3053 anina

1436 3065 1550 3095 unitur
1573 3065 1708 3105 cor-pori
1723 3065 1938 3097 mediantibus
1959 3065 2234 3107 dispositionibus.
2250 3066 2418 3098 Probatur.
2431 3065 2519 3106 Quia

1435 3108 1665 3150 dispositiones
1688 3109 1728 3140 ad
1752 3109 1892 3140 formam
1913 3111 1964 3141 via
1987 3111 2204 3152 generationis
2227 3109 2427 3152 praecedunt
2452 3109 2519 3142 fot»

1435 3162 1523 3184 mam
1547 3154 1581 3184 in
1605 3155 1749 3190 materia,
1775 3155 1923 3195 quamvis
1946 3155 2011 3186 sint
2032 3155 2229 3196 posteriores
2252 3155 2286 3187 in
2309 3153 2456 3186 essendo.

1494 3198 1547 3228 lV.
1573 3197 1668 3229 Circa
1691 3199 1774 3229 hanc
1799 3199 2047 3232 conclusionem
2071 3205 2104 3231 et
2126 3200 2197 3231 eius
2211 3199 2441 3241 probationem
2456 3197 2517 3230 du-

1437 3242 1562 3283 pliciter
1590 3243 1764 3274 dubitatur.
1795 3243 1917 3281 Primo,
1949 3245 2026 3285 quia
2056 3243 2193 3276 Sanctus
2222 3243 2380 3280 Thomas,
2409 3241 2517 3274 Prima

1437 3287 1539 3324 Parte,
1565 3296 1596 3328 q.
1621 3297 1724 3324 mxxvi,
1749 3297 1776 3318 a.
1803 3288 1834 3325 6,
1862 3293 1951 3319 tenet
1976 3288 2173 3330 impossibile
2195 3297 2264 3320 esse
2292 3287 2382 3329 quod
2403 3286 2517 3329 aliqua

1437 3332 1606 3372 dispositio
1630 3332 1844 3363 accidentalis
1867 3333 1966 3365 cadat
1987 3333 2095 3364 media
2119 3333 2206 3364 inter
2233 3340 2354 3372 corpus
2382 3337 2415 3363 et
2443 3332 2517 3363 ani-

1438 3386 1535 3413 mam,
1570 3377 1621 3407 vel
1651 3377 1738 3408 inter
1766 3387 2003 3419 quamcumque
2022 3378 2176 3420 sormam
2205 3376 2452 3408 substantialem
2484 3381 2517 3408 et

1438 3421 1508 3452 eius
1531 3421 1712 3452 materiam.
1730 3421 1894 3459 Similiter,
1911 3422 2002 3463 quod
2021 3420 2218 3462 impossibile
2232 3426 2281 3452 est
2294 3430 2517 3464 quascumque

1438 3466 1666 3506 dispositiones
1681 3466 1899 3498 accidentales
1909 3465 2135 3507 praeexistere
2147 3465 2179 3496 in
2197 3466 2336 3496 materia
2352 3470 2429 3497 ante
2433 3465 2515 3508 sor-

1438 3519 1523 3541 mam
1547 3511 1803 3542 substantialem.
1828 3510 1932 3542 Cuius
1955 3510 2146 3551 oppositum
2165 3510 2217 3540 hic
2242 3510 2365 3541 dictum
2389 3516 2446 3541 est.

1495 3554 1648 3586 Secundo
1660 3556 1687 3592 θ,
1712 3555 1788 3596 quia
1814 3564 1883 3586 non
1905 3553 2033 3586 videtur
2054 3563 2151 3594 posse
2183 3555 2280 3586 simul
2311 3561 2393 3586 stare
2423 3553 2515 3596 quod

1437 3598 1668 3640 dispositiones
1691 3600 1742 3630 via
1764 3598 1982 3639 generationis
2005 3598 2201 3639 praecedant
2224 3599 2365 3630 formam
2388 3599 2422 3630 in
2445 3608 2514 3630 ma-

1437 3644 1525 3680 teria,
1551 3649 1582 3674 et
1606 3649 1715 3674 tamen
1739 3644 1802 3674 sint
1824 3642 2019 3683 posteriores
2042 3643 2076 3673 in
2098 3643 2244 3674 essendo.
2263 3643 2295 3675 Si
2320 3644 2407 3675 enim
2423 3653 2516 3685 prae-

1440 3687 1560 3718 cedunt
1588 3687 1727 3718 formam
1757 3687 1790 3718 in
1822 3687 1965 3723 materia,
1998 3696 2075 3727 ergo
2107 3689 2196 3729 prius
2221 3694 2296 3719 sunt
2326 3689 2359 3719 in
2383 3688 2516 3719 materia

2538 2313 2600 2363 {tf-‘3
2611 2313 2768 2368 ωΛᾰκῖηιᾞὶἑ

2539 2373 2590 2396 etp.
2601 2373 2629 2391 ιιι
2643 2366 2724 2397 (υἱώ).

2539 2580 2768 2636 &msere

2541 2633 2605 2691 50ξέῗῖ
2619 2634 2667 2657 vol.
2680 2639 2718 2662 ιιι,
2733 2639 2768 2673 pq

2762 3022 2768 3099 ἐ

2542 3563 2550 3573 ·
2566 3562 2603 3585 cf.
2622 3568 2646 3585 n.
2659 3567 2693 3585 vi.
2751 3126 2768 4091 1

2758 4093 2768 4134 l
