2716 4302
11 569 35 586 η
46 570 59 585 ν
73 570 85 585 a
101 570 221 592 3¹·P-214-

9 773 18 783 ·
29 772 89 794 Casu
103 778 145 799 pro
160 777 220 793 esse.

106 818 118 832 ς

1 1592 51 1608 nv
72 1587 112 1609 bt.

0 2576 211 2604 22vbi5-p.215.

268 126 338 164 32*

257 211 341 237 sunt.
366 206 441 236 Non
459 211 505 236 est
528 205 624 244 igitur
639 204 792 244 possibile
811 202 904 242 quod
922 201 1029 232 divina
1045 201 1195 231 voluntas
1219 201 1259 230 sit
1282 200 1338 230 ali-

262 257 340 298 quid
367 256 512 286 additum
540 255 665 285 divinae
694 254 860 283 essentiae.
887 257 903 289 ξ
924 257 981 281 Hoc
1006 256 1083 281 etiam
1107 255 1259 280 auctoritate
1283 255 1337 279 Au-

253 312 354 345 gustini
373 309 550 338 confirmatur,
570 309 614 341 qui
635 307 695 333 dicit
708 325 732 333 ..
744 325 750 331 .

383 414 463 454 Cap.
489 413 632 444 LXXIV.
658 412 755 450 QUOD
780 421 960 442 ramerum
986 420 1124 442 vomwm
1149 410 1211 441 Dar

602 474 656 495 EST
680 473 790 494 nrva
813 473 969 494 assamur.

295 563 313 600 §
330 561 374 592 Ex
401 561 463 591 hoc
487 566 596 591 autem
625 560 758 590 ulterius
790 564 923 599 apparet
953 559 1045 599 quod
1075 558 1254 599 principale
1286 558 1332 589 di-

254 614 346 643 vinae
371 611 544 642 voluntatis
562 611 699 641 volitum
715 616 763 641 est
780 610 849 641 eius
869 610 1018 641 essentia.
1042 613 1142 638 Volens
1162 612 1232 637 enim
1251 613 1332 638 volito

251 672 291 692 est
308 672 366 692 actu
384 667 484 695 volens,
505 666 571 691 sicut
590 665 737 698 intelligens
757 665 918 698 intelligibili.
943 664 970 689 Si
994 665 1071 698 igitur
1095 665 1206 690 volitum
1232 665 1332 689 divinae

250 718 390 743 voluntatis
410 722 450 742 est
469 717 537 742 aliud
556 724 635 750 quam
661 717 746 741 divina
769 717 892 745 essentia,
916 716 966 740 alio
992 716 1040 740 erit
1064 716 1158 740 volens
1184 723 1265 748 quam
1284 723 1331 740 sua

250 770 370 795 essentia.
389 770 440 794 Sua
459 774 548 794 autem
567 769 680 793 essentia
699 772 746 804 est*
759 768 835 792 ensa*
862 756 1034 800 Aliud'igitur
1053 768 1100 792 erit
1119 774 1198 792 suum
1217 767 1286 792 velle
1306 772 1331 791 et

249 830 327 848 suum
345 829 413 846 esse.
433 821 512 846 Cuius
532 821 689 845 contrarium
710 821 760 844 iam
781 824 919 844 ostensum
939 823 987 843 est.
1000 815 1152 856 (Bonum
1170 816 1257 845 enim
1276 838 1283 845 .
1299 839 1304 845 .
1322 838 1328 845 .

248 870 421 911 probatum
439 874 494 899 est.
518 869 634 899 Divina
658 869 754 908 igitur
772 868 908 897 essentia
924 872 970 897 est
989 870 1014 894 ῐη
1034 870 1107 902 quod
1127 865 1172 905 [id
1190 865 1229 896 de
1247 865 1328 906 quo]

248 920 466 962 principaliter
485 925 532 950 est
556 919 662 949 divina
680 915 854 958 voluntas.)
879 918 897 955 §
915 917 1005 947 Item.
1029 917 1213 957 Appetibile
1238 926 1329 947 com-

247 978 375 1014 paratur
391 971 431 1002 ad
447 972 627 1012 appetitum
640 971 723 1000 sicut
738 978 874 1000 movens
892 968 931 999 ad
944 974 1082 1005 motum,
1099 976 1127 998 et
1145 979 1159 998 s
1177 973 1244 997 sicut
1258 977 1329 1004 patet

247 1036 294 1061 per
312 1027 500 1061 philosophum
519 1027 544 1051 in
563 1026 640 1051 tertio
660 1025 692 1050 de
711 1026 796 1050 anima
816 1029 842 1048 et
867 1024 892 1048 in
911 1031 936 1048 xi
955 1023 1062 1057 metaph
1084 1018 1134 1061 (ut
1158 1030 1255 1061 supra
1281 1020 1328 1050 di-

248 1081 337 1106 ctum
361 1073 432 1114 est),
450 1080 481 1104 et
505 1073 650 1103 similiter
666 1082 698 1102 se
723 1073 819 1102 habet
844 1077 968 1101 voluntas
981 1076 1018 1101 ad
1042 1072 1181 1102 volitum
1206 1071 1246 1101 ad
1271 1081 1326 1102 vo-

246 1127 414 1162 luntatem‚
439 1134 514 1155 cum
539 1124 688 1154 voluntas
714 1125 753 1154 sit
777 1124 816 1155 de
840 1134 958 1165 genere
991 1124 1242 1164 appetitivarum
1267 1132 1327 1163 po-

245 1178 428 1208 tentiarum.
446 1176 479 1207 Si
495 1177 591 1216 igitur
607 1175 782 1206 voluntatis
799 1175 927 1206 divinae
944 1177 984 1206 sit
1007 1175 1093 1206 aliud
1120 1174 1324 1216 (principale)

245 1229 381 1259 volitum
407 1237 506 1268 quam
530 1227 600 1267 ipsa
624 1227 684 1257 Dei
717 1228 864 1263 essentia,
897 1232 1052 1267 sequetur
1082 1225 1173 1266 quod
1203 1226 1326 1266 aliquid

245 1279 332 1311 aliud
355 1280 394 1309 sit
418 1279 566 1319 superius
591 1277 698 1308 divina
715 1278 891 1314 voluntate,
921 1282 996 1308 cuius
1017 1277 1108 1318 quod
1125 1279 1228 1318 ipsam
1253 1287 1325 1308 mo-

243 1336 306 1361 vet.
325 1329 428 1360 Cuius
445 1329 641 1360 contrarium
654 1338 692 1358 ex
709 1328 880 1368 praedictis
898 1335 996 1369 patet.
1013 1328 1221 1367 §Praeterea
1235 1328 1326 1359 Prin·

244 1382 346 1422 cipale
370 1381 507 1411 volitum
533 1386 580 1410 est
603 1380 782 1420 unicuique
806 1380 928 1410 volenti
954 1389 1050 1411 causa
1074 1379 1221 1410 volendi:
1248 1389 1324 1410 cum

246 1435 332 1464 enim
364 1433 512 1469 dicimus,
535 1436 650 1461 Ambu1o
674 1439 704 1460 ut
728 1442 818 1462 saner.
839 1431 925 1462 Volo
958 1431 1124 1462 ambulare
1155 1436 1192 1461 ut
1222 1440 1324 1467 saner,

244 1494 374 1515 causam
398 1494 458 1514 nos
483 1483 616 1514 reddere
641 1483 841 1513 arbitramur.
868 1482 908 1512 Et
925 1483 951 1512 si
967 1487 1142 1523 quaeratur
1159 1505 1165 1512 .
1181 1505 1188 1511 .
1205 1505 1211 1511 .
1229 1482 1324 1522 primi

244 1536 335 1566 entis.
360 1537 378 1574 ἓ
395 1535 522 1566 Adhuc.
555 1535 742 1575 Unicuique
775 1534 897 1564 volenti
921 1538 1096 1571 principaliter
1117 1532 1322 1574 (principale)

243 1587 381 1617 volitum
398 1593 445 1617 est
461 1597 538 1618 suus
562 1586 695 1617 ultimus
720 1585 803 1624 finis,
826 1595 901 1615 nam
926 1584 999 1615 finis
1025 1590 1072 1615 est
1096 1594 1153 1625 per
1177 1594 1210 1614 se
1235 1586 1251 1601 ἥ
1269 1594 1326 1615 vo-

243 1639 318 1669 litus
343 1645 374 1669 et
401 1648 458 1679 per
490 1648 589 1679 quem
622 1638 681 1668 alia
711 1637 795 1668 fiunt
827 1637 935 1667 volita.
961 1637 1102 1668 Ultimus
1120 1642 1228 1667 autem
1252 1635 1325 1667 finis

1235 121 1502 157 APPENDIX

1394 204 1470 237 igitur
1487 204 1601 229 volendo
1621 209 1647 228 et
1665 204 1778 229 amando
1800 212 1830 229 se
1849 205 2023 238 principaliter
2045 210 2072 231 et
2095 213 2203 241 propter
2225 209 2352 241 seipsum,
2375 209 2430 234 vuit
2448 214 2475 234 et

1393 260 1463 280 amat
1476 255 1565 279 omnia
1577 262 1645 287 quae
1658 255 1716 287 ipso
1727 255 1741 270 *
1756 260 1826 285 sunt.
1838 256 1893 280 vult
1912 256 1991 281 etiam
2001 261 2027 282 et
2045 263 2116 283 amat
2125 259 2245 293 proprias
2257 268 2345 286 rerum
2359 261 2473 287 rationes

1393 307 1420 331 in
1435 314 1464 331 se
1477 307 1626 332 existentes.
1644 307 1708 332 Vult
1726 307 1803 340 igitur
1814 315 1922 333 omnem
1935 316 2026 334 earum
2045 310 2234 343 perfectionem
2252 319 2321 345 quae
2340 313 2473 346 possibilis

1393 364 1441 384 est.
1466 359 1517 384 Sed
1537 359 1629 392 aliquis
1650 359 1745 384 modus
1764 360 1930 393 perfectionis
1949 368 2041 386 earum
2060 366 2102 387 est
2126 351 2272 389 secundum
2295 365 2368 397 quod
2391 365 2472 399 expli-

1358 419 1366 439 5
1392 412 1487 435 cantur
1511 411 1537 435 in
1563 416 1649 435 actum
1675 418 1721 443 per
1742 412 1941 444 productionem
1964 419 2053 438 rerum
2077 420 2189 446 quarum
2213 419 2275 439 sunt
2291 415 2415 447 rationes,
2434 417 2472 442 sic

1390 462 1460 487 enim
1479 469 1555 487 suam
1575 462 1704 486 actualem
1723 462 1900 487 causalitatem
1919 468 2119 496 consequuntur
2133 469 2159 489 et
2171 471 2231 489 esse
2243 464 2367 490 omnibus
2386 466 2472 492 modis

1391 512 1417 536 in
1436 517 1503 537 actu.
1521 512 1585 536 Vult
1603 511 1682 545 igitur
1698 511 1771 537 Deus
1791 519 1822 537 ex
1843 511 1894 537 hoc
1916 513 1988 546 quod
2006 513 2064 538 vult
2082 521 2112 539 se
2137 521 2205 546 esse,
2229 514 2308 540 etiam
2329 515 2379 540 alin
2403 523 2472 542 esse.

1391 566 1408 582 ⁴*
1422 563 1563 605 (Adhuc.
1578 564 1667 594 Deus
1687 568 1780 593 volens
1799 563 1972 606 [volendo]
1989 574 2023 595 se
2038 565 2106 596 vult
2122 567 2233 596 omnia
2249 575 2334 607 quae
2349 567 2383 597 in
2397 566 2471 608 ipso

1392 621 1476 646 sunt.
1495 615 1615 646 Omnia
1632 622 1742 646 autem
1760 638 1767 645 .
1782 639 1789 646 .
1805 639 1812 646 .
1830 616 1890 646 alia
1914 614 2006 658 vult.)
2031 617 2048 633 ἥ
2064 618 2083 656 ξ
2099 617 2190 647 Item.
2220 616 2354 655 Quanto
2378 621 2472 655 aliqua

1348 676 1373 690 1⁰
1388 666 1511 707 aliquid
1544 672 1591 697 est
1622 666 1822 706 perfectioris
1853 668 1988 704 virtutis,
2017 673 2108 699 tanto
2142 678 2200 699 sua
2231 668 2400 700 causalitas
2430 669 2471 700 ad

1389 718 1480 759 plura
1506 727 1538 748 se
1563 717 1707 748 extendit
1731 724 1763 748 et
1786 718 1819 748 in
1843 719 1945 759 magis
1969 725 2134 750 remotum
2151 719 2202 760 (ut
2224 729 2322 761 supra
2346 719 2471 752 dictum

1388 770 1448 810 est)
1474 774 1542 798 sicut
1565 773 1643 798 etiam
1667 774 1692 798 in
1717 773 1855 799 virtutibus
1879 774 2058 800 materialibus
2085 779 2164 808 patet,
2190 783 2251 801 nam
2277 775 2344 809 ignis
2369 781 2470 809 quanto

1386 826 1494 851 calidior
1512 831 1584 851 tanto
1606 826 1689 859 magis
1709 825 1735 851 in
1753 831 1886 851 remotum
1906 826 2021 851 calorem
2040 834 2118 851 suum
2138 826 2263 852 diffundit.
2289 822 2470 855 Causalitas

1386 879 1495 907 autem
1508 873 1580 904 finis
1599 874 1631 904 in
1645 873 1709 904 hoc
1722 873 1870 904 consistit
1882 873 1973 914 quod
1986 877 2093 903 ratione
2108 879 2243 915 propter
2258 878 2344 911 ipsaem
2360 875 2469 915 ipsum

1359 935 1367 955 ς
1387 925 1447 955 alia
1465 924 1695 955 desiderantur.
1714 924 1848 963 Quanto
1865 925 1962 966 igitur
1977 924 2050 956 finis
2067 931 2115 956 est
2130 925 2306 966 perfectior
2321 931 2353 956 et
2367 927 2470 967 magis

1385 980 1532 1005 secundum
1552 987 1628 1005 suam
1647 980 1770 1005 virtutem
1789 985 1872 1006 totam
1896 977 2027 1015 volitus,
2051 982 2143 1008 tanto
2163 977 2314 1008 voluntas
2330 976 2470 1008 volentis

1386 1027 1512 1069 (finem)
1525 1028 1564 1059 ad
1577 1028 1670 1068 plura
1683 1028 1866 1060 extenditur
1881 1030 2006 1060 ratione
2022 1028 2096 1060 finis
2112 1029 2208 1060 illius.
2226 1029 2344 1060 Divina
2359 1034 2470 1060 autem

1387 1079 1523 1109 essentia
1541 1103 1547 1110 .
1564 1103 1570 1109 .
1587 1103 1593 1109 .
1611 1078 1695 1110 finis.
1721 1079 1822 1120 Igitur
1844 1079 2005 1111 diffundet
2033 1090 2126 1111 suam
2155 1080 2376 1111 causalitatem
2400 1089 2468 1110 ma-

1384 1131 1470 1161 xime
1494 1132 1510 1148 *
1527 1130 1567 1162 ad
1590 1132 1703 1170 multa,
1721 1138 1757 1163 ut
1773 1138 1907 1173 propter
1929 1133 2032 1174 ipsam
2056 1122 2164 1163 multa⁸
2177 1135 2252 1161 Deus
2274 1132 2338 1162 sint
2356 1131 2467 1167 volita.

1356 1194 1367 1207 ο
1386 1189 1418 1213 et
1443 1183 1617 1223 praecipue
1642 1193 1659 1213 a
1684 1183 1766 1220 Deo,
1791 1185 1847 1224 qui
1872 1193 1944 1215 eam
1968 1183 2150 1215 secundum
2169 1189 2273 1215 totam
2289 1192 2381 1214 suam
2407 1183 2468 1214 vir-

1383 1240 1488 1265 tutem
1512 1235 1655 1276 perfecte
1680 1235 1758 1266 vult.
1784 1237 1802 1275 §
1817 1235 1995 1267 Praeterea.
2011 1236 2173 1269 Voluntas
2190 1259 2198 1267 .
2212 1259 2220 1266 .
2234 1259 2242 1266 .
2260 1234 2372 1266 omnia
2395 1234 2467 1283 alia.

1382 1288 1399 1326 ἓ
1419 1287 1494 1318 Hoc
1511 1293 1620 1318 autem
1695 1287 1916 1320 confirmatur.
1941 1288 2067 1319 Dicitur
2083 1288 2171 1319 enim
2195 1287 2269 1328 Sap.
2287 1297 2328 1322 xr,
2353 1286 2467 1328 Diligis

1383 1339 1492 1370 omnia
1517 1348 1601 1379 quae
1625 1344 1710 1376 sunt,
1728 1345 1759 1370 et
1774 1338 1855 1370 nihil
1871 1338 1968 1370 odisti
1985 1349 2101 1370 eorum
2122 1348 2206 1381 quae
2230 1337 2344 1375 fecisti,
2359 1346 2385 1368 et
2397 1337 2467 1376 poet,

1381 1401 1436 1427 quo
1453 1394 1534 1419 modo
1553 1398 1641 1419 autem
1661 1399 1753 1430 posset
1771 1393 1869 1428 aliquid
1888 1401 2044 1427 permanere
2063 1394 2115 1419 nisi
2133 1398 2161 1419 tu
2179 1391 2327 1419 voluisses?

1341 1444 1362 1463 ²5

1475 1494 1557 1536 Cap.
1583 1494 1727 1526 LXXVI.
1753 1494 1850 1534 Quot>
1875 1495 1962 1526 Deus
1986 1505 2051 1526 tmo
2075 1505 2156 1526 Ac‘ru
2181 1503 2375 1526 vomitu-trs

1765 1556 1798 1577 su
1822 1556 1861 1577 ET
1885 1557 1959 1577 ALIA
1982 1556 2081 1577 vam.

1426 1641 1444 1679 ξ
1460 1640 1536 1671 Hoc
1561 1646 1670 1671 autem
1689 1641 1812 1674 habito,
1830 1642 1978 1681 sequitur
1994 1640 2086 1681 quod
2109 1640 2199 1671 Deus
2223 1649 2292 1671 uno
2317 1645 2392 1670 actu
2407 1646 2467 1670 vo-

244 1696 292 1721 est
314 1691 383 1731 ipse
408 1690 507 1727 Deus,
533 1691 609 1730 quia
633 1694 739 1719 ultimus
757 1692 815 1718 finis
835 1701 865 1718 ex
885 1701 970 1726 aequo
989 1693 1132 1726 respondet
1151 1693 1236 1725 primo
1255 1694 1326 1726 prin·
1342 1703 1367 1721 ιο
1381 1692 1514 1722 luntatis
1538 1701 1572 1722 se
1596 1697 1628 1722 et
1652 1691 1712 1722 alia
1736 1691 1822 1722 velit.
1849 1691 1965 1722 Omnis
1990 1692 2077 1722 enim
2101 1692 2203 1723 virtus
2223 1702 2277 1720 uno
2296 1700 2361 1722 una
2385 1699 2467 1732 ope·

243 1745 310 1778 cipio
329 1745 412 1770 activo
433 1740 514 1782 (ipse
533 1747 579 1771 est
595 1751 762 1773 summum
779 1743 919 1779 bonum)
939 1749 974 1773 ut
991 1748 1160 1773 ostensum
1179 1748 1235 1773 est.
1254 1742 1326 1783 Ipse

244 1793 340 1833 igitur
364 1798 411 1823 est
439 1793 616 1833 principale
650 1794 785 1824 volitum
816 1804 892 1824 suae
924 1794 1099 1824 voluntatis
1124 1795 1142 1832 §
1162 1794 1324 1834 Amplius.

243 1845 467 1885 Unaquaeque
484 1845 583 1875 virtus
599 1845 638 1875 ad
663 1855 759 1876 suum
780 1846 946 1889 obiectum
961 1850 1124 1882 proper-tion
1146 1845 1324 1886 principale

242 1896 423 1927 secundum
447 1896 673 1936 aequalitatem
692 1898 968 1937 proportionatur.
987 1898 1070 1928 Nam
1090 1898 1188 1927 virtus
1206 1921 1212 1927 .
1227 1919 1256 1927 ..
1275 1906 1324 1927 es-

1381 1744 1506 1774 ratione
1531 1743 1581 1774 vel
1606 1753 1674 1774 uno
1699 1748 1774 1774 actu
1806 1742 1906 1774 fertur
1935 1744 1969 1774 in
1995 1743 2164 1774 obiectum
2189 1748 2221 1774 et
2246 1743 2280 1773 in
2304 1741 2467 1773 rationem

1384 1795 1555 1826 formalem
1580 1795 1711 1831 obiecti,
1728 1795 1812 1825 sicut
1835 1794 1949 1826 eadem
1973 1795 2099 1825 visione
2122 1794 2272 1825 videmus
2295 1792 2409 1825 lumen
2433 1798 2466 1824 et

1382 1846 1538 1882 colorem,
1573 1847 1629 1886 qui
1660 1844 1698 1876 fit
1728 1845 1858 1876 visibilis
1890 1851 1963 1876 actu
1992 1854 2050 1886 per
2076 1849 2194 1875 colorem
2222 1845 2346 1876 lumen.
2375 1843 2465 1876 Cum

1383 1905 1491 1930 autem
1511 1923 1517 1928 .
1534 1923 1540 1929 .
1557 1922 1564 1928 .
1582 1908 1620 1929 ex
1645 1897 1720 1929 fine.
1746 1898 1788 1929 Et
1811 1899 1857 1929 sic
1881 1897 1954 1929 finis
1978 1901 2171 1928 consideratur
2193 1903 2403 1939 comparatur
2425 1896 2472 1929 nd·

241 1949 342 1978 sentia
367 1947 484 1978 divina.
509 1951 525 1984 ξ
540 1951 614 1977 Item.
634 1951 719 1984 Supra
738 1957 875 1977 ostensum
895 1958 935 1977 est
954 1953 1026 1985 quod
1045 1953 1162 1985 primum
1185 1951 1324 1985 appetibile
1340 1960 1362 1980 ³5
1380 1951 1488 1991 ipsum
1513 1951 1597 1981 sicut
1621 1950 1701 1980 ratio
1726 1949 1871 1981 formalis
1888 1949 1928 1981 ad
1953 1949 2130 1987 obiectum,
2155 1955 2192 1981 ut
2214 1949 2327 1981 lumen
2351 1947 2392 1980 ad
2407 1958 2464 1981 co-

241 2008 267 2028 et
285 2003 399 2036 primum
418 2002 578 2035 intelligibile
598 2009 638 2028 est
658 2004 737 2029 idem.
756 2004 873 2029 Primum
888 2009 976 2029 autem
995 2003 1157 2036 intelligibile
1177 2008 1218 2029 est
1236 2003 1321 2029 divina

241 2055 362 2086 essentia,
381 2062 461 2088 quam
481 2055 655 2088 principaliter
672 2055 791 2088 intelligit
811 2055 919 2080 divinus
933 2055 1033 2087 primus
1053 2055 1211 2085 intellectus.
1225 2055 1322 2080 scilicet

240 2107 350 2132 divinus.
376 2106 492 2131 Primum
516 2106 593 2139 igitur
617 2107 757 2140 appetibile
781 2112 822 2132 est
842 2107 927 2132 divina
949 2107 1071 2132 essentia.
1097 2106 1130 2132 Et
1152 2107 1219 2132 hanc
1244 2108 1322 2140 igitur

239 2157 412 2190 principaliter
425 2158 480 2182 vult
492 2158 592 2190 primus
605 2158 705 2183 volens.
722 2155 740 2193 ἓ
758 2154 844 2185 Cum
870 2160 977 2185 autem
1004 2155 1141 2185 essentia
1158 2154 1265 2185 divina
1282 2156 1321 2186 sit

1379 2002 1494 2032 lorem.
1520 2000 1607 2032 Cum
1633 2001 1730 2041 igitur
1747 2024 1754 2031 .
1769 2025 1776 2031 .
1792 2024 1799 2031 .
1821 2010 1854 2031 se
1880 2006 1912 2032 et
1935 2001 2006 2032 alia.
2031 2002 2049 2041 §
2071 2000 2232 2042 Amplius.
2262 1999 2364 2039 Quod
2391 2008 2464 2042 pet-

1381 2054 1463 2084 fecte
1481 2053 1692 2094 cognoscitur
1707 2058 1739 2083 et
1755 2051 1956 2083 desideratur
1970 2052 2154 2084 secundum
2173 2057 2276 2083 totam
2292 2060 2386 2083 suam
2399 2056 2471 2092 m

1378 2107 1532 2137 virtutem
1550 2105 1761 2145 cognoscitur
1776 2110 1808 2135 et
1824 2104 2032 2136 desideratur.
2057 2104 2146 2143 Finis
2170 2109 2281 2135 autem
2304 2106 2464 2134 desiderium

1379 2156 1506 2199 (virtus)
1526 2162 1574 2187 est
1593 2161 1649 2186 eius
1669 2165 1736 2187 non
1750 2155 1858 2187 solum
1875 2155 2058 2187 secundum
2071 2155 2163 2198 quod
2178 2155 2211 2186 in
2229 2165 2262 2188 se
2274 2158 2466 2186 con-stam

240 2206 300 2236 Dei
321 2205 498 2246 intelligere
523 2212 553 2236 et
578 2207 688 2236 omnia
712 2207 772 2236 alia
797 2216 879 2247 quae
904 2207 936 2236 in
961 2207 1033 2247 ipso
1058 2216 1127 2237 esse
1157 2206 1319 2244 dicuntur,
1336 2224 1361 2243 ,ο
1376 2208 1584 2247 desideratur,
1601 2207 1657 2239 sed
1673 2207 1770 2239 etiam
1783 2207 1964 2238 secundum
1978 2207 2069 2248 quod
2085 2208 2147 2239 alia
2169 2207 2254 2240 fiunt
2276 2209 2464 2250 appetibilia

238 2258 447 2289 manifestum
469 2264 515 2288 est
534 2259 668 2289 ulterius
686 2258 775 2299 quod
802 2258 920 2290 eodem
945 2257 1075 2301 (modo)
1101 2259 1321 2300 principaliter

239 2319 257 2338 a
276 2313 318 2338 De
337 2309 405 2339 vult
435 2319 468 2340 se
493 2310 681 2350 intelligere,
707 2320 740 2340 se
770 2310 863 2346 velle,
889 2319 922 2340 se
947 2319 1016 2341 esse
1039 2319 1154 2346 unum,
1172 2316 1203 2340 et
1228 2311 1319 2350 quic-

240 2360 319 2401 quid
335 2361 422 2391 aliud
447 2367 493 2391 est
517 2361 714 2392 huiusmodi.

1375 2266 1508 2300 propter
1518 2260 1637 2300 ipsum.
1652 2263 1726 2289 Deus
1736 2262 1823 2296 igitur
1834 2262 1882 2296 qui
1896 2262 2018 2298 perfecte
2029 2263 2087 2288 vult
2103 2262 2221 2296 teipsum
2234 2263 2281 2290 ἰιιο
2291 2266 2356 2290 actu
2368 2270 2422 2298 qno
2434 2269 2466 2292 se

1375 2310 1441 2350 Qui
1461 2311 1558 2352 igitur
1578 2310 1720 2352 perfecte
1745 2309 1904 2342 desiderat
1927 2309 2039 2350 finem,
2063 2315 2204 2352 utroque
2227 2310 2330 2343 modo
2354 2313 2464 2354 ipsum

1377 2362 1545 2394 desiderat.
1571 2362 1635 2394 Sed
1658 2373 1726 2394 non
1751 2368 1799 2394 est
1815 2371 1939 2403 ponere
1956 2362 2099 2403 aliquem
2116 2368 2225 2394 actum
2246 2363 2308 2394 Dei
2324 2363 2463 2396 volentis

1375 2423 1443 2455 quo
1467 2415 1544 2446 velit
1568 2424 1602 2446 se
1629 2420 1661 2445 et
1684 2424 1752 2445 non
1777 2414 1854 2446 velit
1877 2423 1910 2445 se
1934 2413 2089 2455 perfecte,
2114 2418 2175 2451 quin
2194 2418 2215 2444 si
2234 2425 2314 2444 suum
2331 2418 2403 2444 velle
2420 2417 2464 2445 eui

263 2470 344 2512 Cap.
362 2471 488 2501 LXXV.
509 2471 606 2509 Quor>
632 2472 718 2502 Dans
743 2481 890 2502 vomuno
916 2482 960 2508 siz,
986 2482 1065 2503 vum
1093 2483 1187 2503 amm
1213 2483 1294 2503 ΑωΑ.
1334 2483 1358 2503 ις
1375 2478 1423 2496 ⁸⁰⁸
1442 2471 1564 2500 ‘memmi
1588 2475 1693 2504 oportet
1716 2471 1788 2503 quod
1812 2470 1937 2504 quicquid
1965 2477 2137 2504 qu⁰⁶⁰¹²¹q¹¹⁶
2160 2469 2242 2495 “²0⁶⁰
2267 2470 2415 2497 mm
2433 2470 2463 2497 ¹¹¹

283 2576 299 2610 ς
320 2576 367 2602 Ex
385 2576 435 2602 hoc
446 2580 535 2602 autem
555 2577 627 2609 quod
646 2577 704 2602 vult
721 2584 750 2602 se
768 2584 782 2602 e
806 2575 824 2612 ἓ
841 2573 927 2604 Hinc
945 2580 1053 2604 autern
1072 2573 1198 2613 ostendi
1212 2581 1319 2616 potest

239 2624 338 2666 quod,
356 2624 498 2654 volendo
512 2634 555 2663 se,
570 2624 637 2655 vult
650 2625 746 2655 etiam
759 2625 829 2655 alia.
844 2629 881 2654 Ex
891 2628 941 2654 hoc
952 2630 1021 2655 enim
1032 2630 1102 2663 quod
1111 2630 1168 2655 vult
1178 2630 1319 2656 essentiam

238 2687 323 2709 suam,
335 2679 392 2704 vult
401 2678 525 2712 quicquid
537 2679 562 2703 in
573 2679 731 2712 perfectione
742 2687 806 2705 suae
820 2681 949 2706 essentiae
959 2681 1107 2707 includitur.
1121 2682 1173 2707 Sed
1186 2682 1243 2715 ipsa
1253 2682 1320 2707 actio

1375 2525 1432 2550 eius
1454 2525 1567 2550 essentia
1587 2523 1776 2557 complectatur
1795 2527 1868 2548 actus
1887 2522 1991 2548 volendi
2013 2518 2104 2560 (cum
2119 2518 2153 2550 in
2179 2527 2219 2550 eo
2242 2518 2321 2550 nihil
2338 2518 2378 2550 sit
2401 2518 2463 2550 im·

1378 2570 1586 2613 perfectum.)
1610 2570 1769 2614 Quolibet
1785 2571 1882 2611 igitur
1898 2576 1971 2601 actu
1989 2580 2058 2612 quo
2074 2570 2164 2602 Deus
2180 2569 2250 2601 vult
2273 2579 2318 2607 se,
2334 2569 2405 2602 vult
2426 2578 2463 2602 se

1379 2623 1527 2655 absolute
1546 2633 1573 2652 et
1591 2627 1738 2652 secundum
1758 2627 1830 2661 quod
1849 2631 1891 2652 ent
1911 2626 1968 2652 aliis
1987 2627 2053 2652 ratio
2071 2626 2185 2653 volendi.
2205 2626 2279 2652 Licet
2302 2631 2391 2653 nutem
2410 2625 2463 2653 2110

1375 2683 1435 2704 ectu
1454 2678 1597 2704 voluntatis
1616 2678 1700 2711 possit
1718 2678 1778 2711 quis
1797 2678 1866 2703 velle
1885 2676 1966 2704 finem
1985 2677 2113 2709 absolute,
2135 2683 2163 2704 et
2181 2685 2212 2704 ea
2232 2685 2302 2712 quae
2319 2683 2382 2704 sunt
2399 2684 2461 2712 pro-

238 2738 290 2764 qua
303 2730 422 2764 producit
434 2737 478 2755 res
493 2730 550 2755 vult
568 2735 609 2755 eat
621 2738 670 2755 sua
682 2731 805 2756 essentia.
819 2731 882 2756 Vult
895 2731 972 2763 igitur
985 2733 1068 2764 ipsam
1083 2732 1280 2764 productionem
1294 2738 1321 2758 et
1337 2741 1362 2761 5⁰
1375 2736 1435 2764 pter
1453 2729 1542 2759 finem.
1561 2734 1650 2755 nmen
1669 2728 1749 2755 finem
1768 2733 1798 2754 ut
1817 2733 1857 2754 est
1875 2728 1941 2754 ratio
1959 2728 2065 2754 volendi
2084 2728 2160 2762 <his>
2183 2724 2237 2765 (en)
2261 2736 2329 2763 quae
2347 2734 2411 2756 eunt
2428 2728 2462 2756 nd

238 2790 285 2816 per
299 2789 463 2815 consequens
477 2789 519 2806 res
530 2781 679 2814 productas.
693 2781 709 2814 §
724 2782 861 2807 Praeterea
892 2779 995 2810 Cuius
1023 2779 1140 2819 (enim)
1166 2786 1213 2810 est
1238 2779 1319 2810 velle

238 2829 338 2860 finem
355 2829 582 2869 principaliter,
600 2829 669 2859 eius
686 2835 732 2859 est
751 2830 830 2860 velle
852 2840 888 2860 ea
906 2840 989 2870 quae
1007 2837 1082 2861 sunt
1099 2831 1138 2861 ad
1155 2830 1254 2862 finem
1272 2841 1319 2861 ra-

238 2883 327 2914 tione
340 2882 422 2913 finis.
437 2882 493 2912 Est
518 2887 626 2912 autem
651 2883 719 2922 ipse
737 2882 825 2913 Deus
847 2883 978 2914 ultimus
996 2893 1103 2915 rerum
1129 2883 1212 2923 finis,
1230 2890 1265 2915 ut
1282 2894 1319 2915 ex

238 2934 408 2976 praedictis
422 2934 624 2974 aliquatenus
638 2940 734 2974 patet,
759 2941 785 2963 ee
804 2939 864 2964 erit.
886 2935 931 2965 Ex
951 2936 1014 2966 hoc
1032 2937 1127 2976 igitur
1144 2936 1235 2976 quod
1251 2936 1321 2967 vult

1377 2782 1466 2813 finem.
1479 2783 1573 2808 eodem
1587 2787 1646 2808 actu
1660 2767 1801 2807 voluntatis
1820 2786 1926 2814 oportet
1939 2781 2008 2806 velle
2021 2788 2083 2807 cum
2095 2780 2136 2807 his
2151 2788 2221 2814 quae
2240 2786 2302 2807 sunt
2320 2781 2354 2808 ad
2371 2779 2462 2809 finem.

1378 2835 1554 2868 Quocumque
1573 2834 1650 2868 igitur
1674 2839 1732 2859 actu
1755 2833 1897 2859 voluntatis
1922 2832 1994 2859 Deus
2013 2833 2070 2858 vult
2093 2840 2132 2864 ee,
2155 2833 2214 2859 vult
2231 2833 2310 2858 etiarn
2335 2840 2368 2858 ea
2391 2839 2461 2867 qm

1376 2890 1438 2910 sunt
1455 2885 1494 2910 ad
1509 2885 1534 2909 in
1547 2885 1634 2917 ipsum
1647 2883 1766 2908 ordinata
1779 2883 1845 2908 sicut
1863 2883 1889 2908 in
1903 2881 1983 2908 finem
2003 2877 2049 2920 (et
2065 2878 2126 2910 alia
2141 2883 2276 2920 propter
2293 2877 2352 2920 se.)
2366 2879 2383 2896 ⁹
2413 2889 2462 2910 noc

1380 2933 1452 2964 Alia
1469 2941 1546 2963 vero
1571 2941 1588 2962 a
1613 2941 1646 2962 se
1670 2940 1738 2962 non
1763 2930 1832 2961 vult
1856 2931 1917 2961 nisi
1942 2931 2138 2971 inquantum
2162 2929 2232 2961 vult
2255 2939 2300 2969 se,
2325 2934 2360 2960 ut
2384 2938 2462 2971 pro-

239 2996 272 3016 se
285 2995 363 3022 esse,
378 2986 473 3016 etiarn
488 2985 547 3015 alia
561 2985 639 3022 vult,
649 2994 731 3025 quae
746 2986 778 3016 in
793 2987 899 3026 ipsum
913 2987 996 3018 sicut
1009 2988 1040 3017 in
1054 2986 1153 3018 finem
1168 2987 1320 3018 ordinan-
1337 3000 1359 3020 55
1378 2984 1490 3014 batum
1508 2989 1564 3014 est·
1582 2982 1791 3022 Relinquitur
1808 3004 1815 3012 ·
1831 3005 1837 3012 -
1853 3005 1860 3012 ·
1875 2981 2003 3012 eodem·
2020 2982 2038 3021 ἓ
2055 2981 2183 3013 Adhuc·
2201 2980 2292 3012 Sicut
2308 2989 2347 3011 ex
2362 2989 2461 3022 8111)ῐᾶ

239 3043 300 3068 tur.
324 3038 342 3076 §
359 3037 449 3069 Item.
472 3040 552 3071 Quod
570 3040 629 3073 quis
645 3044 761 3073 propter
773 3047 801 3066 se
814 3042 859 3066 vul
877 3038 1112 3079 Unusquisque
1137 3039 1205 3069 eius
1230 3038 1320 3079 quod

241 3094 287 3119 est
303 3094 435 3129 propter
448 3101 476 3118 se
492 3087 628 3130 (ipsum)
643 3090 682 3119 ab
695 3091 766 3130 ipso
780 3091 917 3121 volitum
932 3096 962 3121 et
979 3096 1133 3126 amatum,
1148 3089 1317 3130 perfectio-

240 3149 315 3170 nem
339 3140 506 3171 desiderat.
527 3144 602 3169 Unde
622 3140 715 3178 Quae
743 3141 856 3183 (enim)
883 3148 1015 3182 propter
1039 3151 1071 3172 se
1096 3150 1243 3172 amamus
1262 3151 1320 3171 vo-

239 3192 347 3222 lumus
376 3202 444 3223 esse
472 3194 607 3233 optima,
636 3200 666 3224 et
698 3203 825 3234 semper
856 3194 1018 3224 meliorari
1050 3199 1081 3224 et
1112 3193 1319 3234 multiplicari

1378 3035 1470 3066 dictis
1486 3059 1491 3065 .
1506 3059 1511 3065 .
1524 3058 1530 3064 .
1546 3044 1579 3065 se
1597 3040 1628 3065 et
1640 3034 1710 3065 alia.
1730 3037 1771 3071 *ς
1786 3037 1858 3063 item.
1872 3037 1944 3062 Duas
1958 3037 2087 3070 perfect-s
2099 3038 2266 3071 operationes
2279 3038 2359 3064 simul
2371 3037 2461 3071 egredi

1377 3092 1409 3117 ab
1429 3091 1522 3116 eudem
1547 3091 1658 3124 simplici
1683 3091 1797 3124 potentia
1817 3089 1981 3123 impossibile
2003 3094 2060 3116 ecta
2084 3097 2146 3116 nam
2167 3090 2189 3115 ai
2209 3090 2244 3115 eit
2264 3089 2383 3123 operatio
2400 3095 2462 3123 pu·

1378 3142 1453 3173 fecta,
1474 3143 1497 3167 ei
1523 3142 1653 3175 quantitas
1677 3141 1778 3167 virtutis
1803 3141 1922 3174 propriae
1945 3141 2114 3175 adaequatur.
2140 3148 2201 3166 cum
2225 3146 2395 3166 mensuretur
2415 3146 2459 3166 u-

1379 3195 1494 3220 cundum
1518 3194 1543 3219 id
1567 3195 1599 3219 ad
1619 3194 1690 3228 quod
1715 3199 1764 3220 est.
1786 3194 1854 3219 Cum
1873 3198 1962 3219 nutem
1981 3192 2056 3219 Deus
2075 3193 2131 3218 vult
2147 3200 2178 3218 se
2197 3193 2326 3223 absolute.
2344 3190 2460 3226 perfluere

241 3249 398 3283 quantum
423 3244 575 3284 possibile
601 3250 657 3275 est.
683 3245 754 3285 lpse
779 3252 889 3276 autem
915 3245 1002 3276 Deus
1031 3245 1203 3275 essentiam
1227 3254 1319 3275 suam
1334 3250 1362 3270 ⁶⁰
1376 3245 1433 3271 vult
1452 3252 1490 3275 βο,
1509 3252 1542 3270 eo
1563 3245 1634 3278 quod
1654 3252 1732 3271 suum
1752 3245 1820 3270 velle
1838 3250 1880 3270 εστ
1894 3251 1942 3270 su·
1961 3244 2083 3269 volunta
2097 3249 2123 3270 οἵ
2141 3251 2189 3270 ω·
2206 3243 2327 3269 eosentin.
2340 3242 2367 3268 Sl
2381 3241 2460 3276 ¹8¹⁰st

242 3299 373 3333 propter
392 3306 420 3323 se
440 3295 542 3334 ipsam
567 3295 635 3325 vult
663 3302 694 3326 et
718 3302 813 3326 amat.
840 3296 915 3326 Non
941 3301 1049 3326 autern
1066 3306 1118 3331 per
1137 3295 1318 3326 secundum

242 3354 275 3375 se
297 3346 542 3385 augmentabilis
567 3352 598 3376 et
622 3347 875 3388 multiplicabilis
901 3353 957 3383 est,
983 3353 1018 3378 ut
1043 3357 1080 3378 ex
1106 3356 1203 3387 supra
1226 3346 1319 3377 dictis

243 3401 289 3425 est
306 3395 521 3433 manifestum,
538 3403 577 3426 est
589 3405 679 3427 aurem
693 3401 741 3427 hoc
755 3402 843 3430 modo,
869 3398 923 3429 sed
941 3399 1048 3429 solum
1066 3398 1318 3438 multiplicabilis

244 3451 290 3476 est
306 3447 484 3478 secundum
509 3458 599 3478 suam
625 3449 879 3486 similitudinem,
906 3459 989 3490 quae
1014 3460 1030 3480 a
1054 3450 1165 3480 multis
1190 3450 1318 3490 partici-

1377 3298 1425 3323 alia
1443 3298 1596 3332 operatione
1614 3297 1678 3323 velit
1696 3304 1726 3322 se
1745 3301 1774 3321 ut
1792 3295 1871 3322 finem
1891 3303 1980 3322 rerum
2006 3296 2048 3321 vel
2071 3295 2151 3321 etiam
2169 3302 2213 3321 res
2237 3296 2309 3325 nilne,
2333 3298 2460 3328 sequetur

1377 3349 1449 3383 quod
1469 3356 1521 3374 non
1540 3348 1618 3373 simul
1639 3348 1702 3373 assit
1715 3348 1737 3372 ei
1754 3352 1866 3380 utraque
1883 3347 2001 3380 operatio
2018 3345 2170 3372 voluntati·-
2189 3344 2245 3370 Erit
2263 3345 2340 3378 igitur
2358 3345 2384 3370 in
2401 3345 2458 3370 eiu·

1378 3399 1536 3432 operatione
1559 3399 1692 3423 voluntate
1717 3398 1859 3427 successio.
1883 3402 1909 3422 et
1939 3397 1977 3422 sic
2001 3397 2050 3422 erit
2073 3396 2099 3422 ln
2122 3400 2252 3429 tempore,
2279 3395 2352 3428 quod
2373 3402 2459 3428 supra

1378 3451 1450 3485 quod
1469 3459 1500 3476 ex
1519 3450 1656 3484 praedictis
1677 3454 1748 3483 patet
1766 3456 1827 3474 esee
1850 3447 2022 3481 impossibiie.
2041 3443 2058 3460 “
2070 3441 2176 3485 (Item.
2194 3441 2282 3473 Cum
2300 3442 2390 3474 Deus
2403 3466 2411 3474 .
2425 3465 2433 3473 .
2447 3464 2456 3474 .

244 3502 345 3535 patur.
371 3501 450 3527 Hanc
479 3502 564 3535 igitur
588 3499 665 3530 Vult
689 3501 784 3540 igitur
808 3500 897 3531 Deus
926 3510 1032 3531 rerum
1064 3500 1317 3536 multitudinem,
1333 3514 1357 3535 ος
1379 3497 1612 3540 operationes.)
1637 3499 1653 3515 '
1670 3499 1688 3536 ᾖ
1703 3497 1882 3528 Praeterea.
1907 3495 1943 3527 In
1959 3494 2051 3526 omni
2066 3497 2225 3530 operatione
2241 3499 2315 3525 actu
2339 3493 2457 3526 volun-

246 3557 281 3577 ex
299 3548 361 3578 hoc
378 3549 467 3588 quod
485 3559 575 3579 suam
594 3551 763 3580 essentiam
782 3557 813 3581 et
833 3550 1068 3591 perfectionem
1086 3551 1154 3582 vult
1171 3557 1202 3581 et
1222 3556 1316 3582 amat.

245 3599 262 3636 §
276 3598 434 3638 AmpliuS.
452 3599 661 3640 Quicumque
678 3607 763 3632 amat
781 3602 903 3642 aliquid
921 3607 1093 3639 principaliter
1103 3609 1218 3638 propter
1232 3606 1317 3638 ipsum

245 3649 424 3679 secundum
442 3660 475 3680 se
491 3657 522 3680 et
539 3657 669 3691 propter
683 3653 800 3692 ipsum,
815 3659 900 3683 amat
913 3663 968 3693 per
986 3662 1191 3694 consequens
1208 3653 1319 3683 omnia

245 3699 278 3729 in
303 3699 420 3738 quibus
444 3699 523 3731 illud
547 3701 720 3732 invenitur:
755 3709 790 3733 ut
822 3704 877 3743 qui
902 3709 987 3733 amat
1012 3703 1218 3734 dulcedinem
1243 3712 1318 3743 pro-

1375 3551 1448 3581 tatis
1473 3550 1611 3581 volitum
1632 3554 1840 3590 comparatur
1862 3546 1903 3578 ad
1926 3545 2091 3577 volentem
2117 3550 2152 3576 ut
2175 3555 2312 3576 movens
2329 3544 2368 3576 ad
2384 3554 2457 3576 mo-

1376 3608 1458 3632 tum.
1487 3601 1519 3633 Si
1551 3601 1694 3641 igitur..
1709 3623 1716 3630 .
1730 3597 1942 3640 impossibile.
1966 3597 1985 3636 ἓ
2001 3596 2163 3637 Amplius.
2186 3601 2251 3626 Esse
2274 3596 2366 3628 Velle
2395 3595 2457 3628 Dei

1377 3658 1424 3683 est
1452 3661 1549 3683 suum
1577 3661 1656 3688 esse,
1689 3657 1724 3682 ut
1751 3650 1925 3691 probatum
1954 3653 2011 3678 est.
2036 3647 2100 3679 Sed
2127 3648 2160 3678 in
2190 3647 2262 3679 Deo
2281 3671 2288 3678 .
2304 3670 2334 3679 ..
2350 3657 2456 3679 unum

1378 3704 1469 3735 velle.
1494 3704 1512 3742 5
1529 3703 1620 3734 ltem.
1638 3702 1730 3733 Velle
1754 3700 1913 3741 competit
1937 3699 2009 3730 Deo
2034 3698 2215 3730 secundum
2233 3697 2324 3740 quod
2343 3704 2391 3730 est
2406 3698 2456 3729 in-

247 3755 317 3790 pter
333 3749 445 3789 ipsam,
463 3757 592 3790 oportet
611 3752 701 3792 quod
717 3755 827 3784 omnia
845 3753 951 3785 dulcia
968 3760 1063 3785 amet.
1082 3753 1145 3785 Sed
1162 3754 1250 3784 Deus
1264 3776 1271 3783 .
1287 3776 1293 3783 .
1309 3777 1316 3784 .
1333 3770 1360 3790 70
1376 3755 1535 3796 telligens.
1561 3754 1651 3786 Sicut
1667 3753 1763 3794 igitur
1787 3754 1962 3789 intelligendo
1980 3761 2008 3780 se
2027 3754 2156 3788 imeuigit
2173 3754 2230 3780 alia
2244 3761 2298 3787 per
2315 3753 2366 3780 hoc
2383 3753 2457 3787 qnod

247 3800 449 3840 aliquatenus
474 3806 569 3841 patet.
601 3802 806 3843 Relinquitur
833 3805 929 3844 igitur
954 3804 1043 3845 quod
1075 3805 1163 3835 Deus
1191 3813 1229 3834 ex
1254 3804 1317 3834 hoc

247 3851 318 3891 ipso
336 3851 426 3892 quod
450 3852 518 3882 vult
538 3864 566 3881 se
587 3858 617 3883 et
639 3859 723 3883 amat
739 3863 782 3890 se,
808 3855 876 3885 vult
892 3861 923 3886 et
940 3861 1023 3886 amat
1040 3855 1110 3886 alia.
1136 3859 1151 3892 fi
1171 3858 1271 3884 Adhuc.
1291 3858 1318 3883 ln

247 3905 303 3930 Deo
321 3911 382 3931 sunt
401 3914 487 3931 rerum
506 3909 624 3932 omnium
645 3908 763 3939 propriae
783 3909 904 3939 rationes,
923 3915 951 3935 ut
970 3917 1049 3942 supra
1067 3916 1204 3936 ostentum
1224 3914 1273 3936 est.
1292 3910 1318 3935 Si

1376 3813 1416 3835 est
1435 3814 1503 3836 uno
1539 3810 1613 3836 actu
1636 3803 1785 3843 intelligit
1808 3811 1841 3835 se
1866 3807 1897 3832 et
1920 3801 1991 3837 alia,
2016 3801 2210 3842 inquantum
2236 3801 2373 3832 essentia
2397 3810 2455 3832 sua

1377 3862 1425 3887 est
1452 3855 1617 3896 exemplar
1644 3854 1804 3889 omnium,
1830 3853 1872 3883 ita
1900 3861 1967 3882 uno
1992 3858 2066 3883 actu
2094 3853 2163 3883 vult
2189 3861 2223 3883 se
2251 3858 2283 3883 et
2313 3851 2375 3883 alia
2404 3852 2454 3883 in-

1377 3913 1536 3948 quantum
1555 3917 1606 3935 unu
1629 3914 1687 3936 sua
1710 3904 1838 3935 bonitas
1862 3908 1910 3934 est
1933 3903 2014 3934 ratio
2039 3903 2146 3934 omnis
2170 3902 2334 3934 bonitatis.

321 4006 334 4031 3
355 4007 397 4040 qui
417 4007 484 4042 dicit]
506 4009 620 4041 Spatium
640 4008 758 4034 relictum
778 4016 825 4040 pro
844 4009 931 4034 verbis
946 4011 1083 4042 Augustini
1103 4019 1239 4044 nunquam
1258 4012 1394 4045 impletum
1413 4011 1469 4038 fuit.

2501 257 2512 288 ζ
2540 257 2602 289 Casu
2623 263 2669 289 pro
2692 258 2716 280 {n

2501 283 2663 311 rpemvidanf.
2671 284 2687 308 l.
2693 284 2715 308 8.

2499 576 2547 594 axv
2561 571 2576 594 b
2591 572 2688 601 maini.

2498 624 2534 647 lb.
2548 625 2564 648 1.
2580 631 2618 653 4²-

2495 1136 2604 1162 anot·

2492 1649 2519 1673 ις
2529 1649 2541 1669 r
2553 1644 2568 1668 ᾰ
2581 1650 2646 1675 9-1».
2658 1649 2709 1674 ⁸¹⁷·

2487 2883 2672 2920 wie-aja.

2486 3035 2594 3066 „rba
