2768 4134
0 926 2 929 '
0 726 17 909 &uuo-*222
7 699 15 714 *J
4 656 11 681 “-
6 611 12 615 -
9 594 11 596 -

37 1055 153 1079 ‘maxt-
162 1059 185 1078 et
192 1061 250 1082 πῆς

32 1085 159 1133 mm
181 1088 205 1105 ιι.
222 1089 250 1110 ιι,

703 268 891 305 SUMMA
920 270 1142 307 CONTRA
1170 270 1443 317 GENTILES,
1472 272 1566 308 LIB.
1588 272 1629 317 ΙΙ,
1659 272 1770 309 CAP.
1791 273 1904 319 LXII,
1924 273 2053 310 LXIII.

280 346 308 377 11
324 345 364 375 de
378 345 507 381 Anima,
523 350 599 375 text.
615 353 670 383 41,
687 345 743 376 ubi
767 346 907 376 ostendit
921 347 1031 387 ignem
1046 356 1115 377 non
1131 357 1200 378 esse
1223 358 1352 379 causam

280 389 456 430 augmenti,
488 389 545 419 sed
576 398 644 419 esse
678 390 930 421 instrumentum
960 392 1096 422 animae.
1129 392 1215 432 Ergo
1246 393 1353 423 anima

279 433 464 474 vegetabilis
487 443 526 464 ex
555 433 791 464 elementorum
817 435 1050 466 commixtione
1079 436 1256 476 procedere
1283 447 1351 467 non

279 483 398 519 potest.

336 522 447 553 Sexto.
460 522 663 562 Praeparatio
677 523 944 553 commixtionem
960 523 1197 554 elementorum
1213 534 1353 565 sequens

279 576 297 597 a
321 575 458 607 corpore
475 565 646 606 dependet.
669 566 755 606 Ergo
771 576 839 597 non
856 574 903 597 est
924 568 1107 598 intellectus
1122 569 1294 608 possibilis,
1312 569 1352 599 de

279 620 347 651 quo
371 611 488 641 dicitur
511 610 553 640 111
574 610 615 640 de
637 610 766 646 Anima,
792 611 882 651 quod
905 621 943 642 eo
968 612 1122 652 opinatur
1145 618 1176 643 et
1199 613 1354 654 intelligit

279 655 400 685 anima.
416 672 441 677 —
454 653 660 685 Antecedens
680 660 776 695 patet.
792 673 816 678 -
832 655 1077 696 Consequentia
1093 666 1170 687 vero
1186 658 1350 697 probatur.

279 699 365 737 Quia
387 699 569 729 intellectus
593 699 754 739 possibilis
779 709 796 729 a
820 709 957 740 corpore
980 710 1048 731 non
1072 700 1242 741 dependet.
1265 701 1352 732 Cum

279 744 367 774 enim
390 743 568 783 intelligere
592 743 631 772 sit
651 744 797 783 operatio
821 744 854 774 in
878 754 943 784 qua
965 745 1166 785 impossibile
1190 751 1237 775 est
1261 755 1351 776 com-

277 788 445 818 municare
477 796 673 828 corporeum
703 797 872 828 organum,
903 788 983 819 illud
1012 790 1208 830 principium
1235 790 1268 819 in
1291 790 1351 820 ho-

277 832 366 863 mine
391 832 444 862 cui
467 832 547 862 haec
564 832 745 863 attribuitur
761 833 919 873 operatio,
937 834 994 873 qui
1015 838 1062 863 est
1077 833 1259 864 intellectus
1274 843 1351 874 pos—

278 876 387 913 sibilis,
413 881 543 916 oportet
566 886 635 907 esse
658 886 726 907 non
754 876 941 917 dependens
964 887 983 907 a
1006 887 1154 918 corpore.
1178 877 1265 918 Ergo
1290 883 1350 909 etc.

336 930 366 951 2.
383 921 518 952 Dicetur
533 920 617 951 forte
634 920 725 961 quod
740 922 938 962 principium
953 921 1135 962 praedictae
1154 922 1351 962 operationis

277 965 312 995 in
335 965 431 996 nobis
447 970 494 996 est
509 966 633 1006 species
649 965 858 1006 intelligibilis
874 965 957 996 facta
972 967 1006 996 in
1025 971 1099 997 actu
1122 967 1162 997 ab
1185 966 1350 997 intellectu

278 1014 404 1050 agente,
428 1019 497 1040 non
521 1015 630 1040 autem
653 1010 835 1041 intellectus
858 1010 1029 1051 possibilis.

336 1054 401 1085 Sed
424 1055 488 1085 hoc
511 1064 580 1085 non
603 1054 731 1085 videtur
746 1054 893 1086 sufficere
904 1056 930 1085 ’ἃ
948 1055 1036 1085 Tum
1053 1055 1139 1095 quia,
1156 1064 1232 1085 cum
1248 1056 1350 1085 homo

278 1098 318 1129 de
334 1098 532 1139 intelligente
544 1100 578 1130 in
593 1100 740 1139 potentia
754 1098 791 1129 fit
807 1105 881 1130 actu
897 1099 1089 1139 intelligens,
1109 1105 1238 1139 oportet
1260 1099 1351 1140 quod

276 1152 346 1173 non
369 1143 477 1174 solum
492 1152 551 1184 per
566 1144 709 1184 speciem
724 1143 890 1183 intelligat,
914 1143 970 1174 sed
986 1144 1082 1174 etiarn
1098 1153 1156 1184 per
1170 1144 1351 1184 potentiam

277 1187 421 1228 aliquam
450 1188 697 1218 intellectivam:
722 1188 806 1219 sicut
835 1193 867 1218 et
889 1189 923 1219 in
950 1197 1047 1218 sensu
1074 1188 1199 1219 accidit.
1229 1188 1270 1218 Et
1293 1189 1349 1225 sic,

275 1236 402 1272 praeter
432 1232 586 1272 speciem,
618 1237 749 1272 oportet
778 1241 902 1272 ponere
928 1232 1131 1263 intellectum
1161 1232 1350 1272 possibilem

275 1281 432 1317 tanquam
454 1276 652 1317 principium
675 1277 915 1313 intellecfionis‚
939 1287 957 1307 a
980 1286 1119 1317 corpore
1145 1277 1259 1316 utique
1283 1286 1351 1307 non

276 1319 526 1361 dependentem.
791 1328 793 1330 ·

292 1377 307 1380 ⁷<
322 1363 365 1394 ’Τ
363 1364 522 1405 ι1111”’ςυία
544 1365 669 1405 species
691 1374 761 1395 non
785 1370 832 1395 est
858 1364 1066 1404 intelligibilis
1094 1370 1167 1395 actu
1190 1365 1251 1394 nisi
1275 1374 1351 1395 curn

276 1414 324 1439 est
346 1408 501 1449 depurata
520 1409 560 1439 ab
576 1417 645 1439 esse
668 1409 834 1439 materiali.
857 1408 932 1439 Hoc
947 1414 1056 1439 autem
1072 1418 1142 1439 esse
1159 1418 1228 1439 non
1244 1414 1352 1448 potest

276 1452 422 1493 quandiu
445 1452 542 1483 fuerit
565 1453 599 1483 in
619 1453 726 1493 aliqua
749 1453 895 1493 potentia
911 1462 996 1493 quae
1019 1454 1059 1483 sit
1075 1458 1165 1483 actus
1180 1453 1352 1483 materialis

275 1497 400 1537 organi,
416 1502 472 1527 aut
494 1497 535 1527 sit
558 1502 688 1527 causata
707 1507 726 1527 a
741 1497 908 1537 principiis
930 1496 1158 1527 materialibus,
1175 1497 1218 1527 Et
1232 1497 1278 1527 sic
1294 1506 1351 1527 ne—

275 1549 364 1578 cesse
380 1545 428 1571 est
450 1546 576 1581 praeter
590 1541 695 1582 ipsam
710 1550 834 1581 ponere
849 1541 1052 1571 intellectum
1075 1541 1275 1581 possibilem,
1294 1542 1351 1581 qui

274 1584 316 1615 sit
337 1584 567 1615 immaterialis.

329 1628 413 1659 VIII.
437 1628 590 1668 Septimo.
610 1628 796 1659 Intellectus
812 1628 973 1669 possibilis
990 1633 1037 1658 est
1046 1627 1130 1668 pars
1145 1629 1284 1664 animae,
1302 1637 1350 1658 se-

274 1671 421 1703 cundum
443 1672 663 1703 Aristotelem.
694 1673 815 1703 Anima
838 1677 948 1703 autem
970 1681 1039 1702 non
1067 1677 1115 1702 est
1137 1673 1349 1712 praeparatio,

273 1715 331 1747 sed
354 1721 454 1747 actus.
478 1716 566 1757 Ergo
591 1721 652 1747 etc.

327 1760 430 1791 Notat
461 1766 571 1791 autem
601 1760 739 1791 Sanctus
769 1760 925 1796 Thomas,
953 1769 1015 1800 pro
1044 1761 1160 1791 maiori
1193 1759 1349 1797 doctrina,

273 1804 366 1845 quod
387 1805 464 1836 licet
486 1806 688 1846 praeparatio
704 1814 774 1835 non
789 1806 830 1835 sit
846 1810 946 1841 actus,
963 1805 1086 1835 scilicet
1101 1804 1277 1841 absolutus,
1295 1805 1351 1835 sed

274 1848 357 1880 ordo
374 1849 544 1890 potentiae
559 1849 604 1880 ad
618 1854 738 1885 actum,
762 1850 909 1890 sequitur
931 1855 1042 1879 tamen
1057 1848 1097 1879 ad
1113 1854 1222 1880 actum
1242 1849 1350 1889 aliqua

272 1894 475 1934 praeparatio
491 1894 532 1924 ad
555 1893 743 1924 ulteriorem
759 1899 878 1930 actum,
895 1894 979 1924 sicut
1001 1893 1042 1923 ad
1065 1899 1175 1924 actum
1199 1893 1350 1934 diaphani

273 1938 419 1978 sequitur
435 1937 516 1968 ordo
540 1937 581 1968 ad
604 1943 713 1968 actum
736 1937 832 1974 lucis;
849 1947 908 1978 per
922 1938 986 1968 hoc
1002 1938 1142 1968 innuens
1158 1937 1258 1977 quod,
1275 1937 1350 1968 licet

273 1982 456 2013 intellectus
472 1982 512 2012 sit
527 1987 617 2012 actus
634 1987 666 2012 et
687 1991 756 2012 non
772 1982 986 2022 praeparatio,
1005 1991 1074 2012 non
1093 1987 1203 2012 tamen
1225 1981 1350 2012 tollitur

274 2027 354 2067 quin
370 2026 411 2057 ad
426 2027 535 2067 ipsum
551 2031 704 2067 sequatur
726 2026 928 2067 praeparatio
945 2031 977 2056 et
993 2025 1074 2056 ordo
1099 2025 1139 2056 ad
1162 2025 1348 2055 ulteriorem

2395 275 2470 322 433

1408 355 1526 386 aetum,
1551 350 1671 380 scilicet
1695 350 1735 381 ad
1758 351 1900 391 speciem
1930 351 2164 391 intelligibilem
2192 358 2223 382 et
2251 353 2474 392 operationem

1407 403 1490 434 quae
1514 400 1561 424 est
1583 394 1769 425 intellectio.

1461 437 1704 469 Advertendum
1728 438 1817 479 quod
1841 439 2010 479 dupliciter
2036 439 2283 471 fundamentum
2306 441 2402 473 huius
2425 452 2475 473 ra-

1405 483 1502 513 tionis
1525 483 1725 522 interpretari
1743 492 1927 523 possumus.
1952 483 2072 520 Primo,
2088 485 2327 524 interpretando
2350 487 2474 517 intelle-

1405 532 1495 557 ctum
1518 536 1587 557 esse
1602 532 1726 566 partem
1742 528 1866 558 animae
1881 537 1949 558 non
1965 528 2153 567 integralem
2176 534 2231 559 aut
2253 530 2473 568 subiectivam,

1405 571 1463 601 sed
1479 571 1701 611 potentialem.
1727 570 1814 608 Quia
1837 572 1923 602 enim
1946 572 2053 602 anima
2076 578 2124 603 est
2147 578 2237 603 actus
2259 574 2392 613 primus,
2416 585 2473 606 ne-

1406 624 1494 646 cesse
1519 620 1566 645 est
1588 619 1624 644 ut
1647 615 1715 644 eius
1735 615 1831 645 etiam
1850 616 2025 655 potentiae,
2046 625 2128 656 quae
2145 617 2346 656 appellantur
2368 625 2473 659 partes

1405 660 1439 689 in
1463 669 1543 699 quas
1567 659 1674 689 anima
1697 657 1857 695 dividitur,
1882 660 1944 689 sint
1967 665 2056 690 actus
2079 661 2227 697 absoluti,
2251 671 2319 692 non
2346 669 2472 694 tantum

1405 703 1608 734 habitudines
1632 707 1687 733 aut
1711 702 1853 733 ordines:
1878 713 1936 743 per
1959 704 2119 743 potentias
2143 705 2230 735 enim
2249 707 2365 744 anima,
2389 717 2473 748 quae

1405 753 1452 778 est
1476 753 1566 778 actus
1589 747 1722 787 primuS,
1747 747 1913 778 ordinatur
1932 748 1972 778 ad
1987 749 2201 787 operationes.
2225 749 2266 779 Et
2289 751 2334 781 sic
2356 757 2472 791 poten-

1404 792 1467 822 tiae
1490 792 1609 822 habent
1632 792 1790 822 rationem
1813 793 1991 832 praeparati
2015 798 2046 822 et
2069 793 2206 823 ordinati
2228 795 2376 833 proximi.

1461 835 1623 872 Secundo,
1640 844 1698 874 per
1720 841 1844 876 partem
1859 837 1986 867 animae
2001 838 2209 878 intelligendo
2225 845 2347 878 partem
2370 839 2473 870 subie-

1405 880 1539 910 ctivam,·
1563 886 1594 911 et
1616 889 1674 920 per
1703 880 1903 911 intellectum
1931 883 2119 921 possibilem
2142 883 2353 913 substantiam
2380 884 2473 913 intel-

1405 925 1552 955 lectivam
1577 923 1809 966 intelligentem
1826 934 1890 966 per
1913 925 2107 956 intellectum
2125 927 2322 968 possibilem.
2338 927 2371 958 Si
2387 928 2474 958 enim

1404 969 1580 1000 substantia
1609 969 1833 1000 intellectualis
1860 969 2041 1010 intelligens
2063 980 2122 1011 per
2148 971 2348 1002 intellectum
2371 971 2474 1011 possi-

1404 1013 1503 1044 bilem
1527 1019 1575 1044 est
1598 1015 1718 1051 anima;
1743 1019 1775 1044 et
1798 1015 1904 1044 anima
1928 1019 1975 1044 est
1998 1020 2097 1051 actuS‚
2118 1025 2187 1045 non
2210 1021 2318 1046 autem
2341 1024 2473 1055 praepa-

1404 1058 1499 1088 ratio:
1524 1059 1670 1098 sequitur
1691 1057 1781 1098 quod
1804 1058 1985 1088 intellectus
2008 1059 2169 1099 possibilis
2187 1069 2256 1090 non
2279 1060 2319 1090 sit
2341 1069 2474 1100 praepa-

1403 1102 1484 1132 ratio
1497 1111 1702 1142 consequens
1718 1102 1955 1132 elementorum
1971 1103 2249 1140 commixtionem,
2262 1103 2319 1134 sed
2331 1103 2371 1134 sit
2385 1109 2474 1134 actus

1403 1146 1438 1176 in
1453 1146 1629 1177 substantia
1640 1146 1834 1177 intellectiva
1849 1146 2011 1177 fundatus.
2025 1146 2127 1178 Cuius
2144 1148 2334 1188 oppositum
2349 1147 2474 1178 dicebat

1405 1190 1596 1221 Alexander.

1460 1234 1567 1264 Prima
1589 1240 1698 1265 tamen
1726 1234 1946 1274 interpretatio
1976 1234 2102 1265 videtur
2131 1245 2200 1266 esse
2227 1235 2358 1266 melior:
2386 1235 2472 1275 quia,

1406 1287 1482 1308 cum
1512 1279 1700 1309 Aristoteles
1733 1278 1932 1309 intellectum
1966 1279 2152 1318 possibilem
2187 1284 2311 1319 partem
2345 1280 2470 1310 animae

1408 1327 1509 1358 vocat,
1541 1332 1598 1363 per
1628 1328 1751 1363 partem
1784 1323 1909 1352 animae
1939 1322 2088 1363 intelligit
2118 1323 2186 1353 eius
2213 1323 2402 1363 potentiam,
2436 1328 2473 1354 ut

1405 1366 1541 1397 Sanctus
1564 1367 1710 1397 Thomas
1732 1365 1854 1396 ibidem
1877 1367 2010 1406 exponit
2025 1368 2052 1397 ἢ

1460 1410 1513 1440 ῙΧ.
1541 1410 1675 1441 Octavo.
1699 1411 1812 1441 Homo
1837 1411 1968 1440 sortitur
1983 1412 2125 1451 speciem
2145 1410 2326 1442 secundum
2347 1417 2473 1451 partem

1405 1455 1531 1484 animae
1555 1455 1614 1485 sibi
1638 1455 1812 1495 propriam,
1829 1463 1911 1495 quae
1936 1459 1983 1484 est
2005 1455 2187 1485 intellectus
2202 1455 2372 1495 possibilis.
2397 1455 2473 1486 Non

1405 1504 1515 1528 autem
1538 1500 1668 1529 sortitur
1691 1499 1833 1538 speciem
1857 1508 1914 1538 per
1941 1500 2228 1538 praeparationem.
2253 1499 2340 1539 Ergo
2365 1505 2425 1530 etc.
2449 1518 2471 1521 —

1405 1542 1562 1572 Probatur
1591 1543 1709 1573 minor.
1739 1542 1826 1580 Quia
1852 1542 1932 1572 nihil
1961 1543 2092 1573 sortitur
2120 1543 2263 1583 speciem
2292 1543 2473 1574 secundum

1406 1585 1496 1626 quod
1512 1592 1560 1616 est
1574 1587 1607 1617 in
1624 1587 1778 1626 potentia,
1796 1585 1851 1616 sed
1867 1586 2047 1616 secundum
2064 1586 2153 1626 quod
2170 1592 2216 1617 est
2231 1587 2265 1617 in
2280 1592 2363 1617 actu.
2380 1587 2473 1618 Prae—

1404 1630 1528 1670 paratio
1541 1635 1650 1660 autern
1661 1630 1742 1660 nihil
1753 1629 1840 1660 aliud
1856 1635 1903 1660 est
1919 1639 2017 1669 quam
2030 1631 2111 1661 ordo
2122 1631 2290 1670 potentiae
2301 1631 2345 1661 ad
2355 1636 2472 1661 actum.

1461 1673 1556 1704 Circa
1589 1675 1747 1704 maiorem
1781 1674 1877 1704 huius
1907 1674 2048 1710 rationis,
2080 1674 2208 1704 adverte
2236 1674 2326 1714 quod
2358 1674 2475 1705 dicitur

1404 1717 1506 1748 homo
1530 1718 1635 1748 sortiri
1659 1718 1801 1758 speciem
1831 1718 2008 1747 humanam
2034 1727 2092 1757 per
2115 1718 2314 1748 intellectum
2337 1718 2474 1758 possibi-

1403 1761 1478 1798 lem,
1495 1771 1563 1792 non
1579 1767 1734 1802 tanquam
1757 1771 1815 1802 per
1830 1762 1933 1802 ipsam
1949 1762 2176 1792 intellectivam
2199 1762 2379 1801 potentiam
2396 1771 2474 1792 con-

1403 1806 1552 1836 stituatur
1573 1807 1607 1836 in
1631 1807 1755 1846 specie:
1785 1805 1841 1836 sed
1871 1806 1956 1846 quia,
1981 1815 2057 1836 cum
2085 1807 2124 1836 sit
2153 1807 2320 1842 animatus,
2345 1807 2475 1836 sortitur

1403 1850 1547 1889 speciem
1569 1859 1627 1890 per
1642 1850 1783 1881 animam
1799 1850 1892 1880 cuius
1914 1850 2092 1890 proprietas
2109 1855 2156 1880 est
2170 1850 2352 1880 intellectus
2371 1851 2475 1890 possi—

1401 1894 1483 1924 bilis.
1501 1894 1543 1924 Et
1557 1894 1664 1924 anima
1687 1894 1807 1924 habens
1823 1894 1920 1924 talem
1936 1895 2114 1934 potentiam
2130 1894 2189 1925 sibi
2212 1895 2388 1934 propriam,
2404 1903 2474 1924 non

1401 1943 1508 1977 potest
1524 1938 1719 1968 constituere
1738 1938 1881 1978 speciem
1904 1939 2079 1968 humanam
2102 1939 2164 1968 nisi
2186 1939 2380 1978 inquantum
2401 1947 2472 1968 eam

1399 1982 1629 2022 proprietatem
1654 1981 1776 2012 fundat.
1794 1982 1835 2012 Et
1857 1981 1931 2012 ideo
1949 1988 2078 2022 oportet
2101 1987 2137 2012 ut
2156 1987 2187 2012 et
2210 1983 2279 2022 ipsa
2293 1983 2473 2023 proprietas

1400 2026 1593 2056 intellectiva
1617 2027 1656 2056 sit
1679 2031 1778 2062 actus,
1802 2035 1869 2056 non
1895 2031 2003 2056 autem
2020 2026 2100 2056 ordo
2117 2027 2281 2067 potentiae
2297 2026 2336 2057 ad
2352 2032 2470 2056 actum.

2500 1369 2508 1378 ·
2527 1368 2549 1389 11
2569 1368 2599 1390 de
2618 1369 2710 1397 Anima,

1324 2094 1422 2135 mim

599 2232 1086 2289 CAPITULUM
1123 2232 1728 2288 SEXAGESIMUM
1769 2232 2150 2288 TERTIUM

473 2361 648 2414 QUOD
683 2360 883 2401 ANIMA
916 2359 1046 2400 NON
1081 2359 1175 2400 SIT
1210 2359 1578 2407 COMPLEXIO,
1613 2359 1696 2400 UT
1729 2358 1950 2400 POSUIT
1984 2359 2272 2400 GALENUS

296 2488 303 2501 κ
342 2497 351 2519 -.
365 2478 470 2514 --J·,·*
486 2483 687 2509 RAEmc‘rAE
715 2477 847 2508 autem
867 2469 1043 2520 opinioni
1061 2469 1270 2507 Alexandri
1298 2469 1346 2506 de
1455 2469 1608 2506 Adhuc.
1640 2469 1881 2519 Complexio,
1910 2481 2002 2506 cum
2030 2469 2076 2506 sit
2108 2469 2297 2519 quiddam
2332 2471 2470 2508 consti-

310 2524 313 2532 ’
350 2522 398 2570 ³(ss
431 2526 471 2588 ξι
499 2524 693 2562 intellectu
712 2523 885 2574 possibili
903 2523 924 2545 *
950 2522 1173 2573 propinqua
1197 2530 1252 2560 est
1271 2522 1346 2560 Ga-
1402 2530 1530 2559 tutum
1559 2535 1605 2560 ex
1639 2522 1838 2560 contrariis
1871 2522 2117 2571 qualitatibus
2151 2523 2262 2572 quasi
2293 2523 2470 2561 medium

499 2577 576 2615 leni
603 2577 745 2615 medici
773 2577 821 2614 de
850 2576 991 2614 anima.
1011 2575 1113 2613 Dicit
1141 2575 1246 2613 enim
1266 2575 1346 2612 ani·
1402 2574 1500 2612 inter
1527 2587 1602 2621 eas,
1621 2574 1858 2625 impossibile
1882 2582 1938 2612 est
1957 2575 2064 2624 quod
2083 2575 2129 2612 sit
2147 2576 2272 2612 forma
2295 2576 2469 2614 substan-

289 2651 305 2660 »
430 2627 466 2657 ²¹²
499 2642 608 2668 mam
627 2642 710 2667 esse
729 2630 1028 2680 complexionem
1042 2629 1073 2666 ²¹².
1102 2629 1163 2666 Ad
1183 2629 1260 2665 hoc
1279 2640 1346 2665 au·
1401 2627 1512 2665 tialis:
1541 2640 1635 2665 nam
1666 2629 1890 2665 substantiae
1922 2629 2014 2664 nihil
2047 2634 2098 2664 est
2129 2630 2371 2675 contrarium,
2401 2642 2470 2666 nec

239 2683 246 2715 ἶ
274 2692 354 2722 tem
373 2683 586 2722 dicendum
605 2690 736 2720 motus
764 2690 820 2720 est
843 2694 915 2732 per
935 2683 1011 2719 hoc
1030 2681 1139 2731 quod
1165 2680 1345 2718 videmus
1369 2701 1378 2721 s
1400 2682 1549 2730 suscipit
1575 2683 1699 2730 magis
1718 2687 1751 2717 et
1769 2682 1892 2717 minus
1905 2680 1936 2717 ²¹⁸.
1957 2679 2100 2717 Anima
2118 2689 2250 2718 autem
2269 2689 2325 2718 est
2342 2682 2469 2719 forma

238 2761 246 2769 ·
274 2750 322 2775 ex
341 2736 503 2775 diversis
517 2735 854 2786 complexionibus
873 2734 1023 2772 causari
1037 2734 1078 2771 in
1091 2733 1205 2771 nobis
1220 2733 1345 2770 diver·
1401 2733 1668 2780 substantialis,
1697 2741 1734 2770 et
1761 2745 1842 2770 non
1876 2732 2133 2770 accidentalis:
2163 2733 2254 2771 alias
2290 2746 2361 2783 per
2387 2734 2467 2772 ani-

239 2813 247 2822 ·
274 2803 336 2828 sas
353 2789 554 2840 passiones
574 2801 675 2839 quae
694 2787 955 2826 attribuuntur
982 2787 1152 2824 animae:
1174 2786 1345 2835 aliquam
1400 2799 1508 2823 mam
1536 2798 1618 2823 non
1646 2785 1844 2823 sortiretur
1874 2785 2019 2835 aliquid
2045 2798 2167 2834 genus
2194 2788 2256 2823 vel
2284 2787 2464 2836 speciem.

274 2843 380 2881 enim
399 2842 715 2892 complexionem
742 2841 939 2887 habentes,
967 2847 1010 2877 ut
1027 2839 1273 2885 cholericam,
1295 2839 1344 2876 de
1400 2839 1542 2876 Anima
1569 2839 1682 2888 igitur
1709 2851 1790 2876 non
1819 2847 1874 2875 est
1901 2839 2131 2888 complexio.

272 2895 371 2934 facili
399 2896 630 2942 irascuntur;
660 2893 930 2932 melancholici
956 2905 1051 2930 vero
1080 2893 1129 2929 de
1156 2891 1254 2929 facili
1282 2891 1344 2928 tri·
1453 2892 1605 2929 Adhuc.
1628 2892 1858 2942 Complexio
1879 2904 1959 2929 non
1978 2900 2112 2929 movet
2130 2903 2271 2941 corpus
2291 2892 2466 2930 animalis

274 2957 433 2987 stantur.
453 2949 566 2987 Unde
588 2956 624 2985 et
642 2960 713 2998 per
731 2947 890 2984 easdem
909 2945 1075 2983 rationes
1094 2946 1191 2983 haec
1210 2944 1344 2994 opinio
1360 2964 1385 2978 ιο
1399 2952 1510 2982 motu
1538 2945 1664 2982 locali:
1694 2952 1920 2994 sequeretur
1947 2944 2051 2982 enim
2082 2952 2234 2982 motum
2262 2945 2465 2982 dominan-

22 2534 42 2548 ⁴‘
48 2533 162 2564 Vld.eap.
168 2540 246 2564 praec.
284 2523 303 2551 v*

2495 2688 2505 2697 ·
2511 2686 2604 2715 Categ„
2613 2692 2663 2714 cap.
2671 2692 2705 2715 nr,

2496 2713 2531 2741 ¹8,
2542 2719 2579 2735 ιο.

273 3002 487 3053 improbari
513 3009 639 3052 potest
666 3013 737 3051 per
764 3012 861 3050 quas
889 2999 1107 3048 improbata
1135 3005 1190 3035 est
1211 2997 1344 3048 opinio

273 3055 481 3093 Alexandri
499 3055 531 3101 ²¹²,
560 3062 597 3092 et
623 3066 695 3104 per
721 3053 868 3102 aliquas
896 3051 1084 3101 proprias.

328 3109 542 3147 Ostensum
561 3115 616 3145 est
635 3106 741 3144 enim
766 3117 883 3155 supra
897 3105 918 3127 ’¹‘
945 3105 1053 3154 quod
1072 3103 1244 3154 operatio
1264 3103 1344 3141 ani-

273 3174 362 3200 mae
390 3160 622 3209 vegetabilis,
642 3168 678 3197 et
697 3158 863 3208 cognitio
893 3157 1083 3203 sensitiva,
1103 3156 1251 3194 excedit
1269 3156 1344 3193 vir-

1398 2997 1456 3044 tis‚
1477 3005 1513 3035 et
1531 2997 1584 3035 sic
1603 3010 1758 3047 semper
1776 2998 1962 3035 deorsum
1980 2998 2149 3035 ferretur.
2170 2997 2311 3035 Anima
2334 3005 2466 3035 autem

1398 3058 1533 3088 movet
1560 3051 1703 3088 animal
1722 3051 1762 3087 in
1782 3063 1941 3088 omnem
1961 3058 2120 3100 partem.
2150 3051 2243 3087 Non
2271 3058 2326 3087 est
2353 3050 2466 3099 igitur

1399 3103 1529 3141 anima
1556 3103 1786 3153 complexio.

1452 3156 1641 3206 Amplius.
1662 3156 1803 3194 Anima
1827 3155 1920 3204 regit
1947 3167 2088 3205 corpus
2112 3163 2148 3192 et
2176 3163 2360 3205 repugnat
2377 3167 2464 3205 pas-

272 3223 397 3253 tutem
432 3214 661 3264 qualitatum
699 3212 912 3250 activarum
945 3218 982 3247 et
1017 3209 1272 3260 passivarum,
1308 3217 1345 3246 et
1360 3228 1382 3248 ις
1399 3209 1584 3255 sionibus,
1600 3222 1700 3259 quae
1716 3208 2027 3258 complexionem
2043 3216 2267 3257 sequuntur.
2285 3209 2343 3245 Ex
2357 3220 2463 3245 corn-

273 3270 397 3307 multo
426 3267 547 3316 magis
569 3266 741 3316 operatio
770 3265 992 3302 intellectus.
1017 3262 1247 3312 Complexio
1276 3274 1343 3299 au-

272 3329 353 3359 tem
381 3328 561 3358 causatur
589 3333 635 3357 ex
663 3317 909 3368 qualitatibus
942 3315 1073 3353 activis
1105 3323 1142 3353 et
1167 3314 1341 3364 passivis.

1398 3261 1576 3311 plexione
1606 3262 1711 3299 enim
1734 3261 1851 3311 aliqui
1879 3269 1968 3298 sunt
1995 3261 2116 3310 magis
2135 3262 2215 3299 aliis
2243 3262 2292 3298 ad
2321 3273 2463 3298 concu-

1397 3315 1602 3364 piscentias
1630 3317 1691 3352 vel
1718 3315 1793 3352 iras
1821 3314 1909 3363 apti,
1929 3313 1996 3363 qui
2024 3322 2155 3351 tamen
2183 3314 2304 3362 magis
2331 3314 2380 3350 ab
2409 3314 2464 3351 eis

272 3375 367 3411 Non
386 3381 512 3424 potest
531 3373 643 3422 igitur
662 3370 880 3420 complexio
896 3381 979 3406 esse
997 3368 1231 3418 principium
1251 3380 1343 3416 ope·
1398 3367 1598 3414 abstinent,
1627 3375 1785 3417 propter
1811 3366 1955 3416 aliquid
1988 3367 2198 3426 refrenans-t
2228 3374 2270 3403 ut
2292 3373 2396 3416 patet
2413 3366 2464 3426 ‘in

273 3426 471 3465 rationum
510 3426 674 3464 animae.
711 3425 823 3462 Unde
865 3422 1101 3472 impossibile
1143 3429 1199 3458 est
1235 3421 1343 3470 quod
1398 3420 1695 3457 continentibus.
1726 3421 1813 3456 Hoc
1840 3427 1970 3457 autem
2003 3431 2083 3456 non
2117 3420 2204 3456 facit
2231 3420 2461 3469 complexio.

274 3480 405 3530 aliqua
433 3479 564 3517 anima
592 3479 638 3516 sit
665 3476 896 3527 complexio.
1358 3490 1384 3505 πο
1398 3474 1492 3510 Νο11
1520 3481 1575 3510 est
1602 3473 1715 3521 igitur
1742 3472 1871 3509 anima
1899 3471 2127 3521 complexio.

1010 3588 1027 3613 8
1046 3586 1211 3619 cholericam]
1231 3585 1351 3611 cholerici
1370 3586 1470 3617 quN,
1488 3586 1624 3612 cholericis
1642 3586 1674 3612 N.

329 3600 343 3617 2
363 3593 456 3618 Galeni
474 3593 509 3622 Ρ;
528 3592 628 3617 Galieni
646 3591 737 3617 ceteri.
756 3591 800 3616 Ita
818 3590 922 3622 ubique.

965 3631 997 3657 17
1017 3622 1077 3655 iras]
1097 3623 1162 3647 iram
1179 3622 1209 3648 Z.

328 3635 358 3654 11
380 3633 406 3654 et
424 3629 461 3653 sic
480 3627 594 3660 semper]
614 3627 652 3652 sic
670 3627 698 3658 Z,
718 3631 743 3651 et
762 3626 799 3651 sic
817 3625 874 3651 GN.

417 3682 511 3707 Smnu
531 3680 642 3706 Con-rm
661 3680 793 3705 Gaui-mss
811 3679 844 3704 D.
862 3678 978 3703 Tuom
996 3677 1065 3702 Tou.
1082 3676 1101 3701 1.
2286 3671 2317 3698 55
