2768 4134
300 284 375 331 578

296 359 553 392 abstractionem,
576 354 811 396 praesupponit
840 353 957 383 habere
981 351 1182 382 intellectum
1205 350 1366 390 potentia-

296 406 371 439 lem,
391 411 460 433 non
483 399 664 442 perfectum
687 407 745 439 per
768 396 889 428 formas
911 395 1140 435 intelligibiles.
1157 394 1200 425 Et
1215 394 1293 434 quia
1307 394 1366 424 ista

295 445 497 487 imperfectio
527 447 687 484 repugnat
712 447 845 472 naturae
868 440 1066 471 substantiae
1090 444 1264 479 separatae,
1290 448 1366 469 cum

294 492 355 522 sibi
365 489 552 521 naturaliter
564 487 735 519 conveniat
747 485 899 526 opposita
912 483 1080 525 perfectio,
1094 488 1142 514 est
1153 484 1243 514 enim
1255 492 1366 514 earum

293 535 475 566 intellectus
497 532 683 564 naturaliter
705 530 868 572 perfectus
892 529 1045 560 omnibus
1066 528 1237 569 speciebus
1258 537 1366 558 rerum

294 584 487 615 creatarum3
511 577 585 608 ideo
609 585 717 617 neque
741 575 801 605 sibi
823 574 894 604 talis
917 573 1074 614 perfectio
1100 582 1184 613 quae
1208 577 1255 603 est
1273 572 1367 603 intel-

293 625 396 655 lectus
419 631 526 663 agens,
549 626 625 652 nata
646 626 695 651 est
718 619 902 650 convenire.

347 667 448 706 Quod
463 667 490 696 si
504 667 649 701 instetur,
666 665 743 705 quia
765 668 843 694 tunc
866 667 981 693 natura
1003 662 1153 702 superior
1175 662 1234 692 erit
1257 661 1366 691 minus

292 712 433 753 perfecta
449 719 548 751 quam
562 715 676 740 natura
691 707 834 744 inferior,
847 708 924 748 quia
939 711 1025 738 caret
1040 706 1149 746 aliqua
1164 704 1366 746 perfectione

293 766 377 797 quae
392 755 555 786 invenitur
569 755 604 785 in
618 758 734 785 natura
749 751 909 784 inferiori:
926 769 949 774 —-
963 756 1099 792 negatur
1118 750 1364 791 consequentia.

293 801 380 840 Quia
401 800 477 831 licet
499 805 613 830 natura
635 798 784 839 superior
806 806 875 827 non
893 797 1009 827 habeat
1023 796 1113 826 illam
1129 795 1365 836 perfectionem

292 844 452 877 inferioris
471 850 604 875 naturae
625 842 811 878 formaliter,
827 841 924 871 habet
938 846 1048 871 tamen
1063 839 1186 880 aliquid
1206 839 1365 871 excellen—

292 891 356 921 tius
371 890 450 930 ipsa,
462 890 498 920 in
510 898 577 929 quo
595 888 779 919 continetur
794 886 894 922 unite,
908 890 939 916 et
951 894 1010 925 per
1025 884 1189 925 quandam
1206 884 1365 915 excellen-

293 936 381 971 tiam,
393 933 550 975 perfectio
574 932 733 964 inferioris
757 935 904 962 naturae:
930 930 1013 960 sicut
1028 930 1063 960 in
1087 929 1157 960 sole
1180 929 1366 960 continetur

294 979 382 1010 calor
405 983 436 1010 et
459 977 564 1009 forma
586 977 669 1017 ignis
693 975 896 1006 excellenter.

348 1023 462 1054 XVIII.
485 1021 538 1053 Ad
561 1031 599 1052 ea
618 1030 702 1061 quae
722 1025 835 1051 contra
857 1018 1040 1050 secundum
1056 1018 1266 1049 corollarium
1283 1018 1365 1048 obii-

294 1069 432 1104 ciuntur‚
456 1065 683 1107 respondetur:
709 1070 741 1095 et
763 1064 881 1105 primo,
905 1063 946 1094 ad
968 1063 1175 1094 auctoritates
1189 1063 1365 1103 Augustini

294 1118 326 1144 et
343 1111 490 1152 Gregorii
503 1110 619 1142 dicitur
634 1108 735 1150 quod,
748 1109 824 1140 licet
838 1113 966 1149 ponant
979 1109 1104 1139 animas
1120 1113 1280 1149 separatas
1295 1117 1365 1139 non

294 1165 491 1197 cognoscere
514 1165 552 1186 ea
575 1164 659 1196 quae
682 1155 735 1185 hic
759 1159 908 1194 aguntur,
931 1153 997 1184 hoc
1019 1158 1128 1184 tamen
1155 1162 1224 1184 non
1252 1152 1367 1184 dicunt

293 1211 362 1232 esse
377 1206 509 1242 propter
525 1199 708 1231 distantiam
723 1198 873 1235 localem,
889 1197 947 1229 sed
962 1203 1096 1239 propter
1111 1197 1208 1228 aliam
1223 1206 1365 1234 causam,

293 1255 390 1287 quam
414 1245 515 1285 tangit
539 1244 675 1276 Sanctus
699 1243 846 1274 Thomas
861 1243 978 1279 Prima,
1003 1252 1035 1284 q.
1052 1253 1176 1280 mxxxix,
1189 1253 1217 1273 a.
1235 1242 1271 1273 8:
1288 1243 1366 1283 quia

292 1290 414 1322 scilicet
429 1290 559 1321 animae
581 1293 798 1324 mortuorum,
818 1287 995 1319 secundum
1019 1287 1261 1319 ordinationem
1284 1287 1367 1319 dim·-

294 1344 379 1370 nam,
395 1339 427 1366 et
440 1334 616 1366 secundum
633 1333 764 1364 modum
780 1332 906 1364 essendi
921 1342 1016 1374 quem
1027 1333 1154 1369 habent,
1170 1337 1368 1374 segregatae

292 1385 369 1411 sunt
390 1389 411 1410 a
434 1379 684 1410 conversatione
707 1378 892 1414 viventium,
916 1383 949 1408 et
969 1378 1166 1409 coniunctae
1192 1386 1367 1408 conversa-

294 1425 375 1455 tioni
396 1424 651 1455 substantiarum
674 1426 913 1464 separatarum.

347 1468 399 1499 Ad
414 1469 639 1500 auctoritatem
654 1477 732 1498 vero
753 1467 935 1498 Aristotelis
959 1466 1076 1498 dicitur
1100 1467 1191 1508 quod
1213 1476 1275 1498 nos
1298 1475 1368 1497 non

292 1514 446 1555 ponimus
470 1514 597 1544 obiecta
619 1512 834 1553 intelligibilia
851 1521 985 1543 movere
1002 1511 1148 1543 effective
1164 1512 1368 1544 intellectum

292 1559 488 1590 substantiae
511 1563 685 1599 separatae.
705 1557 747 1588 Et
769 1556 844 1588 ideo
867 1567 938 1588 non
962 1562 1093 1598 oportet
1111 1563 1147 1588 ut
1166 1557 1305 1588 habeant
1328 1556 1369 1587 ad

292 1603 361 1634 illas
383 1603 522 1634 localem
545 1603 835 1644 propinquitatem,
851 1603 935 1634 sicut
958 1601 1028 1633 vult
1050 1602 1270 1643 Philosophus
1293 1601 1368 1632 sub-

293 1648 442 1679 stantiam
463 1653 653 1679 moventem
677 1657 746 1678 esse
770 1646 868 1678 simul
894 1655 971 1678 cum
993 1652 1098 1677 moto.

349 1693 434 1723 Dato
458 1693 555 1723 etiam
579 1691 668 1732 quod
692 1693 818 1722 obiecta
842 1700 926 1731 quae
950 1697 1025 1722 sunt
1047 1690 1269 1731 intelligibilia,
1294 1697 1368 1723 actu

293 1742 463 1768 moverent
485 1737 583 1767 talem
599 1736 800 1767 intellectum
820 1732 977 1772 effective,
994 1735 1101 1772 adhuc
1115 1745 1185 1766 non
1202 1741 1369 1776 oporteret

295 1787 331 1812 ut
353 1781 450 1812 simul
474 1787 580 1812 essent
602 1791 679 1812 cum
702 1781 758 1812 illo
783 1780 943 1811 localiter:
967 1780 1026 1811 sed
1047 1781 1265 1821 requireretur
1291 1791 1367 1822 pro-

294 1827 457 1867 pinquitas
473 1825 594 1857 ordinis
611 1825 790 1862 cuiusdam,
807 1825 929 1856 scilicet
945 1831 981 1856 ut
996 1825 1178 1856 intellectus
1197 1831 1279 1856 esset
1294 1835 1367 1856 mo-

294 1871 365 1901 bilis
381 1876 412 1901 et
435 1870 600 1902 actuabilis
617 1880 674 1911 per
697 1871 760 1901 tale
777 1870 954 1906 obiectum,
971 1875 1002 1900 et
1018 1870 1185 1900 obiectum
1201 1875 1285 1900 esset
1299 1870 1366 1901 suf-

293 1914 405 1945 ficiens
437 1916 599 1945 motivum
628 1915 739 1955 ipsius.
771 1914 939 1952 Quoniam
970 1919 1001 1944 et
1031 1914 1101 1945 talis
1125 1914 1307 1945 intellectus
1330 1921 1366 1946 ut

293 1959 458 1990 actuabilis
481 1968 540 2000 per
562 1959 738 1995 obiectum,
763 1964 795 1989 et
817 1959 925 1998 ipsum
949 1959 1116 1990 obiectum
1138 1964 1175 1989 ut
1204 1959 1365 1990 motivum

292 2004 376 2035 illius
399 2003 592 2040 intellectus,
616 2013 685 2034 non
708 2004 842 2044 exigunt
865 2009 901 2034 ut
927 2003 991 2034 sint
1020 2004 1055 2034 in
1078 2003 1172 2040 loc0;
1196 2004 1281 2034 sicut
1303 2004 1365 2035 vir-

291 2054 395 2079 tutem
417 2049 575 2080 motivam
599 2049 745 2089 corporis
768 2052 899 2088 oportet
915 2057 984 2079 esse
1008 2048 1054 2079 illi
1075 2048 1298 2089 propinquam
1315 2059 1366 2080 se-

292 2092 437 2125 cundum
459 2093 582 2129 locum,
605 2094 708 2124 immo
739 2093 772 2124 in
803 2092 920 2124 eodem
951 2093 1027 2124 loco
1059 2102 1139 2130 esse,
1169 2093 1365 2134 inquantum

292 2148 411 2179 corpus
433 2143 563 2169 motum
587 2143 634 2168 est
656 2139 690 2169 in
713 2138 799 2169 loco.

345 2183 430 2214 XIX.
454 2182 507 2214 Ad
528 2182 561 2214 id
583 2182 674 2223 quod
697 2188 810 2213 contra
825 2183 957 2214 tertium
974 2182 1181 2214 corollarium
1198 2183 1365 2214 obiectum

292 2233 348 2264 est,
365 2227 482 2259 dicitur
501 2227 592 2268 quod
609 2237 678 2259 non
694 2227 841 2268 procedit
860 2233 972 2259 contra
991 2233 1136 2259 mentem
1153 2227 1261 2259 Sancti
1273 2228 1366 2259 Tho-

291 2282 374 2309 mae,
386 2272 507 2303 sibene
520 2272 739 2313 intelligantur
751 2282 836 2313 quae
850 2273 885 2304 in
897 2273 1070 2304 corollario
1086 2272 1248 2304 dicuntur.
1265 2272 1365 2304 Aliud

292 2323 340 2348 est
363 2317 449 2348 enim
474 2317 658 2358 operationi
681 2317 862 2348 intellectus
877 2318 983 2348 nostri
1005 2317 1158 2348 adiacere
1173 2322 1314 2359 tempus;
1334 2323 1367 2349 et

292 2361 380 2392 aliud
410 2362 605 2393 intellectum
636 2362 669 2392 in
700 2372 761 2393 sua
794 2363 985 2403 operatione
1017 2362 1201 2404 adiungere
1231 2368 1364 2404 tempus.

292 2405 448 2437 Adiacere
471 2407 559 2438 enim
582 2412 712 2448 tempus
735 2408 918 2448 operationi
941 2413 989 2439 est
1012 2408 1118 2448 ipsum
1135 2408 1247 2449 aliquo
1263 2407 1365 2439 modo

292 2452 516 2491 operationem
538 2461 739 2483 mensurare:
765 2462 840 2483 nam
863 2458 994 2493 tempus
1024 2452 1121 2484 alicui
1149 2452 1294 2484 adiacere
1318 2459 1365 2484 est

291 2495 338 2526 illi
360 2495 470 2527 adesse
492 2496 647 2538 tanquam
671 2506 857 2528 mensuram
873 2503 1070 2528 mensurato.
1089 2497 1292 2529 Intellectum
1308 2508 1365 2529 au·

290 2545 356 2571 tem
379 2539 552 2582 adiungere
582 2551 660 2573 suae
691 2542 874 2583 operationi
905 2547 1034 2584 tempus
1057 2548 1106 2573 est
1131 2543 1240 2583 ipsum
1268 2543 1364 2574 simul

694 276 882 314 SUMMA
911 274 1133 312 CONTRA
1160 271 1438 317 GENTILES,
1465 271 1561 308 LlB.
1586 271 1628 316 11,
1658 270 1770 307 CAP.
1798 270 1932 316 XCVI,
1952 270 2102 309 XCVII.

1421 358 1498 380 cum
1512 358 1547 379 re
1563 348 1727 379 intellecta
1741 348 1978 388 co-intelligere
1996 355 2127 390 tempus
2141 356 2298 392 tanquam
2312 362 2499 384 mensuram

1420 394 1466 424 rei
1488 393 1682 429 intellectae,
1706 398 1738 423 et
1762 393 2015 433 conceptionem
2038 403 2140 434 quam
2155 394 2286 433 format,
2308 397 2406 429 simul
2422 407 2499 428 cum

1419 447 1454 469 re
1469 436 1658 478 significata,
1672 437 1814 477 aliquam
1827 438 1984 478 temporis
2000 437 2215 470 differentiam
2226 440 2497 481 con-significare.

1477 483 1604 513 Dicitur
1627 491 1705 522 ergo
1730 481 1821 521 quod
1843 482 1936 512 omni
1960 483 2155 523 operationi,
2179 489 2247 515 tam
2262 485 2394 525 primae>
2409 485 2498 517 vide·-

1419 527 1504 563 licet,
1521 535 1587 567 qua
1603 526 1814 566 cognoscitur
1829 526 1918 567 quod
1932 527 2012 568 quid
2026 533 2084 564 est,
2106 537 2206 568 quam
2225 528 2398 566 secundae,
2413 539 2499 571 quae

1420 577 1468 602 est
1490 571 1689 611 compositio
1706 575 1739 601 et
1761 570 1888 608 divisio,
1905 571 2030 603 adiacet
2045 578 2190 613 tempus:
2206 582 2278 604 non
2295 574 2432 614 quidem
2449 584 2499 606 ra-

1419 617 1510 647 tione
1533 616 1594 652 sui,
1618 624 1695 646 cum
1718 616 1760 646 sit
1781 616 2002 647 immaterialis
2025 622 2058 647 et
2087 622 2176 648 extra
2197 623 2346 655 motum;
2369 618 2428 650 sed
2449 629 2499 650 ra—

1419 661 1510 691 tione
1526 660 1757 701 phantasmatis
1774 660 1938 691 existentis
1952 661 1987 692 in
2002 666 2152 702 tempore
2168 668 2200 694 et
2221 668 2328 700 motu,
2344 673 2385 694 eo
2407 664 2499 704 quod

1419 706 1459 736 sit
1481 704 1587 735 forma
1611 704 1750 735 existens
1772 705 1808 736 in
1831 714 1955 746 organo
1980 715 2151 747 corporeo.
2179 707 2386 739 Mensuratur
2409 709 2498 739 enirn

1419 749 1597 781 intellectio
1621 754 1731 780 nostra
1754 750 1887 780 instanti
1911 751 2068 791 temporis
2092 751 2203 792 quoad
2225 752 2277 783 sui
2306 751 2497 793 productio-

1419 804 1511 831 nem;
1533 800 1566 825 et
1588 799 1737 834 tempore
1761 803 1820 834 per
1837 793 1987 826 accidens
2003 795 2114 835 quoad
2136 797 2187 827 sui
2202 797 2496 834 continuationem,

1418 840 1543 870 ratione
1558 839 1791 879 phantasmatis
1812 844 1845 870 et
1867 848 1981 870 sensus
2004 849 2043 870 ac
2065 840 2316 881 imaginationis,
2335 852 2355 873 a
2377 842 2497 883 quibus

1418 883 1591 924 dependet,
1608 893 1693 924 quae
1715 884 1750 914 in
1773 888 1924 924 tempore
1947 890 1982 915 et
2001 889 2097 916 motu
2119 890 2210 921 sunt3
2237 891 2275 917 ut
2297 885 2447 927 diximus,
2464 893 2497 918 et

1419 934 1467 960 est
1490 928 1530 960 de
1554 934 1664 959 mente
1687 927 1798 959 Sancti
1821 928 1973 960 ‘rhomae
1993 929 2103 966 Verit„
2123 939 2155 970 q.
2172 940 2238 967 vm,
2255 940 2283 962 a.
2307 938 2358 970 14,
2374 931 2416 962 ad
2439 939 2495 968 123

1419 1018 1431 1049 l
1451 1018 1516 1055 11²⁸,
1533 1027 1565 1058 q.
1593 1028 1678 1054 cxm,
1702 1028 1730 1048 a.
1755 1027 1787 1058 7,
1811 1017 1853 1049 ad
1877 1018 1908 1049 5.
1932 1018 1975 1049 Et
1997 1019 2043 1049 sic
2065 1028 2182 1050 verum
2204 1025 2252 1051 est
2274 1020 2497 1052 universaliter

1418 1062 1510 1104 quod
1533 1063 1640 1103 inquit
1662 1062 1800 1093 Sanctus
1815 1062 1962 1094 Thomas
1977 1063 2145 1101 hocloco,
2161 1064 2286 1096 scilicet
2307 1064 2400 1106 quod
2422 1074 2498 1106 ope-

1419 1107 1543 1139 rationi
1566 1113 1700 1138 nostrae
1722 1107 1937 1139 intellectuali
1957 1108 2088 1140 adiacet
2102 1114 2236 1150 tempus,
2253 1119 2296 1141 ex
2310 1119 2350 1140 eo
2365 1109 2454 1151 quod
2476 1119 2498 1140 a

1415 1152 1698 1194 phantasmatibus
1712 1152 1935 1194 cognitionem
1951 1153 2139 1194 accipimus,
2151 1163 2236 1195 quae
2247 1154 2498 1186 determinantia

1419 1203 1543 1238 tempus
1567 1197 1755 1238 respiciunt.

1477 1242 1542 1274 Sed
1563 1242 1640 1273 licet
1663 1242 1727 1273 hoc
1758 1242 1799 1272 sit
1828 1251 2007 1273 commune
2031 1243 2123 1274 omni
2150 1243 2278 1274 animae
2305 1244 2499 1284 operationi,

1420 1286 1525 1319 differt
1547 1292 1658 1318 tamen
1682 1287 1881 1327 compositio
1905 1292 1938 1318 et
1960 1286 2076 1318 divisio
2100 1297 2119 1318 a
2148 1288 2289 1329 simplici
2318 1288 2500 1329 apprehen-

1420 1333 1513 1363 sione
1536 1332 1625 1373 quod
1647 1331 1726 1373 quid
1756 1335 1815 1362 est.
1845 1331 1933 1370 Quia
1963 1341 2041 1363 cum
2071 1332 2256 1364 intellectus
2286 1331 2502 1374 apprehendit

1420 1377 1508 1418 quod
1523 1377 1602 1418 quid
1616 1382 1674 1413 est,
1691 1375 1908 1408 abstrahendo
1923 1377 2138 1418 intelligibilia
2160 1387 2179 1408 a
2201 1377 2405 1409 sensibilium
2419 1387 2500 1409 oon-

1421 1421 1611 1459 ditionibus,
1635 1421 1676 1453 de
1699 1430 1840 1463 quarum
1863 1430 2002 1453 numero
2019 1426 2068 1453 est
2089 1427 2221 1463 tempus
2237 1422 2499 1459 determinatim,

1422 1477 1498 1499 cum
1522 1467 1594 1508 ipso
1619 1466 1708 1507 quod
1729 1465 1809 1507 quid
1831 1471 1880 1498 est
1901 1475 1970 1498 non
1993 1466 2209 1507 apprehendit
2238 1473 2380 1508 tempus,
2407 1467 2501 1509 quasi

1422 1511 1637 1553 quidditatem
1651 1511 1692 1542 ad
1707 1510 1843 1552 aliquod
1857 1517 1988 1552 tempus
2003 1511 2256 1543 determinatum
2267 1511 2500 1553 apprehendat.

1422 1557 1487 1588 Sed
1511 1566 1588 1588 cum
1611 1557 1784 1597 componit
1807 1561 1863 1587 aut
1886 1555 2010 1593 dividit,
2034 1566 2102 1587 non
2126 1556 2235 1588 solum
2257 1557 2329 1598 ipsa
2351 1557 2500 1598 operatio

1422 1602 1533 1642 aliquo
1556 1600 1659 1632 modo
1684 1601 1744 1632 sub
1767 1606 1917 1642 tempore
1941 1600 2036 1638 cadit,
2056 1600 2114 1633 sed
2137 1602 2235 1633 etiam
2251 1602 2411 1633 unionem
2432 1602 2501 1633 sive

1423 1646 1700 1687 compositionem
1722 1645 1898 1686 praedicati
1921 1655 1999 1676 cum
2022 1646 2170 1677 subiecto
2195 1656 2234 1678 ex
2256 1652 2348 1688 parte
2373 1647 2421 1678 rei
2442 1656 2502 1688 ap-

1422 1690 1592 1732 prehendit
1615 1691 1675 1721 sub
1700 1690 1914 1721 determinato
1937 1695 2098 1731 tempore,
2123 1696 2155 1722 et
2177 1690 2259 1723 illud
2284 1697 2416 1733 tempus
2441 1700 2502 1734 per

1421 1736 1681 1777 propositionem
1697 1734 1947 1776 con-significat,
1971 1734 2110 1766 dicendo
2126 1736 2191 1767 hoc
2212 1745 2295 1773 esse,
2311 1741 2368 1768 aut
2390 1736 2500 1772 filiae,

1421 1786 1477 1812 aut
1498 1779 1645 1812 futurum
1669 1789 1749 1811 esse.
1765 1779 1873 1811 Huius
1896 1785 2007 1811 autem
2025 1781 2186 1812 rationem
2204 1781 2344 1822 assignat
2363 1780 2502 1812 Sanctus

1420 1825 1576 1862 Thomas,
1589 1825 1667 1866 quia
1683 1825 1851 1866 contpom't
1864 1830 1924 1855 aut
1937 1824 2053 1856 dividit
2068 1825 2265 1866 applicando
2278 1825 2501 1868 intelligibilia

1417 1870 1512 1911 prius
1535 1870 1700 1900 abstracta
1723 1868 1768 1900 ad
1790 1877 1863 1900 res:
1885 1869 2008 1900 scilicet
2037 1874 2126 1900 extra
2148 1870 2292 1901 animam
2316 1871 2500 1907 existentes,

1421 1920 1453 1945 et
1475 1923 1534 1955 per
1557 1923 1763 1954 consequens
1779 1912 1981 1944 sensibilium
1997 1913 2205 1945 conditiones
2222 1915 2390 1952 habentes,
2414 1924 2500 1956 quae

1419 1963 1495 1990 sunt
1518 1958 1744 1989 determinatio
1763 1957 1804 1989 ad
1827 1962 1954 1989 certum
1976 1957 2090 1989 locum
2109 1964 2142 1989 et
2164 1964 2290 1991 eertum
2310 1965 2469 2001 tempus.»

1474 2002 1577 2042 Quod
1599 2008 1710 2034 autem
1732 2003 1793 2033 iste
1815 2003 1857 2034 sit
1879 2012 1994 2034 sensus
2016 2003 2192 2035 verborum
2215 2003 2326 2036 Sancti
2348 2004 2500 2036 Thomae

1419 2056 1496 2079 cum
1519 2047 1627 2088 inquit
1649 2047 1851 2079 intellectum
1873 2052 2024 2079 nostrum
2047 2057 2177 2090 semper
2198 2049 2233 2080 in
2256 2049 2500 2091 compositione

1420 2098 1452 2124 et
1474 2092 1633 2124 divisione
1660 2092 1837 2134 adiungere
1860 2098 2002 2134 tempus,
2026 2093 2149 2124 scilicet
2174 2093 2267 2136 quod
2292 2103 2366 2126 cum
2389 2104 2428 2127 re
2449 2095 2501 2127 in—

1419 2138 1547 2169 tellecta
1563 2137 1776 2180 co-intelligit
1794 2142 1928 2179 tempus,
1945 2143 2079 2179 apparet
2100 2147 2141 2170 ex
2156 2139 2227 2170 eius
2242 2139 2348 2171 verbis
2365 2139 2498 2176 ultimis,

1420 2183 1452 2214 in
1477 2183 1606 2223 quibus,
1631 2183 1723 2224 quasi
1747 2188 1916 2224 exponens
1938 2182 2031 2224 quod
2060 2182 2191 2221 dixerat,
2215 2184 2260 2215 ait
2289 2184 2382 2226 quod
2404 2185 2499 2217 intel·

1419 2228 1521 2259 lectus
1543 2228 1711 2269 componit
1731 2233 1791 2259 aut
1811 2228 1928 2260 dividit
1949 2228 2146 2269 applicando
2169 2228 2392 2272 intelligibilia
2401 2230 2499 2271 prius

1419 2273 1584 2305 abstracta
1607 2273 1652 2304 ad
1667 2283 1729 2309 res,
1746 2278 1778 2304 et
1800 2273 1834 2304 in
1857 2273 1920 2305 hac
1942 2273 2200 2315 apprehensione
2223 2283 2352 2306 necesse
2373 2279 2423 2306 est
2440 2282 2499 2306 co·

1420 2318 1563 2360 intelligi
1585 2323 1720 2359 tempus.

1475 2363 1566 2394 Patet
1590 2372 1668 2404 ergo
1684 2362 1777 2405 quod
1791 2368 2022 2404 argumentum
2040 2362 2190 2405 procedit
2203 2372 2243 2395 ac
2258 2363 2285 2395 si
2308 2363 2396 2395 idern
2414 2341 2514 2396 esset.

1419 2407 1508 2449 apud
1538 2407 1695 2440 Sanctum
1723 2408 1890 2439 Thomam
1923 2408 2108 2449 operationi
2137 2408 2322 2440 intellectus
2352 2408 2498 2440 adiacere

1419 2458 1560 2494 tempus,
1584 2459 1617 2484 et
1638 2453 1843 2485 intellectum
1865 2453 1899 2484 in
1922 2462 1981 2484 sua
2003 2453 2195 2494 operatione
2225 2458 2357 2495 tempus
2382 2452 2498 2487 adiun-

1418 2507 1505 2539 gere.
1530 2498 1605 2529 Hoc
1629 2504 1739 2530 autern
1763 2497 1966 2547 ostendimus
1989 2497 2107 2530 falsum
2123 2507 2203 2530 esse.
2227 2497 2306 2531 ideo
2329 2507 2398 2531 non
2421 2507 2498 2541 pro·

1420 2542 1505 2574 cedit
1528 2543 1610 2574 ratio
1634 2548 1747 2574 contra
1770 2544 1942 2574 intentum.

1122 2657 1660 2700 *walw—

506 2859 1043 2917 CAPITULUM
1089 2860 1750 2918 NONAGESIMUM
1800 2859 2278 2918 SEPTIMUM

639 2997 814 3050 QUOD
848 2998 1274 3042 INTELLECTUS
1309 2999 1741 3042 SUBSTANTIAE
1773 2995 2145 3042 SEPARATAE

980 3060 1223 3104 SEMPER
1255 3062 1605 3105 INTELLIGIT
1639 3063 1808 3105 ACTU

389 3238 392 3239 γ
429 3242 433 3249 ,
505 3214 528 3240 x
556 3203 633 3240 hoc
660 3210 792 3240 autern
825 3212 983 3253 apparet
1012 3204 1120 3254 quod
1153 3204 1365 3243 intellectus

518 3255 752 3293 substantiae
783 3265 980 3307 separatae
999 3265 1056 3295 est
1074 3269 1230 3308 semper
1257 3258 1364 3296 intel-

318 3319 336 3353 -χ
365 3307 473 3361 „35:31
519 3309 638 3358 ligeris
666 3317 765 3347 actu.

325 3364 334 3390 s
383 3361 399 3383 ’-
420 3356 479 3383 ³⁵²
569 3363 689 3410 Quod
718 3363 823 3401 enim
852 3371 908 3402 est
936 3364 1175 3414 quandoque
1201 3364 1240 3402 in
1263 3373 1362 3412 actu,

1420 3212 1587 3255 tempus,
1607 3213 1650 3243 ut
1667 3204 1877 3255 probatum
1902 3204 2004 3242 esst.
2025 3205 2120 3243 Non
2148 3212 2205 3242 est
2231 3203 2346 3254 igitur
2371 3214 2496 3253 quan-

1421 3259 1553 3309 doque
1581 3258 1794 3308 intelligens
1821 3266 1910 3297 actu
1938 3265 1976 3296 et
2002 3258 2244 3309 quandoque
2271 3268 2366 3295 non.

1474 3312 1666 3363 Amplius.
1697 3311 1840 3351 Omnis
1874 3311 2092 3356 substantia
2119 3311 2256 3349 vivens
2284 3310 2402 3348 habet
2430 3309 2495 3348 ali-

1420 3377 1541 3416 quam
1570 3365 1840 3417 operationem
1869 3365 1970 3404 vitae
1998 3365 2039 3404 in
2066 3372 2155 3404 actu
2182 3375 2230 3402 ex
2258 3376 2330 3402 sua
2357 3370 2496 3403 natura

293 3414 530 3464 quandoque
550 3415 590 3454 in
608 3417 789 3467 potentia,
810 3425 1058 3456 mensuratur
1085 3425 1274 3469 ternpore.
1304 3420 1362 3457 In·
1387 3436 1395 3456 s
1420 3432 1521 3470 quae
1550 3419 1648 3459 inest
1676 3419 1711 3458 ei
1739 3431 1907 3470 semper,
1933 3417 2019 3457 licet
2045 3417 2141 3457 aliae
2169 3417 2411 3468 quandoque
2438 3416 2494 3456 in·

294 3468 462 3506 tellectus
494 3477 625 3508 autem
658 3470 892 3509 substantiae
926 3480 1124 3522 separatae
1158 3479 1214 3509 est
1245 3485 1363 3522 supra

351 3625 362 3643 ι
384 3624 470 3644 autem
491 3621 532 3646 lta
551 3621 645 3651 GZPc;
664 3629 708 3647 om
726 3623 819 3648 ceteri.

352 3652 366 3678 3
383 3654 512 3688 Amplius}
532 3656 596 3682 item
615 3657 736 3684 aDWPc.
826 3659 940 3692 aliquam
956 3661 1020 3692 post
1038 3659 1218 3692 operationem
1238 3659 1323 3686 oDW.

1419 3473 1494 3511 sint
1521 3473 1557 3512 ei
1586 3473 1625 3511 in
1654 3473 1844 3524 potentia:
1881 3473 1980 3511 sicut
2014 3470 2196 3510 animalia
2231 3483 2389 3522 semper
2422 3483 2494 3510 nu-

1416 3661 1430 3686 5
1450 3661 1537 3695 insint}
1558 3661 1609 3687 sint
1628 3661 1703 3686 anx.

1418 974 1430 1004 l
1450 973 1550 1009 Sent„
1575 973 1605 1004 d.
1627 982 1756 1010 xxxvm,
1773 982 1801 1003 a.
1820 972 1837 1004 3
1856 974 1888 1010 *3
1913 973 1956 1004 IV
1972 973 2071 1010 Sent„
2090 973 2121 1005 d.
2142 984 2226 1011 xux,
2245 984 2277 1016 q.
2294 985 2339 1012 m,
2355 985 2384 1006 a.
2406 984 2416 1006 ι
2441 977 2494 1013 ““;
2522 968 2587 1005 Ῑ.“
2600 973 2623 1008 ἔ·

2523 3213 2531 3221 ·
2548 3210 2607 3239 Cap.
2623 3216 2699 3239 praee.
