2768 4134
46 1068 162 1096 -1-1-:xpiici
164 1068 260 1096 tfragm.

46 1097 139 1117 Αυτοσ.
144 1095 211 1120 Vn.
217 1101 257 1117 zv

49 1123 142 1150 bmarg.
159 1121 200 1144 inf
231 1121 260 1143 cs.

49 1155 66 1171 c.
76 1155 146 1176 xxvii,
155 1148 260 1174 b18;etc.

48 1182 91 1197 Lxx
79 1181 135 1202 xxn,
140 1165 191 1197 ’2²8
206 1175 260 1197 ιηό.

43 2121 52 2128 ·
68 2118 104 2140 cf.
124 2119 255 2141 comment.

44 2151 94 2173 cap.
104 2152 172 2171 uxv,
188 2145 238 2167 init.

43 2389 51 2397 ·
67 2386 103 2409 ef.
119 2391 183 2408 num.
200 2391 248 2413 seq.

43 2654 51 2663 ·
67 2652 104 2675 Cf.
119 2658 142 2674 n.
154 2658 185 2674 tv.

44 2970 52 2978 ·
67 2968 138 2990 Num.
154 2975 186 2991 ιιι.

291 303 367 329 222

291 372 375 421 ipso
404 371 465 405 vel
493 368 532 405 in
561 366 643 403 eius
672 365 878 409 intellectu,
907 370 1093 412 sequetur
1120 362 1229 411 quod
1258 362 1366 398 Deus

291 435 371 461 non
398 421 490 458 velit
513 420 605 457 illud
634 418 742 455 aliter
766 416 839 454 nisi
861 416 954 466 quia
981 417 1064 452 vult
1090 415 1185 452 illud
1213 427 1297 452 esse
1325 414 1366 452 in

291 489 330 513 se
350 477 411 512 vel
440 474 479 511 in
508 473 591 510 eius
620 471 823 508 intellectu.
854 470 943 507 Hoc
971 477 1103 506 autem
1132 481 1215 506 non
1243 468 1366 506 inten-

290 530 387 566 dunt
414 529 634 576 loquentes:
665 524 733 562 sed
760 523 868 573 quod
888 524 998 560 Deus
1015 522 1245 560 huiusmodi
1264 534 1365 572 quae

290 582 469 620 nondum
498 587 587 617 sunt
614 577 704 615 velit
733 589 816 614 esse
844 577 960 614 etiam
989 575 1029 613 in
1058 576 1204 625 seipsis.

344 636 530 681 Rursum,
560 632 590 669 si
618 633 799 669 voluntas
828 637 1079 679 comparatur
1105 629 1155 666 ad
1184 641 1268 666 rem
1295 641 1366 666 vo-

290 688 394 725 litam
422 699 494 737 per
521 698 639 724 suum
667 684 877 732 obiectum,
907 683 1015 732 quod
1045 690 1101 720 est
1128 683 1281 720 bonurn
1309 683 1366 720 in-

289 743 502 787 tellectum;
532 739 744 777 intellectus
772 745 904 775 autem
932 748 1015 774 non
1043 737 1172 774 solum
1196 735 1367 785 intelligit

289 796 441 832 bonum
470 805 552 831 esse
582 793 621 830 in
649 805 702 840 se,
731 791 799 828 sed
829 790 945 827 etiam
964 789 1004 827 in
1023 789 1182 840 propria
1210 798 1364 827 natura:

290 857 326 886 et
345 850 526 885 voluntas
554 844 843 896 comparabitur
871 844 920 881 ad
948 843 1115 881 volitum
1134 855 1215 880 non
1235 844 1365 881 solum

291 902 509 939 secundum
542 900 650 950 quod
684 907 740 936 est
772 898 810 935 in
846 905 1116 945 cognoscente,
1145 897 1214 934 sed
1248 896 1364 934 etiam

290 955 508 992 secundum
538 953 645 1014 quod
675 961 730 989 est
759 951 798 988 in
828 951 967 1001 seipso.

343 1009 530 1046 Dicamus
559 1007 671 1056 igitur
698 1006 818 1055 quod,
844 1017 937 1042 curn
965 1004 1118 1041 bonum
1146 1005 1365 1054 apprehen-

290 1074 378 1099 sum
397 1059 428 1113 †
456 1069 613 1098 moveat
640 1061 894 1105 voluntatem,
920 1066 1072 1107 oportet
1098 1058 1207 1108 quod
1233 1057 1364 1108 ipsum

288 1117 386 1153 velle
407 1122 591 1164 sequatur
614 1112 880 1151 conditionem
903 1111 1241 1162 apprehensionis:
1267 1111 1365 1149 sicut

289 1177 326 1207 et
353 1176 484 1206 motus
511 1167 678 1205 aliorum
704 1165 912 1204 mobilium
936 1173 1155 1215 sequuntur
1177 1165 1365 1203 conditio-

289 1235 357 1260 nes
372 1220 567 1259 moventis
581 1220 690 1270 quod
705 1228 761 1257 est
775 1231 893 1257 causa
907 1227 1050 1257 motus.
1067 1218 1217 1257 Relatio
1232 1226 1366 1257 autem

288 1274 614 1326 apprehendentis
642 1274 691 1311 ad
716 1274 1009 1323 apprehensum
1037 1280 1093 1310 est
1119 1284 1365 1323 consequens

288 1330 336 1367 ad
357 1327 710 1379 apprehensionem
731 1327 872 1378 ipsam:
892 1338 965 1377 per
984 1327 1061 1364 hoc
1079 1325 1185 1364 enirn
1205 1326 1367 1364 refertur

287 1382 586 1443 apprehendens
601 1382 650 1419 ad
665 1381 959 1432 apprehensum
978 1380 1087 1431 quod
1109 1380 1367 1431 apprehendit

287 1436 430 1486 ipsum.
460 1436 555 1474 Non
582 1443 714 1472 autem
743 1436 872 1472 solum
901 1434 1201 1484 apprehendens
1228 1446 1366 1485 appre-

288 1489 422 1527 hendit
459 1501 543 1527 rem
581 1489 801 1526 secundum
838 1488 948 1538 quod
985 1496 1042 1525 est
1078 1487 1118 1525 in
1161 1487 1259 1538 ipso,
1298 1488 1367 1526 sed

287 1544 506 1581 secundum
535 1543 643 1593 quod
664 1550 720 1580 est
740 1542 779 1580 in
798 1541 956 1592 propria
985 1549 1138 1580 natura:
1169 1541 1262 1591 quia
1286 1554 1367 1580 non

341 1658 355 1685 5
376 1667 436 1688 esse
451 1663 515 1692 post
534 1659 611 1684 etiam
632 1659 692 1684 aPc.
775 1657 792 1684 6
811 1658 928 1684 Rursum
947 1658 968 1683 Α
983 1658 1069 1688 εοΙιιες
1088 1657 1200 1683 Rursus.

288 1702 319 1720 22
341 1694 398 1729 sed]
417 1694 593 1728 principaliter
610 1695 717 1720 addunt
734 1694 787 1719 ΝΖ.

339 1739 358 1763 4
375 1736 437 1756 tune
456 1738 499 1756 om
519 1738 544 1756 α.
649 1738 664 1763 7
684 1737 765 1763 quam
785 1731 828 1755 Ita
847 1729 961 1761 DWZP3
981 1737 1034 1763 qua
1058 1730 1148 1755 ceteri.

288 1774 321 1792 ια
340 1765 426 1800 igitur]
446 1767 516 1792 enim
535 1766 622 1792 αΥ-Ρσ.
724 1773 758 1798 ι4
777 1765 858 1800 quod}
878 1766 1026 1791 secundum
1044 1766 1117 1799 quod
1136 1765 1265 1791 NWZPd.

286 1803 312 1828 in
330 1803 435 1828 volente
447 1802 491 1834 W,
509 1802 536 1827 in
552 1803 685 1828 volentem
705 1802 822 1835 (volente
840 1801 900 1836 GY)
921 1809 1032 1827 movens
1049 1801 1163 1833 cEGYc,
1181 1802 1208 1826 in
1226 1802 1359 1827 volentem
1373 1802 1484 1827 manens
1497 1801 1525 1827 d.

284 1838 321 1863 W
339 1838 420 1872 Iegit:
439 1839 508 1864 unde
526 1839 597 1864 velle
616 1843 642 1863 et
661 1838 806 1871 intelligere
824 1845 877 1863 non
896 1837 987 1864 transit
1005 1838 1030 1864 in
1051 1837 1119 1863 aliud
1139 1843 1210 1862 extra
1229 1837 1353 1863 existens.

1285 1664 1318 1683 ιο
1337 1663 1363 1683 et
1375 1664 1419 1683 om
1434 1657 1463 1689 P,
1477 1662 1503 1683 et
1515 1658 1637 1682 voluntas
1651 1664 1695 1683 om
1709 1657 1738 1684 Z.

847 284 1037 322 SUMMA
1066 283 1289 320 CONTRA
1318 281 1596 329 GENTILES,
1627 282 1739 319 CAP.
1767 283 1940 320 LXXIX.

1422 362 1551 398 solum
1580 361 1855 410 cognoscimus
1882 375 1966 400 rem
1994 362 2149 412 intelligi
2177 375 2200 400 a
2232 363 2359 411 nobis,
2391 364 2501 413 quod

1422 422 1478 451 est
1497 426 1586 451 eam
1605 426 1690 451 esse
1709 414 1749 451 in
1777 414 1982 464 intellectu,
2004 417 2072 454 sed
2093 429 2180 454 earn
2200 428 2284 454 esse
2303 418 2367 454 vel
2384 416 2501 454 fuisse

1420 469 1484 505 vel
1511 467 1682 505 futuram
1710 480 1795 505 esse
1822 469 1864 506 in
1891 470 2050 530 propria
2072 478 2222 509 natura.
2251 469 2362 508 Licet
2387 469 2503 519 igitur

1421 530 1514 558 tunc
1543 533 1604 559 res
1631 521 1695 558 illa
1721 533 1804 559 non
1831 522 1878 560 sit
1906 523 1978 561 nisi
2007 523 2047 561 in
2075 531 2347 573 cognoscente,
2367 523 2502 561 relatio

1389 591 1397 611 ς
1421 583 1552 612 tamen
1581 586 1827 624 consequens
1864 578 2219 626 apprehensionem
2249 585 2307 615 est
2334 578 2384 615 ad
2412 589 2502 614 earn

1421 640 1503 666 non
1531 636 1648 678 prout
1675 636 1732 665 est
1760 628 1800 665 in
1828 639 2097 679 cognoscente,
2126 632 2195 669 sed
2223 639 2341 682 prout
2369 637 2425 668 est
2443 642 2502 667 se-

1421 682 1599 719 cundum
1631 681 1833 732 propriam
1870 690 2063 732 naturam,
2093 697 2215 736 quarn
2244 683 2503 736 apprehendit

1421 736 1734 795 apprehendens.

1475 789 1694 826 Voluntatis
1713 788 1826 838 igitur
1844 789 2001 828 divinae
2020 792 2153 830 relatio
2171 800 2228 830 est
2247 793 2297 830 ad
2316 804 2399 829 rem
2419 803 2502 829 non

1381 859 1407 874 m
1421 843 1648 880 existentem
1677 843 1896 881 secundum
1916 844 2026 894 quod
2046 853 2102 882 est
2120 845 2160 883 in
2187 846 2345 896 propria
2363 853 2502 883 natura

1421 897 1642 934 secundum
1671 896 1831 947 aliquod
1859 905 2028 948 tempus,
2049 906 2086 935 et
2104 910 2186 937 non
2206 901 2334 937 solum
2364 911 2501 937 secun-

1421 951 1518 988 dum
1548 951 1656 1000 quod
1686 959 1742 988 est
1774 950 1814 988 in
1850 951 1936 989 Deo
1970 960 2240 1001 cognoscente.
2271 954 2362 991 Vult
2389 952 2504 1002 igitur

1420 1004 1529 1041 Deus
1558 1016 1642 1042 rem
1671 1017 1772 1055 quae
1808 1017 1890 1042 non
1924 1014 1980 1043 est
2013 1018 2130 1053 nunc,
2160 1019 2244 1044 esse
2282 1007 2501 1044 secundum

1421 1057 1580 1108 aliquod
1609 1066 1781 1109 tempus:
1812 1066 1849 1096 et
1884 1071 1965 1097 non
1999 1061 2127 1097 solum
2157 1061 2241 1098 vult
2273 1061 2382 1110 quod
2419 1059 2502 1110 ipse

1381 1123 1510 1152 ςεειιιι
1538 1111 1720 1160 intelligit.

1475 1165 1561 1202 Nec
1580 1173 1637 1202 est
1655 1165 1780 1204 simile
1799 1166 1848 1204 de
1868 1166 2052 1205 relatione
2070 1167 2236 1205 volentis
2255 1168 2306 1206 ad
2324 1167 2502 1216 volitum,

1422 1226 1458 1256 et
1486 1218 1649 1257 creantis
1668 1219 1717 1257 ad
1737 1227 1923 1268 creatum,
1943 1228 1980 1258 et
1998 1220 2172 1259 facientis
2189 1221 2239 1259 ad
2257 1221 2417 1269 factum,
2435 1229 2504 1260 aut

1421 1272 1583 1310 Domini
1611 1272 1662 1310 ad
1690 1272 1905 1311 subiectam
1933 1282 2164 1313 creaturam.
2195 1275 2302 1313 Nam
2319 1277 2420 1314 velle
2445 1283 2503 1313 est

1421 1326 1522 1364 actio
1542 1326 1581 1364 in
1601 1327 1756 1364 volente
1776 1339 1958 1366 manens:
1985 1328 2092 1366 unde
2116 1340 2198 1366 non
2218 1329 2319 1379 cogit
2346 1327 2503 1380 intelligi

1380 1398 1408 1414 ιο
1422 1379 1568 1431 aliquid
1587 1387 1694 1418 extra
1712 1380 1890 1419 existens.
1912 1381 1992 1420 Sed
2019 1382 2143 1421 facere
2163 1390 2201 1421 et
2223 1395 2355 1422 creare
2378 1390 2416 1422 et
2432 1395 2502 1434 gu-

1422 1433 1587 1472 bernare
1606 1433 1824 1483 significant
1843 1434 2038 1474 actionem
2063 1435 2312 1475 terminatam
2330 1437 2381 1475 ad
2400 1445 2503 1476 exte-

1422 1487 1567 1526 riorem
1595 1488 1792 1535 effectum,
1813 1488 1896 1526 sine
1920 1489 2032 1527 cuius
2055 1489 2256 1528 existentia
2274 1490 2503 1530 huiusmodi

1422 1541 1522 1580 actio
1551 1553 1633 1580 non
1661 1550 1788 1593 potest
1815 1542 1982 1593 intelligi.

1822 1665 1855 1691 ¹4
1874 1663 2025 1686 moveat...
2046 1657 2098 1684 228
2116 1658 2176 1684 226
2194 1658 2297 1685 virtutis
2316 1659 2415 1686 Ιαειιιια
2426 1658 2454 1686 in
2469 1658 2503 1686 A.

1253 1737 1270 1763 9
1289 1729 1438 1754 Voluntatis
1463 1729 1506 1754 Ita
1534 1729 1666 1761 ZsNde;
1691 1734 1718 1754 et
1739 1730 1834 1755 volens
1858 1729 1890 1762 D,
1908 1730 1947 1755 sic
1970 1730 2114 1756 voluntat-is
2133 1730 2178 1762 W,
2197 1735 2223 1757 et
2244 1731 2388 1757 voluntati·
2410 1731 2503 1757 edu-i.

1367 1763 1400 1790 16
1419 1764 1555 1799 relatione]
1575 1765 1676 1791 atione
1694 1765 1743 1793 az.

1616 1801 1753 1835 nonoogit
1765 1808 1810 1827 οκι
1825 1772 1880 1833 029,
1893 1748 2248 1837 ἓιῖαοκέωιὲιὲξιέυξῗ,
2255 1766 2504 1838 &gnatust-el?

1446 1844 1479 1861 20
1499 1836 1613 1862 existens
1634 1837 1677 1862 Ita
1696 1836 1893 1868 GNWZ31ctu
1911 1837 2019 1863 addunt
2037 1838 2128 1865 ceteri.

1057 1928 1399 1964 Commenta-ia.
1419 1926 1736 1961 Feri-axiensis

339 2036 487 2058 osTQUAM
517 2025 741 2057 determinavit
771 2023 908 2055 Sanctus
932 2023 1078 2054 Thomas
1107 2022 1148 2054 de
1179 2023 1285 2054 volitis
1316 2032 1365 2053 se-

287 2038 501 2103 Pcundariis
530 2071 566 2102 in
597 2069 777 2105 communi,
800 2078 889 2100 nunc
919 2067 960 2099 de
991 2067 1188 2108 quibusdam
1210 2068 1245 2099 in
1268 2068 1366 2108 parti—

285 2117 384 2148 culari
407 2116 600 2147 determinat
615 2115 641 2145 *.

341 2161 364 2192 1.
389 2161 430 2192 Et
453 2161 547 2201 ponit
578 2160 662 2190 hanc
692 2159 955 2191 conclusionem:
980 2158 1071 2190 Deus
1101 2159 1171 2190 vult
1200 2157 1300 2189 etiam
1326 2167 1364 2188 ω

285 2215 369 2248 quae
393 2215 458 2236 non
488 2209 573 2236 sunt.
606 2204 699 2235 Hanc
730 2210 839 2235 autem
871 2203 1118 2234 conclusionem
1149 2213 1218 2234 non
1249 2203 1365 2243 probat

286 2251 423 2282 Sanctus
446 2250 605 2280 Thomas:
632 2248 688 2280 sed
716 2248 847 2280 adducit
877 2249 1043 2279 instantias
1067 2254 1180 2280 contra
1206 2248 1309 2288 ipsam
1334 2253 1366 2278 et

286 2295 382 2326 solvit
405 2294 599 2334 singillatim,
624 2303 662 2324 ex
687 2302 797 2324 earum
826 2293 990 2324 solutione
1020 2293 1206 2333 relinquens
1231 2291 1366 2323 conclu-

286 2339 412 2371 sioneni
440 2348 509 2370 esse
532 2348 641 2369 veram
672 2344 703 2368 et
731 2338 910 2378 probatam.
943 2337 1037 2368 Circa
1068 2338 1132 2368 hoc
1164 2342 1273 2368 autem
1298 2336 1364 2367 duo

287 2384 377 2415 facit:
398 2384 516 2424 primo,
533 2384 627 2424 ponit
643 2383 822 2419 instantias3
840 2382 997 2419 secundo,
1011 2382 1050 2413 ad
1066 2382 1135 2413 illas
1150 2381 1326 2422 respondet
1337 2383 1364 2411 '.

342 2429 511 2467 Quantum
535 2427 574 2458 ad
598 2428 751 2468 primum,
774 2427 842 2458 duo
866 2433 942 2458 sunt
964 2436 1049 2469 quae
1072 2427 1155 2458 circa
1178 2427 1262 2458 hanc
1285 2435 1365 2456 con-

286 2474 467 2505 clusionem
491 2472 613 2503 faciunt
637 2470 869 2503 difficultatem.
894 2472 1006 2503 Unum
1030 2477 1079 2503 est
1101 2472 1188 2513 quia,
1212 2479 1288 2502 cum
1315 2479 1366 2501 re-

286 2519 381 2549 lativa
405 2523 552 2559 oporteat
576 2517 671 2548 simul
697 2526 779 2554 esse;
805 2522 836 2547 et
860 2517 942 2547 velle
967 2516 1090 2547 dicatur
1115 2526 1173 2558 per
1197 2525 1365 2556 compara-

285 2564 410 2594 tionem
436 2562 573 2593 volentis
603 2561 643 2592 ad
672 2562 825 2592 volitum:
850 2561 977 2592 videtur
1007 2561 1098 2602 quod
1130 2561 1240 2592 nullus
1263 2561 1366 2601 possit

285 2608 367 2639 velle
392 2617 429 2638 ea
453 2616 536 2648 quae
560 2616 628 2637 non
652 2613 736 2637 sunt.

342 2652 488 2683 Alterum
504 2653 521 2668 ⁴*
545 2657 592 2682 est
616 2651 693 2692 quia
716 2651 806 2682 Deus
829 2661 897 2682 non
921 2657 1029 2692 potest
1053 2651 1117 2682 dici
1134 2650 1279 2686 Creator,
1297 2650 1365 2681 Do-

285 2698 394 2728 minus
417 2702 449 2727 et
473 2696 565 2727 Pater
588 2695 649 2726 nisi
674 2705 788 2727 eorum
813 2705 896 2736 quae
913 2701 998 2727 sunt.
1023 2696 1121 2737 Ergo,
1138 2705 1156 2726 a
1172 2695 1279 2731 simili,
1295 2703 1366 2726 non

284 2747 392 2782 potest
415 2741 498 2772 velle
521 2741 582 2772 nisi
607 2749 690 2781 quae
715 2746 799 2772 sunt.

340 2786 388 2817 Ex
413 2786 532 2826 quibus
556 2786 702 2826 sequitur
725 2786 815 2827 quod
840 2786 929 2817 Deus
945 2786 1026 2817 nihil
1041 2785 1118 2816 velit
1133 2784 1226 2826 quod
1240 2793 1309 2815 non
1325 2784 1365 2815 sit

285 2840 426 2872 semper:
452 2839 528 2861 cum
551 2830 634 2861 velle
658 2829 805 2861 divinum
829 2831 869 2862 sit
891 2830 1104 2861 immutabile.

340 2875 378 2906 Π.
398 2875 568 2914 Quantum
591 2874 632 2905 ad
655 2874 848 2912 secundum,
864 2875 1041 2916 respondet
1056 2875 1193 2906 Sanctus
1206 2873 1363 2910 Thomas,

285 2926 316 2951 et
339 2919 406 2951 duo
430 2919 520 2951 facit:
544 2919 662 2960 primo,
693 2918 807 2951 falsam
840 2920 1003 2961 quandam
1036 2919 1284 2961 responsionem
1315 2927 1365 2950 re-

284 2965 413 3006 probat3
439 2963 595 3000 secundo,
619 2964 714 3005 ponit
737 2974 845 2996 veram
868 2965 1116 3006 responsionem
1132 2965 1160 2995 θ.

341 3009 499 3040 Dicebant
522 3018 599 3050 ergo
624 3008 758 3050 quidam
781 3009 821 3040 ad
849 3009 905 3040 has
936 3010 1136 3041 obiectiones
1165 3008 1266 3050 quod,
1290 3007 1365 3039 licet

285 3054 392 3095 aliqua
414 3054 449 3085 in
472 3053 585 3095 seipsis
607 3063 676 3084 non
700 3054 773 3090 sint,
798 3055 830 3085 in
855 3053 928 3085 Deo
952 3060 1060 3086 tamen
1085 3060 1160 3085 sunt
1183 3058 1215 3085 et
1237 3054 1271 3084 in
1295 3054 1365 3085 eius

283 3099 461 3135 intellectu,
486 3104 518 3130 et
542 3099 587 3129 sic
611 3098 700 3130 Deus
723 3099 793 3130 vult
814 3108 884 3130 non
907 3100 1007 3130 entia:
1032 3098 1213 3130 secundum
1241 3098 1364 3130 scilicet

285 3143 375 3184 quod
398 3144 432 3174 in
455 3143 528 3184 ipso
552 3149 637 3175 sunt.

340 3188 464 3220 Contra
486 3189 570 3219 hanc
593 3189 854 3229 responsionem,
871 3187 962 3229 quod
978 3189 1018 3219 sit
1036 3187 1244 3225 insufficiens,
1260 3189 1364 3230 arguit

285 3232 422 3264 Sanctus
437 3233 585 3264 Thomas
608 3232 789 3274 dupliciter.

339 3277 463 3309 Primo.
487 3278 641 3319 Sequitur
664 3277 756 3319 quod
779 3277 870 3309 Deus
893 3287 961 3309 non
979 3278 1055 3309 velit
1078 3287 1148 3309 non
1172 3278 1257 3309 entia
1273 3278 1364 3309 aliter

286 3331 384 3362 quam
402 3322 465 3353 sint
487 3323 521 3353 in
545 3323 628 3364 ipso,
644 3322 695 3354 vel
719 3323 752 3353 in
777 3322 846 3354 eius
869 3322 1045 3354 intellectu.
1071 3322 1134 3354 Sed
1149 3322 1213 3353 hoc
1229 3332 1297 3354 non
1313 3323 1362 3353 in-

285 3365 422 3398 tendunt
437 3368 494 3407 qui
510 3367 551 3398 de
566 3367 627 3398 hac
651 3367 843 3408 quaestione
866 3367 1061 3408 loquuntur:
1086 3367 1144 3398 sed
1167 3366 1258 3407 quod
1274 3367 1363 3398 Deus

287 3410 362 3441 velit
377 3420 414 3442 ea
429 3421 499 3442 esse
519 3411 553 3443 in
576 3412 698 3453 seipsis.
724 3411 811 3453 Ergo
828 3417 890 3443 etc.
904 3429 929 3435 -
943 3412 1102 3443 Probatur
1117 3412 1361 3453 consequentia.

287 3454 373 3492 Quia
395 3456 509 3487 volens
532 3456 712 3488 seeundum
736 3457 800 3488 hoc
824 3456 941 3488 dicitur
963 3455 1087 3498 aliquid
1105 3456 1188 3488 velle
1205 3455 1296 3497 quod
1314 3466 1363 3487 re-

288 3498 386 3530 fertur
415 3500 455 3531 ad
478 3500 626 3532 volitum.
660 3501 693 3533 Si
717 3511 794 3543 ergo
826 3501 934 3533 divina
957 3501 1107 3533 voluntas
1138 3500 1179 3532 ad
1209 3510 1278 3532 non
1306 3510 1363 3532 ens

287 3542 421 3575 refertur
436 3550 562 3576 tantum
578 3551 614 3577 ut
630 3551 677 3577 est
693 3546 726 3577 in
743 3546 815 3578 Deo
833 3551 864 3577 et
879 3547 911 3577 in
935 3547 1005 3578 eius
1023 3545 1200 3583 intellectu,
1217 3546 1363 3587 sequitur

289 3587 379 3626 quod
403 3589 477 3619 velit
500 3589 579 3620 illud
603 3595 728 3621 tantum
753 3601 822 3622 esse
846 3591 879 3622 in
903 3590 975 3622 Deo
993 3596 1024 3622 et
1040 3591 1073 3622 in
1093 3591 1162 3621 eius
1185 3590 1362 3621 intellectu.

344 3631 502 3663 Secundo.
523 3633 705 3666 Intellectus
721 3635 848 3667 divinus
864 3645 933 3667 non
949 3636 1057 3667 solum
1072 3635 1221 3675 intelligit
1236 3636 1362 3666 bonum

290 3684 358 3706 esse
381 3677 413 3706 in
437 3686 480 3713 se,
506 3678 560 3708 sed
585 3679 680 3709 etiam
704 3680 737 3710 in
761 3681 891 3721 propria
915 3685 1037 3711 natura.
1062 3680 1150 3721 Ergo
1167 3685 1199 3711 et
1214 3680 1363 3711 voluntas

1419 2028 1628 2063 comparatur
1642 2021 1683 2053 ad
1699 2021 1839 2053 volitum
1855 2021 1974 2054 eodem
1989 2021 2104 2054 modo.
2116 2040 2139 2045 -
2150 2022 2242 2054 Patet
2257 2025 2505 2065 consequentia.

1419 2066 1507 2106 Quia
1529 2067 1681 2099 voluntas
1705 2072 1913 2108 comparatur
1927 2066 1968 2099 ad
1983 2076 2052 2098 rem
2069 2067 2202 2099 volitum
2217 2077 2276 2109 per
2291 2077 2389 2100 suum
2412 2069 2505 2102 obia-

1419 2118 1521 2149 ctum,
1545 2111 1637 2153 quod
1661 2117 1709 2143 est
1732 2112 1859 2143 bonum
1882 2111 2095 2144 intellectum.

1477 2166 1507 2188 2.
1539 2156 1635 2189 Circa
1665 2157 1925 2198 propositionem
1955 2156 2043 2188 illam
2073 2157 2107 2188 in
2136 2157 2240 2198 prima
2273 2157 2506 2199 reprobatione

1419 2207 1630 2243 assumptam,
1654 2201 1838 2233 Secundum
1861 2202 1924 2233 hoc
1946 2201 2068 2233 dicitur
2090 2201 2224 2243 quilibet
2246 2202 2359 2234 volens
2377 2203 2504 2245 aliquid

1420 2247 1503 2278 velle
1523 2247 1612 2288 quod
1632 2247 1786 2278 voluntas
1800 2255 1862 2278 sua
1878 2247 2025 2289 refertur
2040 2246 2084 2278 ad
2104 2247 2250 2283 volitum,
2267 2246 2503 2280 attendendum

1419 2291 1510 2331 quod
1527 2291 1597 2322 eius
1612 2297 1721 2332 potest
1736 2290 1856 2332 duplex
1873 2300 1942 2322 esse
1962 2300 2085 2322 sensus.
2110 2291 2214 2328 Unus,
2230 2291 2322 2332 quod
2344 2292 2507 2324 habitudo

1419 2335 1559 2367 volentis
1575 2336 1615 2367 ad
1631 2336 1770 2367 volitum
1787 2337 1827 2367 sit
1842 2336 1965 2367 volenti
1988 2336 2070 2367 ratio
2095 2335 2187 2377 quod
2206 2336 2293 2373 velit,
2309 2337 2503 2378 accipiendo

1419 2380 1643 2411 habitudinem
1668 2390 1728 2422 pro
1752 2381 1824 2421 ipso
1855 2381 1928 2411 solo
1962 2386 2121 2422 respectu.
2155 2381 2196 2412 Et
2226 2381 2285 2412 iste
2317 2388 2430 2413 sensus
2453 2388 2502 2414 est

1420 2424 1528 2457 fanus.
1552 2425 1629 2457 Non
1653 2426 1742 2458 enim
1771 2435 1812 2457 ex
1841 2431 1990 2467 respectu
2020 2425 2117 2457 habet
2147 2425 2261 2458 volens
2290 2425 2381 2467 quod
2408 2427 2502 2458 velit:

1418 2469 1522 2502 immo
1539 2479 1558 2501 e
1574 2470 1748 2507 contrario,
1765 2470 1844 2511 quia
1864 2470 1964 2501 habet
1977 2476 2087 2502 aetum
2102 2470 2235 2502 volendi
2251 2471 2335 2502 circa
2350 2471 2504 2509 volitum,

1419 2515 1565 2555 sequitur
1588 2514 1745 2546 habitudo
1777 2514 1817 2546 ad
1849 2515 1968 2556 ipsum.
1992 2533 2014 2538 -
2038 2515 2131 2546 Alius
2154 2524 2267 2546 sensus
2294 2525 2364 2547 esse
2393 2521 2502 2557 potest

1419 2559 1510 2600 quod
1534 2569 1572 2590 ex
1597 2565 1670 2591 actu
1699 2569 1767 2601 quo
1798 2559 1971 2591 inclinatur
2001 2560 2151 2591 voluntas
2174 2561 2208 2591 in
2231 2560 2381 2597 volitum,
2405 2566 2438 2592 et
2460 2560 2501 2592 ad

1419 2613 1519 2645 quem
1543 2606 1755 2646 consequitur
1777 2610 1942 2646 respectus
1958 2604 1998 2636 ad
2014 2605 2134 2646 ipsum,
2151 2604 2268 2636 dicitur
2289 2605 2404 2637 volens
2418 2605 2502 2638 velle

1418 2648 1552 2692 aliquid.
1576 2649 1618 2680 Et
1641 2650 1694 2681 hic
1717 2659 1830 2681 sensus
1853 2655 1902 2680 est
1924 2659 2029 2686 verus,
2055 2655 2086 2681 et
2116 2649 2169 2681 hic
2198 2649 2353 2682 intentus.
2377 2650 2502 2682 Volens

1419 2694 1506 2725 enim
1531 2693 1648 2725 dicitur
1670 2694 1793 2735 aliquid
1817 2694 1899 2725 velle
1924 2695 2000 2735 quia
2028 2695 2098 2726 eius
2121 2693 2273 2726 voluntas
2300 2694 2336 2726 in
2362 2691 2500 2728 volitum

1417 2739 1590 2770 inclinatur
1613 2744 1687 2770 actu
1712 2739 1831 2775 elicito,
1848 2748 1946 2780 super
1961 2748 2061 2780 quem
2086 2738 2240 2771 fundatur
2261 2739 2419 2771 habitudo
2441 2749 2504 2772 vo-

1417 2783 1513 2815 lentis
1536 2783 1577 2815 ad
1600 2784 1749 2815 volitum.
1774 2784 1823 2816 Ex
1847 2793 1915 2826 quo
1939 2784 2088 2825 sequitur
2102 2783 2204 2826 quod,
2228 2785 2255 2815 si
2278 2784 2430 2817 voluntas
2451 2785 2504 2817 in-

1418 2828 1556 2860 clinetur
1582 2828 1616 2860 in
1640 2829 1779 2860 volitum
1809 2834 1935 2860 tantum
1965 2834 2003 2860 ut
2031 2828 2129 2860 habet
2158 2837 2229 2860 esse
2258 2829 2292 2860 in
2320 2828 2500 2868 intelludi,

1419 2873 1511 2915 quod
1522 2873 1636 2906 volens
1648 2874 1726 2906 velit
1740 2879 1867 2906 tantum
1879 2883 1950 2906 esse
1961 2873 2053 2916 quod
2063 2873 2146 2905 illud
2160 2873 2281 2905 habet
2272 2883 2307 2905 ιιι
2321 2873 2412 2910 intell

1474 2917 1570 2950 Circa
1603 2918 1781 2952 secundam
1811 2919 1971 2951 rationem
2005 2918 2251 2956 advertendum,
2283 2927 2360 2952 cum
2395 2919 2402 2927 ⁸

1418 2962 1556 2996 Sanctus
1579 2963 1728 2995 Th0mas
1759 2964 1959 2996 voluntatem
1988 2963 2179 3005 comparari
2205 2963 2250 2996 ad
2272 2973 2342 2995 rem
2364 2955 2502 3009 rom

1412 3018 1477 3049 per
1498 3018 1593 3040 ,tuum
1619 3008 1787 3046 obiectum,
1804 3008 1896 3050 quod
1911 3018 1980 3040 non
1996 3007 2067 3040 vult
2089 3007 2260 3041 excludere
2279 3018 2349 3040 rem
2364 3007 2503 3058 VQEQ

1418 3054 1458 3084 ab
1481 3053 1612 3084 obiecto
1636 3053 1824 3090 voluntatis,
1848 3053 1941 3095 quasi
1964 3063 2014 3084 res
2036 3053 2138 3085 volita
2166 3062 2235 3085 non
2265 3053 2306 3084 sit
2333 3053 2503 3088 obiectum

1417 3097 1604 3135 voluntatis,
1627 3098 1693 3130 hoc
1716 3099 1805 3130 enim
1828 3098 2076 3140 repugnantiam
2098 3097 2250 3130 includit·
2274 3097 2332 3130 sed
2345 3096 2503 3131 mitrata

1416 3142 1551 3175 volitam
1563 3143 1761 3184 distinguere
1776 3143 1817 3174 ab
1833 3143 1964 3175 obiecto
1980 3142 2108 3174 formali
2121 3142 2307 3175 voluntatis.
2323 3142 2398 3184 lpu
2410 3142 2501 3175 edm

1418 3198 1468 3219 res
1490 3188 1590 3219 volita
1613 3194 1661 3220 est
1685 3188 1851 3219 obiectum
1875 3187 2056 3219 materiale:
2081 3187 2146 3220 hoc
2168 3193 2280 3222 auten
2302 3186 2397 3228 quod
2412 3186 2502 3225 dito,

1417 3233 1538 3264 bonum
1554 3233 1762 3269 intellectum,
1779 3237 1828 3264 est
1843 3233 2011 3265 obiectum
2030 3231 2177 3264 formale.
2201 3231 2243 3263 Et
2258 3231 2335 3275 quia
2352 3231 2500 3274 potentia

1417 3287 1486 3310 non
1509 3278 1698 3310 terminatur
1721 3277 1761 3309 ad
1784 3276 1949 3310 materiale
1972 3277 2139 3310 obiectum
2161 3275 2223 3308 nisi
2245 3282 2283 3308 ut
2305 3276 2429 3308 substat
2450 3286 2498 3309 ra-

1416 3322 1499 3354 tioni
1522 3322 1662 3359 formali,
1685 3321 1761 3354 ideo
1785 3321 1903 3354 dicitur
1925 3321 2017 3364 quod
2039 3321 2190 3354 voluntas
2208 3329 2277 3352 non
2293 3325 2500 3363 comparatur

1417 3367 1458 3399 ad
1480 3376 1550 3400 rem
1573 3366 1778 3399 materialiter
1801 3366 1935 3399 volitam
1958 3366 2021 3398 nisi
2042 3374 2104 3407 per
2123 3365 2251 3397 bonum
2279 3364 2499 3398 intellectum:

1416 3412 1509 3448 idest,
1533 3413 1594 3444 nisi
1617 3413 1814 3453 inquantum
1837 3412 1934 3443 habet
1956 3411 2116 3442 rationem
2138 3410 2219 3442 boni
2241 3409 2407 3442 intellecti.

1473 3456 1718 3489 Advertendum
1738 3465 1873 3497 quoque
1897 3455 1988 3497 quod
2010 3455 2075 3486 hoc
2102 3454 2179 3486 loco
2209 3464 2279 3488 non
2308 3454 2384 3487 facit
2406 3453 2500 3488 &ffe-

1417 3502 1554 3533 rentiam
1577 3502 1660 3533 inter
1682 3501 1883 3533 intellectum
1907 3506 1939 3532 et
1961 3499 2163 3531 voluntatem
2186 3505 2347 3541 quantum
2366 3498 2407 3531 ad
2432 3499 2497 3531 hoc

1417 3546 1509 3587 quod
1525 3552 1573 3578 est
1596 3546 1777 3587 comparari
1800 3544 1840 3577 ad
1863 3554 1932 3576 rem
1955 3543 2136 3576 secundum
2153 3543 2245 3585 quod
2261 3545 2358 3576 estin
2373 3544 2495 3586 seipsa.

1418 3600 1495 3622 cum
1518 3597 1626 3623 tamen
1651 3590 1799 3632 superius
1813 3589 1831 3607 ⁴*
1853 3589 1937 3621 inter
1959 3588 2015 3620 illa
2037 3594 2196 3630 quantum
2215 3588 2256 3621 ad
2271 3588 2337 3621 hoc
2350 3589 2497 3630 posuerit
2524 3590 2534 3601 ·
2549 3590 2608 3619 (2¹9-
2622 3595 2695 3613 um·

1418 3635 1641 3667 differentiam.
1666 3635 1763 3675 Quia,
1778 3639 1816 3666 ut
1833 3634 1879 3665 ibi
1894 3634 1912 3652 ⁹
1936 3633 2132 3665 declaratum
2156 3639 2214 3671 est,
2231 3639 2392 3676 quantum
2407 3633 2448 3665 ad
2464 3633 2497 3666 id
2523 3633 2742 3658 ‘Comum-²·

1418 3680 1509 3721 quod
1543 3680 1694 3711 terminat
1727 3677 1933 3710 materialiter
1966 3678 2189 3710 habitudinem
2223 3677 2431 3719 intelligentis
2465 3683 2498 3709 et
2570 3677 2576 3684 ¹

2762 2791 2768 2926 .-.—*-
2761 2725 2768 2785 .......
2762 2691 2768 2714 -—
