2768 4134
28 1028 37 1037 ·
47 1026 179 1048 comment.
189 1031 239 1053 cap.

27 1059 60 1079 ιι,
75 1059 96 1075 n.
109 1059 124 1074 ιι
135 1059 186 1080 sqq.

25 1297 34 1307 ·
49 1296 84 1318 Cf.
99 1296 150 1318 init.
168 1296 237 1318 com-

26 1327 95 1345 ment.

23 1608 32 1617 ·
43 1607 174 1629 Commem.
184 1613 234 1634 cap.

23 1640 55 1660 xi,
66 1640 106 1655 xn.

21 1970 30 1979 ·
45 1968 82 1990 Cf.
97 1968 147 1991 init.
162 1968 231 1990 Com-

22 1999 91 2017 meni.

23 3353 31 3362 ·
47 3352 104 3380 Cap.
120 3358 150 3374 vi.

277 292 353 329 294

275 366 322 389 est
345 357 445 397 quod,
470 365 545 386 cum
576 355 713 386 dicimus
744 354 886 393 aliquem
918 362 987 383 esse
1018 358 1152 393 patrem,
1177 351 1350 392 paternitas

274 405 445 442 importata
468 400 602 431 nomine
619 399 728 439 patris
751 404 798 428 est
821 398 855 428 in
878 398 951 438 ipso
968 397 1024 437 qui
1049 397 1166 435 dicitur
1188 402 1293 437 pater;
1318 403 1350 428 et

274 456 349 477 cum
373 446 488 485 aliquis
512 444 628 475 dicitur
651 440 815 479 dominus,
832 442 928 473 estin
944 442 1016 482 ipso
1040 440 1159 473 relatio
1177 441 1351 482 importata

274 494 335 522 hoc
359 491 493 521 nomine
516 489 678 524 dominus,
703 498 771 519 non
795 493 905 518 autem
929 492 976 517 est
999 487 1032 518 in
1056 487 1130 518 alio.
1156 486 1197 518 Et
1220 487 1349 518 univer-

272 537 377 566 saliter
400 544 513 565 verum
537 539 584 565 est
607 533 698 574 quod
721 533 801 563 nihil
824 530 1054 563 denominatur
1075 532 1208 563 relative
1227 542 1285 573 per
1299 542 1349 563 re-

270 680 348 706 mas,
373 670 399 699 si
423 669 591 710 diligenter
614 669 709 699 verba
734 668 803 698 eius
826 666 1082 697 considerentur.

325 714 478 745 Secundo
501 719 610 755 potest
633 712 767 752 intelligi
791 711 1015 742 universaliter
1038 717 1070 742 et
1093 712 1240 743 absolute
1257 713 1348 753 quod

270 770 287 789 a
307 759 396 790 nulla
414 759 581 795 relatione,
598 766 811 798 quocumque
839 757 974 786 nomine
997 757 1181 796 importata,
1199 756 1348 788 denomi—

268 810 363 834 natur
385 804 508 844 aliquid
532 804 718 834 extrinsece.
744 801 785 831 Et
807 807 886 831 tunc
909 801 1098 841 intelligitur
1122 801 1213 842 quod
1237 812 1255 832 a
1277 803 1347 833 sola

268 849 423 879 relatione
451 849 627 879 extrinseca
651 856 718 877 non
747 845 782 876 fit
810 845 1035 876 denominatio
1066 845 1244 877 formaliter
1267 848 1347 886 rela-

268 894 342 924 tive.
365 892 430 924 Sed
446 893 528 924 bene
545 893 583 923 ab
600 893 669 932 ipsa
686 895 793 931 potest
809 890 931 931 aliquid
947 890 1116 921 causaliter
1132 888 1346 929 denominari,

268 938 487 969 co-intellecta
510 937 665 968 relatione
694 935 845 976 opposita
868 936 902 966 in
926 945 968 966 eo
991 935 1083 976 quod
1107 935 1346 974 denominatur,

268 993 286 1014 a
303 992 368 1023 qua
383 982 558 1013 formaliter
575 981 610 1012 fit
629 981 867 1012 denominatio:
893 986 930 1011 ut
953 980 1077 1012 dictum
1094 986 1142 1011 est
1156 982 1190 1012 in
1214 991 1346 1022 praece-

268 1027 446 1058 dentibus*
470 1027 510 1058 de
533 1031 641 1057 mente
665 1025 773 1056 Sancti
791 1025 951 1056 Thomae.
977 1025 1009 1056 Si
1034 1026 1122 1056 enim
1146 1026 1215 1057 sola
1239 1028 1346 1058 consi·
1371 1057 1373 1068 ,

267 1072 395 1103 deretur
421 1071 532 1102 relatio
557 1071 743 1106 extrinseca,
760 1071 799 1100 ab
823 1070 893 1110 ipsa
916 1079 984 1101 non
1008 1069 1126 1102 dicitur
1149 1071 1273 1112 aliquid
1297 1082 1345 1103 re·
1371 1070 1373 1099 ἱ

266 1117 361 1147 lative
385 1115 570 1152 formaliter,
595 1115 669 1146 licet
692 1115 794 1155 possit
818 1114 880 1145 dici
905 1114 1028 1156 aliquid
1059 1116 1099 1146 ab
1123 1115 1192 1156 ipsa
1219 1116 1346 1148 realiter
1370 1131 1373 1158 γ

266 1161 328 1192 tale
347 1162 562 1192 terminative:
588 1160 671 1190 sicut
687 1170 705 1190 a
721 1159 797 1190 reali
820 1161 967 1200 potentia
991 1161 1165 1191 coercitiva
1189 1161 1345 1192 existente

265 1207 298 1236 in
315 1206 426 1247 aliquo
443 1205 559 1236 dicitur
582 1204 699 1244 aliquis
722 1204 848 1235 realiter
871 1204 1025 1235 dominus
1049 1204 1344 1244 fundamentaliter,
1370 1227 1372 1259 ἐ

265 1260 332 1281 non
357 1256 466 1281 autem
490 1249 667 1280 formaliter
689 1249 832 1280 relative.

321 1295 372 1326 111.
396 1295 566 1333 Quantum
582 1293 622 1324 ad
643 1294 826 1325 secundum
842 1295 869 1331 *,
894 1301 1063 1335 ponuntur
1079 1294 1146 1325 duo
1163 1296 1342 1327 corollaria.

264 1340 492 1371 Primum-est:
518 1339 721 1370 Huiusmodi
744 1339 922 1370 relationes
952 1340 1179 1371 attribuuntur
1198 1341 1272 1372 Deo
1296 1351 1345 1372 se-

263 1386 404 1417 cundum
421 1385 593 1415 rationem.
611 1383 778 1415 Probatur.
795 1384 871 1415 Non
888 1390 964 1415 sunt
981 1385 1108 1415 realiter
1123 1386 1156 1415 in
1173 1385 1257 1416 Deo.
1275 1387 1343 1417 Nec

262 1428 388 1461 realiter
411 1435 498 1460 extra
522 1429 640 1460 Deum.
665 1429 752 1469 Ergo
775 1428 828 1459 illi’
845 1429 1063 1469 attribuuntur
1089 1430 1271 1461 secundum
1295 1441 1344 1462 ra-

262 1476 398 1506 tionem.
423 1474 498 1505 Hoc
528 1480 637 1506 autem
662 1480 709 1504 est
733 1483 809 1504 cum
832 1474 1026 1511 intellectus,
1051 1475 1263 1515 intelligendo
1287 1476 1344 1506 ali-
1370 1497 1371 1506 2

1370 1542 1372 1549 ,
1397 1521 1501 1562 tiplici
1534 1521 1691 1552 relatione
1725 1522 1836 1562 ipsum
1869 1522 2007 1563 simplex
2039 1521 2232 1553 considerat.
2269 1521 2359 1553 Dum
2393 1529 2481 1552 emm

264 1519 342 1560 quid
365 1519 475 1550 referri
499 1519 539 1550 ad
563 1519 710 1555 alterum,
735 1519 941 1559 co-intelligit
972 1520 1164 1551 relationem
1195 1520 1280 1551 illius
1304 1521 1344 1553 ad

262 1566 380 1605 ipsum,
398 1565 547 1605 quamvis
569 1563 751 1596 secundum
774 1573 842 1595 rem
866 1563 1067 1605 quandoque
1087 1574 1155 1596 non
1179 1565 1343 1597 referatur.

263 1610 312 1640 De
335 1610 385 1640 his
408 1610 483 1640 satis
507 1608 631 1640 dictum
655 1615 702 1640 est
726 1609 757 1639 in
784 1608 1052 1649 praecedentibus
1069 1610 1096 1639 ἦ

271 582 426 611 lationem
450 580 656 619 importatam
679 578 813 608 nomine
837 586 905 617 quo
929 576 1168 613 denominatur,
1189 577 1222 607 in
1247 578 1348 609 altero
1374 603 1376 611 .

272 627 470 656 existentem.
495 625 593 655 Hunc
617 632 749 654 sensum
772 621 898 652 videtur
920 621 1088 652 intendere
1104 621 1241 653 Sanctus
1258 623 1348 654 Tho·
1374 647 1375 655 1

672 275 860 312 SUMMA
890 274 1114 311 CONTRA
1142 272 1419 317 GENTlLES‚
1447 272 1543 308 LIB.
1566 272 1607 317 ll,
1638 271 1750 309 CAP.
1771 272 1866 317 XIII,
1886 273 1985 318 XlV,
2006 274 2088 310 XV.

1403 351 1547 381 attribuit
1567 351 1613 381 illi
1633 351 1849 382 intentionem
1872 353 2013 391 generis;
2038 358 2070 383 et
2092 354 2238 385 simmter
2261 355 2301 386 de
2324 356 2404 387 aliis.
2429 356 2482 387 Sic

1404 396 1493 427 enim
1509 396 1723 436 apprehendit
1737 403 1886 427 naturam
1902 397 2095 434 absolutam,
2107 398 2165 429 sed
2180 409 2257 430 cum
2272 400 2418 440 quodam
2430 411 2482 432 or-

1403 440 1479 471 dine
1495 441 1535 472 ad
1551 441 1654 472 aliud:
1679 441 1772 481 quod
1794 447 1842 473 est
1864 451 1934 473 rem
1953 442 2135 474 absolutam
2152 444 2326 484 concipere
2341 446 2481 477 relative.

1448 486 1464 502 ³*
1476 486 1515 517 V.
1528 486 1640 517 Tertio
1653 485 1728 517 loco
1745 486 1849 527 agitur
1861 486 1901 518 de
1917 487 2127 519 multitudine
2142 488 2348 520 relationum.
2365 489 2407 520 Et
2422 499 2482 530 po·
2509 489 2724 539 &gaam-caes·

1402 531 1490 562 nitur
1512 531 1592 562 haec
1617 531 1802 562 conclusio:
1827 531 1970 564 Divinae
1992 533 2193 574 simplicitati
2216 543 2282 564 non
2299 533 2441 576 derogat
2454 536 2483 566 si
2509 543 2607 570 minii.
2637 534 2643 539 '
2701 523 2726 545 μ’

1403 576 1524 607 multae
1541 576 1717 607 relationes
1732 576 1773 606 de
1788 577 1857 617 ipso
1874 577 2038 614 dicuntur,
2055 578 2203 619 quamvis
2226 578 2398 609 essentiam
2413 579 2483 610 eius

1402 631 1468 651 non
1492 621 1688 663 significent,
1714 621 1792 662 quia
1814 627 1997 662 sequuntur
2020 623 2226 665 intelligendi
2249 623 2391 654 modum.

1457 665 1598 696 Adverte
1622 665 1768 697 additum
1793 676 1872 703 esse,
1889 668 2036 707 quamvis
2060 669 2231 699 essentiam
2255 669 2326 699 eius
2349 677 2415 698 non
2439 669 2482 699 si-

1399 711 1566 752 gnficant,
1583 717 1718 751 propter
1733 711 1884 742 attributa
1905 711 2023 750 divina,
2048 722 2191 754 quorum
2209 713 2482 754 multiplicitatem

1401 755 1526 786 dictum
1551 761 1597 786 cst
1620 757 1653 786 in
1677 756 1788 786 Primo
1803 757 1820 772 ὓ
1844 755 1972 787 divinae
1996 757 2192 798 simplicitati
2216 767 2285 789 non
2317 758 2482 798 derogare,
2509 756 2518 764 ⁸
2534 754 2592 783 ‘3⁸¹’-
2607 761 2672 777 ¹¹¹¹·

1373 799 1375 842 J
1402 811 1442 832 eo
1457 801 1547 841 quod
1564 801 1687 831 nullam
1701 802 1978 841 compositionem
1994 803 2027 833 in
2040 802 2112 833 Deo
2130 809 2265 843 ponant,
2278 813 2354 834 cum
2371 804 2482 834 omnia

1372 848 1374 859 ⁴
1401 846 1544 877 divinam
1569 846 1740 876 essentiam
1765 845 1958 886 significent.
1983 847 2030 877 Ex
2047 847 2111 878 hoc
2128 848 2216 878 enim
2232 847 2324 888 quod
2339 849 2417 882 istae
2433 858 2483 890 re-

1401 891 1537 922 lationes
1560 901 1629 921 non
1654 896 1730 921 sunt
1753 891 1822 931 ipsa
1846 891 1984 922 essentia
2008 891 2127 929 divina,
2143 891 2256 934 posset
2277 891 2401 934 aliquis>¹
2417 893 2482 935 exi-

1400 937 1530 967 stimare
1554 935 1645 976 quod
1669 945 1785 966 eorum
1809 935 1985 967 multitudo
2010 936 2137 968 divinae
2168 933 2372 979 simplicitati*
2388 936 2483 969 dero·

1399 987 1498 1022 garet.
1524 980 1612 1017 ldeo,
1629 981 1693 1011 hoc
1710 990 1894 1017 removens,
1911 981 2048 1013 Sanctus
2064 982 2211 1013 Thomas
2233 979 2357 1019 addidit
2375 982 2482 1028 ,quom

1399 1026 1475 1057 licet
1499 1026 1670 1056 essentiam
1695 1025 1838 1056 divinam
1868 1026 2003 1057 nomina
2031 1027 2163 1057 relativa
2194 1036 2261 1057 non
2289 1025 2482 1068 significent,

1400 1070 1506 1102 adhuc
1530 1080 1646 1102 eorum
1670 1070 1847 1102 multitudo
1871 1070 1957 1102 dicta
1980 1071 2021 1103 de
2045 1072 2117 1103 Deo
2134 1071 2262 1103 divinae
2285 1070 2483 1113 simplicitati

1399 1125 1468 1146 non
1484 1115 1633 1156 derogat:
1656 1116 1731 1155 quia
1748 1116 1826 1147 istae
1850 1117 2024 1148 relationes
2047 1116 2127 1147 nihil
2150 1122 2281 1158 ponunt
2296 1117 2330 1147 in
2345 1116 2430 1153 Deo,
2446 1122 2483 1148 ut

1399 1161 1539 1191 habeant
1562 1161 1595 1191 in
1618 1160 1691 1200 ipso
1716 1162 1993 1202 compositionem
2018 1160 2134 1199 facere,
2151 1161 2207 1192 sed
2227 1161 2365 1193 modum
2389 1161 2483 1192 intel-

1399 1205 1521 1246 ligendi
1545 1211 1804 1246 consequuntur.
2080 1219 2087 1226 ¹

1457 1250 1505 1281 Ex
1529 1260 1597 1291 quo
1621 1251 1726 1291 arguit
1749 1250 1790 1282 ad
1813 1252 2074 1283 conclusionem.
2098 1252 2187 1283 Nihil
2210 1251 2362 1292 prohibet
2388 1250 2483 1282 intel-

1398 1295 1520 1326 lectum
1544 1302 1695 1327 nostrum
1718 1295 1898 1336 intelligere
1925 1297 2028 1328 multa
2055 1296 2279 1337 multipliciter
2309 1295 2419 1327 referri
2442 1295 2482 1327 ad

1398 1340 1432 1372 id
1448 1340 1539 1381 quod
1556 1346 1604 1371 est
1619 1342 1652 1372 in
1670 1350 1703 1372 se
1720 1341 1867 1382 simplex.
1891 1341 1979 1381 Ergo
2003 1342 2168 1383 pluralitas
2190 1341 2386 1373 relationum
2403 1350 2482 1372 con-

1397 1386 1607 1426 sequentium
1631 1385 1769 1416 modurn
1792 1385 2004 1427 intelligendi,
2022 1386 2207 1417 cuiusmodi
2223 1392 2298 1417 sunt
2313 1386 2418 1418 dictae
2433 1395 2483 1416 re-

1398 1431 1545 1467 lationes,
1563 1431 1761 1472 simplicitati
1777 1441 1846 1462 non
1863 1431 2007 1472 derogat.
2023 1449 2047 1454 -
2061 1431 2221 1475 Probatur
2236 1430 2481 1471 consequentia.

1397 1476 1495 1515 Quia,
1519 1477 1565 1506 sic
1588 1476 1811 1517 intelligendo,
1835 1477 2020 1508 intellectus
2047 1482 2167 1513 noster,
2191 1477 2289 1507 etiam
2313 1476 2374 1507 sub
2397 1476 2482 1507 mul-

1397 1566 1612 1608 apprehendit
1634 1566 1770 1607 aliquod
1793 1567 1929 1608 simplex
1952 1566 2135 1598 multorum
2157 1566 2350 1598 relationem
2373 1566 2482 1597 termi—

1370 1610 1372 1643 ἶ
1398 1622 1486 1649 nare,
1516 1612 1626 1653 ipsum
1656 1612 1793 1652 simplex
1824 1621 1901 1644 cum
1930 1612 2143 1643 relationibus
2174 1611 2336 1653 oppositis
2366 1619 2481 1653 appre-

318 1654 506 1685 Secundum
522 1659 592 1685 est:
618 1654 692 1684 Alio
717 1653 813 1683 modo
834 1653 990 1684 dicuntur
1005 1654 1045 1684 de
1060 1654 1132 1684 Deo
1155 1655 1345 1693 praedictae
1370 1666 1372 1679 2

263 1699 449 1735 relationes,
466 1704 498 1729 et
519 1699 587 1730 alia
611 1708 695 1740 quae
718 1698 758 1729 de
781 1698 852 1728 Deo
871 1698 1121 1739 praedicantur.
1138 1699 1240 1731 Patet.
1257 1700 1344 1738 Quia
1371 1700 1372 1736 ἲ

262 1744 333 1781 alia,
351 1750 387 1774 ut
402 1744 568 1784 sapientia,
586 1744 736 1775 voluntas
753 1748 784 1774 et
800 1743 999 1779 huiusmodi,
1017 1744 1130 1774 dicunt
1151 1745 1221 1775 eius
1237 1755 1344 1776 essen-

262 1789 354 1819 tiam:
369 1790 459 1820 vliaec
475 1795 586 1821 autem
601 1792 680 1825 non,
697 1797 774 1819 cum
798 1788 1012 1820 attribuantur
1028 1789 1087 1820 sibi
1105 1788 1272 1820 dumtaxat
1287 1799 1345 1831 per
1371 1803 1372 1806 ¹

1371 1831 1372 1836 ¹
1397 1843 1521 1878 quanto
1545 1837 1672 1878 aliquid
1694 1842 1741 1868 est
1764 1837 1872 1879 magis
1894 1837 2043 1878 simplex,
2068 1841 2160 1867 tanto
2183 1841 2232 1867 est
2254 1835 2391 1866 maioris
2414 1835 2480 1866 vir·

261 1834 479 1870 intellectum;
495 1852 518 1856 -—
533 1834 677 1874 intellige
701 1838 861 1873 quantum
884 1833 924 1864 ad
948 1834 1121 1865 relationes
1144 1835 1344 1876 importatas,

263 1885 298 1909 ut
322 1879 462 1919 exponit·
480 1877 617 1910 Sanctus
633 1878 780 1909 Thomas
803 1877 921 1914 Prima,
947 1887 977 1919 q.
995 1888 1060 1915 xm,
1079 1888 1106 1909 a.
1124 1889 1155 1919 7,
1172 1879 1212 1910 ad
1236 1888 1259 1910 1.

300 1923 371 1962 ¹IV.
388 1923 558 1961 Quantum
582 1923 623 1954 ad
647 1923 779 1954 tertium
795 1923 822 1958 *‚
846 1929 1034 1954 removetur
1057 1923 1206 1954 dubium.
1231 1924 1345 1955 Posset

262 1968 348 1998 enim
374 1968 490 2008 aliquis
513 1969 646 2006 instare:
671 1967 752 1998 Istae
777 1967 950 1997 relationes
974 1977 1041 1998 non
1066 1974 1142 1998 sunt
1165 1968 1288 2009 aliquid
1312 1969 1344 2000 in
1369 1985 1372 1991 ·

261 2013 344 2043 Deo.
362 2012 402 2042 Et
418 2018 527 2043 tamen
544 2012 727 2043 intellectus
744 2021 797 2042 eas
813 2012 872 2042 sibi
889 2012 1042 2043 attribuit.
1067 2013 1155 2052 Ergo
1172 2019 1219 2043 est
1236 2012 1343 2044 falsus.

316 2057 544 2098 Respondetur
557 2057 648 2098 quod
665 2062 798 2097 propter
811 2057 874 2088 hoc
889 2057 1073 2088 intellectus
1086 2056 1154 2088 no'n
1168 2064 1216 2089 est
1231 2057 1343 2090 salsus:

260 2103 337 2142 quia
352 2102 546 2138 intellectus,
559 2112 597 2133 ex
614 2103 677 2133 hoc
694 2101 786 2142 quod
801 2101 951 2142 intelligit
966 2102 1140 2134 relationes
1157 2103 1343 2135 divinorum

260 2146 435 2178 effectuum
459 2148 623 2179 terminari
648 2148 680 2178 in
706 2148 814 2188 ipsum
839 2147 958 2183 Deum,
983 2147 1091 2188 aliqua
1116 2147 1279 2188 praedicat
1303 2149 1343 2181 de

259 2192 331 2232 ipso
356 2192 498 2229 relative,
523 2193 606 2224 sicut
631 2198 662 2223 et
686 2192 762 2224 facit
787 2191 827 2222 de
851 2191 965 2222 scibili.

315 2236 435 2268 Sensus
451 2238 548 2268 huius
565 2238 787 2278 responsionis
805 2243 851 2267 est
864 2237 954 2277 quod
972 2237 1156 2268 intellectus
1172 2248 1240 2269 non
1257 2240 1344 2270 attri-

259 2282 329 2312 buit
345 2283 424 2313 istos
443 2289 609 2323 respectus
633 2283 706 2314 Deo
723 2283 815 2323 quasi
839 2282 961 2313 iudicet
977 2287 1033 2312 aut
1048 2281 1134 2312 dicat
1150 2283 1240 2323 ipsos
1256 2289 1343 2315 extra

258 2327 461 2358 intellectum
484 2337 553 2358 esse
578 2328 637 2368 (sic
662 2328 749 2358 enim
773 2327 896 2367 absque
924 2326 1025 2358 dubio
1054 2327 1153 2358 falsus
1183 2334 1276 2365 esset,
1302 2339 1342 2360 eo

260 2372 351 2412 quod
374 2372 567 2413 intelligeret
591 2382 659 2403 rem
684 2382 754 2403 esse
778 2372 868 2403 aliter
891 2381 990 2412 quam
1015 2373 1085 2412 sit):
1111 2373 1167 2403 sed
1192 2375 1279 2414 quia,
1304 2384 1342 2405 ex

259 2426 300 2447 eo
325 2417 416 2457 quod
439 2417 654 2459 apprehendit
678 2418 785 2449 Deum
809 2418 980 2448 terminare
1012 2417 1202 2449 relationem
1234 2428 1342 2450 rerum

259 2460 300 2492 ad
324 2462 444 2503 ipsum,
469 2462 587 2494 format
611 2462 652 2494 de
674 2463 747 2504 ipso
772 2469 972 2504 conceptum
997 2462 1141 2503 aliquem
1166 2463 1200 2495 in
1227 2463 1342 2496 ordine

260 2505 301 2537 ad
323 2513 494 2544 creaturas,
522 2514 554 2538 et
580 2507 673 2539 illum
697 2508 840 2539 attn‘buit
871 2508 953 2539 Deo.
983 2508 1058 2539 Hoc
1081 2515 1191 2539 autem
1219 2510 1342 2550 absque

260 2550 396 2583 falsitate
413 2553 559 2584 accidere
575 2558 694 2594 potest.
710 2553 795 2584 Nam
812 2563 849 2584 ea
867 2562 951 2594 quae
968 2553 1115 2584 absoluta
1132 2559 1217 2590 sunt,
1234 2560 1342 2596 potest
1368 2577 1369 2584 ,

259 2596 443 2628 intellectus
459 2597 499 2628 ad
515 2597 575 2629 alia
595 2607 784 2639 comparare
802 2604 834 2629 et
851 2599 896 2630 sic
913 2598 1044 2630 relative
1065 2600 1256 2640 concipere:
1281 2600 1341 2631 sic-

260 2647 306 2677 ut,
319 2641 398 2674 dum
415 2648 582 2683 comparat
604 2648 751 2674 naturam
773 2643 920 2674 animalis
935 2643 975 2675 ad
996 2644 1184 2675 animalium
1205 2645 1340 2685 species,

1397 1656 1524 1688 hendit:
1549 1656 1673 1688 dictum
1690 1662 1738 1687 est
1754 1657 1841 1687 enirn
1858 1666 1955 1697 supra
1966 1658 1983 1674 ⁴*
2001 1656 2092 1698 quod
2115 1657 2293 1688 terminum
2316 1655 2483 1687 relationis
2510 1651 2519 1661 “
2533 1650 2593 1679 ‘3⁸¹’-
2607 1657 2641 1673 ¹¹¹·

1398 1707 1529 1743 oportet
1557 1702 1744 1742 oppositam
1774 1702 1807 1732 in
1839 1711 1874 1732 se
1905 1702 2096 1733 relationem
2123 1701 2252 1738 habere,
2277 1706 2333 1731 aut
2356 1700 2482 1732 realiter

1371 1742 1372 1785 J
1398 1753 1454 1778 aut
1477 1746 1660 1778 secundum
1684 1747 1856 1777 rationem.

1454 1792 1507 1823 Ad
1529 1791 1827 1823 manifestationem
1845 1797 1956 1823 autem
1973 1791 2204 1827 antecedentis,
2224 1789 2356 1822 notatur
2378 1789 2480 1831 quod,

1398 1882 1475 1913 tutis
1491 1887 1523 1913 et
1540 1882 1741 1922 principium
1754 1881 1914 1922 plurium,
1931 1891 1971 1913 ac
1989 1890 2053 1922 per
2074 1881 2136 1912 hoc
2159 1880 2372 1922 multiplicius
2395 1879 2480 1912 rela-

1398 1932 1465 1958 tum
1483 1926 1691 1967 intelligitur.
1716 1925 1791 1956 Hoc
1807 1931 1918 1957 autem
1934 1935 2047 1957 verum
2065 1931 2112 1956 est
2128 1930 2184 1956 aut
2199 1923 2404 1966 simpliciter:
2424 1930 2481 1956 aut

1398 1972 1430 2002 in
1447 1980 1509 2002 suo
1527 1980 1656 2011 genere.
1681 1971 1826 2004 Punctus
1850 1970 1938 2002 enim
1963 1977 2010 2002 est
2032 1970 2165 2001 maioris
2187 1969 2314 2000 virtutis
2336 1969 2420 2000 inter
2443 1977 2481 2000 ea

1397 2022 1523 2046 tantum
1541 2025 1626 2056 quae
1646 2015 1686 2046 ad
1703 2015 1916 2056 quantitatem
1941 2016 2114 2056 pertinent,
2130 2020 2164 2046 et
2186 2014 2384 2056 principium
2407 2012 2482 2055 plu·

1370 2073 1371 2087 1
1397 2062 1492 2098 rium,
1511 2070 1551 2092 eo
1567 2060 1670 2092 modo
1694 2070 1764 2101 quo
1787 2061 1820 2092 in
1845 2061 2025 2101 quantitate
2044 2065 2154 2101 potest
2177 2057 2248 2091 esse
2261 2057 2373 2096 virtus,
2390 2058 2480 2100 largo

1370 2103 1371 2108 ’
1397 2105 1499 2137 modo
1523 2105 1716 2147 accipiendo
1739 2107 1903 2142 virtutem,
1927 2105 2110 2137 secundum
2139 2103 2232 2146 quod
2258 2104 2479 2144 mathematici

1396 2151 1615 2192 imaginantur
1646 2157 1806 2192 punctum
1837 2160 1899 2182 suo
1931 2150 2022 2183 fluxu
2053 2160 2185 2183 causare
2215 2149 2350 2185 lineam,
2379 2154 2411 2180 et
2433 2148 2480 2180 sic

1369 2208 1371 2220 ι
1397 2196 1578 2227 successive
1602 2195 1643 2226 de
1667 2195 1736 2227 aliis
1759 2195 2002 2237 quantitatibus.
2034 2194 2109 2227 Non
2141 2201 2250 2226 autem
2278 2200 2325 2225 est
2348 2193 2480 2226 maioris

1369 2263 1371 2282 ι
1395 2241 1522 2272 virtutis
1546 2250 1644 2283 quam
1669 2241 1710 2271 sit
1733 2241 1846 2278 homo,
1872 2241 1947 2274 licet
1969 2241 2010 2272 sit
2032 2241 2167 2276 homine
2186 2239 2375 2280 simplicior.
2400 2237 2479 2270 ideo

1369 2291 1370 2297 ¹
1396 2286 1441 2317 sic
1457 2285 1665 2326 intelligenda
1684 2291 1732 2330 est
1748 2286 1933 2329 propositio
1945 2285 2055 2318 Sancti
2063 2285 2214 2317 Thomae
2235 2284 2337 2326 quod,
2353 2288 2479 2325 quanto

1396 2330 1519 2372 aliquid
1543 2337 1591 2362 est
1615 2331 1795 2372 simplicius
1811 2331 1844 2362 in
1860 2331 1972 2372 aliquo
1987 2340 2117 2371 genere,
2132 2336 2224 2362 tanto
2240 2335 2288 2361 est
2303 2327 2480 2361 virtuosius

1369 2370 1370 2377 ¹
1396 2376 1478 2407 inter
1501 2377 1613 2407 omnia
1643 2376 1729 2408 illius
1754 2375 1892 2407 ordinis:
1918 2385 1959 2407 eo
1983 2375 2074 2417 quod
2106 2375 2217 2407 omnia
2245 2374 2422 2406 virtualiter
2443 2374 2477 2405 in

1368 2419 1370 2462 ξ
1395 2421 1563 2462 principiis
1586 2422 1825 2452 contineantur.
1851 2420 1982 2462 Sicque,
2006 2430 2082 2453 cum
2107 2421 2197 2452 Deus
2220 2420 2260 2451 sit
2283 2420 2366 2451 inter
2392 2419 2478 2451 entia

1395 2465 1663 2506 simplicissimus,
1688 2472 1736 2498 est
1759 2467 1842 2498 inter
1870 2467 1981 2498 omnia
2012 2466 2172 2498 maximae
2202 2464 2328 2496 virtutis
2351 2469 2383 2495 et
2404 2462 2478 2495 infi-

1395 2511 1540 2542 nitorum
1565 2511 1773 2552 principium.

1452 2555 1499 2586 Ex
1523 2556 1572 2586 his
1595 2556 1763 2587 concludit
1787 2556 1878 2596 quod
1901 2565 1968 2587 non
1993 2555 2096 2588 modo
2112 2564 2180 2587 non
2199 2554 2334 2595 derogat
2349 2553 2479 2585 divinae

1394 2600 1593 2642 simplicitati
1616 2600 1707 2642 quod
1731 2601 1834 2632 multa
1856 2601 1897 2632 de
1921 2601 1994 2642 ipso
2024 2600 2155 2633 relative
2187 2599 2348 2631 dicantur:
2373 2598 2478 2630 immo

1394 2654 1542 2677 summae
1566 2646 1636 2677 eius
1659 2646 1856 2687 simplicitati
1880 2652 2056 2678 attestatur.

1344 2807 1397 2846 m,
1408 2813 1418 2840 ἓ

708 2978 1195 3038 CAPITULUM
1232 2982 1618 3041 DECIMUM
1656 2985 1852 3064 QUIN
1855 2975 2036 3044 TUM

1081 3109 1312 3150 Fragmentum
1337 3121 1375 3142 ex
1400 3111 1429 3142 Α
1456 3112 1528 3143 3ον
1569 3113 1588 3143 b
1604 3121 1611 3143 t
1626 3121 1652 3144 ι.

612 3206 800 3259 QUOD
847 3208 1024 3250 DEUS
1070 3209 1173 3251 SIT
1218 3211 1520 3254 OMNIBUS
1565 3213 1791 3256 CAUSA
1838 3214 2124 3256 ESSENDI

340 3354 441 3398 5·ssst
460 3358 516 3383 υιΑ
545 3358 640 3384 vero
669 3355 870 3385 ostensum
900 3355 956 3385 est
975 3348 995 3370 *
1023 3350 1131 3398 quod
1157 3350 1264 3388 Deus
1284 3359 1340 3389 est
1395 3352 1493 3390 dum
1513 3354 1621 3403 quod
1652 3353 1783 3404 ipsum
1812 3362 1879 3400 est,
1909 3365 1979 3404 per
2005 3353 2177 3403 aliquam
2201 3365 2362 3391 causam
2382 3366 2474 3392 con·

435 3504 441 3526 ¹·
473 3505 602 3556 ipsum
632 3516 687 3545 est
718 3508 789 3546 nisi
818 3510 867 3547 ab
897 3522 994 3561 ipso.

419 3442 425 3449 ⁴
477 3398 672 3449 aliquibus
709 3401 861 3439 essendi
900 3401 1151 3453 principium,
1188 3413 1339 3454 oportet
1396 3406 1501 3444 venit
1521 3406 1567 3453 ei,
1588 3406 1686 3445 sicut
1714 3408 1841 3446 album
1871 3406 2040 3445 homini:
2071 3418 2163 3445 narn
2183 3408 2292 3457 quod
2313 3419 2471 3446 causam

472 3453 632 3491 ulterius
670 3455 873 3493 ostendere
898 3456 1017 3516 ‘quod
1057 3456 1152 3495 nihil
1189 3466 1340 3508 praeter
1396 3471 1476 3497 non
1498 3460 1625 3507 habet,
1646 3460 1820 3512 primum
1841 3469 1877 3498 et
1896 3459 2167 3498 immediatum
2189 3469 2255 3508 est,
2277 3461 2382 3499 unde
2408 3473 2473 3500 ne—

1395 3526 1502 3551 cesse
1522 3523 1578 3552 est
1598 3523 1639 3552 ut
1659 3515 1705 3553 sit
1723 3527 1795 3565 per
1822 3527 1862 3553 se
1891 3523 1927 3552 et
1956 3515 2175 3552 secundum
2195 3515 2305 3565 quod
2328 3514 2470 3566 ipsum.

319 3557 448 3595 Omne
478 3560 581 3598 enim
611 3562 718 3611 quod
749 3561 862 3601 alicui
891 3563 1074 3602 convenit
1102 3576 1182 3602 non
1203 3577 1339 3603 secun·
1363 3585 1371 3604 5
1396 3567 1637 3617 Impossibile
1657 3577 1712 3606 est
1731 3577 1862 3607 autem
1882 3568 2041 3618 aliquod
2062 3580 2189 3606 unum
2204 3569 2361 3607 duobus
2381 3580 2473 3607 con-

321 3670 336 3693 b
352 3679 367 3701 4
387 3677 414 3696 ut
434 3672 468 3703 1);
489 3675 569 3705 quod.
