2768 4134
67 1192 160 1240 iifl&
170 1198 256 1245 litt.
263 1198 283 1240 ‚⁵2

70 1459 78 1467 ⁶
94 1457 124 1478 111
144 1456 174 1478 de
187 1455 281 1482 Anima,

79 1490 92 1504 v
109 1483 281 1509 ¹2;v‚2;s.Th.

70 1490 117 1538 hb,

69 2447 78 2456 '
94 2445 130 2467 Cf.
151 2445 283 2466 Comment.

71 2478 120 2499 cap.
137 2477 199 2493 xcvi.

71 2796 80 2805 ·
96 2793 132 2816 Cf.
148 2800 211 2816 num.
223 2800 249 2816 u.

70 2823 90 2831 '¹'
110 2821 144 2843 cf.
160 2827 265 2843 num.v1.

74 3332 81 3340 ¹
97 3329 132 3352 Cf.
153 3331 201 3352 init.
217 3331 285 3353 Com-

775 308 963 346 SUMMA
992 290 1214 344 CONTRA
1243 304 1519 350 GENTILES,
1549 303 1644 340 LIB.
1664 303 1707 348 ΙΙ,
1737 302 1849 339 CAP.
1870 301 2037 339 XCVIII.

1485 381 1678 431 Amplius.
1699 381 1941 418 Intellectum
1964 387 2022 417 est
2047 380 2231 429 perfectio
2260 380 2510 431 intelligentis.

311 316 385 352 582

310 393 400 442 quia
428 389 566 427 scilicet
594 396 671 425 tota
698 386 952 436 potentialitas
976 385 1189 422 intellectus
1218 383 1301 421 eius
1319 390 1377 420 est

309 445 500 493 completa
509 453 579 492 per
593 442 737 478 formas
751 438 1013 486 intelligibiles.
1027 438 1075 475 Et
1089 436 1144 474 sic
1158 448 1228 487 per
1241 435 1376 474 huius·
1432 436 1526 473 Non
1544 442 1671 484 potest
1685 441 1818 472 autem
1832 432 1990 470 inferior
2003 433 2221 472 substantia>
2231 445 2314 472 esse
2328 435 2513 484 perfectio

309 496 415 535 modi
437 494 686 543 intelligibiles
705 492 852 542 species
871 504 951 529 una
972 489 1182 528 substantia
1202 497 1378 539 separata
1433 487 1653 538 superioris.
1685 488 1924 536 Sequeretur
1949 485 2065 535 igitur
2091 487 2200 536 quod
2222 487 2400 537 superior
2419 488 2512 526 infe-

307 550 422 588 aliam
451 548 655 595 intelligere
684 554 819 595 potest.
1433 542 1577 579 riorem
1592 553 1673 578 non
1688 539 1921 588 intelligeret,
1937 539 1969 577 si
1981 552 2054 589 per
2066 539 2274 579 essentiam
2288 553 2402 579 suam
2417 553 2514 579 una-

362 603 476 639 Forte
509 609 640 638 autern
673 598 785 637 alicui
820 597 943 634 videri
977 603 1102 646 potest
1136 596 1256 645 quod,
1285 607 1378 633 cum
1401 613 1410 633 5
1433 606 1614 644 quaeque
1634 594 1916 643 intelligeretur,
1935 599 1973 631 et
1991 605 2074 631 non
2096 605 2167 643 per
2193 593 2365 644 speciem
2383 594 2512 632 aliam.

308 654 518 693 substantia
546 661 720 703 separata
746 663 816 702 per
835 649 1041 688 essentiam
1060 649 1106 686 sit
1125 648 1377 698 intelligibilis,
1487 650 1594 686 Item.
1616 647 1852 696 Intelligibile
1869 653 1927 684 est
1946 646 2045 684 intra
2063 646 2300 686 intellectum
2319 655 2514 697 quantum

307 721 387 747 non
406 714 558 758 oportet
572 717 718 756 ponere
733 705 840 755 quod
855 716 926 754 per
939 703 1087 753 aliquas
1106 702 1254 752 species
1271 701 1379 739 intel·
1434 702 1483 738 ad
1503 701 1542 738 id
1562 713 1644 750 quo
1663 700 1895 749 intelligitur.
1924 700 2044 738 Nulla
2070 708 2203 739 autem
2231 700 2444 739 substantia
2471 700 2514 738 il-

306 761 464 810 ligibiles
482 772 563 798 una
581 760 631 798 ab
648 759 720 797 alia
739 757 977 806 intelligatur,
997 756 1064 794 sed
1083 768 1154 806 per
1172 755 1380 793 essentiam
1435 754 1576 792 labitur
1603 754 1724 792 menti
1746 753 1820 792 nisi
1839 754 1946 791 solus
1965 753 2085 800 Deus,
2104 754 2174 804 qui
2191 763 2249 792 est
2267 754 2307 803 in
2327 754 2515 792 omnibus

307 815 428 865 ipsius
447 813 680 852 substantiae
700 812 922 849 intellectae.
938 811 1026 847 Hoc
1040 809 1146 846 enim
1161 809 1270 858 quod
1289 809 1380 846 sub·
1435 820 1506 858 per
1533 808 1752 852 essentiam,
1772 805 2032 856 praesentiam
2051 814 2090 844 et
2107 808 2335 857 potentiam.
2364 809 2514 858 Impos-

308 868 444 906 stantia
476 867 606 917 aliqua
635 878 706 916 per
733 865 903 915 speciem
935 862 1209 911 intelligibilem
1237 874 1380 910 cogno·
1396 882 1422 896 ιο
1435 861 1544 899 sibile
1571 860 1686 909 igitur
1710 860 1866 898 videtur
1888 860 1998 910 quod
2017 860 2230 899 substantia
2250 870 2426 911 separata
2443 873 2516 912 per

308 929 445 967 scatur,
474 920 628 958 videtur
655 919 827 957 accidere
862 916 1083 955 substantiis
1118 915 1381 954 materialibus
1436 914 1641 952 essentiam
1662 926 1776 952 suam
1795 913 2026 962 intelligatur
2043 914 2093 952 ab
2112 914 2197 961 alia,
2216 921 2254 952 et
2277 926 2358 952 non
2377 927 2448 965 per
2465 914 2515 952 si·-

309 987 355 1012 ex
374 975 451 1012 hoc
469 974 577 1024 quod
597 985 678 1011 non
692 979 781 1010 sunt
799 982 870 1021 per
887 982 1001 1008 suam
1020 969 1226 1007 essentiam
1246 969 1381 1006 intelli·
1436 968 1697 1006 militudinem
1726 967 1810 1006 eius
1837 967 1877 1005 in
1906 966 2000 1017 ipsa.

309 1027 441 1077 gibiles
467 1035 571 1065 actu:
602 1026 707 1063 unde
735 1031 888 1075 oportet
914 1024 1023 1073 quod
1051 1035 1122 1072 per
1149 1022 1382 1060 intentiones
1490 1022 1539 1060 Et
1558 1022 1635 1059 hoc
1653 1021 1816 1071 quidem
1835 1028 1990 1071 oportet
2011 1032 2153 1059 verum
2182 1033 2267 1059 esse
2294 1021 2517 1059 secundum

309 1082 514 1119 abstractas
533 1079 799 1127 intelligantur.
815 1100 841 1104 -
860 1077 963 1115 Huic
982 1076 1098 1114 etiam
1116 1076 1272 1114 videtur
1288 1087 1381 1114 con·
1436 1075 1666 1113 sententiam
1685 1074 1910 1120 Aristotelis,
1937 1073 2007 1124 qui
2029 1074 2140 1124 ponit
2168 1075 2278 1124 quod
2306 1074 2517 1124 intelligere

310 1146 448 1172 sonare
483 1133 629 1170 dictum
663 1131 892 1180 Philosophi
914 1130 1099 1176 dicentis,
1136 1129 1175 1167 in
1211 1130 1262 1167 Xl
1294 1132 1381 1168 Me·
1397 1146 1419 1166 ις
1436 1128 1621 1177 contingit
1653 1140 1724 1178 per
1761 1129 1838 1166 hoc
1875 1128 1984 1178 quod
2017 1128 2241 1166 intellectum
2276 1131 2314 1166 in
2351 1134 2437 1167 actu
2469 1130 2517 1166 sit

309 1189 407 1238 taph.
424 1186 455 1233 ²²,
471 1186 579 1236 quod
599 1189 636 1224 in
655 1186 864 1223 substantiis
881 1185 1063 1234 separatis
1082 1196 1106 1221 a
1125 1186 1285 1220 materia
1304 1196 1380 1220 non
1437 1194 1554 1220 unum
1582 1194 1669 1219 cum
1698 1182 1882 1220 intellectu
1901 1183 1940 1219 in
1959 1187 2056 1219 actu.
2084 1181 2199 1220 Unde
2226 1181 2440 1220 substantia
2457 1193 2516 1218 se-

310 1240 432 1290 differt
456 1240 667 1286 intellectus,
688 1239 906 1288 intelligere,
927 1243 961 1275 et
980 1237 1080 1287 quod
1097 1237 1325 1287 intelligitur.
1436 1243 1580 1285 parata,
1601 1235 1784 1288 quamvis
1812 1235 1859 1273 sit
1877 1247 1948 1285 per
1968 1246 2011 1272 se
2035 1234 2278 1284 intelligibilis
2305 1242 2407 1282 actu,
2433 1245 2521 1273 non

363 1294 450 1331 Hoc
483 1301 614 1330 autem
643 1292 674 1329 si
702 1292 948 1337 concedatur,
978 1290 1094 1328 habet
1122 1289 1382 1328 dubitationes
1437 1297 1568 1327 tamen
1596 1289 1818 1328 secundum
1841 1301 1882 1327 se
1910 1287 2132 1337 intelligitur
2149 1288 2222 1327 nisi
2249 1289 2300 1327 ab
2322 1288 2521 1327 intellectu-

310 1359 392 1385 non
425 1359 580 1396 paucas.
618 1346 751 1384 Primo
784 1345 958 1396 quidem,
986 1343 1080 1393 quia
1113 1344 1314 1382 intellectus
1343 1347 1380 1380 in
1437 1342 1501 1381 cui
1529 1350 1585 1380 est
1612 1355 1752 1380 unum.
1783 1341 1849 1380 Sic
1870 1350 2004 1380 autem
2027 1342 2241 1381 substantia
2263 1349 2440 1392 separata
2457 1354 2518 1380 se·-

310 1407 393 1438 actu
414 1406 464 1438 est
492 1401 714 1438 intellectum
741 1401 778 1438 in
808 1405 905 1444 actu,
925 1398 1145 1436 secundum
1163 1397 1382 1435 doctrinam
1396 1413 1424 1428 πο
1438 1396 1564 1446 ipsam
1583 1396 1754 1445 intelligit
1767 1408 1839 1446 per
1852 1395 2061 1434 essentiam
2080 1408 2206 1434 suam.
2227 1397 2278 1434 Et
2295 1395 2516 1435 secundum

310 1453 520 1491 Aristotelis
530 1451 575 1490 *j
589 1452 753 1491 Difficile
774 1460 830 1490 est
853 1459 986 1490 autem
1014 1451 1147 1489 videre
1175 1450 1382 1500 quomodo
1437 1451 1515 1488 hoc
1529 1455 1581 1487 est
1599 1450 1699 1487 idem
1717 1450 1931 1495 intellectus,
1947 1455 1982 1487 et
1995 1450 2231 1496 intellectum,
2247 1449 2519 1500 etintelligere.

310 1519 389 1546 una
417 1506 628 1545 substantia
656 1513 831 1556 separata
853 1505 899 1543 sit
920 1517 1047 1543 unum
1076 1504 1181 1543 alteri
1203 1504 1301 1542 dum
1326 1504 1382 1541 in·
1493 1503 1722 1542 Secundum
1751 1511 1884 1541 autem
1912 1503 2149 1553 positionem
2172 1502 2355 1547 Platonis,
2383 1501 2520 1541 inteni-

309 1560 438 1609 telligit
465 1560 602 1610 ipsam.
1437 1568 1527 1605 gere
1555 1556 1599 1594 fit
1626 1569 1697 1607 per
1715 1565 1940 1595 contactum
1964 1556 2177 1595 intellectus
2199 1557 2250 1595 ad
2272 1568 2357 1595 rem
2384 1555 2521 1595 intelli-

364 1614 516 1651 Adhuc.
538 1615 670 1652 Omne
696 1624 814 1662 agens
837 1613 900 1649 vel
922 1623 1090 1661 operans
1112 1619 1296 1660 operatur
1314 1623 1385 1660 per
1437 1610 1607 1658 gibilem.
1629 1610 1693 1649 Sic
1720 1610 1835 1659 igitur
1854 1622 1933 1648 una
1956 1610 2170 1649 substantia
2197 1618 2374 1661 separata
2392 1614 2522 1660 ponens

311 1679 424 1705 suam
451 1668 632 1712 formam,
660 1666 723 1704 eui
751 1665 926 1715 operatio
954 1665 1175 1714 respondet,
1198 1664 1295 1702 sicut
1322 1676 1384 1702 ca·
1399 1680 1422 1700 2⁵
1439 1663 1555 1702 aliam
1574 1676 1645 1714 per
1658 1663 1742 1702 eius
1762 1663 1970 1702 essentiam
1990 1663 2211 1713 intelligere,
2223 1665 2323 1703 dum
2337 1662 2521 1714 eamspi-

313 1720 461 1758 lefactio
480 1720 612 1758 calori:
630 1720 736 1757 unde
755 1727 791 1756 et
809 1719 903 1756 illud
922 1718 1105 1756 videmus
1125 1718 1236 1756 cuius
1256 1718 1384 1767 specie
1440 1716 1624 1755 ritualiter
1655 1717 1855 1766 contingit:
1885 1717 2065 1767 superior
2091 1717 2255 1767 quidem
2283 1717 2519 1763 inferiorem,

313 1773 419 1811 visus
450 1774 690 1813 informatur.
719 1773 813 1810 Non
841 1772 994 1810 videtur
1022 1779 1155 1810 autem
1183 1783 1266 1809 esse
1295 1783 1384 1821 pos-

313 1827 420 1864 sibile
448 1827 555 1877 quod
584 1838 664 1864 una
692 1825 903 1863 substantia
931 1833 1105 1875 separata
1124 1824 1170 1861 sit
1188 1825 1314 1862 forma
1333 1827 1384 1862 al-

312 1880 447 1917 terius:
477 1892 569 1918 cum
598 1880 737 1917 habeat
764 1890 1026 1928 unaquaeque
1055 1890 1138 1914 esse
1162 1885 1384 1927 separatum

1440 1770 1551 1820 quasi
1579 1782 1668 1809 eam
1697 1783 1768 1809 sua
1796 1770 1936 1809 virtute
1964 1771 2204 1809 concludens
2231 1779 2270 1809 et
2297 1769 2520 1816 eontinens;

1440 1823 1597 1862 inferior
1624 1836 1719 1862 vero
1748 1824 2003 1874 superiorem,
2027 1824 2141 1874 quasi
2167 1837 2258 1863 eam
2289 1824 2448 1874 capiens
2472 1831 2521 1864 ut

1440 1877 1499 1914 sui
1519 1877 1809 1926 perfectionem.
1831 1878 1945 1916 Unde
1963 1886 2001 1915 et
2019 1877 2234 1928 Dionysius
2257 1877 2360 1924 dicit,
2378 1889 2414 1916 tv
2432 1889 2519 1927 cap.

312 1933 360 1970 ab
382 1932 466 1970 alia.
494 1931 734 1981 Impossibile
762 1931 876 1980 igitur
902 1930 1056 1968 videtur
1083 1931 1193 1979 quod
1221 1942 1299 1968 una
1329 1931 1384 1968 vi·
1400 1946 1426 1966 ιο
1439 1930 1486 1966 de
1510 1931 1596 1968 Div.
1617 1931 1735 1967 Nom.
1751 1930 1782 1975 *,
1811 1930 1922 1980 quod
1950 1930 2170 1980 superiores
2198 1930 2436 1970 substantiae
2459 1930 2522 1970 inv

311 1986 447 2023 deatur
474 1985 523 2023 ab
551 1987 668 2022 altera
695 1996 766 2034 per
793 1983 999 2022 essentiam
1028 1995 1153 2021 suam.

365 2106 375 2124 ι
398 2098 580 2132 potentialius]
600 2097 759 2131 possibilitas
778 2097 854 2122 sz.

365 2142 378 2160 2
399 2133 553 2168 substantia]
572 2138 691 2166 separata
709 2133 816 2158 addunt
835 2132 988 2162 aDWXsY;
1016 2132 1056 2165 pY
1077 2133 1127 2158 lac.

309 2171 380 2196 Sicut
398 2170 472 2196 anx.
564 2176 592 2195 21
615 2174 642 2194 et
656 2176 701 2201 pr.
720 2167 778 2195 loco
795 2176 839 2194 om
859 2168 888 2200 Z,
908 2169 955 2193 alt.
974 2169 1034 2193 Ioco
1051 2175 1094 2193 om
1114 2167 1182 2193 «xa.

944 2102 986 2121 est
1003 2104 1046 2122 om
1066 2097 1116 2127 ιιΧ,
1131 2099 1196 2129 pon
1214 2096 1345 2129 completa
1364 2095 1444 2122 WPc.

1229 2131 1243 2157 3
1263 2131 1349 2167 igitur]
1369 2132 1439 2157 enim
1458 2131 1516 2163 DG,
1536 2131 1614 2157 etiam
1634 2131 1678 2157 Pe.

1439 1982 1650 2031 telligibiles
1678 1991 1768 2020 sunt
1796 1985 1904 2033 quasi
1929 1986 2034 2021 cibus
2061 1985 2299 2031 inferiorum.

1781 2130 1814 2157 16
1833 2132 1909 2157 Unde
1976 2137 2035 2158 actu
2055 2133 2116 2158 hom
2136 2140 2179 2159 om
2205 2132 2315 2158 aDwx.
2415 2141 2448 2169 ¹9
2466 2132 2520 2168 sic}

1069 2256 1407 2290 Commentariis
1437 2256 1751 2290 Ferrea-tensis

366 2359 513 2381 osi-aum
537 2348 760 2380 determinavit
787 2348 923 2380 Sanctus
951 2348 1097 2379 Thomas
1128 2347 1168 2379 de
1197 2348 1385 2388 cognitione

379 2394 572 2425 substantiae
588 2399 752 2434 separatae
768 2392 878 2434 quoad
894 2397 1013 2430 actum,
1029 2402 1118 2423 nunc
1135 2392 1175 2424 de
1190 2393 1260 2434 ipsa
1276 2392 1385 2434 quoad

312 2438 478 2470 obiectum
501 2437 691 2469 determinat
702 2438 729 2468 ⁴⁶.
747 2437 841 2468 Circa
856 2437 919 2468 hoc
936 2443 1044 2468 autem
1069 2436 1136 2468 duo
1153 2435 1243 2468 facit:
1267 2437 1384 2478 primo,

313 2484 376 2524 agit
400 2483 439 2514 de
464 2483 597 2514 obiectis
621 2482 773 2523 cognitis;
801 2481 956 2521 secundo,
981 2481 1020 2513 de
1048 2482 1194 2522 ipsorum
1223 2481 1385 2513 simultate

312 2529 345 2559 in
368 2527 534 2559 intellectu
558 2533 589 2558 et
613 2527 811 2567 cognitione,
839 2527 943 2567 capite
966 2526 1095 2558 ultimo.
1124 2526 1219 2558 Circa
1242 2528 1386 2568 primum

312 2572 378 2603 duo
403 2572 493 2603 facit:
511 2572 628 2612 primo,
645 2572 709 2612 agit
732 2571 772 2602 de
795 2572 924 2602 obiecto
941 2571 1158 2609 immateriali;
1183 2572 1328 2603 secundo
1345 2571 1386 2603 de

312 2617 440 2648 obiecto
464 2617 630 2653 materiali,
654 2616 686 2646 in
711 2616 815 2656 capite
839 2617 997 2657 sequenti.

367 2661 460 2692 Circa
476 2661 617 2702 primum
634 2662 691 2693 tria
708 2660 801 2692 facit:
818 2661 937 2702 primo,
954 2661 1096 2692 ostendit
1112 2661 1291 2702 quamlibet
1309 2661 1385 2692 sub-

311 2706 458 2736 stantiam
482 2711 660 2746 separatam
685 2711 716 2736 et
743 2706 883 2746 seipsam
912 2711 944 2736 et
971 2706 1047 2736 alias
1075 2706 1268 2737 substantias
1293 2715 1384 2747 sepa-

311 2756 392 2781 ratas
415 2750 610 2791 intelligere;
635 2749 791 2790 secundo,
815 2751 880 2791 agit
904 2750 943 2781 de
966 2750 1068 2781 modo
1088 2760 1156 2791 quo
1180 2751 1319 2792 seipsam
1335 2751 1385 2782 in-

311 2795 469 2835 telligit*;
493 2795 599 2834 terti0‚
624 2794 664 2826 de
687 2794 790 2826 modo
815 2804 883 2836 quo
906 2795 1055 2835 intelligit
1077 2796 1154 2826 alias
1166 2796 1210 2826 ·*.

377 2839 399 2870 1.
425 2839 594 2878 Quantum
617 2839 658 2870 ad
680 2840 833 2880 primum,
853 2840 993 2871 ostendit
1017 2840 1108 2881 quod
1129 2840 1290 2881 quaelibet
1311 2841 1384 2871 sub—

309 2884 430 2915 stantia
453 2889 607 2925 separata
624 2890 655 2915 et
673 2885 812 2925 seipsam
836 2889 867 2915 et
890 2884 975 2915 alias
998 2885 1196 2916 substantias
1211 2890 1385 2926 separatas

310 2928 482 2970 intelligat.
506 2929 547 2959 Et
570 2929 673 2970 arguit
688 2929 743 2959 sic.
761 2928 963 2960 Substantiae
986 2936 1150 2970 separatae
1172 2935 1247 2960 sunt
1270 2939 1328 2970 per
1351 2939 1384 2960 se

311 2979 383 3003 actu
408 2973 632 3014 intelligibiles.
657 2973 744 3014 Ergo
768 2973 963 3004 substantiae
994 2979 1156 3014 separatae
1188 2974 1383 3015 intelligunt,

310 3017 393 3048 sicut
408 3018 539 3058 propria
554 3018 691 3057 obiecta,
708 3018 899 3048 substantias
917 3024 1087 3059 separatas.
1109 3019 1196 3059 Ergo
1218 3028 1384 3060 unaquae-

311 3071 375 3101 que
392 3068 423 3093 et
445 3063 584 3103 seipsam
608 3067 640 3093 et
663 3062 739 3093 alias
755 3064 934 3103 cognoscit.
950 3080 974 3086 —
989 3063 1194 3094 Antecedens
1217 3064 1382 3104 probatur.

311 3106 396 3144 Quia
419 3107 607 3138 immunitas
631 3117 648 3136 a
672 3108 805 3138 materia
821 3107 896 3138 facit
919 3107 1041 3148 aliquid
1058 3117 1126 3139 esse
1151 3118 1208 3148 per
1231 3118 1265 3139 se
1288 3109 1383 3140 intel-

311 3151 439 3191 ligibile.
457 3169 478 3174 —-
494 3151 739 3192 Consequentia
754 3152 858 3192 prima
875 3152 971 3183 etiam
990 3153 1154 3193 probatur.
1172 3152 1258 3191 Quia
1275 3159 1382 3184 osten-

312 3204 383 3225 sum
407 3201 454 3226 est
477 3195 625 3237 superius
641 3195 731 3236 quod
747 3195 943 3227 substantiae
958 3202 1122 3238 separatae
1142 3197 1325 3238 intelligunt
1346 3207 1383 3228 ea

312 3248 395 3279 quae
411 3245 486 3270 sunt
508 3249 566 3280 per
581 3249 615 3271 se
634 3240 862 3281 intelligibilia:
879 3240 1039 3278 videlicet,
1056 3246 1091 3272 ut
1115 3242 1334 3273 connaturalia
1351 3248 1383 3273 et

311 3285 556 3324 proportionata
580 3284 716 3316 obiecta.

367 3328 404 3359 ll.
433 3328 603 3367 Quantum
630 3329 671 3360 ad
701 3329 882 3361 secundum
901 3331 928 3369 *,
956 3329 1137 3361 ostenditur
1163 3330 1282 3362 modus
1313 3340 1381 3372 quo

312 3373 486 3404 substantia
502 3379 645 3414 separata
661 3375 799 3414 seipsam
822 3374 980 3415 intelligit.
998 3374 1039 3405 Et
1055 3375 1189 3415 ponitur
1213 3376 1381 3407 conclusio

312 3417 406 3448 haec:
431 3417 618 3449 Substantia
640 3424 793 3459 separata
815 3419 954 3460 seipsam
972 3429 1036 3460 per
1057 3419 1195 3460 seipsam
1217 3420 1380 3463 intelligit,

313 3470 376 3491 non
401 3467 508 3492 autem
526 3473 589 3503 per
611 3463 746 3503 speciem
770 3463 907 3494 alterius
931 3464 988 3494 rei.
1014 3463 1201 3495 Declaratur
1229 3474 1266 3495 ex
1290 3475 1381 3496 corn-

312 3506 476 3544 paratione
499 3506 538 3537 ad
561 3507 761 3538 intellectum
785 3507 983 3548 possibilem.
1001 3508 1184 3540 Intellectus
1202 3509 1288 3540 enim
1305 3519 1380 3550 pos-

313 3549 409 3579 sibilis
432 3559 499 3580 non
523 3551 670 3592 intelligit
694 3562 727 3582 se
750 3561 807 3592 per
831 3553 984 3593 seipsum,
1009 3553 1064 3584 sed
1088 3562 1146 3594 per
1169 3554 1311 3594 speciem
1332 3555 1380 3585 in-

314 3592 519 3633 telligibilem,
543 3604 607 3636 qua
631 3595 666 3626 fit
690 3602 763 3627 actu
787 3597 819 3627 in
845 3606 914 3627 esse
937 3597 1146 3639 intelligibili:
1171 3598 1248 3639 quia
1275 3604 1322 3629 est
1345 3604 1382 3630 ut

313 3638 456 3676 potentia
479 3639 512 3669 in
537 3649 604 3671 esse
631 3640 831 3682 intelligibili,
856 3647 887 3672 et
914 3639 949 3672 fit
977 3647 1050 3673 actu
1078 3651 1137 3683 per
1166 3643 1308 3684 speciem
1332 3643 1380 3674 in-

1441 2357 1529 2379 mam
1547 2348 1745 2386 naturalem;
1767 2348 1847 2380 nihil
1871 2354 1982 2380 autem
1997 2349 2207 2390 cognoscitur
2230 2349 2412 2381 secundum
2451 2349 2520 2387 uod

1441 2398 1488 2423 est
1511 2393 1544 2424 in
1569 2393 1726 2434 potentia,
1750 2393 1806 2424 sed
1822 2393 2005 2425 secundum
2021 2392 2112 2434 quod
2136 2398 2183 2424 est
2207 2393 2240 2425 in
2257 2399 2342 2426 actu.
2367 2393 2446 2426 Sinu
2456 2394 2519 2434 iter

1439 2438 1587 2479 potentia
1610 2438 1833 2479 cognoscitiva
1848 2436 1885 2469 fit
1903 2442 1978 2469 actu
1996 2447 2200 2479 cognoscens
2219 2447 2279 2480 per
2301 2438 2444 2480 speciem
2461 2438 2518 2471 ali-

1439 2491 1553 2524 quam:
1577 2488 1713 2524 propter
1735 2482 1826 2524 quod
1849 2481 1968 2514 dicitur
1983 2482 2025 2514 111
2050 2483 2090 2514 de
2113 2483 2242 2519 Anaua,
2258 2488 2335 2515 text.
2359 2484 2410 2523 ¹3,
2425 2483 2519 2526 quod

1440 2532 1489 2558 est
1499 2527 1732 2569 cognoscibilis
1746 2528 1831 2559 sicut
1842 2532 1875 2558 et
1889 2527 1968 2564 alia,
1985 2527 2108 2559 scilicet
2122 2537 2182 2569 per
2195 2529 2321 2569 species
2332 2538 2352 2560 a
2365 2528 2520 2569 pharma-

1439 2573 1580 2603 matibus
1603 2578 1762 2613 acceptas.
1786 2572 1990 2604 Substantiae
2006 2578 2116 2604 autem
2132 2578 2296 2614 separatae
2311 2578 2388 2605 sunt
2401 2580 2520 2609 acuu-

1441 2617 1519 2648 dum
1544 2627 1637 2648 suam
1661 2622 1810 2649 naturam
1826 2623 1861 2648 ut
1876 2623 1951 2648 actu
1975 2618 2148 2649 existentes
2170 2618 2205 2649 in
2221 2627 2292 2649 esse
2314 2617 2517 2660 intelligibili.

1497 2661 1548 2693 111.
1574 2660 1669 2693 Circa
1693 2671 1730 2693 ea
1747 2671 1831 2704 quae
1845 2661 1899 2693 hic
1923 2661 2085 2699 dicuntur,
2102 2661 2325 2704 multipliciter
2344 2661 2518 2695 dubitatur.

1440 2706 1550 2738 Primo
1569 2710 1713 2748 namque
1728 2706 1812 2738 circa
1835 2706 2038 2738 intellectum
2062 2707 2262 2748 possibilem,
2279 2706 2371 2749 quod
2393 2713 2518 2749 cogno-

1441 2756 1508 2782 scat
1531 2760 1565 2782 se
1589 2761 1648 2792 per
1669 2750 1763 2783 suam
1787 2752 1970 2791 essentiam,
1994 2760 2063 2782 non
2079 2760 2138 2792 per
2159 2751 2284 2794 species
2305 2752 2478 2784 abstracta·
2499 2762 2519 2783 a

1440 2797 1729 2837 phantasmatibus,
1754 2797 1907 2838 arguitur.
1937 2796 2025 2835 Quia
2055 2796 2194 2828 Sanctus
2223 2796 2380 2837 Thomas,
2409 2794 2522 2829 Pam

1440 2841 1543 2881 Parte,
1560 2851 1592 2882 q.
1609 2851 1733 2881 cxxxix,
1748 2851 1777 2873 a.
1796 2851 1826 2881 2,
1843 2841 1911 2872 vult
1933 2841 2027 2882 quod
2041 2842 2150 2873 anima
2172 2848 2318 2883 separata
2341 2847 2521 2883 cognoseat?

1439 2895 1474 2917 se
1496 2895 1555 2927 per
1579 2886 1751 2918 essentiam
1773 2895 1878 2918 suam.
1903 2885 1967 2918 Sed
1983 2891 2031 2918 est
2055 2885 2170 2918 eadem
2188 2888 2303 2918 natura
2325 2887 2453 2919 animae
2467 2896 2518 2920 se-

1439 2936 1567 2971 paratae
1581 2936 1613 2961 et
1625 2931 1830 2962 coniunctae.
1843 2929 1931 2972 Ergo
1945 2936 1976 2962 et
1992 2931 2168 2962 coniuncta
2183 2936 2292 2972 potest
2304 2940 2339 2962 se
2350 2940 2409 2973 per
2424 2931 2516 2964 suam

1439 2975 1611 3006 essentiam
1636 2985 1845 3017 cognoscere.
2455 2986 2457 2989 ⁴

1495 3019 1659 3056 Secundo,
1684 3020 1769 3051 circa
1792 3020 1896 3062 ipsam
1923 3019 2171 3051 conclusionem
2201 3019 2367 3052 dubitatur
2377 3020 2405 3052 θ.
2427 3019 2517 3060 Quia

1438 3064 1576 3096 Sanctus
1599 3064 1756 3102 Thomas,
1780 3065 1815 3096 in
1838 3064 1952 3096 Tertio
1975 3065 2084 3104 huius,
2108 3073 2180 3106 cap.
2196 3074 2237 3102 n,
2253 3066 2348 3106 ponit
2368 3064 2522 3097 diffirm-

1438 3109 1517 3140 tiam
1540 3110 1623 3141 inter
1646 3110 1819 3141 essentiam
1844 3109 1988 3142 divinam
2011 3114 2043 3141 et
2066 3109 2239 3142 essentiam
2253 3110 2522 3151 substantiae-or,

1437 3159 1577 3194 paratae,
1602 3154 1679 3195 quia
1702 3155 1839 3186 essentia
1863 3154 1972 3186 divina
1995 3159 2103 3195 potest
2126 3163 2195 3186 esse
2218 3155 2344 3196 species
2366 3152 2516 3197 intelligi-

1437 3198 1509 3229 bilis
1532 3198 1725 3239 intellectus,
1742 3208 1810 3230 non
1834 3204 1944 3230 autem
1961 3198 2098 3230 essentia
2121 3198 2317 3230 substantiae
2340 3193 2514 3242 separis-e.

1437 3242 1501 3274 Sed
1524 3252 1591 3274 non
1611 3249 1724 3285 posset
1745 3244 1885 3285 seipsam
1901 3252 1960 3285 per
1982 3252 2016 3275 se
2032 3242 2211 3284 intelligere
2227 3243 2289 3274 nisi
2305 3242 2441 3275 essentia
2456 3248 2514 3274 sua

1437 3293 1520 3319 esset
1543 3288 1668 3328 species
1690 3287 1873 3320 intellectus
1896 3288 2008 3330 ipsius.
2033 3287 2121 3329 Ergo
2145 3293 2206 3319 etc.

1493 3332 1546 3363 IV.
1563 3332 1616 3364 Ad
1631 3331 1827 3364 evidentiam
1843 3333 1939 3374 primi
1954 3332 2056 3372 dubii,
2072 3330 2343 3364 considerandum
2358 3336 2408 3362 est
2422 3331 2516 3372 quod

1436 3381 1504 3407 tota
1519 3377 1601 3408 ratio
1618 3386 1718 3418 quare
1733 3377 1918 3409 intellectus
1932 3377 2104 3418 possibilis,
2117 3381 2151 3408 et
2164 3381 2404 3417 consequenter
2415 3377 2519 3413 etiam.

1437 3421 1544 3453 anima
1567 3421 1774 3461 intellectiva,
1791 3431 1875 3463 quae
1906 3431 1964 3464 per
1986 3422 2095 3463 ipsum
2117 3419 2276 3460 intelligit,
2300 3429 2369 3452 non
2393 3430 2518 3463 cogno!

1436 3471 1502 3496 scat
1519 3475 1552 3497 se
1569 3475 1627 3508 per
1642 3476 1734 3498 suam
1758 3467 1941 3506 essentiam,
1958 3464 2014 3497 sed
2038 3473 2095 3506 per
2117 3464 2241 3506 species
2265 3475 2283 3495 a
2306 3465 2512 3506 phantasma-

1434 3510 1520 3541 tibus
1544 3516 1703 3552 acceptas,
1720 3511 1772 3542 hic
1797 3511 1975 3552 assignatur
1992 3508 2070 3550 quta
2093 3513 2141 3539 est
2160 3509 2308 3549 potentia
2333 3509 2367 3540 in
2389 3517 2514 3552 genere

1437 3554 1702 3597 intelligibilium.
1727 3555 1851 3586 idcirco
1870 3555 1897 3586 si
1920 3553 2036 3585 debeat
2057 3553 2122 3584 hoc
2146 3554 2185 3583 ab
2210 3554 2317 3585 anima
2340 3555 2511 3594 removeri,

1435 3599 1558 3630 scilicet
1581 3600 1672 3641 quod
1696 3604 1873 3641 cognoscat
1894 3606 1930 3630 se
1953 3606 1991 3629 ex
2013 3597 2290 3638 phantasmatibus
2310 3603 2343 3630 et
2361 3607 2429 3630 non
2453 3607 2512 3640 per

1435 3653 1528 3675 suam
1551 3644 1735 3681 essentiam,
1759 3647 1889 3685 oportet
1911 3646 1948 3674 ut
1963 3647 2170 3674 removeatur
2185 3643 2224 3674 ab
2240 3643 2310 3684 ipsa
2325 3642 2380 3675 illa
2402 3643 2510 3682 omni-

314 3673 521 3720 telligibilem,
545 3684 626 3714 sicut
642 3685 773 3715 materia
792 3684 828 3715 fit
852 3691 925 3716 actu
943 3686 976 3716 in
1001 3696 1068 3717 esse
1085 3686 1226 3718 sensibili
1242 3696 1300 3728 per
1315 3687 1381 3719 for·
1407 3690 1411 3729 1
1435 3687 1533 3720 moda
1556 3688 1774 3729 potentialitas
1797 3685 1977 3719 secundum
1996 3696 2096 3727 quam
2120 3687 2237 3718 dicitur
2259 3697 2340 3729 pura
2363 3688 2512 3729 potentia

2547 1941 2597 1964 ‘S-
2612 1941 2725 1965 ¹171.th
2742 1950 2762 1966 ι.

2541 3024 2550 3034 ·
2567 3021 2606 3046 Cf.
2621 3027 2686 3046 unm.
2695 3028 2717 3044 v.
