2768 4134
84 792 93 801 '
106 789 176 812 Num.
192 796 240 815 νιιι,
255 790 298 811 At-

81 817 228 839 tendendum.

325 224 374 260 80

325 311 420 333 suum
444 302 584 341 primum
609 304 639 329 et
663 297 797 328 formale
821 295 1046 337 significatum.
1077 295 1142 326 Sed
1165 296 1248 325 bene
1279 293 1396 324 falsum

325 352 371 378 est
396 344 484 385 quod
508 353 564 374 ens
587 342 826 383 participialiter
856 346 1034 380 sumptum,
1059 339 1150 380 quod
1179 338 1398 379 principaliter

325 399 393 420 esse
416 387 582 429 significat,
607 386 814 417 essentialiter
837 384 1048 426 praedicetur,
1074 390 1106 414 et
1134 383 1224 424 quod
1253 383 1334 414 nihil
1357 384 1397 413 sit

323 439 446 474 praeter
470 433 538 462 eius
561 431 730 461 rationem.
910 443 912 446 ⁴

378 478 417 507 X.
442 476 505 507 Sed
528 481 696 506 remanent
719 474 786 505 duo
811 474 917 504 dubia.
941 473 1087 503 Primum
1110 478 1158 503 est
1181 472 1268 512 quia,
1287 473 1314 503 si
1337 473 1397 502 bo-

323 531 403 552 num
435 521 631 551 convertitur
656 529 732 550 cum
758 524 831 549 ente
855 518 1061 548 nominaliter
1086 523 1233 557 sumpto;
1261 523 1293 547 et
1318 516 1397 547 divi-

324 566 408 597 ditur
431 566 557 596 bonum
587 565 621 595 in
653 564 766 595 decem
796 562 1055 603 praedicamenta
1078 567 1114 592 ut
1138 567 1185 592 est
1207 561 1293 592 idem
1321 571 1397 592 cum

324 616 408 646 ente,
424 616 461 640 ut
476 609 592 640 dicitur
607 609 723 645 Prima,
741 617 771 648 q.
788 617 819 644 v,
836 618 864 638 a.
881 607 950 643 ult„
967 606 1008 637 ad
1027 614 1055 643 13
1073 611 1204 646 oportet
1218 612 1255 637 ut
1271 607 1397 636 bonum

324 660 529 685 convertatur
553 663 628 684 cum
645 659 718 684 ente
735 652 837 683 diviso
853 661 911 692 per
927 657 1035 681 actum
1059 657 1091 681 et
1113 651 1304 690 potentiam,
1322 651 1398 691 quia

323 699 403 730 illud
434 704 482 729 est
511 698 602 739 quod
633 697 783 728 dividitur
813 697 847 727 in
878 696 992 726 decem
1022 694 1297 735 praedicamenta;
1329 705 1398 726 non

324 750 433 775 autem
450 753 526 774 cum
542 749 616 774 ente
631 743 664 773 in
686 748 759 772 actu
783 747 918 771 tantum.
943 740 1051 770 Huius
1075 745 1185 770 autem
1209 740 1398 780 oppositum

325 794 372 819 est
395 788 518 819 dictum
534 789 560 818 ὓ.

379 832 608 873 Respondetur
637 831 677 862 ad
707 831 771 861 hoc
803 828 903 870 quod,
928 829 1011 859 sicut
1035 838 1092 859 ens
1111 837 1289 860 commune
1312 829 1399 859 actui

325 883 357 908 et
379 877 544 918 potentiae
567 876 718 906 dividitur
740 875 774 905 in
797 874 911 905 decem
934 873 1204 914 praedicamenta,
1227 873 1271 904 ita
1294 878 1326 904 et
1341 882 1399 904 ens

324 923 358 952 in
382 928 465 952 actu.
491 920 586 952 Unde
609 929 676 950 non
701 919 807 950 solum
832 928 888 949 ens
919 917 1070 950 dividitur
1098 918 1133 948 in
1162 918 1343 958 potentiam
1368 923 1400 948 et

325 972 443 1001 actum,
457 965 513 996 sed
526 972 557 996 et
569 965 738 1005 quodlibet
750 973 853 1004 genus
866 963 961 993 entis:
979 963 1055 1002 quia
1067 962 1101 992 in
1117 962 1266 1003 quolibet
1280 971 1399 1003 genere

325 1010 445 1051 aliquid
470 1015 517 1041 est
539 1016 575 1040 ut
598 1009 752 1050 potentia,
778 1014 809 1038 et
832 1006 954 1047 aliquid
977 1012 1013 1037 ut
1036 1012 1136 1037 actus.
1165 1006 1261 1038 Unde
1285 1016 1342 1038 ens
1364 1007 1399 1037 in

324 1055 469 1096 potentia
493 1054 644 1085 dividitur
658 1054 692 1084 in
710 1053 823 1083 decem
846 1051 1116 1092 praedicamenta,
1134 1057 1166 1082 et
1181 1051 1326 1083 similiter
1342 1061 1399 1082 ens

324 1101 357 1130 in
382 1106 465 1130 actu.
489 1099 609 1139 Aliqua
633 1098 719 1128 enim
744 1103 791 1127 est
814 1097 960 1137 potentia
983 1096 1024 1127 de
1046 1105 1165 1136 genere
1192 1096 1399 1133 substantiae,

325 1151 356 1175 et
379 1144 487 1184 aliqua
511 1143 550 1174 de
573 1152 690 1183 genere
715 1141 886 1182 qualitatis,
911 1146 942 1172 et
965 1141 1011 1171 sic
1035 1140 1075 1171 de
1099 1141 1182 1171 aliis:
1207 1146 1240 1172 et
1255 1141 1400 1172 similiter

324 1189 438 1229 aliquis
454 1193 544 1218 actus
559 1193 606 1218 est
621 1187 661 1218 de
676 1196 794 1227 genere
818 1186 1024 1222 substantiae,
1042 1191 1074 1216 et
1089 1186 1205 1226 aliquis
1226 1185 1266 1216 de
1281 1195 1399 1227 genere

324 1233 494 1274 qualitatis,
512 1238 543 1263 et
567 1233 612 1262 sic
635 1231 675 1263 de
699 1231 778 1262 aliis.
802 1231 916 1261 Patent
930 1231 1011 1261 haec
1028 1239 1066 1261 ex
1082 1231 1120 1261 iis
1137 1239 1221 1271 quae
1240 1231 1400 1261 habentur

323 1288 341 1308 a
365 1277 642 1313 Commentatore‚
667 1276 708 1306 111
731 1276 842 1317 Phys„
867 1284 987 1306 comm.
1010 1285 1041 1315 9.
1072 1275 1216 1315 Negatur
1239 1285 1317 1316 ergo
1339 1276 1400 1306 ista

324 1322 570 1362 consequentia:
593 1321 723 1351 Bonum
754 1326 790 1351 ut
816 1326 863 1351 est
886 1320 969 1351 idem
993 1329 1066 1350 cum
1089 1324 1162 1351 ente
1184 1319 1342 1351 dividitur
1365 1320 1398 1351 in

323 1367 430 1398 decem
448 1366 726 1406 praedicamenta,
749 1365 845 1407 Ergo
869 1365 1071 1396 convertitur
1098 1374 1171 1395 cum
1199 1369 1272 1396 ente
1294 1365 1399 1396 diviso

317 1421 381 1452 per
403 1416 511 1442 actum
541 1416 573 1441 et
596 1410 788 1451 potentiam,
813 1420 879 1441 non
910 1415 1018 1440 autem
1049 1419 1123 1440 cum
1149 1415 1222 1440 ente
1251 1410 1284 1440 in
1312 1415 1398 1441 actu.

323 1457 418 1487 Ratio
435 1461 492 1492 est,
509 1456 586 1496 quia
601 1465 669 1486 non
685 1455 793 1485 solum
809 1465 866 1486 ens
882 1463 1059 1486 commune
1071 1454 1224 1485 dividitur
1238 1455 1272 1485 in
1285 1454 1399 1486 decem

323 1500 592 1542 praedicamenta,
616 1499 672 1531 sed
696 1499 792 1530 etiam
816 1509 873 1531 ens
896 1500 930 1530 in
953 1505 1027 1530 actu
1051 1505 1083 1530 et
1106 1509 1163 1530 ens
1185 1499 1220 1530 in
1242 1500 1399 1540 potentia.

379 1545 434 1576 XI.
458 1544 647 1576 Secundum
671 1544 807 1575 dubium
831 1550 892 1575 est:
917 1543 950 1575 Si
966 1544 1093 1574 bonum
1109 1545 1307 1575 convertitur
1323 1553 1399 1575 cum

324 1596 398 1621 ente
420 1589 628 1620 nominaliter
651 1595 782 1630 sumpto
806 1589 1020 1620 conversione
1043 1589 1213 1625 essentiali,
1229 1606 1252 1610 —
1276 1588 1316 1620 de
1339 1590 1400 1620 hac

325 1635 412 1666 enim
435 1634 583 1674 intelligit
599 1634 734 1665 Sanctus
751 1634 896 1664 Thomas
911 1634 971 1664 ista
987 1643 1055 1664 esse
1075 1633 1307 1671 convertibilia,
1323 1643 1399 1665 cum

324 1684 425 1720 ponat
447 1679 517 1719 ipsa
540 1688 609 1709 esse
632 1678 719 1709 idem
743 1679 878 1716 realiter,
894 1684 927 1709 et
942 1678 1068 1709 bonum
1091 1677 1208 1709 addere
1231 1687 1328 1719 supra
1343 1688 1400 1710 ens

323 1730 451 1755 tantum
482 1729 666 1764 respectum
698 1724 831 1754 rationis
855 1741 880 1746 -
905 1723 1052 1763 sequitur
1085 1723 1176 1763 quod
1208 1723 1336 1754 bonitas
1368 1730 1400 1755 et

325 1769 461 1799 essentia
476 1768 522 1799 rei
538 1769 601 1799 sint
622 1767 710 1799 idem
729 1768 864 1799 realiter.
889 1767 952 1798 Sed
971 1768 1078 1808 inquit
1101 1767 1238 1799 Sanctus
1253 1768 1399 1799 Thomas

324 1814 439 1850 Prima,
458 1822 489 1853 q.
505 1822 547 1849 V1,
564 1822 592 1843 a.
611 1812 641 1848 3,
658 1812 698 1843 ad
715 1812 745 1849 3,
771 1812 862 1853 quod
884 1812 1012 1843 bonitas
1037 1812 1086 1843 rei
1108 1818 1239 1843 creatae
1262 1823 1328 1844 non
1353 1818 1401 1844 est

325 1858 393 1899 ipsa
410 1857 480 1888 eius
496 1857 644 1888 essentia.
661 1857 747 1897 Ergo
765 1864 825 1888 etc.
841 1875 864 1880 —
879 1857 1038 1888 Probatur
1052 1858 1296 1898 consequentia.
1313 1857 1400 1896 Quia

324 1913 363 1933 ex
386 1902 540 1943 opposito
564 1902 794 1942 consequentis
812 1901 948 1932 infertur
963 1902 1153 1942 oppositum
1169 1901 1398 1933 antecedentis.

323 1947 357 1978 Si
381 1947 468 1978 enim
491 1946 628 1983 bonitas,
653 1956 737 1987 quae
761 1952 809 1977 est
831 1945 967 1977 formale
988 1945 1204 1986 significatum
1224 1947 1313 1983 boni,
1329 1956 1398 1978 non

324 1997 371 2022 est
386 1991 473 2022 idem
489 2000 565 2022 cum
582 1991 729 2027 essentia,
746 2000 830 2031 quae
847 1996 894 2021 est
909 1990 1046 2021 formale
1070 1990 1286 2031 significatum
1306 1992 1398 2028 entis,

322 2037 468 2077 sequitur
491 2035 582 2076 quod
604 2036 730 2066 bonurn
762 2035 849 2066 addit
872 2034 994 2076 aliquid
1017 2035 1102 2066 reale
1125 2035 1165 2067 ad
1189 2045 1256 2067 ens.
1288 2035 1330 2067 Et
1352 2037 1398 2067 sic

322 2091 390 2112 non
414 2086 648 2112 convertuntur
671 2080 890 2110 essentialiter.

380 2135 409 2156 2.
426 2125 479 2156 Ad
493 2126 590 2156 huius
609 2124 804 2156 evidentiam
821 2124 1092 2156 considerandum
1109 2131 1157 2156 est
1172 2126 1290 2166 primo,
1308 2125 1398 2166 quod

322 2170 410 2201 aliud
433 2176 480 2201 est
503 2169 609 2201 dicere
633 2179 691 2200 ens
713 2170 869 2206 absolute,
894 2175 926 2200 et
948 2169 1036 2200 aliud
1059 2169 1166 2200 dicere
1184 2179 1241 2201 ens
1261 2170 1294 2200 in
1311 2175 1398 2201 actu.

323 2215 389 2246 Ens
412 2215 499 2246 enim
522 2214 670 2245 absolute
694 2220 861 2255 sumptum
890 2213 1048 2254 significat
1077 2220 1203 2245 tantum
1227 2215 1398 2246 essentiam

322 2266 478 2300 tanquam
493 2259 527 2290 id
543 2259 595 2290 cui
610 2268 734 2290 nomen
757 2259 952 2299 imponitur;
977 2268 1045 2290 esse
1061 2268 1138 2290 vero
1155 2258 1314 2299 significat
1328 2265 1398 2291 tan·

324 2314 422 2345 quam
445 2304 478 2335 id
501 2314 520 2334 a
543 2313 611 2344 quo
634 2304 815 2344 imponitur
838 2313 971 2334 nomen.
996 2303 1062 2334 Ens
1085 2313 1162 2334 vero
1186 2305 1220 2335 in
1239 2310 1313 2335 actu
1329 2314 1398 2335 non

323 2348 481 2390 significat
503 2354 629 2379 tanturn
653 2349 835 2383 essentiam,
859 2348 916 2379 sed
939 2348 1036 2379 etiam
1060 2349 1168 2389 ipsum
1192 2358 1271 2380 esse.
1303 2349 1398 2380 Unde

323 2395 438 2425 entitas
453 2394 486 2425 in
503 2399 588 2430 actu,
606 2403 690 2434 quae
706 2399 754 2424 est
768 2392 904 2424 formale
928 2392 1144 2433 significatum
1165 2394 1247 2424 entis
1261 2394 1296 2424 in
1312 2399 1397 2431 actu,

323 2439 400 2470 dicit
424 2439 595 2469 essentiam
619 2438 736 2479 primo,
761 2444 793 2468 et
816 2437 1007 2469 secundario
1039 2444 1196 2469 connotat
1226 2447 1306 2475 esse,
1329 2448 1398 2470 non

322 2489 449 2514 tantum
473 2489 509 2514 ut
532 2492 550 2513 a
573 2492 641 2523 quo
664 2491 787 2514 nomen
811 2483 1001 2524 imponitur,
1026 2482 1082 2514 sed
1106 2483 1202 2514 etiam
1229 2489 1266 2514 ut
1289 2488 1398 2514 actua-

322 2528 443 2559 litatem
469 2528 634 2558 essentiae.

379 2571 660 2604 Considerandum
684 2571 830 2603 secundo
850 2571 950 2612 quod,
968 2581 1044 2603 cum
1061 2572 1187 2603 bonum
1204 2578 1236 2603 et
1251 2582 1308 2603 ens
1324 2578 1399 2604 actu

322 2618 385 2648 sint
416 2617 625 2648 essentialiter
657 2616 888 2653 convertibilia,
913 2622 1043 2657 oportet
1066 2622 1112 2653 ut,
1137 2618 1220 2648 sicut
1244 2626 1301 2648 ens
1324 2623 1399 2649 actu

322 2661 479 2703 significat
502 2661 677 2692 formaliter
700 2662 871 2692 essentiam
887 2667 918 2692 et
934 2671 1014 2698 esse,
1029 2662 1074 2692 ita
1090 2661 1187 2693 etiam
1202 2662 1329 2693 bonum
1345 2662 1399 2693 illa

322 2706 490 2747 significet.
514 2706 556 2737 Et
578 2706 723 2737 similiter
746 2712 876 2747 oportet
900 2706 991 2747 quod
1015 2706 1153 2743 bonitas,
1170 2715 1254 2748 quae
1271 2712 1318 2738 est
1334 2705 1399 2738 for-

321 2751 405 2782 male
429 2750 645 2792 significatum
668 2751 758 2788 boni,
782 2751 835 2781 illa
859 2750 926 2782 duo
942 2750 1096 2788 includat,
1113 2751 1196 2782 sicut
1211 2751 1250 2782 ab
1267 2752 1399 2782 entitate

321 2797 355 2827 in
372 2802 446 2827 actu
461 2795 683 2827 includuntur.
707 2795 749 2826 Et
764 2796 809 2826 sic
825 2796 952 2827 bonitas
967 2805 1036 2826 non
1052 2795 1129 2827 dicit
1147 2802 1274 2827 tantum
1291 2806 1399 2828 essen-

322 2842 399 2872 tiam
423 2841 479 2877 rei,
503 2849 612 2881 neque
635 2846 762 2871 tantum
786 2849 865 2877 esse,
890 2839 947 2871 sed
970 2840 1140 2871 essentiam
1163 2841 1222 2871 sub
1245 2850 1322 2872 esse.

379 2884 661 2917 Considerandum
684 2885 779 2916 tertio
810 2884 911 2925 quod,
936 2885 1019 2915 sicut
1049 2894 1106 2916 ens
1136 2890 1210 2916 actu
1241 2884 1399 2926 significat

323 2931 494 2961 essentiam
517 2935 673 2970 tanquam
696 2928 947 2960 fundamentum
967 2929 1103 2966 essendi,
1120 2939 1188 2961 esse
1204 2936 1314 2961 autem
1329 2936 1399 2961 tan-

323 2984 423 3016 quam
457 2974 674 3006 actualitatem
707 2973 833 3005 essendi
866 2979 898 3005 et
929 2979 1086 3015 tanquam
1118 2974 1399 3016 complementum

323 3019 463 3050 entitatis
485 3020 519 3050 in
543 3024 628 3055 actu,
652 3019 696 3050 ita
719 3019 845 3050 bonurn
868 3018 1026 3059 significat
1049 3019 1220 3050 essentiam
1243 3026 1399 3061 tanquam

323 3065 502 3095 bonitatem
525 3062 812 3100 fundamentalem,
837 3073 906 3094 esse
929 3072 1006 3094 vero
1034 3069 1190 3105 tanquam
1219 3065 1398 3096 bonitatem

324 3109 554 3149 completivam
578 3113 610 3140 et
634 3108 922 3139 determinativam.

380 3153 410 3184 3.
434 3153 487 3184 Ad
510 3153 646 3184 dubium
671 3162 748 3193 ergo
772 3152 889 3184 dicitur
912 3153 1029 3194 primo,
1046 3152 1137 3193 quod
1159 3154 1315 3194 supponit
1331 3153 1398 3185 duo

324 3197 411 3228 falsa.
437 3198 548 3229 Unum
573 3203 620 3228 est
644 3197 735 3238 quod
758 3197 845 3229 idem
869 3198 908 3228 sit
924 3197 1030 3229 dicere
1047 3207 1104 3228 ens
1120 3197 1278 3235 absolute,
1295 3204 1326 3229 et
1343 3207 1400 3230 ens

324 3243 357 3273 in
381 3249 465 3273 actu.
482 3261 505 3266 -
520 3242 679 3278 Alterum,
704 3242 795 3283 quod
819 3243 901 3273 entis
924 3243 957 3273 in
981 3248 1066 3279 actu,
1083 3252 1159 3274 cum
1176 3251 1244 3283 quo
1265 3252 1400 3274 conver-

325 3287 401 3317 titur
419 3287 556 3323 bonum,
573 3286 709 3318 formale
725 3286 941 3327 significatum
957 3287 996 3318 sit
1011 3292 1138 3318 tantum
1155 3287 1304 3318 essentia:
1324 3297 1400 3319 cum

325 3336 443 3367 tamen,
467 3337 503 3362 ut
527 3332 650 3363 dictum
674 3337 731 3368 est,
755 3331 836 3363 illud
858 3331 1002 3363 includat
1025 3332 1196 3363 essentiam
1221 3337 1252 3363 et
1275 3342 1353 3364 esse.

382 3376 506 3406 Dicitur
524 3376 679 3413 secundo,
699 3376 790 3417 quod
811 3377 1045 3417 consequentia
1060 3382 1107 3407 est
1123 3375 1211 3413 falsa,
1231 3376 1271 3407 de
1294 3378 1400 3408 omni-

327 3419 423 3450 moda
446 3420 611 3452 identitate
635 3421 814 3462 loquendo.
830 3439 853 3444 -
868 3421 920 3452 Ad
939 3421 1177 3462 probationem,
1193 3427 1329 3462 negatur
1353 3432 1401 3452 as-

327 3470 503 3504 sumptum.
526 3483 548 3488 -
568 3465 619 3496 Ad
643 3466 736 3497 cuius
759 3466 988 3507 probationem
1012 3465 1128 3497 dicitur
1151 3465 1242 3507 quod
1265 3467 1401 3498 essentia

327 3517 395 3538 non
415 3515 461 3539 est
484 3510 582 3540 totale
606 3509 821 3550 significatum
845 3511 926 3542 entis
942 3511 975 3542 in
992 3516 1076 3547 actu,
1094 3510 1150 3542 sed
1173 3511 1311 3542 essentia
1328 3520 1400 3542 cum

327 3561 405 3583 esse.
436 3553 477 3583 Et
500 3553 574 3584 ideo
605 3563 673 3586 non
703 3556 848 3596 sequitur
878 3555 968 3597 quod
998 3555 1124 3586 bonum
1155 3555 1249 3587 addat
1279 3556 1401 3596 aliquid

327 3596 411 3627 reale
427 3607 522 3637 supra
543 3608 598 3629 ens
623 3605 695 3630 actu
720 3606 879 3640 quantum
903 3599 943 3631 ad
967 3601 1036 3631 eius
1059 3600 1158 3631 totale
1174 3599 1400 3641 significatum,

909 218 1097 256 SUMMA
1127 216 1350 254 CONTRA
1378 214 1656 265 GENTILES,
1686 217 1798 255 CAP.
1819 218 1939 255 XXV.

1451 293 1507 324 sed
1529 300 1656 326 tantum
1683 302 1843 337 quantum
1876 296 1917 327 ad
1945 295 2161 336 significatum
2188 296 2258 327 eius
2284 297 2427 338 partiale.
2451 297 2527 329 Hoc

1451 343 1560 369 autem
1576 349 1645 370 non
1661 345 1709 371 est
1731 341 1988 372 inconveniensz·
2005 341 2050 371 sic
2075 340 2163 371 enim
2186 345 2218 371 et
2239 341 2349 381 ipsum
2372 351 2429 372 ens
2452 341 2528 374 actu

1451 382 1538 413 addit
1553 393 1651 424 supra
1665 386 1852 422 essentiam;
1875 386 1952 426 quia
1971 395 2040 416 non
2055 385 2164 415 solum
2179 384 2257 416 dicit
2272 386 2454 423 essentiam,
2471 386 2528 418 sed

1451 427 1548 458 etiam
1571 437 1651 458 esse.
1670 446 1694 451 -
1714 429 1792 460 Non
1815 431 1961 471 sequitur
1985 430 2082 460 etiam
2106 428 2197 470 quod
2226 439 2295 460 non
2323 436 2529 462 convertatur

1452 472 1661 503 essentialiter
1683 472 1761 504 c'um
1785 480 1859 505 ente
1880 475 1916 506 in
1939 480 2027 506 actu:
2052 473 2109 505 sed
2133 473 2224 514 quod
2238 483 2308 505 non
2323 481 2529 506 convertatur

1452 525 1528 547 cum
1551 517 1676 557 partiali
1700 518 1770 548 eius
1792 518 1982 559 significato.

1507 560 1634 591 Dicitur
1654 562 1763 599 tertio,
1787 562 1879 603 quod
1902 563 2026 594 dictum
2050 563 2159 595 Sancti
2182 563 2332 594 Thomae
2354 564 2452 594 habet
2474 573 2529 594 ve-

1451 605 1578 636 ritatem
1601 605 1783 646 dupliciter.
1807 606 1928 644 Primo,
1953 607 1994 639 de
2017 608 2161 639 bonitate
2184 608 2276 639 totali
2300 614 2332 639 et
2355 608 2528 649 completa.

1452 649 1541 680 Talis
1565 650 1663 686 enim,
1687 659 1765 681 cum
1787 651 1934 683 includat
1955 652 2127 683 essentiam
2150 658 2183 683 et
2197 662 2277 689 esse,
2294 662 2362 684 non
2379 658 2427 684 est
2441 651 2529 684 idem

1453 694 1590 725 omnino
1608 703 1685 725 cum
1701 695 1839 726 essentia
1852 696 1910 732 rei,
1925 696 2003 727 licet
2015 697 2056 727 sit
2070 697 2182 738 aliquo
2197 697 2300 729 modo
2320 697 2421 728 idem:
2447 697 2530 728 sicut

1452 738 1545 779 plura
1568 739 1738 770 includens
1762 745 1810 770 est
1832 739 1920 771 idem
1947 749 2024 771 cum
2053 750 2260 783 unoquoque
2289 742 2421 773 illorum
2445 751 2530 783 quae

1452 783 1599 821 includit,
1623 783 1744 815 addens
1767 790 1877 815 tamen
1901 784 2024 825 aliquid
2050 794 2148 826 supra
2176 786 2296 827 ipsum.
2318 805 2342 810 -
2364 786 2529 823 Secundo,

1453 827 1494 859 de
1517 829 1662 859 bonitate
1685 828 1892 869 completiva,
1908 834 1941 860 et
1954 829 2167 861 terminativa.
2190 830 2279 862 Talis
2294 832 2383 863 enim
2397 840 2467 863 non
2483 837 2531 862 est

1452 872 1541 904 idem
1565 873 1656 914 quod
1679 874 1831 904 essentia:
1855 874 1933 915 quia
1953 873 2025 904 talis
2048 874 2177 904 bonitas
2206 880 2255 906 est
2276 885 2360 914 esst-4
2384 877 2419 907 in
2443 885 2530 907 crea-

1452 918 1532 948 turis
1555 923 1666 949 autem
1689 927 1758 949 esse
1787 924 1819 949 et
1847 918 1983 949 essentia
2014 917 2266 959 distinguuntur.
2297 919 2398 959 Quod
2419 926 2530 952 autem

1453 971 1550 1003 saepe
1574 962 1650 993 dicit
1675 962 1812 994 Sanctus
1835 963 1982 994 Thomas
1997 964 2014 980 ⁹
2041 963 2221 994 bonitatem
2250 964 2297 995 rei
2323 973 2394 996 esse
2421 971 2531 999 actum
2557 964 2568 974 ²

1454 1006 1591 1044 essendi,
1615 1007 1805 1048 intelligitur
1826 1017 1895 1038 non
1926 1007 1966 1039 de
1997 1007 2161 1048 completa
2191 1013 2224 1039 et
2252 1009 2346 1039 totali
2374 1009 2530 1048 bonitate,
2571 1006 2578 1016 '

1453 1051 1510 1082 sed
1534 1051 1574 1082 de
1597 1052 1743 1083 bonitate
1766 1052 1963 1093 completiva
1986 1058 2019 1083 et
2041 1053 2254 1084 terminativa.

1509 1095 1578 1127 XII.
1603 1095 1699 1127 Circa
1720 1097 1785 1128 hoc
1808 1096 1933 1128 dictum
1960 1096 2191 1134 conditionale,
2215 1097 2253 1128 Si
2275 1107 2333 1128 ens
2354 1097 2398 1129 sit
2419 1097 2460 1129 de
2481 1099 2532 1130 in-

1454 1140 1583 1171 tellectu
1607 1150 1722 1172 eorum
1745 1141 1786 1172 de
1807 1141 1924 1183 quibus
1940 1142 2167 1182 praedicatur,
2190 1141 2425 1174 advertendum
2441 1143 2532 1184 quod

1453 1194 1522 1216 non
1546 1185 1621 1216 ideo
1646 1185 1908 1217 conditionaliter
1933 1186 2080 1228 loquitur
2109 1186 2247 1219 Sanctus
2269 1186 2417 1218 Thomas
2439 1188 2533 1229 quasi

1454 1229 1591 1261 dubium
1614 1230 1703 1271 apud
1725 1231 1834 1272 ipsum
1857 1231 1898 1262 sit
1920 1230 2012 1272 quod
2028 1241 2085 1262 ens
2100 1231 2141 1262 sit
2162 1231 2204 1263 de
2226 1231 2394 1263 intellectu
2408 1232 2477 1264 sive
2491 1232 2533 1264 de

1454 1275 1591 1306 essentia
1615 1284 1730 1306 eorum
1754 1274 1795 1306 de
1818 1276 1938 1316 quibus
1959 1275 2176 1317 praedicatur:
2201 1282 2291 1308 tenet
2309 1277 2398 1308 enim
2411 1277 2483 1318 ipse
2497 1278 2533 1308 in

1454 1319 1523 1350 aliis
1545 1319 1637 1356 locis,
1661 1326 1698 1351 ut
1721 1320 1887 1351 attulimus
1902 1321 1930 1358 *,
1955 1330 2012 1352 ens
2035 1321 2187 1352 essentias
2209 1330 2319 1352 rerum
2341 1321 2532 1363 significare.

1454 1363 1518 1395 Sed
1534 1374 1575 1395 eo
1590 1364 1694 1396 modo
1710 1364 1867 1407 loquendi
1887 1365 1989 1397 utitur
2004 1365 2045 1396 ad
2059 1365 2238 1397 tollendam
2254 1366 2451 1398 calumniam
2467 1375 2533 1408 qua

1453 1409 1570 1450 aliquis
1591 1414 1724 1450 negaret
1747 1419 1804 1441 ens
1828 1410 2037 1441 essentialiter
2058 1410 2246 1451 praedicari.
2271 1411 2374 1450 Quasi
2397 1411 2531 1443 diceret:

1454 1453 1542 1485 Cum
1566 1463 1623 1485 ens
1646 1455 1686 1485 sit
1708 1454 2018 1487 universalissimum
2048 1454 2089 1486 de
2119 1455 2273 1488 omnibus
2299 1455 2531 1497 praedicatum,

1452 1499 1533 1530 nihil
1556 1505 1664 1540 potest
1686 1508 1756 1530 esse
1779 1498 1871 1540 quod
1896 1509 1966 1531 non
1997 1500 2133 1541 accipiat
2162 1501 2197 1532 in
2227 1510 2286 1532 sua
2314 1501 2441 1533 ratione
2463 1510 2531 1539 ens,

1452 1544 1515 1574 nisi
1538 1543 1654 1585 aliquis
1677 1543 1775 1575 vellet
1796 1553 1915 1585 negare
1938 1553 1996 1576 ens
2019 1545 2228 1577 essentialiter
2251 1545 2291 1577 de
2314 1546 2411 1578 rebus
2439 1555 2532 1588 prae·

1454 1588 1566 1620 dicari:
1591 1588 1682 1630 quod
1705 1594 1789 1620 esset
1810 1587 1981 1620 manifeste
2003 1588 2132 1621 falsum.

1512 1643 1542 1664 2.
1567 1633 1633 1665 Sed·
1653 1639 1732 1664 tunc
1756 1633 1898 1665 occurrit
1920 1633 2068 1665 dubium.
2092 1633 2127 1666 Si
2149 1643 2207 1666 ens
2230 1640 2279 1666 est
2301 1634 2343 1666 de
2365 1634 2532 1667 intellectu

1454 1687 1569 1709 eorum
1592 1677 1632 1709 de
1657 1678 1776 1719 quibus
1797 1678 2010 1719 praedicatur,
2034 1688 2112 1720 ergo
2135 1688 2193 1710 ens
2220 1680 2256 1711 in
2284 1689 2394 1711 rerum
2417 1678 2532 1712 defini-

1453 1723 1596 1754 tionibus
1622 1729 1777 1764 ponetur:
1810 1732 1887 1754 cum
1914 1723 1948 1754 in
1973 1722 2162 1755 definitione
2192 1724 2365 1756 cuiuslibet
2394 1724 2440 1756 rei
2469 1734 2531 1766 po-

1453 1774 1548 1799 natur
1563 1767 1723 1808 quidquid
1743 1773 1791 1799 est
1806 1767 1847 1799 de
1869 1767 2036 1799 intellectu
2059 1768 2139 1799 eius.
2164 1767 2268 1800 Cuius
2290 1773 2399 1800 tamen
2423 1777 2531 1811 oppo-

1453 1813 1551 1844 situm
1574 1811 1652 1844 dicit
1674 1812 1904 1854 Philosophus,
1920 1812 1993 1843 vm
2009 1813 2165 1854 Metapa„
2181 1818 2258 1844 text.
2275 1813 2315 1844 16
2327 1814 2355 1844 “.
2451 1824 2453 1827 ·

1509 1856 1738 1898 Respondetur
1758 1856 1861 1898 quod,
1881 1866 1959 1888 cum
1981 1856 2129 1888 definitio
2149 1856 2244 1889 detur
2269 1856 2309 1888 ad
2331 1857 2532 1899 distinguen-

1453 1901 1533 1933 dum
1556 1910 1661 1933 unum
1677 1901 1718 1932 de
1732 1901 1845 1939 altero,
1861 1900 1943 1933 illud
1957 1901 2066 1932 solum
2081 1901 2216 1942 ponitur
2229 1901 2264 1933 in
2279 1902 2326 1933 rei
2341 1901 2532 1934 definitione

1451 1955 1510 1987 per
1533 1945 1625 1988 quod
1648 1945 1819 1977 definitum
1842 1946 1985 1987 aliquam
2005 1946 2045 1976 ab
2067 1945 2137 1977 aliis
2159 1946 2256 1978 habet
2278 1945 2531 1979 distinctionem.

1452 1991 1528 2022 Hoc
1551 1996 1661 2022 autem
1690 1990 1799 2022 solum
1829 1996 1877 2022 est
1906 1999 2011 2031 genus
2033 1995 2066 2021 et
2088 1989 2277 2028 differentia,
2302 2000 2387 2032 quae
2409 1991 2532 2034 aliquid

1453 2035 1703 2067 determinatum
1718 2034 1844 2066 dicunt:
1869 2044 1938 2066 non
1955 2040 2064 2066 autem
2088 2045 2155 2072 ens,
2171 2036 2206 2067 in
2224 2045 2293 2077 quo
2317 2037 2429 2068 omnin
2450 2045 2532 2069 con-

1452 2081 1597 2112 veniunt.
1633 2079 1710 2111 ldeo
1741 2080 2003 2121 propositionem
2032 2080 2215 2112 Aristotelis
2244 2080 2365 2122 glossat
2394 2080 2532 2114 Sanetus

1452 2125 1628 2156 Thomas·
1652 2124 1743 2166 quod
1767 2134 1825 2156 ens
1853 2134 1919 2156 non
1941 2124 2082 2166 ponitur
2105 2125 2141 2156 in
2163 2125 2352 2167 definitione
2375 2131 2532 2168 tanquam

1451 2179 1567 2212 genus.
1592 2169 1656 2201 Sed
1679 2169 1720 2200 de
1747 2169 1812 2200 hoc
1835 2169 1964 2211 plenius
1987 2170 2099 2210 scripsi
2124 2169 2159 2201 in
2186 2171 2452 2203 annotationibus
2474 2170 2532 2203 Se·-

1453 2214 1552 2246 cundi
1574 2214 1811 2246 Posteriorum.

1508 2258 1611 2298 Quod
1640 2265 1750 2290 autem
1780 2259 1964 2296 assumitur,
1988 2259 2146 2300 quoniam
2175 2269 2276 2291 omne
2306 2259 2398 2301 quod
2420 2262 2477 2292 est
2490 2260 2533 2292 de

1451 2305 1619 2336 intellectu
1643 2304 1789 2341 alicuius,
1813 2304 1948 2345 ponitur
1969 2303 2003 2335 in
2035 2304 2105 2335 eius
2135 2303 2340 2336 definitione:
2369 2322 2390 2328 -
2413 2303 2531 2336 dicitiu-

1453 2349 1544 2390 quod
1568 2355 1615 2380 est
1639 2358 1752 2380 verum
1775 2348 1941 2380 dumtaxat
1963 2348 2005 2380 de
2027 2358 2069 2380 eo
2092 2348 2184 2390 quod
2206 2349 2300 2391 ponit
2315 2349 2459 2390 aliqu-
2473 2349 2531 2382 de-

1451 2395 1661 2426 terminatum
1684 2393 1754 2424 eius
1776 2393 1924 2434 gradum,
1948 2402 2017 2434 quo
2040 2393 2080 2424 ab
2111 2393 2180 2425 aliis
2209 2393 2425 2435 distinguitur.
2449 2393 2531 2426 Tale

1452 2445 1562 2471 autem
1585 2447 1655 2470 non
1678 2443 1726 2469 est
1749 2447 1816 2469 ens.
1841 2437 1918 2469 Ideo
1941 2447 2010 2470 non
2034 2443 2165 2480 oportet
2184 2444 2221 2470 ut
2235 2438 2269 2470 in
2285 2448 2394 2470 rerum
2416 2437 2531 2471 defini-

1450 2484 1541 2515 tione
1564 2488 1716 2524 ponatur.
2102 2484 2105 2487 ’

1508 2528 1615 2559 Tenet
1638 2533 1747 2559 autem
1771 2527 1898 2564 Scotus,
1915 2526 1928 2558 1
1944 2526 2045 2565 Sena,
2062 2527 2093 2559 d.
2110 2537 2155 2564 m,
2172 2537 2203 2569 q.
2219 2538 2265 2566 111,
2281 2527 2373 2569 quod
2389 2537 2447 2560 ens
2460 2537 2531 2560 non

1452 2572 1655 2614 praedicatur
1678 2571 1719 2604 de
1741 2572 1864 2604 ultimis
1894 2571 2082 2604 differentiis
2111 2571 2300 2609 formaliter,
2323 2572 2381 2604 sed
2403 2578 2531 2606 tannim

1452 2617 1602 2649 identice.
1627 2616 1691 2649 Sed
1714 2617 1778 2648 hoc
1802 2622 1850 2648 est
1871 2617 1905 2648 in
1928 2617 2150 2659 metaphysica
2173 2616 2416 2659 disputandum.

1507 2662 1591 2694 XIII.
1616 2661 1786 2701 Quantum
1809 2661 1849 2693 ad
1873 2661 2054 2693 secundum
2069 2663 2097 2699 ⁶,
2121 2661 2188 2694 duo
2203 2661 2340 2694 deducit
2350 2662 2529 2695 corollaria.

1451 2707 1608 2744 Primum,
1625 2706 1717 2748 quod
1731 2706 1822 2738 Deus
1845 2706 1976 2748 deliniri
1999 2717 2064 2738 non
2083 2711 2210 2748 potest:
2231 2716 2309 2738 cum
2323 2707 2432 2739 omnis
2450 2706 2531 2739 defi-

1451 2753 1534 2784 nitio
1559 2761 1597 2783 ex
1620 2760 1739 2792 genere
1763 2757 1794 2783 et
1813 2750 2000 2783 differentiis
2016 2757 2158 2789 constet3
2174 2751 2264 2783 Deus
2279 2757 2390 2784 autem
2404 2761 2474 2784 non
2489 2753 2530 2784 sit

1451 2807 1486 2828 in
1532 2806 1638 2828 enere.

1508 2806 1707 2878 Secundum,
1732 2839 1824 2882 quod
1846 2840 2083 2872 demonstratio
2107 2850 2173 2872 non
2191 2846 2302 2883 potest
2315 2841 2355 2873 de
2370 2841 2531 2884 ipsofieri

1453 2886 1516 2918 nisi
1534 2896 1598 2928 per
1621 2885 1788 2928 effectum:
1811 2886 1888 2927 quia
1910 2886 2108 2927 principium
2131 2885 2199 2917 sive
2220 2885 2367 2918 medium
2393 2885 2531 2918 demon-

1452 2931 1614 2962 strationis
1637 2936 1685 2962 est
1708 2929 1855 2962 definitio
1879 2931 1926 2962 rei
1949 2929 1989 2962 de
2013 2939 2079 2972 qua
2101 2929 2138 2962 fit
2167 2930 2410 2963 demonstratio.
2442 2929 2532 2963 Cum·

1453 2985 1530 3017 ergo
1554 2976 1615 3007 Dei
1638 2975 1727 3007 nulla
1750 2975 1791 3006 sit
1813 2974 1972 3013 definitio,
1995 2975 2141 3017 sequitur
2157 2975 2227 3007 eius
2245 2975 2370 3007 nullam
2392 2975 2530 3008 demon-

1452 3021 1640 3052 strationem
1664 3029 1744 3051 esse.

1510 3075 1540 3097 2.
1565 3065 1660 3096 Circa
1683 3064 1865 3096 secundum
1887 3064 2094 3096 corollarium
2115 3070 2148 3096 et
2167 3065 2237 3096 eius
2255 3064 2415 3096 rationem
2435 3063 2530 3096 dubi-

1452 3115 1547 3142 tatur.
1572 3110 1606 3142 Si
1628 3119 1772 3150 namque
1794 3109 1916 3141 idcirco
1932 3119 2002 3142 non
2016 3114 2125 3150 potest
2147 3108 2380 3141 demonstratio
2403 3117 2474 3140 esse
2488 3107 2529 3140 de

1453 3154 1526 3186 Deo
1550 3155 1627 3196 quia
1650 3154 1751 3196 ipsius
1774 3163 1843 3186 non
1867 3159 1915 3186 est
1938 3153 2096 3192 definitio,
2113 3154 2259 3196 sequitur
2277 3152 2368 3194 quod
2391 3152 2432 3184 de
2455 3158 2530 3184 ente

1452 3209 1521 3231 non
1540 3199 1659 3241 poterit
1675 3208 1744 3230 esse
1764 3198 2008 3237 demonstratio,
2024 3208 2133 3240 neque
2155 3197 2196 3230 de
2218 3197 2404 3234 substantia,
2420 3206 2530 3239 neque

1454 3243 1493 3275 de
1510 3253 1723 3286 quocumque
1740 3244 1804 3275 alio
1818 3253 1937 3285 genere
1952 3243 2204 3284 generalissimo.
2229 3242 2271 3274 Et
2291 3248 2530 3283 consequenter

1453 3289 1684 3330 metaphysica,
1709 3298 1794 3330 quae
1817 3293 1930 3320 tractat
1953 3287 1994 3320 de
2017 3293 2092 3319 ente
2107 3292 2140 3319 et
2154 3287 2341 3323 substantia,
2358 3292 2390 3318 et
2404 3287 2528 3318 mathe-

1453 3334 1580 3371 matica,
1606 3342 1690 3374 quae
1714 3333 1754 3365 de
1778 3333 1956 3374 quantitate
1978 3337 2101 3369 tractat,
2124 3339 2194 3363 non
2218 3337 2313 3363 erunt
2328 3331 2491 3363 scientiae.
2506 3349 2530 3355 -

1453 3378 1544 3410 Patet
1567 3379 1709 3419 sequela.
1733 3377 1820 3417 Quia
1842 3377 1971 3409 nullum
1984 3377 2122 3408 istorum
2136 3375 2234 3407 habet
2249 3374 2474 3408 definitionem
2490 3385 2530 3407 ex

1453 3433 1572 3463 genere
1587 3429 1619 3454 et
1635 3422 1813 3455 differentia
1829 3421 2061 3463 compositam:
2078 3429 2155 3452 cum
2169 3419 2298 3452 nullum
2314 3429 2417 3461 genus
2432 3430 2530 3462 supra

1454 3477 1487 3499 se
1511 3468 1660 3499 habeant.

1509 3512 1561 3543 Ad
1577 3513 1674 3544 huius
1686 3511 1891 3548 evidentiam,
1904 3508 2176 3542 considerandum
2192 3515 2239 3540 est
2252 3508 2343 3551 quod
2358 3509 2530 3551 dupliciter

1454 3556 1546 3598 loqui
1569 3566 1745 3599 possumus
1768 3555 1809 3588 de
1831 3554 2108 3587 demonstratione
2130 3564 2151 3585 a
2168 3554 2291 3596 priori.
2316 3554 2392 3586 Uno
2415 3554 2528 3592 modo,

1455 3600 1494 3632 de
1512 3611 1549 3632 ea
1566 3602 1659 3633 cuius
1682 3600 1828 3632 medium
1844 3604 1891 3630 est
1907 3608 1980 3630 vere
1998 3605 2029 3630 et
2044 3598 2170 3631 realiter
2193 3608 2290 3631 causa
2312 3599 2529 3631 inhaerentiae

2559 1320 2571 1331 ·
2584 1319 2656 1342 Num.
2666 1325 2707 1342 vu.

2558 2126 2569 2137 ·
2583 2125 2640 2148 Loe.
2654 2130 2721 2154 pm.
2732 2125 2768 2148 eit.

2557 2661 2567 2672 '
2581 2659 2620 2684 α
2633 2659 2685 2683 luit.
2701 2659 2768 2683 eom-

2557 2690 2630 2711 111111.
