2768 4134
51 653 60 663 ⁸
77 651 130 677 lP.,
140 655 225 677 uxvu,
240 650 262 676 0,

50 678 79 700 ad
93 683 113 699 2.

45 1592 55 1602 ·
76 1591 146 1613 Num.
163 1595 199 1618 ιιι,
219 1590 261 1612 Se·

47 1618 131 1640 cundo.

47 2209 54 2217 ·
71 2206 107 2229 Cf.
126 2206 176 2228 init.
190 2206 260 2229 Com-

47 2237 119 2256 ment.

48 2341 56 2350 ·
66 2339 103 2362 Cf.
118 2344 183 2361 num.
198 2344 246 2366 seq.

48 2385 57 2393 ·
72 2383 107 2405 Cf.
122 2389 187 2405 nurn.
197 2389 220 2404 x.

48 2688 99 2720 qu.
106 2693 170 2710 num.
176 2693 260 2716 praee„

47 2718 96 2738 init.

296 308 371 353 584

348 385 472 414 Dicitur
496 383 582 413 enim
606 381 724 421 primo,
745 379 835 420 quod
860 380 928 409 eius
951 377 1128 408 substantia
1150 385 1219 407 non
1244 381 1291 406 est
1313 385 1363 406 se-

291 434 399 469 parata
422 428 461 457 ab
485 427 556 466 ipso
580 425 756 456 intellectu.
781 423 870 454 Tum
894 423 971 462 quia
998 422 1110 464 unitur
1139 421 1199 451 sibi
1226 420 1262 451 in
1292 429 1363 450 esse

291 471 490 511 intelligibili.
506 487 530 492 —-
545 469 633 500 Turn
650 469 726 509 quia
743 467 880 498 essentia
896 472 943 497 est
959 465 1208 496 fundamentum
1225 470 1257 495 et
1274 463 1363 494 radix

290 516 413 546 virtutis
442 513 663 554 intelligibilis;
695 518 727 543 et
756 511 796 542 ad
828 512 931 551 ipsam
964 509 1150 540 naturaliter
1179 508 1363 545 intellectus

290 559 510 599 consequitur,
533 563 688 597 tanquam
711 557 749 586 ab
773 557 842 596 ipsa
865 564 965 585 omne
980 563 1077 585 suum
1094 562 1163 584 esse
1186 553 1308 584 habens
1327 553 1362 583 in

289 613 407 644 genere
435 611 549 635 causae
578 601 759 636 materialis,
791 599 895 630 finalis
926 604 958 629 et
987 597 1165 634 efficientis,
1194 603 1230 628 ut
1256 597 1363 637 inquit

290 648 425 679 Sanctus
444 647 587 678 Thomas
611 645 651 676 de
674 645 781 680 anima
804 650 836 674 et
859 644 928 674 eius
951 643 1106 683 potentiis
1117 643 1144 672 ’.

344 692 470 722 Dicitur
501 689 645 721 secundo
670 688 771 730 quod,
802 697 878 719 cum
908 684 1084 718 substantia
1111 686 1308 717 intellectiva
1332 690 1363 716 et

290 737 358 767 eius
381 735 562 766 intellectus
584 743 653 765 non
677 743 711 764 se
734 733 873 763 habeant
895 733 979 763 sicut
1007 731 1074 762 duo
1105 731 1282 771 operantia,
1306 729 1364 760 sed

288 781 370 811 sicut
392 789 507 816 unum,
531 787 672 819 quorum
696 778 838 818 primum
871 782 918 808 est
950 776 982 807 id
1012 775 1103 817 quod
1131 780 1293 815 operatur,
1317 774 1363 805 al-

288 831 393 855 terum
421 833 499 855 vero
523 829 571 855 est
592 822 627 854 id
650 832 718 863 quo
746 821 827 853 illud
849 821 997 862 proxime
1025 825 1188 860 operatur,
1219 820 1363 860 primum

288 870 375 900 enim
399 874 431 899 et
452 868 630 909 principale
653 867 835 907 intelligens
859 871 906 896 est
935 866 1005 906 ipsa
1032 865 1208 895 substantia
1236 864 1363 895 intelle-

288 914 387 950 ctiva,
417 913 600 945 intellectus
630 917 739 943 autem
770 916 817 942 est
851 911 951 941 virtus
985 919 1049 950 qua
1078 908 1245 949 intelligit:
1281 909 1362 939 unio

288 958 407 989 obiecti
430 966 506 988 cum
521 956 718 997 intelligente
735 965 818 996 quae
838 955 1011 995 requiritur
1031 953 1071 984 ad
1093 953 1361 990 intellectionem,

288 1003 314 1033 si
330 1003 369 1034 sit
385 1011 461 1033 cum
479 1002 655 1032 substantia
671 1000 877 1040 intelligentis
893 1008 950 1039 per
966 998 1178 1034 identitatem,
1196 1003 1244 1028 est
1258 998 1363 1028 maior

289 1053 320 1078 et
343 1046 503 1078 efficacior
530 1045 570 1076 ad
592 1045 846 1076 intellectionem
870 1053 969 1084 quam
998 1043 1025 1074 si
1055 1043 1095 1073 sit
1124 1051 1183 1083 per
1205 1041 1362 1073 informa-

287 1092 412 1123 tionem
434 1090 616 1121 intellectus
638 1098 696 1130 per
719 1089 860 1129 speciem
880 1087 1130 1128 intelligibilem
1154 1087 1257 1128 magis
1273 1087 1360 1118 enim

288 1142 335 1166 est
358 1144 461 1166 unum
486 1144 562 1165 cum
591 1133 791 1174 intelligente
821 1132 912 1174 quod
940 1139 987 1163 est
1018 1132 1079 1163 sibi
1108 1132 1235 1163 realiter
1260 1131 1360 1169 idem,

288 1189 386 1221 quam
410 1178 500 1220 quod
531 1179 599 1210 eius
630 1178 831 1209 intellectum
861 1177 1100 1208 accidentaliter
1127 1176 1292 1208 informat.
1319 1177 1362 1207 Et

286 1224 371 1261 ideo,
392 1224 418 1254 si
433 1224 609 1255 substantia
631 1223 812 1263 intelligens
831 1222 986 1262 intelligat
1002 1231 1036 1252 se
1051 1231 1110 1262 per
1125 1222 1275 1262 seipsam,
1291 1231 1360 1252 non

286 1269 433 1309 intelligit
448 1278 506 1310 per
521 1267 655 1308 aliquod
670 1268 709 1298 ab
725 1268 795 1308 ipsa
814 1272 1008 1308 separatum,
1025 1265 1082 1297 sed
1097 1276 1155 1307 per
1170 1266 1250 1297 illud
1269 1266 1361 1307 quod

287 1319 334 1344 est
353 1313 454 1353 magis
470 1322 575 1344 unum
594 1322 670 1343 cum
692 1312 762 1353 ipsa
778 1321 877 1353 quam
895 1312 921 1342 si
940 1312 1000 1342 sibi
1019 1320 1077 1351 per
1092 1310 1359 1342 informationem

286 1359 445 1390 uniretur:
476 1358 552 1388 licet
582 1357 759 1388 intellectui
786 1366 847 1387 suo
874 1365 942 1387 non
973 1357 1104 1387 uniatur
1134 1366 1192 1397 per
1220 1355 1360 1387 modum

286 1402 410 1434 formae
432 1402 637 1439 inhaerentis,
653 1401 710 1432 sed
733 1407 859 1432 tantum
882 1411 941 1442 per
955 1400 1093 1432 modum
1117 1399 1242 1431 formae
1265 1401 1360 1431 intel-

286 1447 423 1488 ligibilis,
447 1447 642 1487 inquantum
665 1446 786 1478 scilicet
804 1451 852 1477 est
875 1446 906 1477 ei
928 1446 1126 1486 principium
1143 1455 1210 1486 quo
1234 1445 1360 1476 intelle-

287 1492 414 1523 ctionis.
429 1510 452 1514 -
468 1491 648 1530 Quomodo
665 1496 774 1522 autem
797 1490 830 1522 id
847 1500 914 1531 quo
935 1490 1057 1531 aliquid
1073 1497 1236 1531 operatur,
1261 1499 1359 1531 opor-

286 1542 351 1568 teat
373 1545 442 1567 esse
465 1536 604 1567 formam
627 1536 707 1573 eius,
732 1541 899 1566 ostensum
923 1540 970 1566 est
993 1535 1152 1576 superius,
1176 1535 1282 1575 capite
1298 1544 1360 1565 ux.

342 1581 372 1612 3.
396 1580 449 1612 Ad
470 1581 504 1612 id
527 1580 619 1621 quod
648 1581 799 1611 obiicitur
825 1581 859 1611 in
887 1581 1079 1620 oppositum
1094 1580 1121 1616 ’ζ
1145 1579 1362 1620 respondetur

287 1625 378 1666 quod
394 1626 540 1666 loquitur
556 1625 691 1656 Sanctus
711 1625 856 1656 Thomas
879 1625 913 1655 in
936 1625 1031 1655 tertio
1054 1624 1137 1655 libro
1161 1623 1202 1655 de
1225 1625 1362 1655 essentia

286 1671 481 1702 substantiae
503 1675 666 1711 separatae
689 1670 723 1700 in
747 1668 861 1700 ordine
884 1669 925 1700 ad
948 1669 1145 1700 extrinsecos
1164 1669 1361 1700 intellectus:

286 1725 354 1746 non
377 1721 485 1746 autem
510 1715 544 1745 in
567 1713 680 1745 ordine
703 1713 744 1744 ad
766 1714 936 1754 proprium
958 1713 1170 1750 intellectum,
1194 1722 1271 1744 cum
1294 1722 1361 1754 quo

287 1760 462 1790 maximam
485 1759 582 1789 habet
597 1759 765 1789 unionem.
783 1758 868 1789 Nam
891 1767 960 1788 non
983 1763 1091 1798 potest
1114 1758 1291 1789 substantia
1314 1767 1363 1788 se-

287 1809 396 1844 parata
419 1813 489 1834 esse
512 1802 617 1834 forma
640 1802 781 1834 extranei
803 1802 987 1834 intellectus
1010 1803 1044 1833 in
1060 1812 1130 1833 esse
1153 1802 1361 1842 intelligibili:

289 1858 328 1879 eo
353 1848 444 1889 quod
467 1848 590 1878 nullam
614 1847 709 1878 aliam
732 1847 891 1878 unionem
915 1857 991 1878 cum
1020 1853 1172 1878 extraneo
1197 1847 1363 1878 intellectu

286 1893 416 1928 habeat;
441 1898 472 1923 et
494 1901 563 1922 non
586 1892 626 1922 sit
648 1891 829 1922 secundum
845 1901 879 1922 se
899 1897 990 1922 actus
1013 1897 1140 1922 tantum
1163 1891 1196 1921 in
1221 1900 1290 1922 esse
1313 1891 1362 1921 in-

286 1937 453 1976 telligibili,
477 1937 561 1967 sicut
577 1941 624 1966 est
639 1935 747 1966 divina
762 1936 910 1966 essentia.
930 1935 1093 1975 Respectu
1113 1941 1223 1966 autem
1239 1935 1363 1975 proprii

285 1981 477 2018 intellectus,
500 1985 633 2021 propter
656 1979 834 2010 naturalem
858 1980 1017 2010 unionem
1032 1980 1115 2010 inter
1138 1990 1182 2016 se,
1207 1979 1260 2010 illa
1284 1989 1363 2010 con-

287 2026 377 2062 ditio,
394 2025 517 2055 scilicet
539 2033 608 2055 non
632 2033 700 2054 esse
725 2029 833 2055 actum
857 2029 983 2054 tantum
1006 2024 1040 2054 in
1065 2033 1134 2055 esse
1157 2023 1362 2064 intelligibili,

285 2079 354 2101 non
377 2068 513 2110 impedit
537 2069 617 2109 quin
640 2068 742 2108 ipsius
766 2068 871 2099 forma
894 2078 964 2099 esse
986 2069 1089 2109 possit
1104 2069 1137 2099 in
1155 2078 1224 2100 esse
1245 2068 1363 2099 intelli-

286 2114 389 2155 gibili:
414 2114 510 2145 habet
533 2114 620 2144 enim
636 2112 670 2143 id
687 2118 821 2153 propter
841 2112 932 2153 quod
955 2114 1088 2153 ponitur
1111 2114 1235 2154 species
1258 2113 1291 2144 in
1313 2114 1362 2144 in-

286 2160 427 2196 tellectu,
451 2158 573 2189 scilicet
595 2157 753 2188 unionem
778 2167 854 2188 cum
877 2157 1087 2198 intelligente.

340 2203 394 2234 VI.
419 2203 588 2242 Quantum
612 2201 653 2233 ad
675 2202 807 2233 tertium
831 2202 1009 2243 principale
1026 2204 1054 2240 *,
1078 2201 1260 2234 ostenditur
1282 2212 1363 2244 quo-

287 2248 384 2279 modo
404 2258 439 2279 se
460 2248 577 2279 habeat
593 2257 659 2278 una
674 2247 855 2278 substantia
877 2252 1031 2288 separata
1047 2247 1091 2278 ad
1113 2247 1363 2289 intelligendum

287 2294 398 2324 aliam.
416 2292 510 2324 Circa
532 2292 597 2322 hoc
620 2297 729 2323 autem
751 2293 810 2322 tria
834 2291 923 2323 facit:
941 2293 1059 2332 primo,
1074 2298 1187 2323 movet
1209 2291 1363 2330 dubium;

289 2337 445 2376 secundo,
461 2337 571 2367 recitat
587 2337 780 2377 opinionem
796 2336 970 2377 quandam,
988 2343 1019 2368 et
1034 2337 1187 2378 reprobat
1199 2338 1215 2354 ⁴*
1224 2347 1232 2374 ;
1256 2338 1363 2375 tertio,

289 2382 479 2414 determinat
501 2382 668 2412 veritatem
683 2380 710 2411 *.

344 2427 453 2458 Primo
477 2435 554 2467 ergo
577 2431 688 2456 movet
711 2425 847 2456 dubium
871 2426 944 2457 hoc.
970 2426 1172 2457 Substantiae
1199 2432 1364 2467 separatae

289 2471 440 2502 differunt
455 2471 494 2501 ab
511 2470 651 2501 invicem
667 2469 848 2501 secundum
864 2471 1018 2511 speciem,
1038 2476 1070 2501 et
1092 2480 1158 2502 una
1181 2476 1228 2501 est
1251 2471 1364 2503 similis

289 2516 379 2547 alteri
401 2515 581 2546 secundum
605 2523 816 2545 communem
839 2521 987 2546 naturam
1010 2516 1146 2556 generis.
1167 2514 1283 2547 Omnis
1306 2526 1363 2547 au-

288 2568 354 2591 tem
378 2560 521 2600 cognitio
545 2558 581 2590 fit
604 2558 784 2590 secundum
805 2559 895 2599 quod
919 2560 952 2591 in
969 2566 1188 2600 cognoscente
1205 2566 1252 2591 est
1274 2561 1363 2592 simi-

289 2605 399 2636 litudo*
415 2604 546 2645 cogniti.
571 2604 657 2644 Ergo
681 2613 746 2634 una
771 2613 840 2634 non
863 2605 1032 2644 cognoscit
1055 2605 1149 2636 aliam
1173 2605 1234 2636 nisi
1259 2614 1363 2646 quan-

287 2656 357 2680 tum
381 2648 421 2680 ad
445 2658 654 2680 communem
677 2649 836 2679 rationem
859 2649 995 2690 generis.

343 2694 410 2725 VII.
436 2693 598 2731 Secundo,
623 2692 735 2724 falsam
759 2693 923 2734 quandam
946 2694 1194 2735 responsionem
1217 2700 1323 2726 narrat
1334 2696 1361 2726 *.

288 2739 445 2770 Dixerunt
469 2739 555 2769 enim
579 2737 711 2779 quidam
731 2737 832 2778 quod,
850 2739 926 2779 quia
943 2748 1008 2770 una
1024 2739 1202 2770 substantia
1217 2745 1363 2781 separata

289 2789 335 2814 est
359 2793 453 2814 causa
477 2782 622 2814 effectiva
637 2783 766 2814 alterius
789 2792 847 2823 per
862 2783 999 2814 modum
1017 2793 1132 2815 causae
1151 2785 1361 2825 aequivocae,

287 2829 320 2858 in
344 2837 408 2869 qua
431 2827 608 2859 similitudo
633 2826 766 2858 effectus
789 2834 836 2859 est
860 2829 1066 2860 eminentiori
1089 2828 1202 2866 modo,
1233 2839 1252 2860 e
1282 2839 1361 2860 con-

288 2873 382 2903 trario
399 2878 508 2903 autem
523 2873 557 2903 in
576 2871 693 2904 effectu
710 2877 757 2903 est
773 2872 951 2904 similitudo
967 2873 1069 2914 ipsius
1085 2883 1200 2904 causae
1217 2873 1362 2905 inferiori

286 2916 403 2948 modo:
433 2917 600 2958 cognoscit
622 2917 798 2948 substantia
828 2923 972 2958 separata
1000 2916 1133 2949 inferior
1159 2919 1361 2959 superiorem

287 2961 465 2993 secundum
495 2961 632 2992 modum
660 2962 855 2993 substantiae
886 2963 1124 3002 cognoscentis,
1155 2972 1223 2994 non
1252 2970 1361 2995 autem

287 3006 466 3037 secundum
478 3006 616 3038 modum
628 3006 824 3037 substantiae
837 3008 997 3048 cognitae,
1010 3007 1067 3039 sed
1083 3006 1228 3038 inferiori
1242 3008 1359 3046 modo;

287 3051 432 3091 superior
455 3057 564 3082 autern
579 3049 765 3082 inferiorem
782 3052 987 3084 eminentiori
1010 3051 1112 3083 modo
1137 3053 1315 3093 cognoscit.

341 3095 427 3126 Huic
444 3101 553 3127 autem
569 3095 675 3127 favere
695 3095 822 3127 videtur
838 3097 996 3137 quoniam
1017 3097 1050 3127 in
1067 3096 1166 3127 Libro
1183 3097 1223 3128 de
1244 3097 1362 3129 Causis

287 3139 401 3171 dicitur
425 3140 515 3181 quod
539 3140 720 3172 intellectus
742 3140 803 3171 scit
824 3141 912 3182 quod
933 3146 982 3173 est
1003 3141 1062 3173 sub
1084 3151 1128 3176 se,
1153 3146 1184 3172 et
1205 3142 1294 3183 quod
1315 3148 1362 3174 est

286 3194 385 3225 supra
408 3194 452 3221 se,
469 3195 532 3226 per
554 3185 685 3215 modum
701 3191 781 3216 suae
795 3186 1004 3222 substantiae,
1020 3186 1097 3228 quia
1115 3196 1182 3217 una
1198 3184 1245 3218 'est
1260 3196 1361 3218 causa

286 3229 430 3260 alterius.

343 3283 372 3304 2.
397 3273 461 3305 Sed
483 3274 542 3304 ista
565 3273 690 3314 opinio,
713 3274 819 3315 inquit
843 3274 980 3306 Sanctus
1003 3274 1160 3312 Thomas,
1184 3280 1266 3307 stare
1292 3286 1361 3308 non

286 3323 401 3357 potest.
422 3317 510 3349 Tum
534 3317 611 3358 quia
633 3318 828 3350 substantiae
852 3325 1015 3360 separatae
1036 3318 1175 3360 produci
1191 3329 1260 3351 non
1284 3330 1361 3362 pos-

287 3368 360 3392 sunt
382 3362 443 3393 nisi
466 3371 523 3403 per
546 3362 752 3394 creationem.
777 3363 885 3395 Solius
908 3370 1019 3396 autem
1041 3363 1103 3395 Dei
1127 3369 1175 3395 est
1197 3373 1314 3396 creare.
1338 3383 1360 3388 —

288 3405 374 3437 Tum
391 3407 466 3447 quia
488 3407 680 3448 principales
696 3415 801 3448 partes
817 3409 968 3446 universi,
985 3408 1171 3440 cuiusmodi
1186 3415 1261 3440 sunt
1285 3410 1359 3441 sub-

289 3451 420 3481 stantiae
443 3456 615 3491 separatae,
640 3461 755 3483 omnes
779 3458 854 3484 sunt
877 3463 895 3484 a
918 3453 990 3485 Deo
1014 3452 1201 3484 immediate
1225 3459 1359 3491 creatae,

289 3500 324 3524 ut
346 3496 492 3535 superius
516 3501 563 3526 est
586 3502 763 3528 ostensum.
1046 3525 1049 3530 .

344 3538 507 3581 Additque
537 3540 627 3580 quod
657 3541 715 3571 iste
745 3541 864 3573 modus
892 3541 1004 3573 salvari
1028 3542 1147 3583 poterit
1170 3542 1253 3573 inter
1284 3543 1359 3574 sub-

291 3583 418 3614 stantias
437 3590 597 3624 separatas
613 3590 644 3616 et
663 3585 788 3616 Deum:
806 3592 842 3617 ut
865 3586 987 3618 scilicet
1010 3595 1228 3628 unaquaeque
1251 3586 1359 3618 Deum

292 3633 475 3665 cognoscat,
491 3629 625 3660 naturali
639 3631 835 3670 cognitione,
849 3630 1029 3662 secundum
1041 3630 1179 3662 modum
1192 3640 1269 3662 suae
1285 3632 1360 3662 sub-

291 3671 432 3708 stantiae,
449 3681 505 3712 per
529 3683 626 3713 quam
650 3674 709 3715 ipsi
726 3675 916 3706 assimilatur
932 3680 968 3706 ut
984 3685 1113 3713 causae;
1138 3675 1228 3706 Deus
1251 3681 1360 3707 autem

759 301 948 339 SUMMA
976 299 1199 337 CONTRA
1228 296 1503 342 GENTILES,
1531 295 1627 332 LIB.
1648 296 1690 340 11,
1721 294 1833 331 CAP.
1855 293 2021 332 XCVIII.

1418 378 1596 413 cognoscat
1619 381 1673 403 eas
1696 372 1781 402 sicut
1802 372 1935 412 propria
1964 380 2061 403 causa
2085 381 2206 410 earum,
2230 374 2382 406 omnium
2403 375 2438 406 in
2460 385 2496 407 se

1418 417 1663 448 similitudinem
1686 417 1820 447 habens.
1843 415 1921 447 Non
1944 421 2055 447 autem
2077 416 2142 448 hoc
2156 417 2260 449 modo
2283 428 2349 450 una
2372 429 2497 460 cogno-

1417 471 1506 493 scere
1529 461 1650 502 poterit
1673 461 1783 491 aliam:
1809 469 1886 491 cum
1909 469 1976 491 una
1997 470 2067 492 non
2089 461 2130 492 sit
2153 470 2250 493 causa
2273 462 2413 494 alterius.

1473 505 1556 536 VIII.
1580 505 1634 536 Ad
1655 505 1753 536 huius
1776 504 1983 544 evidentiam,
2007 504 2178 536 sciendum
2201 505 2304 547 quod,
2322 507 2399 539 licet
2421 509 2497 540 sub-

1417 550 1533 581 stantia
1555 555 1701 590 separata
1722 555 1790 580 tam
1805 549 1915 580 Deum
1937 558 2038 590 quam
2061 550 2201 591 seipsam
2223 551 2361 582 naturali
2384 553 2499 592 cogni·

1417 595 1507 625 tione
1530 604 1589 635 per
1611 594 1779 635 propriam
1802 594 2014 629 substantiam
2030 601 2218 636 cognoscat,
2234 596 2300 627 hoc
2315 602 2426 627 tamen
2449 602 2498 628 est

1417 638 1644 670 diversimode.
1668 638 1753 669 Nam
1775 647 1834 679 per
1857 648 1951 669 suam
1973 640 2146 671 essentiam
2161 650 2196 672 se
2211 639 2444 681 perfectissime
2465 647 2498 672 et

1418 683 1629 724 quidditative
1653 683 1840 724 cognoscit:
1861 684 1938 724 quia
1960 683 2031 724 ipsa
2053 689 2129 716 nata
2144 690 2193 716 est
2207 684 2314 721 facere
2335 685 2375 716 de
2391 686 2498 727 seipsa

1416 727 1685 769 perfectissimam
1709 727 1944 768 cognitionem,
1960 733 1993 759 et
2013 734 2061 759 est
2082 729 2165 760 ratio
2188 730 2411 770 cognoscendi
2434 740 2497 762 suo

1417 772 1605 809 intellectui,
1622 773 1676 803 cui
1696 781 1755 812 per
1771 771 1912 803 modum
1934 773 2056 813 speciei
2077 773 2298 815 intelligibilis,
2313 774 2497 806 secundum

1417 823 1525 849 totum
1551 827 1649 848 suum
1678 826 1787 857 posse,
1815 817 1936 848 unitur.
1959 816 2021 848 Per
2050 817 2155 858 ipsam
2184 824 2295 850 autem
2325 829 2418 851 suam
2447 829 2498 851 es·

1417 863 1554 893 sentiam
1577 871 1646 893 non
1670 862 1841 902 cognoscit
1864 861 1974 893 Deum
2001 862 2228 902 quidditative:
2258 864 2336 905 quia
2359 865 2498 896 essentia

1417 907 1613 938 substantiae
1645 911 1810 947 separatae
1842 915 1912 937 non
1941 912 2161 947 repraesentat
2186 907 2295 939 Deum
2324 909 2387 941 nisi
2412 910 2497 941 sicut

1418 951 1551 983 effectus
1582 950 1737 982 deficiens
1760 956 1793 982 et
1818 950 2054 992 inadaequatus
2083 960 2178 983 suam
2207 960 2339 984 causam
2367 963 2498 994 reprae-

1416 1002 1535 1033 sentat;
1560 995 1693 1027 effectus
1723 1001 1835 1026 autem
1858 994 2013 1027 deficiens
2040 1001 2073 1027 et
2094 995 2329 1039 inadaequatus
2354 1007 2424 1030 non
2447 1008 2498 1034 reo,

1416 1046 1598 1082 praesentat
1621 1049 1752 1072 causam
1775 1039 1999 1081 quidditative.
2020 1039 2085 1072 Sed
2108 1046 2228 1079 tamen,
2253 1042 2330 1083 quia
2353 1048 2401 1074 est
2423 1052 2498 1084 per·

1415 1085 1610 1118 fectissimus
1633 1084 1768 1116 effectus
1794 1085 1856 1116 Dei
1882 1085 1966 1116 inter
1997 1090 2168 1123 creaturas,
2198 1087 2296 1118 etiam
2318 1095 2378 1128 per
2403 1097 2497 1120 suam

1415 1130 1588 1161 essentiam
1610 1130 1719 1172 ipsum
1742 1129 1929 1171 perfectiori
1951 1130 2055 1161 modo
2070 1131 2241 1171 cognoscit
2256 1139 2356 1172 quam
2378 1142 2441 1164 nos
2457 1141 2497 1164 ex

1415 1175 1620 1207 sensibilibus
1636 1184 1890 1215 cognoscamus:
1916 1180 2041 1215 quanto
2057 1175 2146 1206 enim
2162 1175 2296 1208 effectus
2320 1182 2368 1209 est
2390 1176 2496 1218 perfe-

1415 1221 1508 1257 ctior,
1526 1225 1618 1250 tanto
1634 1225 1683 1250 est
1697 1219 1834 1250 similior
1857 1228 1973 1250 causae
1997 1225 2029 1251 et
2051 1220 2154 1261 magis
2177 1220 2267 1254 ducit
2289 1221 2323 1253 in
2347 1222 2418 1253 eius
2439 1231 2499 1254 co·

1414 1265 1608 1306 gnitionem.
1730 1289 1734 1293 .

1470 1307 1716 1341 Attendendum
1739 1314 1849 1340 tamen
1865 1307 1958 1349 quod
1972 1308 2038 1340 alio
2053 1309 2157 1340 modo
2173 1311 2383 1351 cognoscitur
2405 1311 2498 1343 Deus

1415 1364 1433 1385 a
1455 1355 1551 1385 nobis
1575 1363 1614 1385 ex
1637 1353 1854 1390 sensibilibus,
1871 1362 1972 1394 quam
1987 1363 2006 1384 a
2021 1354 2199 1386 substantia
2221 1361 2367 1396 separata
2382 1365 2422 1388 ex
2437 1365 2497 1388 sua

1415 1399 1563 1430 essentia.
1581 1398 1753 1430 Sensibilia
1769 1399 1868 1435 enim,
1885 1407 1971 1439 quae
1985 1404 2063 1430 sunt
2080 1399 2242 1439 quaedam
2262 1400 2324 1432 Dei
2346 1400 2498 1433 similitu-

1415 1444 1518 1481 dines,
1541 1453 1609 1475 non
1626 1448 1702 1474 sunt
1724 1443 1758 1474 in
1774 1443 1941 1475 intellectu
1956 1449 2081 1478 nostro,
2093 1444 2276 1476 secundum
2298 1454 2373 1477 suas
2389 1455 2498 1478 essen-

1414 1489 1484 1526 tias,
1508 1494 1544 1519 ut
1566 1488 1693 1529 possint
1715 1497 1774 1529 per
1790 1497 1823 1519 se
1848 1497 1917 1519 esse
1932 1487 2113 1519 intellectui
2131 1490 2272 1521 rationes
2295 1489 2499 1531 intelligendi

1415 1534 1533 1566 Deum.
1561 1533 1678 1574 Neque
1707 1533 1806 1564 etiam
1833 1533 1958 1573 species
1987 1532 2204 1574 intelligibiles
2233 1535 2392 1576 ipsorum,
2421 1534 2498 1567 licet

1415 1579 1479 1609 sint
1495 1577 1642 1618 aliqualis
1657 1577 1719 1608 Dei
1739 1577 1930 1614 similitudo,
1947 1578 2152 1609 constituunt
2167 1579 2277 1620 ipsum
2293 1579 2498 1613 intellectum

1415 1623 1450 1654 in
1475 1631 1545 1654 esse
1572 1622 1765 1662 intelligibili
1785 1631 1843 1663 per
1866 1627 2050 1663 respectum
2073 1622 2115 1653 ad
2137 1623 2247 1664 ipsum
2269 1623 2396 1656 Deum:
2419 1625 2499 1666 quia

1416 1668 1537 1698 habent
1555 1672 1794 1708 rapraesentare
1812 1667 1992 1698 intellectui
2014 1667 2202 1700 immediate
2223 1668 2306 1700 illud
2328 1674 2456 1702 tantum
2476 1679 2499 1702 a

1417 1721 1484 1753 quo
1509 1717 1658 1742 causatae
1681 1717 1758 1742 sunt
1779 1711 1939 1752 proxime,
1962 1717 2112 1743 naturam
2139 1713 2263 1744 scilicet
2288 1713 2322 1744 in
2345 1714 2499 1755 phantas-

1416 1762 1503 1788 mate
1525 1756 1690 1787 latentem.
1707 1755 1786 1787 Inde
1809 1755 1846 1787 fit
1861 1755 1953 1797 quod
1976 1756 2086 1787 Deum
2110 1766 2167 1797 per
2186 1757 2350 1789 sensibilia
2372 1767 2499 1799 cogno·

1418 1802 1548 1838 scimus,
1572 1810 1641 1832 non
1665 1810 1723 1841 per
1749 1800 1888 1832 modum
1911 1800 2066 1841 simplicis
2095 1801 2242 1839 intuitus,
2266 1801 2323 1833 sed
2349 1802 2499 1835 discursu

1418 1845 1562 1886 quodam
1579 1851 1611 1876 et
1628 1845 1886 1885 investigatione,
1902 1854 1960 1886 per
1975 1847 2272 1886 argumentationes
2287 1856 2326 1878 ex
2349 1847 2499 1888 ipsorum

1417 1890 1605 1930 cognitione
1627 1890 1661 1920 in
1685 1889 1747 1920 Dei
1771 1890 1995 1929 cognitionem
2019 1889 2238 1922 devenientes.
2253 1908 2277 1913 —
2293 1891 2499 1924 Substantiae

1417 1940 1527 1965 autem
1543 1939 1718 1974 separatae,
1735 1934 1813 1973 quia
1836 1933 2019 1965 secundum
2034 1943 2069 1965 se
2084 1941 2161 1966 sunt
2178 1934 2396 1976 intelligibiles
2410 1942 2498 1974 actu,

1417 1984 1449 2010 et
1471 1978 1613 2019 propriis
1627 1977 1845 2009 intellectibus
1867 1987 1927 2019 per
1949 1978 2070 2019 seipsas
2085 1988 2145 2020 per
2157 1979 2298 2011 modum
2314 1981 2500 2021 specierum

1417 2022 1669 2063 intelligibilium
1684 2022 1854 2059 uniuntur,
1878 2022 1953 2054 ideo
1970 2029 2047 2054 sunt
2068 2033 2130 2055 suo
2146 2024 2327 2056 intellectui
2341 2026 2424 2058 ratio
2441 2035 2499 2059 eo·

1416 2066 1597 2108 gnoscendi
1613 2067 1732 2104 Deum,
1750 2067 1843 2098 cuius
1859 2073 1935 2098 sunt
1949 2067 2158 2100 immediatae
2173 2069 2412 2108 similitudines,
2427 2076 2500 2103 tan-

1417 2122 1517 2153 quam
1540 2112 1733 2143 nobilissimi
1757 2110 1891 2143 effectus
1907 2112 1947 2143 ab
1971 2113 2044 2153 ipso
2067 2112 2255 2146 immediate
2277 2114 2440 2156 producti.
2456 2116 2501 2148 Et

1416 2157 1492 2188 ideo
1507 2166 1566 2198 per
1589 2166 1663 2188 suas
1682 2156 1836 2188 essentias
1855 2163 2061 2197 cognoscunt
2081 2157 2191 2190 Deum
2208 2168 2278 2191 non
2297 2165 2425 2192 tantum
2440 2169 2499 2202 per

1417 2201 1555 2233 modum
1572 2211 1641 2243 quo
1657 2210 1762 2233 unum
1785 2202 1956 2242 cognitum
1978 2203 2012 2233 in
2036 2202 2101 2234 alio
2125 2203 2259 2244 cognito
2276 2206 2498 2245 cognoscitur,

1418 2246 1475 2278 sed
1491 2247 1588 2278 etiam
1603 2252 1760 2287 tanquam
1775 2246 1963 2278 immediate
1978 2256 2036 2288 per
2051 2248 2176 2288 species
2191 2248 2420 2290 intelligibiles,
2436 2250 2499 2283 im·

1417 2290 1560 2332 perfecte
1583 2296 1704 2328 tamen,
1723 2296 2010 2332 repraesentatum.
2035 2291 2189 2324 Similiter
2210 2293 2319 2334 ipsum
2343 2304 2412 2327 non
2439 2305 2499 2337 pet

1418 2336 1600 2368 discursum
1612 2342 1668 2367 aut
1680 2336 1970 2377 argumentativam
1985 2337 2269 2378 investigationem
2281 2345 2497 2380 cognoscunt,

1418 2381 1497 2412 dum
1520 2381 1668 2422 proprias
1691 2381 1846 2412 essentias
1868 2380 1990 2419 vident,
2013 2387 2069 2413 aut
2091 2381 2172 2414 dum
2194 2391 2234 2413 ex
2257 2379 2406 2416 essentiis
2429 2385 2498 2417 cuis

1416 2431 1573 2467 tanquam
1597 2435 1636 2457 ex
1659 2426 1831 2467 speciebus
1851 2425 2107 2467 intelligibilibus
2130 2427 2240 2468 ipsum
2261 2428 2440 2466 intuentur,
2459 2434 2498 2461 ut

1417 2470 1545 2508 Scotus,
1562 2470 1589 2502 II
1606 2470 1706 2508 Sem„
1729 2469 1760 2501 d.
1778 2480 1822 2507 m,
1843 2480 1875 2512 q.
1891 2481 1923 2502 rx
1939 2471 1967 2508 “,
1990 2477 2250 2512 argumentatur:
2273 2472 2331 2504 sed
2356 2473 2498 2516 simplici

1416 2516 1536 2547 intuitu
1551 2515 1593 2547 de
1609 2515 1682 2547 Deo
1697 2521 1904 2556 cognoscunt
1919 2515 2079 2557 quicquid
2094 2525 2156 2548 nos
2170 2526 2229 2558 per
2249 2516 2433 2551 discursum
2444 2518 2498 2552 in·

1416 2561 1622 2601 vestigamus,
1639 2565 1671 2591 et
1685 2560 1789 2591 multa
1803 2559 1907 2601 plura.
1923 2559 2040 2601 Neque
2056 2561 2144 2592 enim
2168 2562 2314 2603 cognitio
2330 2571 2370 2594 ex
2385 2563 2499 2605 aliquo

1416 2611 1572 2646 tanquam
1597 2614 1635 2636 ex
1659 2605 1768 2646 specie
1792 2610 1839 2636 est
1863 2604 2050 2642 discursiva,
2077 2611 2115 2637 ut
2136 2612 2227 2647 patet
2249 2607 2283 2638 in
2307 2607 2499 2648 cognitione

1416 2655 1526 2681 nostra
1542 2659 1608 2691 qua
1622 2649 1711 2691 quod
1725 2649 1804 2691 quid
1819 2654 1866 2681 est
1882 2651 2128 2691 cognoscimus;
2145 2660 2254 2692 neque
2269 2652 2415 2692 cognitio
2430 2661 2498 2694 qua

1416 2694 1542 2726 videtur
1557 2693 1680 2735 aliquid
1703 2694 1737 2726 in
1751 2694 1826 2731 alio,
1844 2703 1921 2726 cum
1936 2695 2036 2726 unico
2055 2701 2131 2727 actu
2146 2701 2324 2737 utrumque
2339 2696 2497 2737 videam,

1416 2740 1499 2771 sicut
1514 2749 1564 2771 res
1586 2740 1621 2771 in
1643 2739 1778 2780 speculo
1802 2739 1902 2770 unico
1919 2745 1994 2771 actu
2009 2739 2137 2772 videtur
2160 2749 2236 2772 cum
2259 2741 2332 2782 ipso
2348 2742 2496 2783 speculo.

1472 2784 1526 2815 lx.
1550 2783 1615 2816 Sed
1630 2790 1709 2815 tunc
1733 2784 1875 2816 occurrit
1893 2783 2042 2824 dubium,
2063 2784 2276 2817 conformiter
2295 2785 2336 2818 ad
2358 2786 2496 2820 dubium

1415 2835 1545 2860 motum
1568 2829 1602 2860 in
1626 2829 1788 2870 principio
1804 2829 1901 2861 huius
1917 2829 2016 2870 partis
2026 2830 2043 2846 ⁴*
2058 2839 2077 2861 a
2092 2829 2212 2862 Sancto
2225 2829 2366 2871 Thema,
2381 2830 2423 2864 de
2439 2841 2496 2864 oo·

1414 2874 1561 2915 gnitione
1585 2879 1700 2905 mutua
1722 2874 1975 2905 substantiarum
1997 2880 2226 2915 separatarum.
2243 2874 2388 2908 Effectus
2407 2876 2496 2909 enim

1415 2928 1484 2950 non
1507 2918 1597 2950 ducit
1620 2919 1654 2950 in
1677 2918 1902 2959 cognitionem
1925 2928 2042 2950 causae
2071 2919 2134 2950 nisi
2161 2926 2321 2960 quantum
2350 2919 2393 2952 ad
2414 2920 2499 2955 illud·

1415 2965 1450 2995 in
1473 2973 1541 3005 quo
1565 2963 1759 2995 assimilatur
1781 2972 1908 2995 causae.
1925 2963 1959 2995 Si
1983 2973 2060 3004 ergo
2076 2964 2254 2996 substantia
2277 2971 2423 3006 separata
2437 2974 2496 2999 co·

1414 3009 1543 3049 gnoscit
1565 3018 1624 3049 per
1646 3008 1813 3049 propriam
1830 3008 2003 3040 essentiam
2018 3008 2138 3047 Deum,
2154 3019 2223 3040 non
2240 3014 2418 3051 cognoscet
2435 3019 2501 3052 pet.

1416 3063 1508 3085 suam
1532 3053 1705 3086 essentiam
1727 3053 1836 3093 ipsum
1859 3053 1922 3085 nisi
1937 3059 2097 3094 quantum
2121 3052 2162 3085 ad
2186 3053 2267 3086 illud
2288 3055 2323 3086 in
2347 3064 2416 3096 quo
2432 3055 2502 3088 sibi.

1415 3098 1617 3137 assimilatur,
1641 3107 1710 3130 non
1733 3103 1844 3129 autem
1867 3103 2028 3139 quantum
2046 3098 2087 3130 ad
2110 3098 2191 3130 illud
2214 3108 2283 3140 quo
2307 3099 2346 3131 ab
2369 3099 2440 3141 ipsa
2460 3105 2495 3133 et

1416 3143 1455 3174 ab
1479 3142 1548 3174 aliis
1572 3142 1788 3183 distinguitur.
1814 3141 1968 3183 Sequitur
1991 3152 2069 3183 ergo
2097 3143 2189 3184 quod
2212 3144 2252 3175 ab
2275 3144 2345 3185 ipsa
2369 3152 2501 3186 cogno-⁷

1415 3193 1522 3219 scetur
1545 3187 1635 3218 Deus
1658 3187 1692 3218 in
1715 3187 1828 3228 aliquo
1843 3192 1979 3222 ‚tantum
1995 3188 2165 3229 communi
2180 3188 2242 3220 sibi
2260 3194 2293 3220 et
2307 3187 2492 3222 substantii·

1415 3232 1579 3273 separatis,
1591 3241 1660 3263 non
1672 3237 1782 3263 autem
1799 3231 1957 3264 distincte.
1970 3231 2072 3270 Quod
2083 3242 2152 3264 non
2164 3232 2291 3264 videtur
2305 3231 2491 3271 dicendum,

1415 3286 1524 3317 neque
1539 3275 1581 3308 ad
1595 3282 1741 3308 mentem
1757 3275 1865 3308 Sancti
1881 3275 2030 3308 Thomae
2046 3286 2130 3309 esse:
2153 3277 2230 3318 quia
2244 3277 2292 3309 sic
2304 3286 2374 3308 non
2389 3277 2492 3318 magis

1415 3327 1628 3362 cognosceret
1651 3320 1759 3352 Deum
1775 3331 1834 3363 per
1857 3331 1950 3353 suam
1966 3322 2178 3355 substantiam
2193 3330 2293 3362 quam
2315 3321 2392 3353 alias
2415 3322 2491 3354 sub-

1414 3366 1544 3397 stantias
1566 3371 1737 3407 separatas.

1473 3420 1502 3441 2.
1526 3409 1579 3441 Ad
1601 3410 1699 3442 huius
1715 3409 1921 3448 evidentiam,
1942 3408 2175 3442 advertendum
2190 3409 2282 3451 quod
2304 3409 2423 3452 duplex
2443 3416 2491 3444 est

1415 3454 1610 3486 similitudo:
1635 3465 1701 3486 una
1723 3454 1906 3486 secundum
1929 3453 2192 3486 convenientiam
2219 3454 2268 3485 in-
2283 3460 2398 3486 natura
2420 3461 2490 3488 tan-

1414 3505 1495 3539 tum,
1519 3499 1603 3530 sicut
1619 3500 1721 3531 homo
1737 3505 1770 3531 et
1793 3509 1899 3540 equus
1914 3499 2115 3530 conveniunt
2138 3498 2171 3529 in
2188 3504 2301 3530 natura
2324 3500 2488 3537 animalis3

1414 3544 1475 3575 alia
1498 3543 1680 3576 secundum
1703 3543 2044 3586 repraesentationem,
2074 3542 2157 3574 sicut
2185 3544 2310 3584 species
2338 3544 2490 3586 intelligi·

1414 3588 1485 3619 bilis
1507 3589 1554 3619 rei
1577 3588 1758 3620 intellectae
1782 3587 1984 3624 assimilatur,
2004 3593 2036 3618 et
2059 3586 2203 3625 effectus,
2222 3589 2419 3629 inquantum
2441 3587 2488 3621 ef-

1414 3631 1527 3670 fectus,
1544 3638 1760 3674 repraesentat
1775 3641 1891 3664 causae
1906 3641 1984 3663 suae
1999 3631 2230 3664 causalitatem.
2255 3632 2416 3666 Differunt
2430 3643 2488 3665 au-

1413 3682 1480 3708 tem
1502 3677 1581 3708 istae
1597 3677 1681 3709 duae
1696 3676 1932 3714 similitudines,
1949 3676 2025 3718 quia
2040 3677 2144 3717 prima
2168 3677 2356 3715 similitudo,
2380 3683 2416 3710 ut
2431 3678 2488 3716 aie,

2524 2481 2534 2490 ·
2547 2478 2598 2503 Fol.
2613 2486 2670 2510 3av.

2523 2839 2533 2850 ”
2557 2838 2595 2862 ct.
2617 2843 2683 2862 ιιιιιιι.
2705 2845 2740 2868 ιι,
