2768 4134
756 283 944 321 SUMMA
974 283 1196 322 CONTRA
1225 285 1500 332 GENTILES,
1531 286 1642 324 CAP.
1663 287 1830 336 XXVIII,
1851 288 1987 325 XXIX.

274 367 430 403 tanquam
452 362 734 403 perfectissimum,
751 371 850 393 omne
867 371 935 393 esse
951 363 985 394 in
1005 364 1151 395 subiecto
1175 365 1349 396 virtualiter

275 407 431 443 continet,
445 406 670 448 adaequatque
686 407 797 437 omnia
811 406 887 437 talia
903 417 981 438 esse.
999 408 1076 439 Ideo
1092 408 1196 440 forma
1212 410 1349 440 existens

275 451 309 481 in
332 451 480 482 subiecto
503 451 639 482 limitata
666 456 714 482 est
741 456 901 491 quantum
931 451 971 483 ad
999 462 1077 490 esse,
1102 459 1133 484 et
1162 463 1230 485 non
1253 455 1350 485 habet

274 500 383 526 totum
406 505 475 527 esse
498 494 623 527 formae
645 505 704 537 per
727 495 998 536 adaequationem
1022 503 1053 528 et
1075 498 1243 529 virtualem
1270 508 1350 529 con-

275 540 455 577 tinentiam,
477 545 635 582 tanquam
658 541 780 571 habens
802 539 1072 581 perfectissimum
1096 552 1165 574 esse
1189 548 1220 574 et
1242 543 1351 573 illimi-

275 590 437 627 tamm.·-
459 584 649 617 Secundum
671 594 749 615 vero
773 585 819 615 sic
842 585 986 627 intelligo
1011 586 1102 627 quod
1124 593 1200 618 sunt
1223 588 1350 628 aliquae

276 628 401 660 formae
423 629 636 660 accidentales
658 629 813 660 habentes
836 630 937 660 varias
964 630 1181 671 perfectiones
1204 637 1236 662 et
1259 641 1350 662 com—

275 673 447 714 pletiones,
467 672 653 705 secundum
676 673 768 714 quod
790 674 824 704 in
847 675 952 705 varios
975 675 1108 706 effectus
1135 681 1274 717 possunt
1296 685 1350 706 ex-

276 716 376 754 tendi,
388 718 473 749 sicut
488 723 536 749 est
551 717 592 749 de
604 718 714 758 gratia.
730 718 772 749 Et
787 718 866 749 tales
881 718 1006 751 formae
1017 725 1155 761 possunt
1169 719 1351 751 secundum

277 771 412 793 omnem
439 761 658 803 perfectionis·
677 762 813 803 gradum
843 762 953 795 haberi
983 765 1022 795 ab
1052 764 1162 804 aliquo
1192 764 1350 800 subiecto,

276 806 369 843 idest,
393 806 575 839 secundum
598 806 690 848 quod
712 806 753 838 ad
776 817 891 839 omnes
915 818 1026 840 earum
1049 807 1183 839 effectus
1211 817 1246 838 se
1275 815 1352 849 pos-

277 855 352 882 sunt
382 850 565 888 extendere,
593 851 668 882 licet
698 861 767 883 non
799 852 980 884 secundum
1012 857 1120 883 totum
1152 861 1235 883 esse:
1269 852 1353 883 sicut

277 894 425 927 Christus
448 905 548 927 omne
571 896 850 937 complementum
873 896 1082 938 perfectionis
1104 896 1223 936 gratiae
1245 896 1279 927 in
1303 906 1352 927 se-

276 941 349 982 ipso
372 940 495 971 habuit.
1039 942 1042 943 ’

332 984 387 1015 IV.
411 984 507 1016 Circa
529 985 619 1016 illam
641 985 913 1026 propositionem,
937 986 964 1015 A
980 984 1052 1015 Deo
1078 984 1224 1015 totaliter
1247 995 1352 1016 remo-

277 1034 372 1060 vetur
394 1039 461 1060 non
485 1039 564 1066 esse,
588 1028 821 1060 advertendum
845 1028 937 1069 quod
958 1037 1028 1059 non
1051 1029 1116 1059 hoc
1138 1028 1213 1060 ideo
1237 1029 1353 1061 dicitur

278 1075 371 1115 quasi
401 1083 501 1105 omne
531 1083 601 1107 esse
632 1072 810 1106 formaliter
840 1073 912 1104 Deo
942 1074 1115 1104 conveniat
1138 1079 1170 1104 et
1193 1073 1352 1112 distincte,

277 1128 445 1160 omneque
460 1128 529 1150 non
545 1128 615 1150 esse
631 1118 671 1148 ab
687 1126 728 1148 eo
744 1122 950 1148 removeatur
964 1117 1149 1149 formaliter.
1174 1118 1250 1149 Hoc
1265 1119 1353 1150 enim

278 1162 396 1194 falsum
419 1168 477 1194 est.
500 1163 578 1194 Non
600 1162 690 1194 enim
712 1161 802 1192 Deus
817 1160 995 1193 formaliter
1012 1163 1108 1193 habet
1124 1172 1192 1194 esse
1212 1163 1354 1194 hominis

278 1212 335 1239 aut
357 1208 435 1248 e'qui
462 1212 518 1238 aut
541 1207 676 1245 aliarum
698 1214 807 1236 rerum
836 1207 1065 1238 materialium:
1094 1207 1241 1248 alioquin
1271 1213 1354 1239 esset

278 1252 381 1290 homo
405 1256 437 1282 et
459 1260 565 1292 equus
589 1255 621 1282 et
644 1250 756 1281 omnia
778 1251 953 1282 materialia
969 1251 1154 1282 formaliter.
1179 1251 1243 1283 Sed
1257 1253 1354 1283 habet

279 1305 349 1328 esse
371 1305 472 1327 omne
495 1295 683 1331 eminenter,
705 1300 865 1335 quantum
888 1295 929 1326 ad
953 1305 1086 1327 omnem
1110 1306 1225 1328 eorum
1248 1296 1354 1338 perfe-

247 1369 257 1372 -
278 1341 439 1378 ctionem;‘
453 1345 486 1372 et
501 1340 696 1371 virtualiter.
721 1339 763 1371 Et
785 1340 850 1371 hoc
864 1340 967 1371 modo
983 1341 1111 1372 nullum
1125 1351 1194 1372 non
1211 1351 1279 1373 esse
1295 1342 1355 1373 sibi

279 1385 442 1418 convenit.
470 1385 548 1416 Non
571 1390 620 1416 est
642 1384 731 1415 enim
754 1394 867 1416 verum
891 1384 998 1416 dicere
1021 1385 1112 1426 quod
1127 1386 1216 1417 Deus
1231 1396 1299 1418 non
1315 1387 1361 1423 sit,

277 1430 381 1462 homo
396 1434 453 1461 aut
474 1438 579 1471 equus
602 1434 658 1460 aut
681 1428 916 1471 quodcumque
938 1429 1025 1461 aliud
1047 1430 1210 1462 materiale
1230 1431 1355 1462 virtua-

279 1475 356 1506 liter·
380 1479 413 1506 et
430 1484 496 1516 per
521 1474 695 1516 quamdam
725 1474 943 1511 eminentiam,
970 1480 1126 1516 tanquam
1149 1475 1240 1506 unite
1267 1481 1298 1507 et
1321 1477 1355 1506 in

277 1518 464 1551 indivisibili
487 1519 659 1550 continens
683 1518 841 1559 quicquid
863 1519 897 1550 in
925 1520 1002 1560 ipsis
1029 1526 1077 1550 est
1103 1519 1256 1551 divisum:
1281 1521 1357 1551 licet

278 1572 393 1596 verum
407 1564 449 1595 sit
463 1564 572 1605 ipsum
587 1572 656 1594 non
680 1572 750 1595 esse
773 1564 943 1595 hominem
958 1563 1134 1595 formaliter
1150 1570 1205 1595 aut
1221 1574 1355 1605 equum.

334 1608 376 1640 V.
399 1607 550 1640 Secundo
565 1609 594 1639 ⁴⁹.
619 1607 728 1640 Omne
751 1607 979 1649 imperfectum
1005 1609 1045 1639 ab
1073 1609 1183 1650 aliquo
1210 1608 1356 1650 perfecto

278 1652 442 1695 procedit:
459 1653 543 1684 sicut
557 1662 670 1684 semen
682 1654 722 1684 ab
739 1653 869 1684 animali
881 1653 932 1684 vel
945 1663 963 1684 a
978 1653 1097 1694 planta.
1111 1654 1197 1694 Ergo
1213 1655 1356 1694 primum

280 1707 338 1730 ens
360 1702 492 1739 oportet
513 1696 785 1739 perfectissimum
809 1707 887 1729 esse.

335 1742 456 1774 Tertio.
482 1742 571 1774 Deus
594 1742 686 1773 nullo
710 1742 812 1774 modo
837 1748 884 1773 est
907 1743 1063 1783 potentia.
1094 1743 1181 1784 Ergo
1212 1753 1281 1774 non
1310 1749 1357 1774 est

279 1786 499 1829 imperfectus.
515 1805 538 1810 —
553 1787 711 1818 Probatur
725 1787 970 1828 consequentia.
991 1787 1078 1825 Quia
1094 1787 1357 1829 unumquodque

280 1837 329 1863 est
349 1831 532 1874 perfectum
555 1831 737 1863 secundum
761 1831 852 1872 quod
876 1837 923 1862 est
946 1832 980 1862 in
1008 1837 1098 1869 actu3
1129 1832 1357 1873 imperfectum

278 1885 358 1908 vero
381 1876 563 1908 secundum
579 1876 670 1917 quod
686 1882 734 1908 est
749 1877 782 1907 in
798 1876 944 1917 potentia
959 1886 1035 1907 curn
1058 1877 1239 1917 privatione
1255 1882 1355 1908 actus.

335 1920 477 1953 Adverte
499 1921 553 1952 hic
580 1921 671 1962 quod
697 1920 900 1962 imperfectio
924 1930 992 1951 non
1016 1922 1169 1952 convenit
1191 1922 1357 1962 potentiae

278 1965 342 1998 nisi
370 1966 497 1997 ratione
525 1966 715 2007 privationis
744 1965 930 1996 adiunctae:
957 1965 1095 2006 privatio
1123 1966 1210 1997 enim
1238 1966 1357 2006 imper-

278 2009 378 2042 fectio
402 2009 563 2051 quaedam
584 2015 642 2047 est,
657 2010 742 2041 sicut
763 2009 868 2040 forma
892 2015 940 2040 est
962 2009 1130 2050 perfectio.
1155 2009 1232 2041 Ideo
1251 2011 1358 2051 inquit

279 2054 417 2086 Sanctus
432 2054 579 2085 Thomas
599 2053 690 2095 quod
709 2054 831 2095 aliquid
855 2060 903 2085 est
925 2053 1152 2095 imperfectum
1176 2054 1357 2087 secundum

279 2098 371 2141 quod
394 2104 442 2130 est
464 2099 498 2130 in
521 2099 666 2140 potentia
689 2108 762 2130 cum
779 2099 970 2140 privatione
992 2104 1094 2131 actus.

337 2143 478 2181 Quarto.
502 2143 592 2174 Deus
616 2149 664 2175 est
682 2144 786 2184 prima
802 2153 898 2174 causa
918 2142 1071 2175 efficiens.
1095 2143 1182 2184 Ergo
1200 2143 1357 2184 quicquid

279 2194 354 2220 actu
375 2194 423 2219 est
444 2188 479 2219 in
503 2197 700 2229 unaquaque
715 2198 760 2226 re,
777 2193 824 2219 est
838 2188 872 2218 in
888 2188 972 2225 Deo,
989 2194 1021 2219 et
1040 2189 1146 2220 multo
1163 2189 1357 2219 eminentius

280 2241 380 2274 quam
394 2233 429 2264 in
444 2242 478 2264 re
493 2232 557 2264 illa.
582 2232 669 2273 Ergo
694 2238 742 2263 est
764 2231 1027 2273 perfectissimus.
1043 2251 1066 2256 -
1081 2233 1239 2264 Probatur
1254 2233 1358 2273 prima

280 2277 526 2318 consequentia.
549 2277 646 2309 Actio
670 2278 882 2318 consequitur
905 2277 1043 2308 modum
1066 2283 1156 2309 actus
1176 2278 1210 2308 in
1226 2283 1355 2318 agente:

280 2331 357 2354 cum
371 2322 453 2354 nihil
468 2326 541 2363 agat
556 2322 618 2352 nisi
633 2321 815 2353 secundum
835 2321 925 2362 quod
941 2327 989 2352 est
1003 2322 1038 2353 in
1053 2328 1137 2353 actu.
1162 2322 1250 2362 Ergo
1266 2321 1357 2362 quod

280 2372 328 2399 est
349 2367 385 2399 in
408 2362 536 2403 effectu,
561 2372 691 2407 oportet
714 2367 748 2397 in
772 2376 868 2398 causa
890 2367 1033 2407 reperiri.

335 2411 436 2443 Notat
451 2417 562 2443 autem
574 2411 711 2443 Sanctus
721 2411 868 2442 Thomas
880 2411 972 2452 quod
986 2410 1187 2452 impossibile
1203 2416 1251 2441 est
1266 2410 1357 2451 quod

279 2465 338 2497 per
353 2457 517 2487 actionem
533 2457 656 2497 agentis
672 2455 821 2487 educitur
836 2465 906 2487 esse
929 2456 963 2487 in
986 2455 1140 2487 nobiliori
1163 2461 1237 2486 actu
1258 2465 1357 2496 quam

280 2501 321 2532 sit
336 2506 427 2533 actus
442 2501 579 2542 agentis:
600 2510 677 2532 cum
692 2501 778 2532 actio
794 2506 948 2541 sequatur
962 2500 1101 2532 modurn
1117 2506 1208 2531 actus
1224 2500 1355 2540 agentis.

280 2544 345 2577 Sed
367 2546 452 2578 bene
475 2551 523 2577 est
545 2546 699 2587 possibile
729 2551 765 2577 ut
796 2551 886 2577 actus
915 2544 1048 2576 effectus
1075 2544 1295 2586 imperfectior
1317 2545 1358 2575 sit

1403 374 1502 406 quam
1525 371 1615 396 actus
1638 367 1771 406 agentis,
1795 372 1928 408 propter
1950 369 2101 400 materiae
2125 369 2417 411 indispositionem,
2434 382 2473 403 ex

1403 419 1468 450 qua
1490 410 1560 449 ipsa
1588 408 1671 440 actio
1700 409 1893 442 debilitatur.
1922 412 1987 443 Ubi
2017 412 2247 446 advertendum
2271 416 2372 456 quod,
2396 427 2472 449 cum

1403 453 1443 484 ad
1467 454 1630 484 actionem
1657 459 1876 486 transeuntem
1905 463 2075 488 concurrat
2102 463 2133 489 et
2162 469 2259 500 agens
2283 460 2471 502 et'p'atiens,

1404 507 1442 528 ex
1466 497 1595 528 defectu
1610 499 1786 538 >utriusque
1810 505 1917 540 potest
1932 500 2075 532 accidere
2090 508 2127 533 ut
2143 503 2274 535 effectus
2298 504 2410 537 debilis
2433 507 2473 537 sit

1404 547 1436 572 et
1465 541 1687 582 imperfectus:
1721 548 1776 573 aut
1808 543 1929 574 scilicet
1960 551 2092 586 propter
2123 546 2319 580 debilitatem
2347 551 2472 582 virtutis

1404 586 1536 626 agentis,
1553 591 1609 616 aut
1623 591 1756 626 propter
1770 586 2052 627 indispositionem
2070 591 2228 630 patientis.
2253 593 2316 624 Sed
2334 594 2360 625 si
2375 605 2472 636 agens

1404 630 1444 660 sit
1467 629 1583 666 debile,
1607 636 1911 675 quantumcumque
1937 633 2061 673 patiens
2084 635 2123 665 sit
2146 635 2338 676 dispositum
2360 639 2400 670 ad
2423 649 2472 671 re·

1405 673 1602 714 cipiendum,
1614 684 1784 715 nunquam
1800 681 1909 706 tamen
1925 677 2121 717 producetur
2137 679 2268 712 effectus
2279 683 2472 715 nobiliorem

1404 723 1513 748 actum
1536 718 1657 749 habens
1681 728 1780 759 quam
1804 728 1900 760 agens
1923 722 2213 764 principalez'quia
2236 726 2318 756 actio
2343 733 2374 758 et
2397 728 2472 759 effe-

1406 767 1476 793 ctus
1500 769 1680 803 sequuntur
1702 763 1839 795 modum
1856 763 1979 796 formae
1999 767 2121 806 agentis
2143 769 2336 809 principalis.
2361 771 2424 802 Sed
2446 773 2472 803 si

1404 807 1504 837 virtus
1528 808 1649 847 agentis
1672 808 1713 838 sit
1736 807 1835 845 fortis,
1858 810 2016 850 recipiens
2039 816 2147 842 autem
2171 812 2210 843 sit
2236 813 2471 855 indispositum,

1405 860 1474 882 non
1497 852 1644 883 obstante
1665 851 1853 888 fortitudine
1868 854 2002 891 virtutis,
2018 854 2212 896 impedietur
2226 857 2381 898 perfectio
2398 859 2484 891 effe-›

1406 900 1492 926 ctus:
1517 905 1557 926 eo
1574 896 1665 937 quod
1680 906 1777 937 agens
1792 907 1861 928 non
1883 899 1986 938 possit
2009 899 2213 932 introducere
2236 907 2344 933 actum
2366 904 2399 934 in
2418 914 2474 944 pa-

1406 940 1488 971 tiens
1511 941 1571 971 nisi
1596 951 1636 971 eo
1659 941 1761 972 modo
1786 951 1854 982 quo
1877 948 1990 973 natum
2015 950 2062 974 est
2084 945 2236 986 recipere.
2252 963 2275 968 —
2295 946 2474 985 Quomodo

1406 989 1515 1015 autem
1539 984 1671 1016 effectus
1700 986 1853 1017 nobiliori
1881 986 1983 1018 modo
2007 988 2047 1018 sit
2069 989 2103 1019 in
2127 998 2222 1020 causa
2252 991 2353 1022 activa
2377 1001 2474 1032 quam

1406 1029 1439 1060 in
1463 1029 1580 1070 seipso,
1604 1030 1751 1070 superius
1775 1036 1822 1061 est
1845 1037 2012 1062 ostensum
2027 1033 2054 1063 *.

1466 1073 1599 1110 Quinto.
1623 1074 1657 1105 Si
1679 1084 1747 1106 non
1771 1081 1854 1106 esset
1876 1076 2096 1108 universaliter
2118 1077 2289 1118 perfectus,
2305 1090 2373 1111 non
2394 1087 2476 1112 esset

1407 1119 1556 1149 omnium
1580 1120 1764 1150 communis
1786 1129 1947 1151 mensura.
1971 1121 2052 1154 Hoc,
2062 1127 2170 1154 autem
2186 1122 2302 1154 falsum
2318 1130 2378 1155 est:
2400 1126 2476 1166 quia

1407 1163 1486 1193 nihil
1510 1169 1617 1203 potest
1640 1164 1789 1194 omnium
1812 1165 1936 1195 entium
1965 1174 2033 1207 esse
2059 1175 2210 1198 mensura
2232 1169 2293 1199 nisi
2317 1169 2406 1210 quod
2429 1176 2476 1201 est

1407 1207 1515 1248 ipsum
1539 1217 1618 1238 esse.
1639 1226 1662 1230 —
1685 1207 1927 1249 Consequentia
1949 1219 2026 1240 vero
2049 1211 2213 1251 probatur,
2238 1213 2314 1252 quia
2336 1214 2369 1244 in
2392 1224 2476 1245 uno-

1408 1261 1543 1293 quoque
1576 1261 1693 1293 genere
1726 1259 1952 1284 mensurantur
1984 1255 2093 1285 omnia
2125 1255 2357 1296 perfectissimo
2390 1258 2476 1290 illius

1407 1297 1543 1337 generis,
1567 1296 1645 1327 dum
1678 1297 1857 1328 ostenditur
1886 1299 2147 1341 unumquodque
2176 1301 2277 1342 magis
2308 1307 2340 1332 et
2369 1303 2476 1334 minus

1408 1340 1589 1382 perfectum
1612 1341 1792 1372 secundum
1817 1342 1907 1382 quod
1929 1344 2030 1384 magis
2054 1350 2085 1374 et
2108 1345 2215 1375 minus
2238 1347 2477 1388 appropinquat

1409 1385 1449 1416 ad
1471 1385 1567 1416 illud:
1591 1386 1637 1416 sic
1665 1387 1752 1417 enim
1780 1386 1890 1417 album
1921 1393 1968 1418 est
1997 1397 2147 1419 mensura
2178 1390 2336 1427 colorum,
2361 1397 2393 1422 et
2414 1393 2476 1422 vir-

1408 1435 1523 1461 tuosus
1546 1431 1696 1462 omnium
1719 1431 1901 1468 hominum,
1926 1432 2047 1463 scilicet
2069 1433 2249 1465 secundum
2268 1435 2358 1476 quod
2373 1436 2406 1467 in
2422 1446 2477 1477 ge-

1408 1484 1485 1506 nere
1508 1475 1623 1505 morali
1647 1475 1856 1506 collocantur.

1465 1519 1707 1550 Advertendutn
1722 1520 1785 1556 hic,
1798 1525 1835 1551 ut
1850 1520 1956 1560 inquit
1966 1520 2100 1552 Sanctus
2117 1521 2260 1553 Thomas
2277 1523 2383 1560 Verit„
2400 1535 2430 1565 q.
2444 1535 2476 1562 11,

1409 1573 1441 1603 4,
1458 1563 1499 1594 ad
1514 1573 1546 1604 4,
1571 1563 1661 1604 quod
1684 1564 1799 1595 albedo
1822 1573 1890 1595 non
1915 1570 1962 1595 est
1991 1574 2140 1596 mensura
2171 1567 2318 1599 colorum
2346 1569 2407 1599 nisi
2429 1579 2478 1599 ra-

1409 1609 1499 1639 tione
1521 1608 1613 1645 lucis,
1638 1617 1722 1649 quae
1753 1614 1800 1639 est
1830 1610 1921 1649 quasi
1952 1609 2086 1640 formale
2109 1611 2143 1641 in
2167 1610 2290 1642 colore:
2321 1619 2479 1653 quantum

1411 1653 1498 1684 enim
1519 1652 1559 1683 ad
1581 1653 1665 1683 hanc
1689 1662 1804 1684 omnes
1826 1653 1906 1684 alios
1930 1654 2056 1685 colores
2081 1655 2213 1687 excedit.
2238 1655 2301 1687 Sed
2322 1662 2480 1697 quantum

1411 1697 1451 1728 ad
1473 1696 1554 1728 illud
1578 1697 1668 1738 quod
1692 1703 1739 1728 est
1763 1697 1853 1738 quasi
1877 1699 2039 1729 materiale
2068 1699 2101 1730 in
2131 1700 2252 1737 colore,
2276 1701 2396 1732 scilicet
2418 1707 2480 1733 ter-

1411 1742 1623 1773 minationem
1646 1742 1808 1783 diaphani,
1825 1751 1892 1772 non
1917 1749 1963 1773 est
1986 1753 2136 1774 mensura
2160 1744 2296 1776 aliorum
2321 1745 2478 1777 colorum.

1467 1785 1688 1818 Confirmatur
1719 1787 1887 1817 conclusio
1918 1789 2106 1819 auctoritate
2135 1789 2247 1820 Exodi
2269 1799 2374 1827 xxxm,
2404 1791 2479 1832 Ego

1411 1831 1579 1862 ostendam
1603 1831 1660 1862 tibi
1683 1836 1755 1868 etc.;
1780 1837 1811 1862 et
1834 1831 1992 1873 Dionysii,
2013 1842 2034 1863 v
2050 1842 2118 1874 cap.
2136 1833 2175 1864 de
2197 1834 2271 1864 Div.
2294 1834 2400 1872 Nom„
2425 1836 2481 1866 ubi

1411 1877 1463 1912 ait,
1488 1876 1578 1906 Deus
1602 1886 1668 1906 non
1691 1876 1831 1917 quodam
1855 1876 1951 1906 modo
1977 1882 2023 1907 est
2046 1878 2186 1909 existens
2209 1884 2268 1909 etc.

1467 1920 1522 1951 VI.
1545 1920 1714 1959 Quantum
1738 1920 1778 1951 ad
1800 1920 1981 1952 secundum
1997 1922 2024 1958 θ,
2049 1923 2125 1962 quia
2147 1928 2256 1963 posset
2279 1923 2393 1964 aliquis
2416 1925 2481 1955 exi-

1411 1965 1540 1996 stimare
1557 1965 1664 1996 Deum
1679 1963 1860 2006 perfectum
1876 1974 1944 1996 non
1965 1975 2034 1997 esse
2057 1967 2132 2007 quia
2149 1967 2333 2009 perfectum
2356 1968 2481 1999 videtur

1412 2009 1475 2040 dici
1491 2008 1582 2049 quod
1596 2018 1654 2050 per
1659 2010 1845 2051 factionem
1865 2011 2012 2049 pervenit
2027 2011 2067 2041 ad
2087 2012 2374 2052 complementum,
2391 2013 2480 2044 Deus

1412 2059 1521 2084 autem
1553 2053 1656 2084 factus
1689 2063 1757 2085 esse
1787 2063 1856 2084 non
1886 2059 2007 2094 potest:
2040 2056 2127 2086 hunc
2156 2056 2306 2087 cavillum
2335 2063 2480 2088 removet

1412 2098 1548 2129 Sanctus
1572 2098 1718 2130 Thomas
1741 2098 1850 2129 dicens
1874 2099 1974 2138 quod,
1998 2100 2072 2131 licet
2096 2106 2253 2141 quantum
2277 2101 2317 2132 ad
2342 2102 2480 2142 primam

1411 2143 1553 2173 nominis
1577 2144 1821 2183 impositionem
1851 2151 1950 2174 omne
1980 2144 2159 2185 perfectum
2188 2146 2227 2176 sit
2250 2145 2380 2183 facturn,
2404 2147 2480 2187 quia

1411 2188 1602 2228 impositum
1619 2193 1666 2219 est
1682 2188 1788 2228 primo
1804 2188 1867 2218 hoc
1883 2197 2005 2219 nomen
2021 2189 2061 2220 ad
2076 2189 2322 2230 significandum
2337 2190 2370 2221 id
2390 2190 2480 2231 quod

1413 2231 1568 2263 eductum
1583 2238 1631 2263 est
1646 2232 1685 2263 de
1701 2242 1769 2263 non
1793 2241 1861 2263 esse
1884 2231 1925 2262 ad
1948 2243 2016 2264 esse
2040 2239 2071 2265 et
2095 2233 2134 2264 de
2158 2235 2301 2274 potentia
2317 2234 2357 2266 ad
2372 2241 2480 2266 actum

1412 2276 1591 2317 perfectum
1615 2282 1652 2308 ut
1674 2277 1733 2307 sibi
1756 2277 1835 2308 nihil
1860 2276 1950 2314 desit,
1974 2278 2036 2308 tale
2061 2283 2168 2310 autem
2192 2285 2321 2319 oportet
2340 2289 2408 2310 esse
2435 2279 2480 2310 fa-

1413 2326 1517 2358 ctum;
1541 2327 1650 2352 tamen
1674 2326 1841 2352 extensum
1865 2325 1914 2352 est
1937 2323 2032 2354 etiarn
2055 2332 2177 2354 nomen
2199 2323 2264 2354 hoc
2292 2323 2333 2354 ad
2361 2323 2481 2364 signifi-

1413 2365 1553 2396 candum
1576 2365 1610 2397 id
1633 2365 1723 2406 quod
1754 2372 1801 2397 est
1830 2367 1864 2397 in
1895 2372 1968 2399 actu
1999 2367 2175 2407 completo,
2200 2368 2296 2398 etiam
2323 2369 2349 2399 si
2371 2367 2480 2399 fiendo

1412 2419 1480 2441 non
1504 2411 1669 2451 perveniat
1692 2410 1732 2441 ad
1755 2417 1875 2442 actum.
1906 2411 2093 2443 Secundum
2123 2421 2199 2453 ergo
2227 2413 2363 2453 primam
2385 2413 2482 2443 huius

1412 2455 1555 2486 nominis
1577 2455 1822 2496 impositionem
1837 2456 1926 2487 Deus
1949 2456 2110 2497 perfectus
2126 2456 2190 2487 dici
2204 2467 2272 2488 non
2288 2462 2408 2497 potest:
2426 2457 2482 2488 sed

1412 2499 1496 2530 bene
1519 2506 1678 2540 quantum
1702 2500 1740 2532 ad
1766 2501 1951 2537 secundam,
1976 2501 2063 2532 iuxta
2086 2501 2164 2532 illud
2188 2502 2303 2532 Matth.
2318 2512 2350 2538 v,
2370 2501 2482 2533 Estote

1406 2545 1558 2586 perfecti,
1582 2545 1667 2576 sicut
1688 2550 1720 2576 et
1741 2545 1840 2576 Pater
1863 2551 1966 2577 vester
1989 2546 2135 2577 caelestis
2151 2547 2319 2588 perfectus
2341 2552 2396 2577 est.

727 2774 1214 2831 CAPITULUM
1251 2773 1722 2830 VIGESIMUM
1757 2772 2044 2829 NONUM

1270 2883 1301 2914 A
1325 2883 1344 2913 6
1360 2893 1380 2912 v
1414 2893 1431 2913 a
1449 2883 1498 2913 13.

865 2965 950 3006 DE
983 2963 1401 3006 SIMILITUDINE
1435 2962 1906 3004 CREATURARUM

420 3121 425 3129 .
469 3098 517 3123 x
543 3087 622 3123 hoc
648 3093 781 3123 autem
808 3086 1014 3136 quomodo
1037 3085 1076 3123 in
1098 3086 1215 3123 rebus
1242 3084 1363 3135 possit

373 3139 479 3187 Ἢ
511 3139 723 3177 similitudo
756 3139 805 3176 ad
837 3140 969 3177 Deum
997 3139 1162 3177 inveniri
1190 3141 1252 3176 vel
1281 3151 1362 3176 non

307 3218 324 3237 ,,
361 3184 440 3243 ξ’ζ*
460 3206 481 3240 „g
510 3192 642 3243 possit,
672 3192 909 3230 considerari
936 3201 1073 3243 potest.

316 3245 321 3257 ⁴
449 3248 453 3252 '
560 3246 734 3284 Effectus
748 3245 854 3284 enim
868 3259 892 3284 a
905 3246 985 3284 suis
999 3246 1125 3284 causis
1139 3245 1362 3283 deficientes

1418 3085 1532 3122 dente
1551 3083 1745 3121 invenitur
1763 3082 1921 3132 quidem
1941 3082 2161 3132 aliqualiter,
2177 3083 2244 3120 sed
2264 3083 2479 3120 secundum

1417 3137 1536 3175 alium
1565 3138 1730 3174 modurn
1759 3145 1795 3173 et
1822 3135 1937 3173 aliam
1966 3136 2164 3183 rationem,
2194 3135 2340 3172 ratione
2368 3135 2478 3172 cuius

1416 3204 1531 3228 causa
1558 3193 1761 3240 aequivoca
1789 3189 1936 3227 dicitur.
1968 3190 2034 3227 Sol
2062 3188 2165 3225 enim
2188 3188 2227 3225 in
2251 3188 2478 3237 corporibus

1416 3243 1658 3281 inferioribus
1696 3244 1864 3280 calorem
1906 3250 2035 3279 causat
2076 3242 2225 3289 agendo
2261 3242 2478 3278 secundum

284 3311 365 3337 non
393 3299 633 3338 conveniunt
660 3312 754 3338 cum
786 3299 841 3337 eis
873 3299 913 3337 in
946 3300 1107 3338 nomine
1137 3307 1173 3337 et
1201 3299 1359 3344 ratione,
1384 3315 1393 3335 ς
1416 3298 1524 3347 quod
1553 3305 1640 3334 actu
1669 3304 1739 3342 est;
1769 3297 1873 3333 unde
1902 3303 2051 3345 oportet
2083 3295 2190 3344 quod
2217 3295 2320 3331 calor
2347 3307 2370 3331 a
2397 3295 2477 3331 sole

284 3364 442 3390 necesse
461 3361 518 3390 est
535 3361 667 3391 tamen
687 3353 859 3403 aliquam
877 3353 977 3390 inter
999 3366 1046 3391 ea
1069 3352 1359 3390 similitudinem
1415 3358 1618 3399 generatus
1655 3349 1861 3398 aliqualem
1899 3348 2186 3385 similitudinem
2223 3347 2392 3384 obtineat
2428 3347 2477 3384 ad

284 3405 465 3443 inveniri:
486 3407 535 3444 de
555 3415 692 3444 namra
711 3407 818 3444 enirn
837 3407 998 3444 actionis
1017 3414 1074 3443 est
1092 3414 1134 3443 ut
1154 3417 1269 3453 agens
1289 3404 1361 3441 sibi
1415 3404 1596 3441 virtutem
1625 3403 1789 3440 activam
1818 3402 1918 3449 solis,
1948 3414 2017 3451 per
2044 3412 2162 3450 quam
2197 3401 2301 3437 calor
2332 3400 2371 3437 in
2400 3399 2477 3437 istis

285 3458 408 3496 simile
436 3467 533 3508 agat,
563 3471 654 3498 cum
683 3460 1000 3510 unumquodque
1030 3467 1115 3508 agat
1142 3458 1360 3496 secundum
1415 3457 1657 3508 inferioribus
1686 3464 1878 3499 causatur;
1913 3454 2057 3491 ratione
2092 3453 2201 3512 cuius
2239 3454 2296 3490 sol
2332 3453 2478 3513 calidus

285 3512 395 3562 quod
413 3521 501 3550 actu
521 3521 587 3551 est.
608 3514 722 3552 Unde
740 3513 866 3551 forma
885 3514 1045 3551 effectus
1060 3512 1099 3549 in
1114 3524 1231 3549 causa
1250 3523 1358 3548 exce·
1416 3510 1563 3556 dicitur,
1603 3508 1782 3558 quamvis
1817 3520 1897 3544 non
1939 3519 2016 3544 una
2057 3514 2215 3543 ratione.
2246 3506 2294 3543 Et
2330 3518 2383 3543 εις
2421 3508 2478 3544 sol

338 3635 357 3659 4
375 3627 455 3662 enim]
475 3633 563 3654 autem
582 3636 608 3655 α.
699 3637 715 3661 7
735 3629 844 3654 actionis
862 3630 885 3653 A
898 3629 983 3659 solus;
1003 3628 1111 3660 agentis.

339 3670 355 3695 7
375 3663 486 3688 activam
504 3664 547 3689 hic
565 3664 598 3694 Z;
614 3667 678 3696 post
697 3665 771 3690 solis.

1186 3634 1266 3659 agens
1285 3634 1327 3652 om
1347 3628 1399 3652 NZ.

429 3717 523 3742 Suum
543 3717 654 3741 Com-na
673 3717 806 3741 Garmai-:s
826 3717 857 3742 D.
877 3717 994 3741 ’rnomn
1012 3716 1081 3741 Tou.
1099 3716 1117 3741 1.
2303 3716 2333 3734 12

2502 1036 2511 1045 ·
2526 1035 2583 1062 Cap.
2603 1041 2671 1063 xxm,
2690 1042 2712 1057 n.

2502 1068 2542 1089 vn,
2552 1068 2572 1084 2.

2507 1922 2516 1931 ·
2531 1920 2568 1942 Cf.
2583 1921 2633 1943 init.
2649 1920 2719 1942 Com-

2507 1951 2578 1969 mem.
