2768 4134
29 812 37 821 ·
51 810 102 831 An.
116 814 135 834 ι,
150 805 179 831 ad
193 811 213 835 5-

27 833 177 860 ”Ar-mad
189 837 240 859 t‚²;

27 872 48 889 a.
63 871 86 894 7.

29 2681 38 2691 ·
52 2679 110 2708 Cap.
124 2686 184 2702 nvi.

29 3000 39 3010 ⁸
54 2998 112 3026 Cup.
122 3003 171 3020 xvi.

31 3271 40 3280 “
51 3269 244 3295 1Ρυειεν.ΑηαΙ.,

32 3302 59 3324 ιι,
68 3303 97 3323 4;
112 3303 132 3318 s.
140 3296 187 3318 Th.
197 3297 212 3318 Ι.
221 3304 245 3323 4.

32 3377 43 3386 '
57 3375 113 3404 Cap.
129 3382 182 3398 xm.

801 278 990 315 SUMMA
1019 278 1241 316 CONTRA
1269 279 1546 327 GENTILES,
1577 278 1688 316 CAP.
1710 279 1807 326 LVI,
1828 279 1941 316 LVII.
2398 279 2468 317 163

323 358 475 390 Similiter
490 367 665 399 possumus
682 357 788 388 dicere
800 358 834 388 in
850 357 1016 388 intellectu
1035 358 1181 399 angelico
1197 359 1343 390 habitum
1397 359 1593 400 inquantum
1616 359 1752 399 qualitas
1768 364 1816 389 est
1831 364 1863 389 et
1878 359 2074 399 inquantum
2097 358 2278 390 discursum
2301 359 2469 400 importat;

268 412 338 434 esse
361 402 644 435 fundamentaliter
666 403 751 443 ipsas
774 403 912 443 speciest
938 402 1113 434 formaliter
1135 410 1244 435 autem
1274 413 1343 434 esse
1397 405 1480 434 sicut
1503 404 1563 434 alia
1587 402 1739 434 dicuntur
1754 402 1795 434 de
1810 403 1882 433 Deo
1899 413 1957 444 per
1980 404 2198 434 remotionem
2222 403 2329 434 omnis
2351 404 2470 445 imper-

270 449 435 489 quandam
457 449 656 479 habilitatem
680 447 720 478 ad
744 446 903 478 utendum
926 448 1003 488 ipsis
1026 449 1205 489 speciebus,
1222 449 1288 479 sive
1304 449 1344 479 sit
1397 447 1558 485 fectionis,
1582 449 1635 484 ita,
1661 457 1737 478 cum
1760 449 1892 479 scientia
1917 450 2098 480 attribuitur
2113 449 2196 484 Deo,
2213 448 2395 479 attribuitur
2410 449 2470 480 sibi

268 493 391 534 aliquid
415 493 602 524 distinctum
617 493 650 523 in
666 492 744 533 ipsis
760 492 799 522 ab
815 492 888 532 ipso
905 493 1080 530 intellectu,
1097 494 1162 524 sive
1182 495 1221 525 sit
1236 495 1344 534 ipsum
1396 493 1521 523 ratione
1553 492 1762 528 certitudinis,
1786 502 1855 524 non
1886 499 1994 524 autem
2018 495 2140 525 ratione
2164 494 2324 534 qualitatis
2353 499 2384 524 et
2408 493 2470 524 dis-

269 539 381 570 lumen
405 538 549 569 naturale
572 538 766 568 intellectus.
1397 547 1520 568 cursus.
1544 537 1586 568 Et
1609 537 1686 578 quia
1710 537 1762 567 hic
1785 537 1952 578 loquimur
1975 538 2014 568 de
2037 539 2149 569 habitu
2165 539 2304 579 proprie,
2322 539 2375 569 cui
2391 548 2470 569 con-

324 584 419 614 Hanc
435 583 658 614 difficultatem
673 581 859 622 plenissime
872 582 925 612 alii
937 582 1127 613 Thomistae
1140 588 1342 623 pertractant.
1397 583 1486 613 venit
1514 582 1605 623 quod
1635 583 1675 612 sit
1705 582 1850 622 qualitas,
1874 582 1948 613 ideo
1978 583 2124 614 absolute
2155 583 2270 614 dicitur
2300 584 2352 614 hic
2380 583 2470 624 quod

269 627 347 659 Ideo
371 628 412 659 de
435 629 504 669 ipsa
528 627 612 659 dicta
636 637 654 658 a
677 627 772 657 nobis
795 627 859 657 hoc
883 627 958 657 loco
982 627 1150 658 sufficiant.
1397 627 1525 658 habitus
1548 632 1596 658 est
1618 627 1770 667 qualitas.

325 673 379 704 111.
402 673 513 704 Sexto.
538 672 575 703 In
599 673 671 703 Deo
694 681 763 702 non
787 677 834 702 est
857 671 1003 711 qualitas.
1027 673 1114 713 Ergo
1139 678 1199 703 etc.
1215 691 1239 695 —
1254 672 1345 703 Patet
1454 671 1687 703 commum-ua
1709 676 1876 712 postremo
1901 672 2090 702 auctoritate
2110 672 2238 708 Psalmi,
2256 673 2330 702 Non
2347 673 2469 703 dormi-

270 718 516 758 consequentia.
540 717 627 755 Quia
650 717 779 747 habitus
802 716 938 756 qualitas
962 722 1019 747 est.
1399 717 1478 747 tabit
1493 726 1596 757 neque
1611 716 1751 747 dormiet
1765 717 1821 757 qui
1837 716 1977 747 custodit
1991 717 2115 747 Israel:
2138 718 2214 757 quia
2230 716 2397 758 dispositio
2413 718 2470 748 ha-

326 761 621 798 Considerandum,
651 772 689 792 ex
720 761 865 792 doctrina
895 761 1004 792 Sancti
1027 762 1176 792 Thomae
1207 761 1219 791 1
1243 761 1343 798 Sent„

270 805 300 837 d.
313 816 397 837 xxxv
408 808 435 844 *‚
450 813 481 838 et
495 807 601 838 Prima
617 807 720 843 Parte,
734 816 765 847 q.
779 816 832 837 xrv
843 807 888 843 ’Ἣ
906 806 1006 847 quod,
1020 815 1096 837 cum
1112 806 1246 837 scientia
1261 806 1346 836 dicat

269 851 505 892 perfectionem
534 853 659 882 ratione
689 852 898 888 certitudinis,
922 850 1204 892 imperfectionem
1237 856 1344 881 autem

1398 762 1559 792 bitualiter
1582 762 1810 802 cognoscentis
1832 761 2023 792 assimilatur
2046 762 2250 803 dispositioni
2271 762 2469 799 dormientis,

1398 812 1435 837 ut
1458 805 1574 837 dicitur
1595 805 1655 837 XII
1680 806 1875 847 Metaphys„
1901 816 2022 837 comm.
2046 817 2064 836 1.
2080 808 2106 837 *.
2131 826 2152 829 —
2177 807 2257 838 Item
2281 808 2469 838 auctoritate

1398 851 1506 882 Eccli.'
1516 861 1602 887 xxm,
1631 850 1726 882 Oculi
1748 851 1884 881 Domini
1907 857 1967 882 etc.

499 1106 988 1163 CAPITULUM
1027 1107 1774 1185 QUINQUAGESIMUM
1811 1108 2244 1164 SEPTIMUM

1146 1226 1176 1256 A
1216 1226 1285 1256 16v
1325 1234 1368 1256 at
1399 1227 1467 1257 sine
1490 1227 1596 1257 titulo.

698 1316 872 1369 QUOD
908 1315 1200 1357 COGNITIO
1235 1317 1338 1358 DEI
1372 1317 1501 1357 NON
1536 1317 1650 1358 EST
1683 1318 2053 1359 DISCURSIVA

408 1475 413 1483 ,
458 1463 462 1468 ,
482 1451 506 1476 x
535 1440 612 1476 hoc
632 1446 764 1476 autem
788 1438 946 1476 ulterius
966 1439 1131 1476 habetur
1158 1439 1267 1488 quod
1286 1438 1343 1476 di—
1454 1439 1605 1476 Adhuc.
1623 1440 1679 1476 Ea
1703 1451 1804 1489 quae
1819 1439 2040 1476 naturaliter
2063 1448 2359 1488 cognoscuntur,
2385 1441 2469 1478 abs-

434 1493 466 1540 j
495 1492 589 1530 vina
616 1492 874 1530 consideratio
898 1504 980 1529 non
1004 1499 1060 1529 est
1081 1492 1345 1530 ratiocinativa
1400 1505 1477 1542 que
1506 1492 1795 1531 ratiocinatione
1824 1493 1936 1530 nobis
1974 1500 2063 1530 sunt
2100 1501 2210 1530 nota:
2241 1493 2337 1531 sicut
2368 1502 2470 1544 patet

307 1583 311 1592 ,
349 1552 366 1587 ξ,
395 1544 463 1597 ’ᾒῗχ
496 1548 558 1584 vel
587 1545 813 1583 discursiva.
1401 1546 1449 1583 de
1469 1545 1603 1595 primis
1622 1545 1829 1595 principiis.
1861 1547 1938 1584 Sed
1958 1546 1997 1583 in
2016 1547 2102 1583 Deo
2130 1559 2211 1583 non
2239 1554 2364 1596 potest
2388 1560 2470 1584 esse

297 1628 301 1630 Ἴ
446 1623 458 1632 Α»
551 1600 667 1637 Tunc
695 1599 801 1637 enim
838 1598 1103 1636 ratiocinativa
1131 1606 1188 1636 est
1215 1606 1346 1636 nostra
1401 1599 1568 1648 cognitio
1592 1599 1665 1636 nisi
1689 1599 1882 1646 naturalis,
1909 1600 2031 1636 immo
2054 1599 2126 1637 nisi
2155 1600 2379 1637 essentialis:
2401 1613 2471 1638 sua

269 1654 526 1693 consideratio
545 1653 706 1704 quando
726 1653 775 1690 ab
804 1665 885 1690 uno
914 1651 1158 1690 considerato
1178 1651 1218 1689 in
1241 1652 1346 1689 aliud
1369 1667 1378 1688 ς
1402 1652 1507 1689 enim
1537 1652 1693 1690 scientia
1712 1660 1768 1689 est
1794 1665 1865 1690 sua
1890 1653 2064 1700 essentia,
2084 1661 2127 1690 ut
2155 1665 2272 1702 supra
2285 1653 2305 1675 ³¹⁶
2332 1654 2471 1703 proba-

268 1708 491 1756 transimus,
512 1707 610 1749 sicut
629 1706 892 1757 syllogizando
921 1718 944 1743 a
967 1705 1166 1756 principiis
1194 1705 1233 1743 in
1254 1717 1346 1743 con·
1402 1714 1487 1743 turn
1507 1714 1574 1743 est.
1594 1706 1667 1743 Dei
1687 1705 1800 1754 igitur
1819 1706 1986 1755 cognitio
2011 1718 2091 1744 non
2115 1714 2170 1743 est
2199 1706 2469 1744 ratiocinativa.

270 1761 476 1801 clusiones.
506 1761 600 1799 Non
625 1760 731 1798 enim
756 1773 803 1798 ex
832 1760 909 1797 hoc
933 1759 1070 1810 aliquis
1099 1759 1348 1797 ratiocinatur
1457 1760 1669 1797 Praeterea.
1702 1760 1875 1797 Omnem
1904 1767 2058 1796 motum
2082 1771 2238 1797 necesse
2262 1768 2317 1797 est
2341 1759 2472 1797 reduci

269 1817 333 1854 vel
360 1815 538 1854 discurrit
565 1815 674 1865 quod
703 1813 854 1864 inspicit
881 1813 1045 1864 qualiter
1072 1812 1270 1850 conclusio
1300 1826 1347 1851 ex
1402 1813 1442 1850 in
1470 1813 1644 1863 primum
1668 1825 1833 1850 movens
1857 1813 1966 1862 quod
1991 1821 2046 1850 est
2074 1825 2239 1850 movens
2262 1821 2413 1850 tantum
2437 1821 2473 1850 et

270 1868 492 1920 praemissis
529 1876 727 1918 sequatur,
765 1867 882 1905 simul
919 1875 1132 1916 utrumque
1170 1866 1346 1904 conside·
1403 1879 1484 1904 non
1513 1874 1667 1904 motum
1682 1866 1713 1904 ³¹⁸.
1739 1867 1835 1904 Illud
1859 1866 1973 1915 igitur
1990 1879 2013 1904 a
2033 1878 2113 1916 quo
2144 1874 2198 1904 est
2219 1867 2346 1916 prima
2365 1866 2472 1915 origo
2500 1866 2509 1874 ‘

271 1934 378 1961 rans:
409 1924 486 1960 hoc
506 1922 612 1959 enim
631 1921 816 1969 contingit
835 1933 916 1958 non
936 1920 1257 1969 argumentando,
1278 1920 1347 1957 sed
1363 1938 1388 1952 ιο
1401 1928 1545 1967 motus,
1561 1928 1714 1970 oportet
1733 1920 1897 1957 omnino
1918 1932 2001 1957 esse
2020 1932 2185 1957 movens
2205 1932 2286 1957 non
2305 1928 2470 1957 motum.

271 1983 499 2026 argumenta
528 1975 757 2021 iudicand03
787 1974 884 2011 sicut
918 1985 991 2011 nec
1023 1973 1191 2022 cognitio
1226 1981 1346 2010 mate·
1402 1974 1489 2011 Hoc
1524 1981 1656 2011 autem
1693 1981 1749 2011 est
1786 1974 1996 2010 intellectus
2032 1973 2199 2019 divinus,
2238 1981 2280 2010 ut
2317 1985 2434 2022 supra
2452 1972 2473 1994 ²¹²
2500 1973 2508 1981 ‘

271 2029 373 2068 rialis
392 2037 449 2067 est
468 2042 514 2067 ex
535 2029 611 2066 hoc
631 2028 739 2078 quod
759 2027 969 2065 materialia
990 2026 1184 2064 diiudicat.
1207 2027 1345 2064 Osten-
1401 2035 1602 2064 ostensum
1627 2034 1693 2063 est.
1716 2027 1879 2076 Oportet
1906 2026 2019 2075 igitur
2041 2025 2274 2063 intellectum
2294 2025 2471 2063 divinum

271 2096 358 2122 sum
376 2091 432 2120 est
450 2082 613 2120 autem*
627 2081 736 2132 quod
755 2082 863 2119 Deus
883 2093 963 2118 non
983 2079 1201 2118 considerat
1220 2092 1346 2117 unum
1401 2080 1564 2117 omnino
1584 2092 1668 2117 esse
1688 2088 1914 2117 moventem
1934 2091 2014 2117 non
2030 2087 2194 2116 motum.
2216 2078 2471 2117 Ratiocinatio

271 2145 359 2187 post
392 2136 496 2174 aliud
535 2135 647 2186 quasi
685 2134 914 2181 successive,
954 2134 1021 2172 sed
1055 2134 1171 2171 simul
1199 2133 1344 2171 omnia.
1401 2141 1533 2171 autem
1561 2141 1617 2170 est
1645 2133 1807 2183 quidam
1840 2141 1970 2170 motus
2003 2132 2214 2170 intellectus
2242 2132 2471 2170 transeuntis

271 2192 365 2228 Non
394 2202 484 2239 ergo
514 2189 598 2227 eius
626 2188 793 2238 cognitio
813 2196 870 2226 est
898 2187 1162 2226 ratiocinativa
1190 2189 1252 2224 vel
1271 2186 1346 2224 dis·
1362 2203 1384 2223 ις
1401 2187 1450 2225 ab
1469 2199 1551 2224 uno
1572 2187 1611 2223 in
1631 2186 1747 2224 aliud.
1768 2187 1861 2224 Non
1881 2195 1936 2224 est
1956 2185 2068 2234 igitur
2087 2185 2242 2223 divinus
2262 2186 2472 2223 intellectus

270 2243 440 2282 cursiva:
476 2243 658 2293 quamvis
687 2254 850 2280 omnem
874 2241 1094 2279 discursum
1128 2248 1164 2277 et
1197 2239 1346 2278 ratioci-
1402 2240 1701 2281 ratiocinativus.

270 2297 471 2336 nationem
500 2304 718 2345 cognoscat.
1456 2295 1562 2331 Item.
1594 2293 1714 2340 Quod
1743 2301 1799 2330 est
1827 2305 2059 2342 supremum
2088 2292 2128 2329 in
2156 2292 2269 2329 nobis
2297 2300 2352 2329 est
2380 2292 2471 2329 infe-

324 2351 430 2389 Item.
471 2350 612 2388 Omnis
650 2349 880 2387 ratiocinans
922 2348 995 2386 alia
1038 2346 1347 2386 consideratione
1403 2347 1482 2385 rius
1507 2359 1554 2384 eo
1584 2347 1692 2396 quod
1720 2347 1760 2384 in
1789 2347 1874 2384 Deo
1903 2354 1975 2383 est:
2006 2358 2100 2383 nam
2127 2345 2283 2382 inferius
2311 2357 2392 2383 non
2420 2353 2472 2382 at-

270 2405 442 2443 intuetur
474 2404 663 2454 principia
695 2412 732 2440 et
764 2402 1077 2441 conclusionem:
1122 2413 1203 2438 non
1241 2400 1347 2438 enirn
1402 2401 1508 2450 tingit
1537 2400 1715 2450 superius
1743 2399 1815 2437 nisi
1843 2399 1883 2437 in
1912 2399 1971 2437 sui
2000 2411 2157 2436 summo
2171 2399 2202 2436 ²¹².
2234 2399 2472 2448 Supremum

270 2465 476 2509 oporteret,
492 2456 742 2495 consideratis
764 2456 973 2507 principiis,
989 2456 1040 2493 ad
1054 2454 1348 2492 conclusionem
1362 2471 1389 2485 20
1403 2462 1535 2492 autem
1555 2454 1594 2491 in
1614 2462 1746 2491 nostra
1764 2453 1983 2502 cognitione
2008 2460 2074 2498 est,
2091 2464 2172 2489 non
2192 2451 2299 2499 ratio,
2330 2452 2397 2489 sed
2416 2451 2472 2488 in-

270 2512 493 2562 procedere,
515 2511 546 2548 si
565 2523 612 2549 ex
632 2512 709 2548 hoc
728 2510 813 2561 ipso
833 2510 942 2560 quod
961 2508 1149 2560 principia
1172 2507 1347 2545 conside·
1401 2509 1585 2554 tellectus,
1607 2507 1675 2556 qui
1695 2515 1750 2544 est
1769 2506 1925 2543 rationis
1945 2505 2064 2554 origo.
2086 2505 2158 2542 Dei
2177 2505 2289 2554 igitur
2307 2504 2472 2553 cognitio

271 2573 406 2603 rantur
426 2564 696 2602 conclusiones
720 2564 837 2602 etiam
861 2563 1209 2602 considerarentur.
1239 2562 1347 2599 Deus
1403 2574 1483 2599 non
1512 2569 1567 2598 est
1602 2559 1875 2606 ratiocinativa,
1910 2559 1977 2596 sed
2015 2558 2276 2596 intellectualis
2308 2566 2469 2595 tantum.

271 2627 404 2657 autem
423 2617 621 2667 cognoscit
649 2617 784 2655 omnia
807 2617 1034 2667 operatione
1058 2628 1148 2663 una,
1170 2627 1271 2665 quae
1292 2622 1347 2652 est
1457 2613 1645 2663 Amplius.
1676 2614 1710 2649 A
1738 2613 1824 2650 Deo
1853 2612 1982 2649 omnis
2011 2612 2180 2649 defectus
2208 2612 2471 2648 removendus

272 2685 343 2710 sua
370 2671 546 2718 essentia,
575 2679 619 2708 ut
647 2671 799 2720 supra*
827 2671 1039 2720 probatum
1072 2677 1139 2706 est.
1170 2669 1263 2706 Non
1291 2675 1347 2705 est
1402 2676 1476 2705 est:
1507 2679 1554 2704 eo
1590 2666 1699 2715 quod
1733 2665 1815 2715 ipse
1849 2673 1904 2702 est
1941 2664 2162 2714 simpliciter
2197 2664 2398 2713 perfectus,
2428 2671 2471 2701 ut

272 2726 385 2776 igitur
412 2737 483 2762 sua
510 2724 678 2772 cognitio
707 2724 981 2762 ratiocinativa.
1361 2737 1384 2758 κς
1402 2732 1519 2770 supra
1533 2720 1554 2742 ²⁸⁸
1582 2726 1783 2756 ostensum
1803 2726 1870 2755 est.
1892 2718 1969 2755 Sed
1989 2730 2035 2754 ex
2055 2717 2344 2767 imperfectione
2363 2716 2469 2753 intel-

325 2780 540 2817 Praeterea.
572 2777 713 2815 Omnis
741 2777 1006 2815 ratiocinativa
1034 2774 1201 2824 cognitio
1231 2774 1347 2811 habet
1401 2773 1571 2811 lectualis
1600 2780 1759 2810 naturae
1787 2771 1967 2821 provenit
1999 2770 2262 2808 ratiocinativa
2290 2769 2467 2818 cognitio.

272 2833 419 2883 aliquid
438 2833 486 2869 de
514 2831 687 2882 potentia
706 2838 743 2868 et
761 2830 908 2880 aliquid
927 2831 976 2867 de
1005 2837 1110 2867 actu:
1142 2840 1234 2865 nam
1254 2839 1345 2864 con·
1401 2828 1506 2864 Nam
1525 2826 1633 2876 quod
1653 2837 1723 2875 per
1741 2824 1845 2863 aliud
1861 2823 2105 2873 cognoscitur
2118 2823 2248 2861 minus
2263 2831 2317 2860 est
2331 2831 2469 2860 notum

272 2887 465 2925 clusiones
488 2885 528 2923 in
550 2883 748 2935 principiis
772 2891 862 2921 sunt
883 2883 923 2920 in
947 2883 1129 2933 potentia.
1149 2883 1193 2918 In
1211 2880 1345 2918 divino
1401 2893 1448 2918 eo
1469 2880 1577 2930 quod
1597 2891 1668 2929 per
1695 2891 1736 2916 se
1756 2877 2018 2927 cognoscitur;
2039 2889 2111 2914 nec
2129 2877 2178 2914 acl
2207 2877 2246 2914 id
2274 2876 2381 2926 quod
2399 2888 2470 2925 per

272 2948 405 2978 autem
432 2939 625 2977 intellectu
660 2937 832 2988 potentia
869 2938 1002 2974 locum
1037 2948 1119 2973 non
1147 2934 1275 2980 habet,
1304 2941 1347 2971 ut
1400 2933 1504 2971 aliud
1534 2940 1590 2970 est
1612 2940 1751 2970 notum
1778 2939 1915 2969 natura
1934 2930 2198 2980 cognoscentis
2223 2929 2361 2967 sufficit
2388 2929 2469 2966 sine

273 3006 391 3044 supra
404 2993 425 3015 *
454 3000 656 3030 ostensum
684 2999 751 3028 est.
781 2991 874 3027 Non
903 2998 959 3027 est
987 2989 1100 3037 igitur
1128 2987 1211 3025 eius
1238 2987 1346 3024 intel-
1362 3004 1387 3025 3⁰
1401 2999 1449 3024 eo
1468 2999 1540 3037 per
1557 2986 1665 3036 quod
1685 2985 1729 3022 fit
1747 2993 1898 3022 notum.
1915 2986 1958 3021 In
1972 2983 2190 3033 cognitione
2206 2991 2336 3021 autem
2356 2982 2467 3019 ratio-

273 3049 394 3085 lectus
422 3045 671 3084 discursivus.
1401 3040 1567 3078 cinativa
1585 3039 1628 3076 fit
1647 3038 1792 3088 aliquid
1817 3046 1956 3075 notum
1975 3050 2045 3087 per
2070 3037 2189 3074 aliud:
2211 3036 2318 3085 quod
2338 3043 2468 3072 autem

327 3099 518 3150 Amplius.
549 3100 591 3136 In
625 3098 734 3135 omni
763 3096 920 3134 scientia
954 3094 1167 3133 discursiva
1195 3101 1347 3144 oportet
1401 3093 1704 3131 intellectualiter
1731 3091 1977 3140 cognoscitur
2003 3103 2074 3140 per
2102 3102 2141 3127 se
2170 3097 2226 3127 est
2253 3097 2402 3135 notum,
2431 3097 2469 3126 et

273 3154 417 3204 aliquid
447 3165 530 3190 esse
554 3159 775 3190 causatum:
800 3162 893 3187 narn
916 3148 1104 3199 principia
1132 3155 1222 3185 sunt
1249 3160 1346 3197 quo·
1402 3148 1449 3184 ad
1470 3147 1601 3197 ipsum
1621 3145 1939 3195 cognoscendum
1959 3152 2095 3182 natura
2110 3141 2373 3191 cognoscentis
2393 3142 2467 3178 suf-

274 3207 489 3246 dammodo
519 3218 636 3244 causa
664 3204 834 3242 efficiens
867 3201 1146 3247 conclusionis;
1175 3201 1281 3238 unde
1310 3209 1347 3238 et
1401 3200 1481 3238 ficit
1508 3200 1655 3250 absque
1685 3198 1862 3236 exteriori
1894 3197 2037 3235 medio.
2074 3197 2186 3234 Unde
2221 3194 2468 3232 manifestum

273 3260 552 3299 demonstratio
567 3259 706 3297 dicitur
723 3258 964 3308 syllogismus
973 3257 1126 3305 faciens
1143 3257 1240 3292 scire
1252 3254 1283 3291 *.
1304 3256 1346 3291 In
1363 3272 1384 3292 π
1402 3262 1458 3291 est
1486 3254 1595 3303 quod
1622 3252 1833 3290 defectivus
1857 3251 2018 3301 quidam
2041 3250 2250 3287 intellectus
2279 3256 2334 3285 est
2362 3247 2468 3285 ratio.

273 3315 407 3353 divina
426 3322 558 3352 autem
578 3311 735 3350 scientia
754 3310 849 3348 nihil
871 3317 996 3360 potest
1022 3321 1105 3346 esse
1125 3316 1344 3346 causatum:
1401 3307 1544 3344 Divina
1572 3306 1684 3355 igitur
1712 3305 1868 3343 scientia
1896 3316 1976 3342 non
2006 3311 2061 3340 est
2089 3301 2360 3340 ratiocinativa.

273 3381 367 3406 cum
395 3367 441 3405 sit
469 3368 551 3418 ipse
584 3368 703 3412 Deus,
734 3373 776 3402 ut
813 3377 859 3401 ex
897 3362 1162 3413 superioribus
1190 3369 1294 3411 patet
1313 3361 1344 3398 ³¹².
1456 3361 1608 3397 Adhuc.
1635 3360 1794 3409 Absque
1823 3357 1980 3396 rationis
2009 3357 2184 3393 discursu
2213 3356 2468 3404 comprehen-

273 3421 347 3460 Dei
375 3421 490 3470 igitur
517 3420 673 3459 scientia
701 3431 782 3456 non
809 3425 934 3468 potest
958 3429 1040 3453 esse
1069 3415 1291 3453 discursiva.
1402 3414 1547 3451 duntur
1575 3426 1620 3451 ea
1649 3424 1820 3462 quorum
1849 3411 1994 3461 species
2019 3417 2108 3446 sunt
2131 3409 2171 3446 in
2195 3415 2468 3456 cognoscente:

330 3544 359 3562 11
382 3535 529 3569 iudicando]
549 3536 687 3561 indicando
702 3535 750 3559 Pd.
837 3532 869 3558 16
882 3532 998 3565 omnem]
1013 3531 1131 3556 omnium
1146 3530 1212 3555 FPc.
1298 3537 1332 3564 ¹9
1344 3529 1378 3563 et]
1394 3535 1419 3554 et
1433 3529 1482 3554 alia
1494 3529 1585 3559 DNPc,
1601 3528 1650 3553 alia
1662 3533 1688 3553 et
1701 3528 1734 3553 G.
1821 3534 1853 3560 29
1867 3527 1952 3550 locum
1965 3525 2007 3550 hic
2022 3525 2077 3555 DZ;
2086 3527 2150 3555 post
2164 3523 2251 3548 habet.
2338 3522 2372 3548 36
2385 3527 2472 3555 potest

275 3581 335 3598 esse
349 3576 415 3605 post
432 3577 568 3598 causatum
588 3572 651 3596 αΡε.
744 3569 776 3603 37
795 3577 856 3594 cum
874 3568 916 3601 sit]
936 3575 996 3593 cum
1014 3569 1070 3600 ipsa
1088 3567 1135 3591 Dei
1155 3566 1261 3590 scientia
1279 3566 1312 3590 sit
1331 3565 1374 3591 Pc.
2195 3595 2200 3599 -
2379 3594 2384 3599 Ι
2403 3593 2410 3599 .

331 3608 345 3634 5
364 3609 505 3642 probatum
522 3609 547 3632 A
564 3608 650 3638 solus;
669 3612 816 3631 ostensum.
905 3613 921 3638 9
941 3604 1049 3628 Illud...
1068 3610 1120 3627 non
1139 3606 1242 3626 motum
1261 3601 1321 3626 hom
1345 3608 1389 3626 om
1412 3600 1489 3631 BDF,
1508 3600 1627 3625 restituit
1653 3600 1673 3624 F
1697 3602 1762 3630 post
1787 3601 1923 3629 expuncta
1946 3596 1996 3620 hoc
2020 3600 2105 3620 autem
2131 3600 2172 3619 est
2194 3595 2342 3619 intellectus
2361 3594 2471 3619 divinus.

277 3651 311 3669 10
329 3652 382 3669 non
401 3644 434 3674 Z;
454 3649 480 3669 et
498 3651 560 3668 non.
653 3642 686 3667 18
704 3643 731 3666 in
750 3641 806 3666 Deo
824 3641 867 3666 hic
883 3640 931 3670 W;
948 3642 1012 3672 post
1030 3644 1078 3663 est.
1170 3644 1202 3671 19
1222 3637 1263 3661 sui
1282 3636 1397 3669 summo]
1417 3643 1523 3661 summo
1541 3635 1593 3667 BE,
1609 3643 1658 3660 suo
1673 3641 1778 3659 summo
1790 3633 1915 3666 pNsHPc,
1935 3639 1983 3656 suo
2002 3629 2092 3655 infimo
2111 3631 2135 3656 b.
2227 3637 2260 3654 20
2280 3635 2320 3655 est
2337 3629 2399 3663 non]
2419 3637 2472 3653 non

277 3685 317 3705 est
333 3679 399 3705 ZPc.
492 3679 525 3704 30
543 3677 580 3712 fit]
601 3678 634 3703 sit
652 3677 764 3710 GWpY.
855 3676 887 3701 35
908 3675 1048 3701 defectivus
1068 3675 1090 3698 A
1108 3674 1192 3703 solus;
1212 3672 1336 3697 defectus.
1427 3672 1572 3697 intellectus
1591 3678 1634 3696 om
1654 3669 1770 3695 GNWY.
1860 3667 1934 3700 ratio]
1953 3666 2113 3692 ratiocinatio
2133 3666 2186 3692 YP.

2496 807 2504 815 “
2525 805 2548 827 S.
2565 805 2610 827 Th.
2632 805 2647 826 l.
2664 812 2695 831 εις

2497 832 2550 854 Did.
2565 832 2677 858 XI‚1x,1.

2498 1654 2507 1662 ·
2522 1652 2579 1680 Cap.
2596 1658 2647 1673 xiv.

2500 2397 2508 2405 ·
2524 2395 2560 2417 Cf.
2576 2395 2672 2422 Dionys.
2682 2395 2711 2415 de

2500 2422 2553 2444 Diu.
2560 2422 2635 2448 Nom,
2642 2427 2710 2447 c.v11;

2501 2455 2518 2470 s.
2534 2448 2578 2470 Th.
2595 2449 2610 2470 Ι.
2624 2456 2647 2474 4.

2498 2714 2507 2723 ''
2522 2712 2580 2740 cap.
2590 2717 2672 2733 xxviii.
