2742 4152
881 273 1071 310 SUMMA
1100 274 1322 313 CONTRA
1349 276 1624 328 GENTILES,
1656 280 1766 318 CAP.
1787 282 1813 318 Ι.
2419 285 2438 322 5

249 360 346 382 causa
369 356 417 382 est
439 350 621 382 intellectus
644 349 782 381 artificis.
807 350 849 380 Et
871 350 935 381 hoc
957 350 1059 382 modo
1080 353 1194 393 utique
1209 363 1323 384 verum

250 401 297 427 est
319 395 521 427 intellectum
543 394 702 426 divinum·
715 404 784 426 esse
807 400 975 425 auctorem
999 401 1031 426 et
1057 402 1220 427 motorem
1250 399 1323 428 uni-

249 440 348 471 versi:
373 449 460 477 nam,
485 449 562 471 cum
584 439 674 470 Deus
697 440 737 470 sit
759 448 858 480 agens
887 448 946 479 per
974 440 1186 477 voluntatem,
1211 446 1243 472 et
1265 452 1323 473 vo-

249 485 356 516 luntas
385 484 427 516 ad
455 483 620 526 agendum
650 493 690 515 ex
719 483 829 524 aliqua
858 484 1117 524 apprehensione
1143 491 1323 522 moveatur,

250 534 381 571 oportet
395 535 432 560 ut
446 530 591 571 primum
608 529 807 569 principium
829 527 946 568 agendi
961 537 1000 559 ex
1015 534 1106 569 parte
1121 529 1184 560 Dei
1199 530 1239 560 sit
1255 531 1324 561 eius

249 574 443 609 intellectus.
466 574 509 605 Et
522 574 584 605 hac
598 574 725 606 ratione
738 573 840 604 utitur
859 572 997 603 Sanctus
1012 572 1158 604 Thomas
1180 573 1325 611 inferius,

249 619 304 650 lib.
321 618 359 655 11,
383 627 454 659 cap.
474 628 558 655 mv,
581 618 624 650 ad
645 616 884 649 ostendendum
914 616 1007 658 quod
1036 617 1126 648 Deus
1148 627 1226 648 suos
1249 618 1325 649 effe-

251 669 322 695 ctus
344 672 403 704 per
425 672 519 694 suam
540 663 732 704 sapientiam
745 661 917 703 producit.
931 679 956 684 -
971 661 1125 693 Secundo
1147 667 1256 702 potest
1271 672 1324 693 ex-

249 708 331 750 poni
354 706 447 748 quod
468 707 652 738 intellectus
675 712 724 738 est
745 707 870 748 primus
884 711 999 738 auctor
1013 711 1047 737 et
1060 711 1170 738 motor
1184 707 1327 738 universi

249 761 319 784 non
340 752 451 783 solum
472 752 556 783 sicut
578 752 776 793 principium
799 760 879 792 quo,
902 750 960 782 sed
982 751 1080 782 etiam
1103 751 1187 782 sicut
1202 760 1325 792 suppo-

249 797 349 829 situm
371 805 480 838 agens.
503 796 567 827 Pro
592 805 660 838 quo
683 795 916 827 attendendum
939 801 988 826 est
1009 794 1111 836 quod,
1135 795 1211 826 licet
1236 796 1326 827 Deus

249 842 291 872 sit
313 841 491 872 substantia
513 841 739 872 intellectualis
761 841 845 872 sicut
867 845 900 871 et
922 840 1003 871 aliae
1031 840 1262 880 intelligentiae
1294 847 1326 872 et

249 886 364 923 homo,
388 891 437 917 est
457 891 568 917 tamen
590 885 769 917 differentia
790 886 874 916 inter
903 885 1013 925 ipsum
1044 890 1077 915 et
1108 884 1169 915 alia
1200 885 1325 916 intelle-

250 931 378 967 ctualia,
402 931 480 971 quia
501 930 731 962 intellectualia
745 935 852 961 creata
868 933 1029 960 non-sunt
1042 929 1113 969 ipse
1132 930 1324 966 intellectus,

249 974 308 1006 sed
329 975 512 1006 intellectus
534 976 570 1006 in
592 976 670 1016 ipsis
693 979 742 1006 est
763 973 912 1005 accidens
934 973 1081 1005 additum
1104 983 1220 1005 eorum
1250 975 1326 1006 sub-

249 1021 394 1057 stantiae,
419 1026 451 1051 et
473 1026 645 1061 propterea
659 1028 729 1050 non
743 1018 896 1050 dicuntur
914 1019 1046 1058 proprie
1061 1018 1252 1055 intellectus,
1269 1019 1326 1050 sed

249 1070 377 1096 tantum
391 1065 592 1096 substantiae
607 1063 842 1098 intellectuales
855 1063 923 1094 sive
937 1063 1089 1094 habentes
1113 1063 1308 1094 intellectum
1316 1073 1327 1095 .·

249 1110 341 1141 Deus
363 1115 474 1141 autem
502 1118 573 1140 non
601 1108 710 1139 solum
731 1108 829 1139 habet
857 1107 1074 1144 intellectum,
1097 1107 1155 1139 sed
1178 1114 1226 1139 est
1248 1118 1326 1140 suus

248 1155 442 1191 intellectus,
466 1154 550 1185 sicut
572 1158 605 1184 et
623 1153 735 1184 omnia
753 1152 815 1183 alia
829 1162 914 1193 quae
929 1158 1004 1183 sunt
1028 1153 1062 1186 in
1078 1152 1150 1184 Deo
1166 1158 1242 1184 sunt
1257 1154 1326 1194 ipsa

249 1199 359 1231 divina
380 1198 566 1230 substantia.
596 1197 640 1228 Et
661 1196 748 1234 ideo,
772 1197 856 1228 sicut
885 1202 994 1238 potest
1023 1197 1087 1228 dici
1119 1197 1211 1238 quod
1237 1197 1326 1229 Deus

249 1244 325 1285 agit,
347 1244 394 1275 ita
415 1248 524 1284 potest
545 1241 610 1273 dici
633 1241 725 1283 quod
753 1242 936 1273 intellectus
965 1241 1093 1274 divinus
1125 1243 1200 1283 agit,
1224 1247 1256 1273 et
1278 1249 1327 1274 est

248 1294 366 1330 ‘auctor
393 1287 649 1325 universisicut
679 1287 887 1327 suppositum
910 1296 1018 1327 agens.
1045 1305 1069 1310 —
1094 1286 1187 1318 Licet
1216 1293 1326 1319 autem

229 1359 236 1361 s
246 1335 520 1374 uterquesensus
532 1331 649 1362 habeat
663 1332 841 1368 veritatem,
857 1331 1019 1362 secundus
1041 1337 1151 1363 tamen
1170 1341 1209 1363 ex
1223 1332 1326 1364 modo

249 1376 409 1420 loquendi
430 1377 554 1409 litterae
577 1377 679 1417 magis
701 1375 829 1407 videtur
850 1377 1004 1407 intentus.

308 1423 339 1455 3.
365 1422 460 1454 Circa
481 1423 577 1453 istam
600 1421 860 1462 propositionem
882 1421 918 1452 in
934 1420 1048 1452 eadem
1063 1422 1187 1452 ratione
1203 1431 1327 1452 assum-

249 1473 351 1509 ptam,
374 1467 468 1498 Finis
491 1466 624 1497 ultimus
648 1466 793 1496 universi
822 1470 871 1496 est
900 1466 1030 1501 veritas,
1055 1465 1328 1498 considerandum

251 1518 300 1544 est
321 1511 414 1553 quod
436 1520 534 1552 agens
557 1510 733 1551 aliquando
757 1510 821 1551 agit
844 1515 977 1551 propter
999 1509 1100 1541 finem
1124 1516 1179 1542 aut
1204 1511 1327 1552 produ-

250 1556 393 1589 cendum
416 1562 472 1588 aut
494 1554 729 1596 acquirendum
752 1554 823 1591 sibi,
847 1560 885 1586 ut
906 1560 995 1596 patet
1017 1555 1051 1586 in
1074 1561 1207 1587 sanante
1223 1562 1278 1587 aut
1293 1556 1327 1588 in

250 1611 292 1634 eo
316 1600 408 1643 quod
429 1601 575 1632 localiter
597 1605 766 1631 movetur:
791 1599 967 1640 aliquando
994 1609 1072 1631 vero
1100 1601 1166 1641 agit
1195 1607 1328 1642 propter

250 1645 352 1678 finem
363 1646 632 1687 praeexistentem
642 1644 927 1685 multiplicandum
943 1650 1000 1675 aut
1014 1646 1328 1678 communicandum

250 1691 303 1723 vel
325 1689 608 1726 manifestandum,
632 1690 716 1720 sicut
733 1698 832 1730 agens
846 1689 992 1721 naturale
1006 1690 1072 1731 agit
1086 1695 1220 1731 propter
1235 1700 1328 1722 suam

250 1735 391 1768 formam
405 1733 724 1766 communicandam.
740 1734 818 1765 Non
834 1743 912 1776 ergo
927 1735 1043 1766 veritas
1058 1733 1175 1766 dicitur
1187 1735 1243 1766 hic
1258 1745 1328 1768 esse

250 1779 326 1812 finis
346 1780 490 1812 universi
512 1785 544 1811 et
565 1779 693 1810 bonum
715 1779 898 1810 intellectus
920 1778 1021 1810 divini
1039 1779 1132 1820 quasi
1147 1779 1237 1811 Deus
1252 1790 1328 1822 pro-

251 1824 404 1857 ducendo
427 1825 615 1856 universum
638 1824 805 1855 veritatem
828 1829 861 1855 et
881 1824 1064 1856 intellectus
1093 1824 1329 1865 perfectionem

250 1870 396 1911 acquirat
411 1874 467 1900 aut
481 1867 641 1910 producat
654 1869 690 1899 in
705 1877 792 1900 esse:
808 1867 866 1900 sed
881 1869 958 1909 quia
973 1869 1013 1900 in⁴
1022 1868 1240 1910 productione
1255 1871 1345 1902 uni--

250 1915 335 1946 versi
356 1913 495 1946 intendit
517 1922 610 1944 suam
632 1913 800 1944 veritatem
823 1919 855 1944 et
869 1912 1074 1945 manifestare
1089 1919 1122 1944 et
1143 1916 1329 1946 communi-

251 1968 336 1991 care.
360 1959 449 1991 Cum
464 1958 552 1990 enim
567 1957 750 1989 intellectus
766 1957 867 1989 divini
881 1959 1006 1995 veritas,
1023 1967 1107 1999 quae
1124 1964 1172 1989 est
1186 1959 1329 1991 universi

251 2003 336 2040 finis,
348 2004 429 2035 nihil
444 2001 533 2035 aliud
547 2003 588 2033 sit
603 2011 704 2043 quam
719 2001 820 2034 divini
835 2003 1018 2034 intellectus
1030 2004 1216 2044 conceptio,
1229 2014 1329 2046 quam

251 2052 346 2080 natae
372 2053 450 2080 sunt
478 2056 528 2079 res
558 2047 676 2078 imitari
690 2052 736 2078 'et
762 2046 959 2088 adaequare;
992 2047 1072 2079 dum
1101 2047 1329 2089 producuntur

251 2100 303 2125 res
325 2093 360 2124 in
383 2101 464 2128 esse,
489 2091 751 2124 communicatur
776 2092 822 2123 eis
848 2092 964 2123 veritas
990 2091 1109 2129 div-ina,
1132 2093 1328 2133 inquantum

251 2137 373 2179 formas
394 2137 562 2178 accipiunt
584 2137 796 2177 conceptioni
818 2136 920 2168 divini
940 2137 1124 2168 intellectus
1146 2138 1268 2169 similes
1291 2148 1329 2169 ac

252 2181 449 2215 conformes.

308 2227 363 2266 lv.
386 2226 510 2266 Quarta
533 2224 702 2256 conclusio
719 2230 783 2256 est:
808 2225 860 2256 Ad
881 2226 1074 2267 sapientiam
1092 2227 1238 2267 pertinet
1252 2237 1329 2258 con-

251 2270 400 2308 siderare
408 2270 554 2312 primam
566 2269 746 2300 veritatem.
765 2269 924 2302 Probatur
934 2271 1124 2302 auctoritate
1137 2271 1328 2308 Aristotelis,

250 2316 328 2348 loco
344 2314 442 2357 supra
456 2314 682 2357 praeallegato,
695 2313 831 2346 dicentis
846 2315 986 2356 primam
1000 2315 1243 2357 philosophiam
1260 2325 1329 2348 esse

250 2361 420 2393 seientiam
435 2360 505 2392 eius
527 2359 668 2390 veritatis
685 2367 770 2399 quae
792 2365 840 2391 est
855 2361 963 2391 omnis
985 2360 1125 2391 veritatis
1148 2361 1252 2402 origo,
1268 2362 1329 2392 sci-

251 2405 328 2438 licet
342 2414 428 2447 quae
441 2404 581 2446 pertinet
596 2403 638 2436 ad
649 2403 792 2444 primum
807 2405 1006 2446 principium
1021 2404 1148 2436 essendi
1163 2406 1328 2437 omnibus.

251 2450 337 2483 Nam
351 2450 467 2488 veritas
481 2449 553 2481 talis
574 2448 727 2490 principii
750 2454 798 2480 est
819 2450 928 2480 omnis
951 2450 1092 2481 veritatis
1111 2450 1327 2491 principium:

252 2504 330 2536 cum
350 2496 396 2526 ita
417 2495 459 2526 sit
481 2493 651 2536 dispositio
673 2502 783 2524 rerum
806 2491 840 2525 in
862 2495 995 2525 veritate
1018 2495 1101 2526 sicut
1123 2495 1158 2526 in
1181 2504 1260 2526 esse.

306 2539 459 2576 Adverte,
485 2549 524 2570 ex
546 2538 693 2570 doctrina
717 2537 826 2569 Sancti
842 2539 1003 2576 Thomae,
1019 2539 1115 2570 Verit.
1132 2548 1163 2580 q.
1174 2549 1236 2576 xm,
1254 2549 1282 2570 a.
1300 2547 1328 2576 ι,

252 2584 354 2625 quod,
371 2593 447 2615 curn
462 2593 576 2615 verum
592 2583 677 2615 dicat
692 2591 749 2614 ens
765 2582 979 2624 perfectivum
1003 2584 1132 2615 alterius
1147 2583 1329 2615 secundum

251 2630 411 2660 rationem
435 2629 565 2669 speciei,
589 2638 703 2660 verum
727 2633 764 2659 ut
786 2637 820 2659 se
843 2633 933 2660 tenet
955 2638 994 2660 ex
1017 2634 1107 2669 parte
1130 2629 1176 2659 rei
1199 2634 1231 2660 et
1249 2638 1329 2660 con-

251 2675 385 2705 vertitur
407 2683 484 2704 cum
512 2678 597 2710 ente,
619 2672 758 2705 includit
786 2673 821 2704 in
850 2683 910 2704 sua
937 2674 1063 2704 ratione
1093 2683 1151 2704 ens
1181 2679 1213 2704 et
1243 2673 1330 2704 addit

250 2718 344 2760 illum
366 2723 552 2760 respectum
575 2717 752 2760 perfectivi.
777 2717 854 2749 Ideo
877 2719 961 2750 bene
982 2718 1090 2759 inquit
1112 2718 1330 2759 Philosophus

251 2762 344 2805 quod
358 2764 402 2794 ita
418 2768 466 2794 est
488 2762 659 2805 dispositio
674 2772 784 2795 rerum
799 2763 834 2794 in
849 2763 982 2794 veritate
998 2763 1082 2794 sicut
1098 2763 1134 2793 in
1150 2772 1235 2794 esse:
1253 2763 1330 2803 quia

251 2807 402 2839 videlicet
428 2817 541 2839 verum
567 2808 602 2839 in
629 2813 703 2839 ente
726 2806 890 2844 fundatur,
916 2812 948 2838 et
973 2808 1055 2838 ratio
1079 2808 1147 2839 veri
1169 2807 1330 2839 rationem

253 2852 336 2884 entis
359 2853 609 2884 concomitatur.

309 2896 531 2928 Confirmatur
545 2897 638 2928 tertia
653 2901 686 2927 et
700 2901 813 2936 quarta
828 2896 998 2927 conclusio
1020 2896 1118 2927 simul
1141 2897 1330 2927 auctoritate

252 2941 350 2972 Prov.
362 2951 429 2977 vm,
442 2941 503 2972 ,ubi
518 2940 644 2977 dicitur,
666 2941 837 2971 Veritatem
853 2940 1061 2971 meditabitur
1074 2946 1192 2982 guttur
1206 2949 1331 2972 meum:

254 2985 369 3026 veritas
392 2986 480 3017 enim
503 2984 612 3016 divina
634 2985 878 3016 antonomasice
901 2984 1018 3016 dicitur
1039 2986 1164 3016 veritas.

308 3029 348 3061 V.
373 3028 468 3061 Circa
490 3029 654 3069 praedicta
675 3029 710 3060 in
732 3030 825 3060 tertia
847 3034 879 3060 et
903 3035 1016 3071 quarta
1034 3030 1246 3061 conclusione
1261 3029 1328 3062 duo

253 3079 430 3105 occurrunt
451 3073 558 3105 dubia.
582 3073 728 3104 Primum
752 3078 809 3104 est.
842 3073 935 3105 Licet
956 3074 1124 3105 voluntate
1147 3074 1329 3106 intellectus

252 3118 293 3149 sit
307 3118 496 3159 simpliciter
510 3118 609 3159 prior,
625 3123 735 3148 tamen
750 3117 901 3149 voluntas
915 3119 950 3149 in
965 3120 1091 3150 ratione
1106 3120 1222 3150 motivi
1241 3120 1330 3160 prior

253 3167 302 3194 est
316 3163 494 3199 intellectu,
507 3163 595 3193 iuxta
611 3161 793 3193 doctrinam
810 3162 918 3193 Sancti
934 3163 1094 3200 Thomae,
1110 3164 1147 3200 1¹,
1164 3173 1195 3204 q.
1212 3174 1328 3200 Lxxxn,

252 3217 281 3239 a.
297 3217 330 3248 4.
351 3207 538 3239 Producere
561 3212 671 3239 autem
686 3216 735 3238 res
752 3212 800 3238 est
821 3216 955 3239 movere
974 3207 1152 3249 quoddam,
1167 3208 1220 3239 vel
1234 3209 1330 3249 quasi

253 3261 393 3283 mouere.
417 3252 504 3294 Ergo
526 3252 561 3283 in
584 3261 693 3283 rerum
715 3251 933 3292 productione
956 3253 1107 3284 voluntas
1129 3253 1237 3284 divina
1264 3254 1328 3294 pri-

252 3305 346 3328 mum
367 3297 481 3328 locum
503 3302 601 3333 tenet,
626 3301 658 3327 et
680 3306 748 3327 non
770 3296 964 3328 intellectus.
995 3297 1081 3328 Male
1105 3307 1181 3338 ergo
1212 3297 1329 3329 dicitur

253 3339 345 3381 quod
367 3341 490 3381 primus
514 3346 628 3372 auctor
651 3345 683 3372 et
705 3346 815 3372 motor
838 3341 979 3372 universi
1002 3346 1050 3372 est
1071 3342 1264 3373 intellectus.

309 3385 494 3416 Secundum
517 3385 650 3416 dubium
674 3391 730 3416 est.
765 3385 905 3417 Ultimus
935 3385 1009 3416 finis
1039 3395 1147 3417 rerum
1178 3387 1327 3417 omnium

254 3434 432 3460 creatarum
455 3429 598 3467 inferius,
622 3430 677 3461 lib.
694 3430 736 3460 111
748 3431 775 3467 *,
798 3431 933 3470 ponitur
956 3429 1063 3461 divina
1078 3431 1215 3462 bonitas.
1239 3431 1327 3472 Ergo

252 3474 368 3504 veritas
390 3483 460 3505 non
483 3479 532 3505 est
553 3474 687 3506 ultimus
710 3474 784 3506 finis
807 3475 959 3511 universi,
983 3480 1020 3505 ut
1042 3475 1095 3505 hic
1118 3474 1244 3506 dicitur.

310 3526 341 3548 2.
357 3517 410 3549 Ad
424 3519 481 3549 has
497 3517 699 3550 difficultates
714 3519 980 3560 respondendum
992 3524 1040 3550 est
1049 3519 1237 3560 incipiendo
1250 3529 1268 3550 a
1279 3529 1328 3550 se-

253 3561 376 3593 cunda:
394 3564 551 3603 quoniam
568 3573 607 3594 ex
621 3564 723 3604 ipsius
739 3564 903 3595 solutione
918 3563 1118 3595 manifestior
1134 3564 1193 3595 erit
1207 3563 1248 3595 ad
1262 3565 1327 3604 pri-

252 3615 341 3642 mam
355 3607 488 3638 solutio.
512 3607 689 3638 Sciendum
703 3609 813 3649 itaque
828 3609 935 3649 primo
951 3609 1052 3649 quod,
1065 3609 1148 3639 sicut
1162 3609 1327 3649 agentium

252 3649 443 3682 inferiorum
459 3650 579 3692 duplex
595 3657 643 3683 est
663 3651 746 3689 finis,
763 3658 800 3684 ut
815 3653 932 3684 dicitur
946 3653 989 3684 11·
1004 3653 1068 3689 11²⁰,
1082 3663 1114 3693 q.
1132 3662 1235 3689 cmn,
1253 3663 1280 3683 a.
1294 3663 1327 3693 7,

1376 356 1497 386 scilicet
1520 359 1685 397 proximus
1709 365 1740 389 et
1763 366 1922 397 remotus;
1947 368 1978 391 et
2000 362 2166 401 proximus
2193 367 2240 392 est
2268 367 2303 393 ut
2327 363 2441 393 simili-

1377 400 1520 430 tudinem
1541 411 1621 431 suae
1638 403 1776 443 formae
1799 405 1831 434 in
1856 405 1994 435 alterum
2016 406 2156 442 inducat,
2177 406 2310 437 ultimus
2331 412 2440 437 autem

1378 449 1425 474 est
1447 445 1669 486 quodcumque
1691 447 1809 477 bonum
1833 458 1875 478 ex
1897 449 1958 479 hoc
1979 459 2114 490 sequens
2136 451 2165 481 si
2190 451 2233 482 sit
2262 451 2441 482 intentum:

1377 489 1421 518 ita
1443 488 1543 519 divini
1565 489 1746 521 intellectus
1761 491 1879 531 duplex
1894 498 1942 523 est
1956 492 2037 524 finis.
2061 494 2229 526 Proximus
2245 495 2377 536 quidem
2393 501 2442 526 est

1378 537 1415 562 ut
1437 541 1530 563 suam
1552 532 1692 565 formam
1713 535 1747 565 in
1770 537 1920 566 creaturis
1942 536 2090 568 inducat:
2120 539 2253 570 ultimus
2281 549 2359 570 vero
2393 545 2441 570 est

1378 576 1504 606 bonum
1527 576 1618 616 quod
1640 587 1679 608 ex
1701 578 1766 609 hoc
1787 579 1932 610 ultimate
1954 581 1989 611 in
2012 583 2161 612 creaturis
2182 583 2367 615 intenditur.
2398 584 2440 615 Et

1379 621 1456 660 quia
1479 620 1584 651 forma
1606 620 1705 652 divini
1728 623 1909 654 intellectus
1936 634 2000 664 qua
2023 626 2096 665 agit,
2124 632 2171 657 est
2201 629 2372 668 conceptio
2399 628 2440 659 ad

1379 665 1472 695 cuius
1494 665 1739 697 similitudinem
1760 676 1810 697 res
1833 668 2067 707 producuntur,
2091 678 2174 710 quae
2197 673 2368 712 conceptio
2392 677 2440 703 est

1378 709 1479 749 ipsius
1503 709 1684 740 intellectus
1706 711 1839 748 veritas;
1862 711 1937 743 ideo
1961 718 2113 749 creatura,
2138 723 2177 744 ex
2192 723 2232 745 eo
2248 715 2338 756 quod
2360 716 2440 747 divi·

1378 762 1455 784 nam
1482 754 1733 794 conceptionem
1763 755 1914 792 imitatur,
1936 758 2102 788 veritatem
2133 757 2233 789 divini
2261 760 2440 791 intellectus

1378 807 1439 838 pro
1462 797 1528 829 fine
1553 799 1704 839 proximo
1727 800 1849 840 agentis
1872 801 1986 838 habet;
2010 802 2086 842 quia
2107 811 2184 832 vero
2207 803 2242 834 in
2265 803 2328 834 hoc
2351 804 2441 844 quod

1379 851 1472 873 suam
1486 843 1653 874 veritatem
1667 843 1758 875 Deus
1773 850 1935 876 creaturae
1950 847 2179 883 communicat,
2194 847 2331 878 intendit
2346 849 2441 879 eu'am

1378 892 1416 917 ut
1437 888 1507 927 ipsa
1529 887 1656 919 divinae
1678 888 1830 920 bonitatis
1844 890 2004 930 particeps
2019 890 2183 927 efficiatur,
2198 891 2273 922 ideo
2289 897 2321 923 et
2336 891 2443 923 divina

1379 932 1476 962 etiam
1500 931 1627 963 bonitas
1650 933 1719 964 eius
1742 938 1790 964 est
1811 933 1945 965 ultimus
1968 933 2051 965 finis.

1435 976 1610 1008 Sciendum
1634 977 1788 1014 secundo,
1813 978 1903 1019 quod
1926 979 2062 1010 alicuius
2085 978 2216 1010 effectus
2237 979 2311 1010 finis
2337 985 2443 1020 potest

1380 1019 1551 1061 dupliciter
1573 1021 1636 1053 dici
1659 1022 1802 1054 ultimus.
1833 1023 1909 1054 Uno
1938 1023 2050 1060 modo,
2075 1024 2151 1063 quia
2180 1029 2227 1054 est
2258 1025 2402 1055 ultimate
2425 1034 2444 1055 a

1378 1066 1444 1096 suis
1468 1067 1572 1097 causis
1595 1066 1807 1098 efficientibus
1822 1067 2003 1098 secundum
2018 1067 2166 1099 ordinem
2180 1069 2379 1110 executionis
2394 1070 2443 1100 in-

1378 1114 1497 1141 tentus.
1521 1111 1596 1142 Alio
1619 1111 1731 1148 modo,
1756 1112 1832 1153 quia
1855 1121 1970 1144 causae
1994 1113 2063 1143 eius
2085 1112 2217 1143 ultimae
2239 1114 2273 1144 in
2291 1114 2342 1144 via
2352 1123 2443 1145 reso-

1379 1154 1512 1186 lutionis
1535 1161 1567 1186 et
1589 1165 1760 1196 supremae
1783 1162 1831 1187 est
1853 1156 1925 1188 finis
1947 1158 2108 1198 proprius.
2132 1157 2174 1188 Et
2196 1158 2260 1188 hoc
2281 1158 2394 1195 modo,
2417 1159 2444 1189 si

1379 1200 1449 1240 ipsa
1471 1209 1567 1231 causa
1589 1200 1702 1231 ultima
1724 1201 1832 1241 plures
1854 1201 1935 1238 fines
1966 1201 2122 1238 intendat,
2150 1203 2285 1242 quilibet
2313 1203 2444 1234 illorum

1380 1250 1488 1284 potest
1517 1244 1580 1276 dici
1610 1246 1743 1276 ultimus
1774 1246 1809 1276 in
1838 1245 1952 1277 ordine
1984 1246 2025 1277 ad
2055 1246 2246 1278 inferiorum
2276 1257 2444 1278 causarum

1380 1288 1475 1320 fines:
1492 1290 1686 1330 inquantum
1702 1289 1850 1321 videlicet
1865 1289 1944 1322 fines
1961 1291 2094 1322 aliarum
2109 1301 2277 1323 causarum
2295 1292 2330 1323 in
2345 1291 2445 1323 finem

1380 1335 1553 1374 superioris
1572 1344 1686 1366 causae
1705 1334 1907 1372 ordinantur;
1928 1335 2001 1366 finis
2016 1341 2124 1366 autem
2139 1346 2308 1376 supremae
2319 1346 2444 1373 causae,

1381 1379 1580 1419 quicumque
1604 1380 1643 1410 sit
1664 1379 1728 1416 ille,
1752 1389 1820 1410 non
1850 1379 2015 1410 ordinatur
2043 1381 2077 1410 in
2108 1380 2249 1421 aliquem
2272 1382 2445 1422 superioris

1381 1433 1496 1454 causae
1518 1423 1628 1460 finem,
1653 1433 1729 1455 cum
1752 1425 1822 1465 ipsa
1843 1424 1932 1455 nulla
1954 1425 2099 1464 superior
2118 1434 2213 1455 causa
2234 1426 2283 1456 sit.

1438 1468 1468 1499 3.
1484 1467 1537 1499 Ad
1551 1468 1687 1499 dubium
1703 1478 1779 1508 ergo
1804 1468 1919 1499 dicitur
1934 1468 2025 1509 quod
2046 1469 2160 1499 veritas
2183 1469 2297 1500 dicitur
2315 1470 2446 1501 ultimus

1381 1511 1454 1543 finis
1477 1513 1618 1544 universi
1640 1513 1704 1543 hoc
1719 1513 1863 1544 secundo
1879 1519 2005 1544 tantum
2020 1512 2132 1549 modo,
2149 1514 2225 1553 quia
2240 1513 2386 1545 videlicet
2401 1520 2449 1546 est

1374 1557 1531 1598 *proprius
1554 1556 1627 1588 finis
1650 1566 1819 1597 supremae
1841 1558 1942 1598 ipsius
1966 1567 2096 1588 causae:
2121 1567 2189 1588 non
2212 1563 2319 1589 autem
2342 1559 2447 1599 primo

1381 1601 1502 1638 modo,
1532 1607 1688 1642 tanquam
1717 1601 1866 1632 videlicet
1895 1602 2040 1632 ultimate
2069 1602 2220 1632 intentus.
2256 1602 2350 1633 Unde
2380 1613 2449 1634 non

1382 1645 1461 1677 dixit
1484 1646 1620 1678 Sanctus
1644 1646 1789 1677 Thomas
1813 1646 1903 1687 quod
1933 1646 2005 1677 finis
2032 1646 2165 1677 ultimus
2195 1647 2449 1688 uniuscuiusque

1369 1691 1429 1722 rei
1451 1691 1492 1721 sit
1515 1692 1572 1732 qui
1596 1691 1741 1722 ultimate
1764 1691 1803 1721 ab
1827 1691 1895 1722 eius
1919 1692 2023 1731 primo
2040 1696 2171 1722 auctore
2186 1691 2371 1728 intenditur,
2394 1692 2451 1723 sed

1382 1735 1530 1767 absolute
1554 1741 1585 1767 et
1607 1735 1790 1766 indistincte
1813 1736 1869 1776 qui
1891 1735 1931 1765 ab
1955 1735 2023 1765 eius
2049 1735 2159 1775 primo
2188 1741 2321 1767 auctore
2349 1737 2451 1767 inten-

1382 1780 1493 1812 ditur:
1515 1785 1552 1812 ut
1574 1779 1663 1811 daret
1689 1780 1864 1820 intelligere
1896 1779 1986 1820 quod
2016 1780 2122 1810 omnis
2151 1779 2224 1810 finis
2254 1790 2367 1812 causae
2398 1792 2451 1812 su-

1382 1835 1514 1867 premae
1543 1826 1695 1866 proprius
1724 1825 1820 1855 habet
1843 1825 2001 1855 rationem
2023 1823 2129 1854 ultimi
2158 1823 2230 1855 finis
2256 1826 2290 1856 in
2320 1835 2451 1867 compa-

1382 1871 1508 1901 ratione
1531 1868 1572 1900 ad
1595 1869 1728 1900 aliarum
1751 1878 1920 1900 causarum
1942 1868 2034 1904 fines,
2058 1869 2154 1899 etiam
2177 1869 2202 1899 si
2225 1869 2265 1900 sit
2286 1872 2452 1910 proximus

1382 1915 1452 1946 eius
1476 1913 1559 1946 finis.
1584 1914 1716 1945 Bonitas
1740 1919 1848 1945 autem
1871 1913 1978 1944 divina
2001 1913 2116 1944 dicitur
2138 1913 2270 1945 ultimus
2291 1914 2364 1946 finis
2380 1917 2451 1947 uni-

1382 1959 1466 1991 versi
1490 1968 1559 1990 non
1586 1964 1714 1990 tantum
1741 1958 1884 1990 secundo
1912 1957 2028 1994 modo,
2056 1957 2112 1988 sed
2139 1958 2235 1989 etiam
2261 1961 2377 2000 primo,
2411 1971 2451 1992 eo

1381 2004 1504 2036 scilicet
1527 2003 1619 2045 quod
1642 2003 1787 2034 ultimate
1811 2013 1829 2034 a
1852 2012 2002 2043 suprema
2025 2011 2120 2033 causa
2135 2002 2175 2032 sit
2195 2003 2352 2035 intentus:
2376 2015 2451 2036 nam

1382 2054 1516 2090 propter
1538 2049 1603 2080 hoc
1619 2047 1746 2079 divinus
1761 2047 1941 2079 intellectus
1964 2046 2206 2078 similitudinem
2221 2057 2298 2079 suae
2312 2050 2451 2081 veritatis

1382 2094 1417 2124 in
1439 2093 1627 2124 universum
1650 2091 1784 2128 inducit,
1808 2097 1844 2123 ut
1866 2091 2007 2123 divinam
2030 2091 2207 2123 bonitatem
2222 2099 2453 2134 assequatur.-

1381 2137 1628 2169 Attendendum
1650 2143 1760 2168 autem
1783 2136 1884 2178 quod,
1907 2136 1982 2167 licet
2004 2137 2118 2167 veritas
2148 2137 2188 2167 sit
2216 2136 2289 2168 finis
2318 2139 2451 2170 ultimus

1382 2182 1525 2214 universi
1547 2181 1692 2213 secundo
1715 2181 1828 2218 modo,
1851 2186 2007 2221 tanquam
2022 2180 2170 2212 videlicet
2185 2191 2204 2211 a
2218 2191 2367 2222 suprema
2383 2184 2453 2218 eius

1383 2237 1479 2258 causa
1494 2227 1648 2263 intentus,
1661 2227 1814 2257 convenit
1829 2231 1937 2257 tamen
1948 2225 2010 2266 ipsi
2021 2230 2058 2256 ut
2069 2225 2165 2256 etiam
2176 2225 2216 2256 sit
2227 2227 2366 2258 universi
2380 2227 2452 2259 finis

1382 2272 1560 2313 proximus,
1572 2271 1767 2312 inquantum
1779 2271 1965 2301 universum
1977 2269 2100 2300 nullam
2110 2270 2206 2301 habet
2217 2271 2311 2302 aliam
2323 2281 2452 2303 causam

1383 2316 1579 2348 efficientem
1601 2321 1726 2357 praeter
1749 2324 1943 2355 supremam,
1961 2313 2017 2345 sed
2036 2314 2106 2354 ipse
2125 2314 2304 2346 intellectus
2327 2315 2453 2348 divinus

1383 2366 1431 2392 est
1454 2361 1524 2392 eius
1547 2366 1579 2391 et
1601 2361 1705 2401 prima
1728 2365 1760 2390 et
1782 2360 1929 2400 proxima
1949 2368 2054 2389 causa.
2082 2358 2177 2390 Unde
2202 2360 2316 2390 veritas
2339 2360 2453 2392 dicitur

1382 2405 1517 2437 ultimus
1532 2404 1606 2435 finis
1621 2405 1763 2436 universi
1777 2404 1971 2444 inquantum
1986 2402 2166 2435 intellectus
2190 2410 2237 2435 est
2259 2405 2327 2436 eius
2350 2406 2452 2446 prima

1383 2455 1415 2482 et
1437 2459 1589 2491 suprema
1612 2459 1720 2480 causa:
1745 2449 1940 2489 inquantum
1965 2457 2043 2479 vero
2068 2447 2156 2480 idem
2182 2449 2360 2480 intellectus
2384 2450 2452 2480 eius

1383 2500 1432 2526 est
1447 2495 1544 2526 etiam
1558 2495 1706 2535 proxima
1722 2503 1828 2530 causa,
1840 2494 2006 2534 proximus
2021 2502 2155 2534 quoque
2170 2493 2242 2524 finis
2258 2493 2321 2525 dici
2334 2499 2451 2534 potest.

1438 2538 1592 2571 Secundo
1615 2540 1713 2570 etiam
1735 2538 1924 2580 responderi
1946 2538 1987 2569 ad
2009 2538 2073 2569 hoc
2088 2539 2224 2570 dubium
2238 2544 2346 2578 potest
2361 2538 2451 2579 quod

1383 2593 1422 2615 ex
1447 2593 1486 2615 eo
1512 2583 1603 2625 quod
1625 2585 1759 2626 ponitur
1774 2583 1887 2614 veritas
1903 2592 1971 2614 esse
1986 2583 2127 2614 universi
2141 2583 2272 2613 ultimus
2287 2582 2369 2619 finis,
2384 2592 2452 2613 non

1384 2628 1565 2660 excluditur
1588 2628 1696 2660 divina
1718 2629 1859 2664 bonitaS,
1884 2626 1940 2659 sed
1969 2627 2078 2668 potius
2106 2627 2290 2658 includitur.
2320 2627 2451 2657 Bonitas

1385 2674 1472 2704 enim
1495 2673 1613 2710 divina,
1637 2679 1674 2705 ut
1696 2673 1813 2704 dicitur
1836 2673 1862 2703 11
1881 2672 1980 2708 Sent.,
2005 2672 2035 2703 d.
2052 2682 2073 2708 1,
2098 2682 2129 2713 q.
2146 2682 2178 2708 11,
2203 2682 2230 2702 a.
2251 2681 2279 2708 2,
2295 2671 2334 2702 ad
2354 2671 2384 2707 3,
2402 2681 2451 2702 se-

1383 2718 1526 2754 cundum
1550 2718 1698 2749 ordinem
1721 2723 1753 2750 et
1775 2718 1905 2748 modum
1928 2726 1991 2758 quo
2015 2722 2063 2747 est
2088 2726 2109 2747 a
2133 2717 2202 2747 Deo
2226 2716 2340 2751 volita,
2365 2725 2451 2746 crea-

1383 2768 1528 2794 turarum
1551 2769 1600 2794 est
1622 2762 1705 2794 finis.
1730 2763 1818 2794 Cum
1841 2767 1949 2793 autem
1971 2761 2089 2792 modus
2111 2761 2228 2792 volitus
2251 2760 2376 2791 divinae
2392 2760 2450 2790 bo-

1383 2807 1490 2838 nitatis
1506 2808 1546 2838 sit
1560 2807 1742 2839 secundum
1757 2806 1894 2839 modum
1910 2806 2131 2847 conceptionis
2147 2804 2246 2836 divini
2260 2805 2448 2841 intellectus,

1383 2852 1530 2893 sequitur
1553 2851 1644 2893 quod
1667 2852 1774 2884 divina
1797 2853 1922 2883 bonitas
1945 2852 2004 2882 sub
2028 2850 2082 2881 tali
2104 2849 2204 2880 modo
2229 2850 2448 2880 communica-

1383 2897 1480 2927 tionis
1504 2902 1663 2938 concepta
1685 2899 1725 2928 sit
1747 2896 1820 2927 finis
1842 2897 1975 2928 ultimus
1997 2895 2147 2926 universi.
2179 2893 2242 2925 Sed
2264 2895 2389 2924 bonitas
2412 2899 2449 2924 ut

1383 2942 1430 2972 sic
1453 2947 1612 2982 concepta
1634 2942 1730 2972 habet
1756 2942 1915 2972 rationem
1944 2941 2092 2970 veritatis.
2117 2939 2203 2975 Ideo,
2228 2938 2306 2969 dum
2335 2938 2450 2969 dicitur

1384 2985 1476 3026 quod
1498 2987 1614 3017 veritas
1636 2992 1684 3017 est
1706 2985 1779 3017 finis
1802 2986 1951 3021 universi,
1975 2994 2043 3015 non
2066 2983 2244 3014 excluditur
2266 2983 2400 3018 bonitas,
2418 2988 2449 3013 et

1384 3030 1464 3061 dum
1487 3030 1603 3062 dicitur
1635 3030 1726 3071 quod
1755 3031 1880 3061 bonitas
1912 3034 1959 3060 est
1990 3029 2073 3065 finis,
2097 3038 2165 3058 non
2188 3027 2365 3058 excluditur
2394 3036 2447 3057 ve-

1383 3075 1468 3111 ritas,
1492 3074 1549 3106 sed
1571 3080 1688 3105 mutuo
1712 3084 1746 3105 se
1769 3074 1948 3105 includunt.
1981 3072 2074 3104 Unde
2105 3073 2138 3102 in
2166 3072 2226 3102 hac
2248 3081 2282 3102 re
2304 3071 2392 3102 nulla
2414 3071 2447 3102 in

1383 3119 1530 3150 doctrina
1553 3119 1661 3151 Sancti
1685 3119 1833 3149 Thomae
1857 3124 1904 3149 est
1926 3117 2144 3148 contradictio.

1438 3173 1470 3202 4.
1495 3164 1544 3194 Ex
1571 3164 1620 3194 his
1652 3163 1785 3194 faciliter
1814 3162 1854 3194 ad
1884 3163 2025 3203 primurn
2056 3160 2190 3191 dubium
2224 3158 2444 3199 respondetur.

1382 3203 1509 3239 Dicitur
1532 3209 1619 3239 enim
1642 3207 1732 3248 quod
1754 3217 1812 3248 per
1834 3208 1898 3238 hoc
1921 3205 2011 3247 quod
2035 3204 2149 3235 dicitur
2163 3204 2361 3234 intellectum
2378 3212 2446 3234 esse

1381 3253 1525 3293 primum
1540 3255 1707 3283 auctorem
1722 3252 1872 3288 universi,
1888 3261 1956 3282 non
1972 3249 2149 3281 excluditur
2164 3247 2270 3279 divina
2285 3247 2445 3283 voluntas,

1382 3297 1439 3328 sed
1461 3297 1652 3328 includitur:
1678 3297 1754 3337 quia
1776 3295 1882 3326 divina
1904 3295 2034 3326 scientia
2056 3303 2124 3324 non
2146 3297 2193 3323 est
2215 3301 2310 3332 causa
2338 3301 2446 3322 rerum

1382 3342 1444 3372 nisi
1473 3341 1623 3372 adiuncta
1654 3341 1828 3376 voluntate,
1853 3345 1889 3370 ut
1911 3339 2042 3370 inferius
2057 3339 2074 3354 ⁴*
2098 3335 2291 3367 ostendetur.
2320 3336 2445 3366 Verun-

1381 3391 1491 3417 tamen
1515 3386 1591 3426 quia
1614 3385 1718 3416 forma
1741 3394 1840 3425 quam
1855 3384 1980 3414 divinus
1997 3379 2127 3412 effectu‘s
2142 3380 2289 3421 proxime
2303 3381 2446 3411 imitatur

1382 3436 1430 3461 est
1451 3431 1486 3460 in
1508 3430 1683 3466 intellectu,
1707 3428 1781 3460 ideo
1814 3428 1940 3459 divinus
1969 3426 2147 3457 intellectus
2178 3424 2294 3455 dicitur
2322 3425 2445 3464 primus

1381 3475 1522 3506 universi
1538 3480 1668 3504 auctor:
1693 3478 1825 3514 propter
1840 3471 1930 3512 quod
1945 3476 1977 3501 et
1998 3471 2033 3500 in
2056 3469 2150 3501 Sacra
2173 3468 2361 3509 Scriptura*
2383 3478 2445 3509 po-

1380 3520 1468 3550 nitur
1491 3519 1652 3559 Sapientia
1674 3527 1781 3548 rerum
1797 3516 1937 3547 creatrix.
1961 3514 2067 3544 Huius
2091 3513 2275 3553 exemplum
2298 3513 2332 3544 in
2348 3512 2444 3544 artifi-

1382 3564 1514 3594 cialibus
1538 3562 1637 3593 videri
1659 3567 1782 3602 potest:
1813 3569 1888 3591 nam
1917 3559 1991 3589 licet
2019 3558 2128 3588 artifex
2158 3567 2215 3598 per
2244 3557 2445 3591 voluntatem

1382 3613 1542 3648 operetur,
1567 3606 1682 3637 dicitur
1711 3612 1819 3636 tamen
1849 3603 1994 3634 absolute
2021 3612 2117 3643 agens
2148 3611 2206 3642 per
2234 3602 2444 3637 intellectum,

1382 3658 1513 3693 propter
1537 3650 1654 3681 dictam
1677 3651 1844 3680 rationem.

2474 3338 2483 3347 ‘
2499 3337 2557 3365 Cap.
2571 3343 2644 3359 Lxxn.

2472 3475 2481 3483 ·
2495 3474 2554 3502 Sap.
2568 3479 2611 3498 vu,
2626 3479 2661 3495 τι.
