2768 4134
51 801 62 810 '
76 798 112 821 Cf.
128 804 151 820 n.
162 804 193 825 iv,
205 805 237 821 xi.

0 2492 6 2503 '
50 2494 60 2506 ·
73 2493 143 2516 Num.
159 2499 236 2521 praec.

51 3028 251 3056 *commentem-
259 3035 267 3050 ι

15 3072 17 3076 ,
52 3054 101 3084 (ΕΙ).
110 3055 265 3085 11),n.1vaqq.

762 271 952 310 SUMMA
980 270 1203 309 CONTRA
1231 269 1506 316 GENTILES,
1534 272 1628 308 LIB.
1650 272 1692 317 11,
1722 272 1832 309 CAP.
1859 273 2026 310 LXXIII.

291 358 419 384 tantum
441 351 647 382 materialiter
663 356 695 381 et
709 350 834 380 ratione
851 349 1002 386 subiecti3
1027 348 1118 389 quod
1132 357 1203 378 non
1218 353 1266 378 est
1281 347 1368 378 aliud

292 397 399 428 dicere
424 405 524 437 quam
540 395 632 436 quod
655 395 799 426 subiecta
814 394 941 425 illarum
965 398 1041 424 sunt
1056 393 1153 424 unius
1177 392 1297 432 speciei
1313 398 1369 423 aut

292 441 491 472 diversarum
518 441 711 481 specierum.
742 439 791 469 Ex
819 438 937 478 quibus
969 438 1115 478 sequitur
1145 436 1246 477 quod,
1270 437 1298 466 si
1321 436 1368 467 di-

291 495 383 517 versa
406 486 638 526 phantasmata,
655 483 743 515 idem
758 482 936 514 formaliter
951 481 1133 513 secundum
1156 481 1299 522 speciem
1318 481 1382 511 re-'

292 531 538 571 praesentantia,
554 530 589 560 in
605 528 723 559 eodem
739 528 886 558 subiecto
902 533 1076 568 ponantur,
1092 526 1147 557 illa
1161 525 1253 557 nullo
1265 525 1368 556 modo

292 580 448 616 poterunt
471 574 535 605 dici
558 572 740 604 secundum
767 572 910 612 speciem
941 571 1081 602 diversa:
1113 580 1190 602 cum
1221 575 1252 600 et
1280 569 1368 601 idem

294 619 475 651 secundum
498 618 642 659 speciem
665 617 832 648 obiectum
854 621 1104 656 repraesentent,
1121 621 1153 646 et
1169 615 1232 646 sint
1254 615 1288 645 in
1312 625 1368 645 eo-

293 664 369 695 dem
391 664 540 694 subiecto
564 661 746 693 secundum
770 661 913 701 speciem
929 666 960 691 et
976 660 1160 692 secundum
1181 669 1367 691 numerum.

293 709 334 740 Et
357 708 403 739 sic
426 713 515 748 patet
538 706 780 737 distinctionem
794 706 884 736 illam
902 705 1027 736 nullam
1050 714 1130 741 esse,
1154 709 1252 745 atque
1271 705 1369 735 etiam

293 752 412 784 falsum
435 752 612 783 continere.

347 796 432 827 VIII.
463 796 586 832 Quinto
617 795 660 826 ad
680 795 868 835 principale
896 794 1055 824 intentum
1083 794 1241 836 arguitur
1258 794 1285 823 ἥ.
1317 793 1369 824 In-

292 841 439 872 tellectus
463 840 626 880 possibilis
650 845 698 870 est
721 848 789 880 quo
817 838 965 878 intelligit
996 839 1114 869 anima.
1145 838 1244 879 Ergo,
1268 838 1294 868 si
1321 844 1369 868 est

292 895 379 917 unus
402 891 434 916 et
457 884 545 916 idem
568 893 707 915 numero
730 884 828 915 huius
852 888 884 913 et
906 883 992 913 illius
1014 883 1168 919 hominis,
1193 888 1224 914 et
1251 882 1369 913 intelli-

291 939 367 970 gere
391 930 561 969 utriusque
577 930 636 960 erit
658 937 764 960 unum
779 933 812 959 et
826 927 924 959 idem.
949 927 1025 957 Hoc
1041 933 1151 958 autem
1174 933 1222 958 est
1245 927 1368 967 impos-

292 975 398 1005 sibile:
424 983 500 1005 cum
524 973 726 1005 diversorum
747 971 993 1003 individuorum
1008 981 1077 1002 non
1092 972 1195 1012 possit
1218 981 1284 1003 una
1299 981 1368 1002 esse

293 1019 450 1059 operatio.
475 1018 562 1058 Ergo
579 1023 640 1049 etc.
655 1035 680 1040 —
694 1017 852 1048 Probatur
867 1016 1111 1055 consequentia.
1135 1015 1223 1054 Quia
1245 1015 1279 1046 id
1299 1026 1367 1056 quo

292 1063 415 1104 aliquid
437 1068 590 1103 operatur
605 1067 661 1092 aut
676 1062 750 1102 agit,
767 1066 815 1093 est
830 1060 1030 1101 principium
1051 1060 1092 1091 ad
1116 1060 1208 1100 quod
1223 1062 1369 1101 sequitur

293 1108 440 1148 operatio
464 1116 533 1139 non
556 1105 665 1138 solum
688 1111 848 1146 quantum
879 1104 919 1135 ad
949 1114 1019 1135 esse
1048 1104 1160 1145 ipsius,
1184 1105 1241 1136 sed
1271 1106 1368 1137 etiam

293 1157 452 1192 quantum
475 1150 516 1182 ad
538 1151 698 1182 unitatem
721 1155 753 1181 et
776 1149 1036 1180 multitudinem:
1061 1150 1100 1180 ab
1120 1159 1189 1181 uno
1205 1150 1293 1181 enim
1317 1160 1368 1181 ca-

291 1197 361 1227 lore
383 1205 452 1226 non
475 1200 584 1236 potest
606 1204 676 1226 esse
699 1195 762 1226 nisi
784 1203 851 1224 una
881 1193 1050 1224 calefactio
1074 1195 1192 1231 activa;
1221 1195 1370 1235 quamvis

290 1240 418 1281 possint
440 1249 510 1271 esse
532 1239 655 1270 multae
678 1238 906 1270 calefactiones
928 1239 1084 1278 passivae.

341 1286 380 1315 12.
402 1283 456 1316 Ad
478 1285 566 1319 hanc,
577 1284 738 1315 rationem
762 1283 827 1314 dici
849 1288 961 1323 posset
977 1282 1067 1323 quod
1090 1283 1268 1323 intelligere
1283 1283 1369 1314 mul-

291 1328 454 1370 tiplicatur
472 1328 658 1360 >secundum
681 1328 897 1359 diversitatem
920 1328 1193 1368 phantasmatum.

347 1372 412 1405 Sed
434 1373 500 1405 hoc
522 1382 591 1404 non
606 1373 691 1404 tollit
706 1373 876 1404 rationem.
894 1372 983 1403 Tum
1007 1373 1083 1412 quia
1106 1372 1284 1412 intelligere
1300 1381 1369 1404 non

292 1422 341 1451 est
363 1418 510 1459 operatio
532 1418 700 1454 transiens,
723 1416 782 1448 sed
803 1422 914 1448 manet
942 1417 977 1448 in
1005 1417 1079 1457 ipso
1109 1421 1234 1457 agente.
1259 1417 1301 1447 Et
1323 1417 1369 1448 sic

291 1471 361 1494 non
374 1467 492 1503 ,potest
513 1462 721 1502 multiplicari
744 1471 802 1502 per
824 1461 1058 1502 phantasmata.

347 1506 437 1542 Tum
460 1507 537 1547 quia
560 1507 784 1547 phantasmata
806 1515 841 1537 se
863 1506 984 1537 habent
1005 1505 1045 1536 ad
1068 1505 1270 1536 intellectum
1292 1515 1370 1545 pos-

291 1550 418 1582 sibilem
435 1550 683 1591 quodammodo
707 1551 791 1582 sicut
806 1551 950 1581 activum
965 1549 1006 1581 ad
1020 1550 1202 1591 passivum:
1227 1559 1304 1581 curn
1319 1550 1368 1586 in·

290 1595 434 1636 telligere
457 1596 498 1627 sit
512 1595 677 1636 quoddam
686 1595 771 1635 pati.
788 1595 858 1626 Pati
874 1600 983 1626 autem
1005 1595 1108 1635 ipsius
1130 1595 1291 1635 patientis,
1307 1595 1368 1625 sci-

279 1639 368 1674 licet
390 1640 498 1676 unius,
523 1639 756 1670 diversificatur
786 1638 968 1670 secundum
999 1638 1139 1670 diversas
1168 1638 1291 1670 formas
1313 1644 1370 1669 aut

291 1684 415 1725 species
438 1684 629 1720 activorum,
645 1693 716 1715 non
731 1683 913 1715 secundum
937 1683 1153 1715 diversitatem
1176 1693 1292 1715 eorum
1307 1693 1368 1714 nu-

290 1727 455 1765 meralem.
479 1728 581 1767 Quod
611 1728 790 1760 declaratur
820 1729 855 1759 in
886 1727 1108 1764 calefactione,
1131 1728 1166 1758 in
1190 1737 1264 1768 qua,
1292 1737 1369 1759 cum

290 1777 606 1805 motusnumeretur
621 1772 804 1804 secundum
819 1774 996 1804 terminum
1012 1772 1053 1803 ad
1070 1782 1180 1813 quem,
1198 1778 1230 1804 et
1249 1772 1370 1813 duplex

291 1816 379 1853 calor
402 1817 548 1849 eiusdem
571 1818 691 1858 speciei
714 1827 784 1849 non
806 1818 910 1858 possit
930 1827 1000 1849 esse
1022 1818 1056 1848 in
1081 1817 1198 1848 eodem
1222 1818 1368 1849 subiecto

290 1860 409 1895 eodem
432 1867 591 1902 tempore,
614 1871 684 1893 non
706 1867 816 1902 potest
831 1871 900 1893 esse
916 1861 1036 1902 duplex
1059 1860 1200 1892 calefieri
1222 1861 1319 1893 simul
1334 1862 1369 1893 in

291 1905 411 1938 eodem
433 1907 591 1943 subiecto,
614 1907 678 1937 nisi
692 1907 732 1936 sit
755 1906 817 1936 alia
831 1906 956 1946 species
980 1906 1111 1936 caloris:
1136 1906 1220 1936 sicut
1234 1906 1369 1945 ponitur

290 1950 326 1982 in
348 1950 472 1982 semine
488 1951 685 1991 calor-ignis,
702 1950 782 1981 caeli
799 1956 831 1980 et
846 1951 974 1981 animae
985 1951 1012 1981 *.
1036 1950 1078 1980 Et
1092 1950 1138 1980 sic
1153 1959 1222 1980 non
1238 1954 1369 1990 oportet

291 2003 350 2035 per
376 1995 602 2035 phantasmata
630 2004 770 2026 numero
801 1994 926 2026 diversa
953 1995 986 2025 in
1018 1993 1152 2025 diversis
1179 1994 1368 2025 hominibus

291 2039 402 2080 ipsum
424 2039 602 2080 intelligere
631 2038 847 2076 diversificari,
872 2048 940 2079 quo
971 2048 1076 2069 unum
1099 2035 1141 2069 et*
1159 2037 1247 2069 idem
1271 2038 1368 2069 simul

291 2083 488 2124 intelligunt.

348 2127 437 2159 Tum
460 2128 538 2169 quia
560 2127 743 2159 intellectus
764 2127 928 2168 possibilis
952 2127 1102 2168 intelligit
1124 2127 1296 2158 hominem
1317 2128 1368 2158 in-

292 2177 452 2213 quantum
467 2177 516 2204 est
530 2173 633 2203 horno
650 2172 847 2212 simpliciter,
865 2172 1045 2203 secundum
1061 2171 1222 2202 rationem
1237 2172 1367 2212 speciei,

290 2217 579 2258 non-inquantum
603 2221 651 2248 est
672 2216 727 2247 hic
741 2217 855 2247 homo.
872 2216 963 2247 Haec
986 2222 1096 2247 autem
1118 2216 1200 2246 ratio
1225 2222 1273 2247 est
1292 2225 1367 2253 una,

292 2266 596 2303 quantumcumque
619 2261 844 2301 phantasmata
866 2260 1008 2291 hominis
1023 2260 1279 2292 diversificentur
1301 2261 1368 2292 sive

290 2307 325 2339 in
348 2315 417 2337 uno
440 2307 507 2337 sive
523 2306 558 2337 in
581 2305 723 2336 diversis.
740 2305 783 2336 Et
797 2305 843 2336 sic
857 2305 1086 2345 multiplicatio
1106 2305 1368 2345 phantasmatum

290 2360 361 2382 non
382 2355 492 2392 potest
507 2360 577 2382 esse
592 2359 690 2380 causa
705 2349 796 2390 quod
810 2349 1045 2390 multiplicetur
1059 2350 1169 2390 ipsum
1190 2350 1368 2390 intelligere

290 2401 442 2436 respectu
463 2395 561 2426 unius
583 2395 714 2435 speciei.

347 2439 401 2470 IX.
431 2438 526 2470 Circa
549 2439 811 2480 propositionem
840 2443 1039 2479 assumptam
1069 2438 1111 2469 ad
1140 2439 1369 2479 probationem

292 2484 547 2524 consequentiae
570 2483 755 2524 principalis
779 2483 960 2523 argumenti
975 2484 1002 2520 *,
1033 2483 1156 2514 scilicet
1179 2483 1270 2523 quod
1294 2493 1369 2524 ope-

293 2528 380 2565 ratio
403 2529 552 2569 sequitur
577 2527 622 2559 ad
644 2527 679 2559 id
700 2537 764 2568 quo
796 2527 922 2569 aliquid
951 2533 1119 2568 operatur,
1142 2533 1301 2568 quantum
1323 2528 1368 2558 ad

293 2572 534 2604 multitudinem
549 2577 581 2603 et
596 2572 762 2609 unitatem,
780 2578 822 2609 et,
839 2572 879 2604 ab
895 2571 1008 2603 eodem
1031 2573 1144 2603 calore
1159 2582 1225 2603 non
1242 2577 1290 2603 est
1305 2572 1369 2603 nisi

293 2627 395 2648 unum
418 2617 611 2659 calefacere,
635 2617 784 2658 quamvis
798 2617 908 2658 possit
930 2626 999 2648 esse
1018 2617 1189 2657 multiplex
1212 2617 1366 2658 calefieri,

292 2661 467 2693 dubitatur.
492 2661 578 2700 Quia
597 2662 682 2692 actio
707 2666 739 2692 et
760 2661 868 2702 passio
885 2666 960 2692 sunt
982 2671 1087 2692 unum
1110 2661 1268 2698 subiecto,
1293 2661 1368 2692 licet

258 2729 264 2736 .
293 2705 531 2746 distinguantur
550 2705 742 2736 formaliter:
767 2712 802 2736 ut
818 2705 935 2736 dicitur
950 2705 993 2737 111
1007 2705 1224 2746 Plyrsicorum
1236 2706 1263 2736 ἦ
1279 2705 1367 2746 Ergo

292 2760 362 2782 non
388 2749 515 2781 videtur
537 2759 635 2791 posse
661 2759 766 2781 unum
792 2749 1010 2790 multiplicari,
1038 2749 1139 2781 altero
1166 2759 1235 2781 non
1257 2750 1367 2780 multi-

293 2794 425 2835 plicato.
450 2794 484 2826 Si
507 2804 584 2835 ergo
607 2799 683 2825 sunt
697 2794 791 2834 plura
813 2793 961 2831 calefieri,
978 2799 1108 2834 oportet
1131 2800 1168 2825 ut
1189 2795 1253 2826 sint
1274 2794 1368 2835 plura

294 2838 484 2878 calefacere;
509 2844 541 2870 et
563 2839 590 2869 si
613 2847 717 2869 unum
737 2844 784 2869 est
807 2838 992 2875 calefacere,
1017 2838 1108 2879 quod
1131 2839 1172 2869 sit
1194 2848 1298 2870 unum
1315 2848 1367 2870 ca-

293 2882 410 2921 lefieri3
435 2889 467 2915 et
489 2883 720 2920 universaliter,
744 2883 772 2913 si
795 2888 843 2913 est
865 2893 931 2914 una
958 2883 1043 2913 actio
1072 2889 1104 2914 et
1133 2893 1238 2914 unum
1262 2893 1366 2924 agere,

294 2927 385 2969 quod
408 2928 448 2958 sit
471 2937 536 2958 una
559 2927 666 2967 passio
690 2933 722 2958 et
745 2936 849 2966 unum
872 2928 948 2968 pati.

354 2981 384 3003 2.
407 2971 461 3003 Ad
475 2972 573 3003 huius
587 2972 633 3002 rei
650 2971 865 3008 evidentiam,
875 2971 1044 3002 sciendum
1059 2971 1161 3012 quod,
1178 2981 1254 3002 cum
1270 2973 1366 3009 actio,

294 3021 331 3047 ut
353 3017 501 3057 superius
516 3017 533 3033 ⁵*
557 3021 604 3046 est
628 3015 887 3052 determinatum,
903 3025 971 3046 non
995 3014 1081 3046 dicat
1103 3016 1166 3046 nisi
1188 3021 1318 3047 motum
1333 3017 1367 3047 in

294 3066 395 3098 recto,
412 3061 469 3102 qui
482 3066 529 3091 est
544 3061 578 3091 in
593 3061 746 3100 patiente,
764 3065 795 3091 et
810 3059 1034 3091 habitudinem
1049 3060 1083 3091 in
1099 3060 1209 3101 aliquo
1222 3070 1280 3100 per
1295 3070 1367 3091 mo-

294 3105 374 3136 dum
390 3104 597 3141 differentiae,
614 3114 698 3145 quae
714 3109 762 3135 est
776 3104 811 3135 in
826 3109 958 3145 agente;
974 3109 1104 3145 oportet
1118 3104 1211 3145 loqui
1227 3104 1267 3135 de
1282 3105 1367 3135 mul-

293 3150 495 3191 tiplicatione
511 3149 646 3180 actionis
663 3154 822 3189 quantum
845 3148 886 3180 ad
904 3158 1001 3179 suum
1016 3149 1190 3184 materiale,
1207 3158 1248 3179 eo
1264 3149 1366 3180 modo

294 3204 363 3235 quo
387 3194 428 3225 de
442 3194 713 3234 multiplicatione
735 3198 862 3230 motus;
887 3202 954 3233 quo
974 3198 1083 3224 autem
1100 3192 1141 3223 ad
1163 3192 1309 3230 formale,
1325 3203 1365 3224 eo

293 3238 395 3270 modo
421 3248 488 3279 quo
513 3238 553 3269 de
575 3238 846 3278 multiplicatione
862 3237 1035 3268 relationis.
1053 3236 1140 3268 Cum
1157 3247 1233 3277 ergo
1256 3243 1367 3268 motus

295 3283 336 3315 sit
350 3284 384 3314 in
399 3283 531 3320 mobili;
548 3288 580 3313 et
601 3281 689 3313 idem
711 3281 860 3312 accidens
882 3291 1021 3312 numero
1036 3291 1105 3312 non
1123 3282 1226 3322 possit
1245 3291 1313 3312 esse
1331 3283 1366 3313 in

295 3327 427 3361 diversis
442 3327 611 3363 subiectis;
628 3332 660 3357 et
674 3325 795 3357 idcirco
810 3326 1044 3366 multiplicetur
1058 3331 1169 3356 motus
1185 3325 1366 3357 secundum

293 3371 600 3412 multiplicationem
615 3371 802 3402 mobilium:
819 3379 952 3401 necesse
963 3375 1021 3406 est,
1034 3370 1060 3400 si
1071 3369 1164 3410 plura
1179 3369 1314 3402 mobilia
1325 3371 1365 3401 ab

293 3425 363 3447 uno
378 3421 533 3447 movente
547 3421 750 3452 moveantur,
767 3414 857 3455 quod
872 3415 935 3445 sint
950 3415 989 3444 ab
1005 3413 1062 3444 illo
1080 3419 1234 3445 movente
1257 3414 1366 3454 plures

294 3465 405 3491 motus
427 3461 462 3491 in
484 3460 632 3500 pluribus
661 3460 837 3491 mobilibus
860 3459 992 3499 recepti.
1017 3458 1060 3488 Et
1081 3459 1138 3495 sic,
1169 3467 1245 3489 cum
1268 3459 1364 3496 actio,

293 3504 500 3536 materialiter
523 3510 652 3545 sumpta
668 3510 699 3535 et
715 3510 874 3545 quantum
898 3503 938 3534 ad
952 3503 986 3534 id
1002 3502 1093 3543 quod
1108 3501 1184 3533 dicit
1207 3503 1242 3533 in
1264 3508 1364 3540 recto,

293 3559 364 3580 non
386 3550 427 3580 sit
442 3548 530 3580 aliud
546 3558 645 3590 quam
660 3554 785 3585 motus;
802 3558 933 3579 necesse
956 3553 1013 3584 est,
1029 3547 1087 3578 ubi
1109 3556 1212 3577 unum
1228 3556 1365 3578 movens

294 3593 397 3624 multa
418 3593 554 3624 mobilia
575 3599 696 3630 movet,
722 3592 813 3634 quod
842 3593 881 3623 ab
905 3592 962 3623 illo
992 3592 1056 3622 sint
1085 3591 1194 3631 plures
1221 3591 1365 3623 actiones

294 3638 500 3673 materialiter
527 3643 686 3678 sumptae.
718 3637 806 3668 Cum
834 3647 912 3668 vero
943 3636 1066 3673 relatio,
1096 3645 1179 3676 quae
1209 3640 1365 3676 tauquam

437 3700 532 3726 Sum
551 3700 662 3725 Con-rna
681 3699 816 3725 Gan-ntus
835 3700 866 3725 D.
885 3699 1000 3724 Taoiua
1019 3698 1089 3723 Tou.
1109 3698 1126 3723 Ι.

2413 276 2487 322 465

1422 347 1599 379 differentia
1626 350 1761 380 nomine
1784 351 1923 382 actionis
1946 352 2148 392 importatur,
2176 354 2216 384 sit
2238 355 2272 385 in
2295 361 2419 395 agente.
2444 365 2493 390 se-

1422 392 1568 423 cundum
1591 403 1766 424 numerum
1781 395 1988 435 multiplicari
2004 406 2071 426 non
2087 402 2195 437 potest
2218 399 2252 429 in
2271 399 2388 430 eodem
2411 406 2492 431 tem-

1421 445 1502 476 pore
1514 437 1576 466 nisi
1589 438 1769 468 secundum
1786 440 2089 479 multiplicationem
2102 443 2283 481 agentium:
2301 444 2393 484 plura
2405 446 2493 476 enim

1422 480 1601 511 accidentia
1628 482 1699 512 solo
1729 492 1867 513 numero
1898 484 2076 516 differentia
2104 496 2174 516 non
2201 495 2338 527 possunt
2361 499 2430 522 esse
2458 490 2491 521 in

1423 524 1541 555 eodem
1557 526 1703 556 subiecto
1720 527 1899 566 adaequato
1917 529 2023 559 simul.
2041 530 2081 560 Et
2096 530 2227 568 idcirco,
2244 533 2270 562 si
2293 543 2398 564 unum
2420 543 2492 564 mo-

1422 578 1500 600 vens
1524 569 1620 600 simul
1645 569 1767 600 diversa
1791 572 1925 602 mobilia
1948 580 2078 604 moveat
2102 575 2214 606 eadem
2241 578 2349 617 specie
2371 584 2491 615 motuS,

1423 613 1515 654 quod
1537 612 1574 644 fit
1590 613 1670 644 dum
1686 614 1803 644 eodem
1820 615 1947 646 formali
1963 618 2123 658 principio
2139 627 2264 657 movet;
2287 631 2355 652 non
2374 623 2492 663 poterit

1423 668 1492 688 esse
1507 659 1569 689 nisi
1581 668 1647 688 una
1659 659 1743 689 actio
1757 658 1942 696 formaliter,
1959 662 2035 697 sive,
2052 662 2143 702 quod
2157 664 2244 695 idem
2261 671 2317 702 est,
2335 673 2492 707 quantum

1423 702 1464 733 ad
1485 702 1709 733 habitudinem
1733 703 1766 733 in
1792 703 1927 743 obliquo
1951 705 2167 744 importatam.

1477 747 1663 787 Propositio
1680 757 1756 787 ergo
1774 747 1881 778 Sancti
1898 748 2046 780 Thomae
2062 750 2267 791 intelligenda
2283 759 2330 784 est
2345 754 2384 784 de
2400 765 2493 795 agere

1423 797 1455 822 et
1477 792 1544 832 pati
1560 791 1747 829 formaliter,
1763 793 1831 822 sive
1848 799 2007 832 quantum
2024 794 2064 824 ad
2083 795 2167 834 ipsas
2190 797 2407 829 habitudines:
2424 809 2493 830 non

1423 841 1532 867 autem
1556 842 1716 877 quantum
1732 836 1773 867 ad
1795 836 1830 867 id
1853 837 1945 877 quod
1961 843 2008 868 est
2024 839 2188 870 materiale
2210 841 2244 870 in
2267 843 2402 873 actione.
2425 843 2493 874 Ma-

1422 881 1531 912 teriale
1548 882 1634 911 enim
1651 887 1716 912 tam
1732 882 1868 912 actionis
1885 891 1984 922 quam
1999 884 2168 922 passionis,
2186 883 2264 916 dum
2280 896 2382 916 unum
2398 897 2494 927 agens

1422 935 1491 956 uno
1519 926 1681 966 principio
1710 926 1744 956 in
1774 925 1868 966 plura
1898 927 1972 966 agit,
1996 927 2237 967 multiplicatur.
2270 929 2333 960 Sed
2361 930 2494 962 formale

1423 970 1559 1001 actionis
1574 980 1643 1001 non
1658 970 1908 1011 multiplicatur:
1927 972 2074 1011 quamvis
2090 971 2225 1003 formale
2237 974 2404 1013 passionis,
2421 984 2496 1015 pro-

1422 1020 1493 1055 pter
1515 1015 1790 1055 multiplicitatem
1814 1015 1960 1052 subiecti,
1984 1016 2227 1056 multiplicetur.

1478 1059 1527 1090 Ex
1543 1060 1662 1100 quibus
1677 1064 1766 1100 patet
1777 1059 1868 1100 quod
1883 1060 1917 1090 in
1934 1061 2063 1091 actione
2078 1061 2276 1092 immanente
2287 1062 2379 1093 nullo
2394 1063 2496 1094 modo

1422 1103 1459 1134 fit
1474 1104 1701 1144 multiplicatio
1718 1103 1900 1135 secundum
1916 1114 2100 1142 numerum,
2118 1105 2249 1146 quando
2262 1106 2300 1136 ab
2317 1117 2385 1138 uno
2402 1107 2496 1138 dum-

1422 1154 1508 1179 taxat
1531 1147 1659 1179 formali
1689 1148 1850 1189 principio
1878 1149 2040 1189 procedit:
2064 1160 2140 1180 narn
2168 1151 2330 1182 materiale
2359 1152 2393 1182 in
2416 1152 2495 1192 ipsa,

1424 1192 1514 1233 quod
1527 1198 1574 1223 est
1590 1192 1737 1233 qualitas,
1754 1202 1822 1223 non
1833 1194 2076 1234 multiplicatur,
2094 1204 2169 1225 curn
2182 1196 2250 1226 eius
2263 1196 2444 1227 subiectum
2456 1197 2497 1227 sit

1422 1247 1540 1275 unum;
1567 1237 1713 1268 similiter
1727 1246 1835 1278 neque
1851 1238 1963 1268 relatio
1979 1240 2110 1278 agentis.
2131 1239 2171 1269 Et
2186 1239 2261 1270 ideo
2278 1241 2401 1280 optime
2417 1251 2496 1272 con-

1423 1281 1525 1313 cludit
1537 1281 1673 1312 Sanctus
1689 1281 1834 1312 Thomas
1851 1282 1951 1323 quod,
1969 1284 1995 1313 si
2011 1289 2093 1314 esset
2108 1293 2193 1314 unus
2207 1285 2388 1316 intellectus
2400 1286 2496 1317 huius

1423 1332 1456 1357 et
1477 1326 1563 1357 illius
1587 1326 1740 1363 hominis,
1769 1333 1851 1358 esset
1875 1328 1971 1358 etiam
2002 1328 2148 1367 ipsorum
2175 1338 2279 1359 unum
2301 1329 2495 1370 intelligere:

1422 1376 1572 1411 respectu
1596 1371 1720 1402 scilicet
1743 1371 1887 1403 eiusdem
1912 1372 2041 1409 obiecti,
2059 1378 2090 1403 et
2110 1373 2144 1403 in
2162 1373 2278 1405 eodem
2295 1379 2451 1414 tempore.

1478 1415 1518 1446 X.
1543 1413 1638 1446 Circa
1660 1415 1934 1456 multiplicitatem
1959 1417 2072 1447 caloris
2094 1418 2128 1447 in
2150 1418 2283 1455 semine,
2300 1428 2376 1449 cum
2391 1419 2497 1459 inquit

1423 1459 1560 1490 Sanctus
1576 1459 1722 1490 Thomas
1742 1461 1899 1500 quoniam
1924 1461 1957 1492 in
1973 1462 2094 1492 semine
2109 1467 2157 1493 est
2175 1463 2270 1493 calor
2292 1463 2389 1504 ignis,
2403 1463 2497 1494 -caeli

1423 1509 1454 1535 et
1476 1504 1608 1535 animae
1623 1505 1650 1541 *,
1675 1504 1909 1536 advertendum
1934 1511 1981 1536 est
2004 1506 2095 1546 quod
2122 1507 2255 1547 quidam
2278 1513 2391 1538 tenent
2418 1508 2497 1538 istos

1423 1548 1546 1579 calores
1570 1558 1640 1579 esse
1664 1548 1808 1580 diversos
1825 1550 2004 1581 secundum
2029 1551 2186 1591 speciem:
2212 1552 2264 1583 alii
2284 1562 2361 1582 vero
2385 1551 2497 1583 dicunt

1422 1593 1497 1629 illos
1518 1602 1588 1624 non
1612 1602 1682 1624 esse
1706 1594 1903 1625 diversarum
1927 1596 2120 1635 specierum.

1477 1636 1635 1676 Quamvis
1652 1644 1761 1669 autem
1777 1645 1914 1679 utraque
1930 1640 2044 1680 opinio
2060 1640 2094 1670 in
2110 1639 2257 1671 doctrina
2275 1640 2384 1671 Sancti
2407 1641 2496 1671 Tho-

1423 1691 1496 1712 mae
1520 1680 1651 1713 defendi
1666 1683 1779 1723 possit,
1796 1689 1905 1714 tamen
1921 1683 2046 1714 videtur
2060 1684 2141 1714 mihi
2157 1685 2247 1724 quod
2270 1685 2305 1715 in
2327 1685 2410 1715 hanc
2426 1694 2497 1725 par-

1423 1731 1490 1757 tern
1513 1726 1654 1758 declinet
1677 1727 1768 1768 quod
1791 1729 1854 1759 sint
1876 1728 2057 1759 secundum
2086 1729 2228 1769 speciem
2259 1728 2383 1760 diversi.
2408 1729 2499 1760 Patet

1424 1771 1512 1802 enim
1535 1771 1626 1812 quod
1648 1771 1713 1802 hoc
1728 1771 1804 1802 loco
1820 1774 1915 1813 ponit
1930 1773 2003 1803 illos
2019 1773 2200 1804 secundum
2216 1783 2285 1804 rem
2301 1779 2333 1804 et
2347 1773 2498 1813 specifice

1424 1814 1601 1852 distinctos,
1625 1825 1664 1846 ex
1688 1825 1728 1847 eo
1745 1816 1836 1857 quod
1858 1817 1966 1858 inquit
1981 1827 2046 1847 non
2057 1827 2156 1858 posse
2179 1828 2247 1849 esse
2270 1818 2391 1858 duplex
2413 1818 2498 1848 cale-

1411 1859 1496 1900 fieri
1519 1860 1552 1890 in
1577 1869 1643 1890 uno
1659 1860 1801 1891 subiecto
1825 1861 1936 1892 eodem
1960 1866 2113 1902 tempore,
2138 1862 2201 1893 nisi
2223 1863 2266 1893 sit
2287 1863 2355 1893 alia
2377 1863 2498 1902 species

1423 1903 1554 1939 caloris,
1580 1909 1612 1935 et
1640 1903 1694 1934 dat
1717 1905 1904 1945 exemplum
1931 1906 2022 1936 istius
2046 1907 2245 1946 exceptionis
2269 1906 2310 1937 de
2336 1907 2496 1937 caloribus

1422 1948 1478 1988 qui
1503 1953 1579 1979 sunt
1600 1948 1792 1979 insemine.
1817 1949 1850 1980 Si
1874 1949 1961 1980 enim
1984 1950 2177 1990 intelligeret
2199 1950 2290 1990 quod
2313 1956 2388 1981 sunt
2411 1960 2496 1981 unus

1423 1991 1510 2022 calor
1533 1990 1714 2023 secundum
1737 2002 1816 2029 rem,
1841 1993 1896 2024 sed
1921 1993 2175 2025 diversificantur
2190 1995 2299 2035 specie
2322 2000 2358 2025 ut
2380 1994 2421 2025 ad
2448 1995 2495 2026 di-

1422 2045 1512 2066 versa
1534 2037 1694 2076 principia
1708 2036 1902 2074 referuntur,
1917 2047 1987 2068 non
2004 2044 2086 2069 esset
2101 2038 2142 2069 ad
2159 2039 2364 2079 propositum
2388 2049 2494 2076 suum,

1423 2089 1490 2121 quo
1505 2080 1575 2111 vult
1590 2081 1708 2111 habere
1724 2080 1889 2122 duplicem
1906 2082 2047 2113 calorem
2062 2083 2160 2114 unius
2176 2084 2296 2123 speciei
2315 2093 2383 2114 non
2399 2093 2494 2124 posse

1422 2124 1519 2156 simul
1541 2126 1576 2156 in
1599 2125 1717 2156 eodem
1740 2126 1887 2157 subiecto
1911 2136 1990 2164 esse,
2014 2126 2070 2158 sed
2100 2127 2182 2158 bene
2209 2127 2424 2167 multiplicem
2447 2127 2494 2165 di-

1421 2179 1585 2200 versatum
1608 2170 1800 2210 specierum.
1832 2170 1969 2201 Constat
1998 2172 2086 2202 enim
2117 2171 2207 2212 quod
2235 2172 2345 2212 plures
2373 2172 2495 2203 calores

1422 2212 1568 2244 eiusdem
1591 2214 1711 2254 speciei
1734 2219 1829 2245 vocat
1852 2215 1974 2246 calores
1995 2215 2122 2246 realiter
2145 2215 2322 2246 distinctos.

1477 2258 1655 2295 Praeterea,
1679 2258 1786 2289 Prima
1808 2259 1910 2296 Parte,
1933 2269 1964 2300 q.
1982 2270 2087 2297 cxvnr,
2112 2270 2139 2291 a.
2161 2267 2188 2296 1,
2212 2259 2253 2290 ad
2277 2260 2307 2296 3,
2331 2269 2370 2290 ex
2392 2259 2494 2290 modo

1422 2301 1581 2342 loquendi
1605 2301 1658 2333 dat
1682 2303 1859 2343 intelligere
1876 2303 1998 2334 calores
2013 2304 2087 2335 illos
2110 2304 2253 2335 diversos
2277 2314 2356 2340 esse,
2380 2304 2437 2335 ubi
2448 2305 2495 2335 ait

1423 2346 1524 2387 quod,
1548 2352 1673 2387 praeter
1696 2348 1848 2378 virtutem
1871 2348 1996 2379 animae
2020 2349 2053 2378 in
2077 2348 2201 2379 semine
2225 2349 2423 2385 existentem,
2448 2354 2496 2379 est

1422 2391 1467 2422 ibi
1490 2391 1622 2432 quidam
1646 2391 1740 2422 calor
1755 2401 1797 2422 ex
1812 2392 1931 2422 virtute
1946 2393 2132 2423 caelestium
2148 2402 2337 2433 corporum,
2355 2402 2495 2433 quorum

1423 2435 1520 2466 etiam
1543 2435 1662 2466 virtute
1677 2436 1810 2477 agentia
1828 2436 1992 2477 inferiora
2008 2442 2115 2478 agunt
2129 2437 2173 2468 ad
2194 2437 2341 2477 speciem,
2358 2443 2389 2478 et
2404 2436 2496 2478 quod

1423 2479 1566 2510 calidum
1589 2480 1785 2511 elementare
1803 2490 1837 2511 se
1854 2481 1949 2512 habet
1965 2481 2256 2512 instrumentaliter
2277 2482 2321 2512 ad
2343 2482 2494 2512 virtutem

1422 2524 1561 2555 animae.
1579 2524 1614 2556 Si
1636 2525 1724 2555 enirn
1746 2525 1927 2556 intenderet
1943 2535 2047 2557 unum
2063 2535 2131 2557 esse
2155 2526 2296 2557 calorem
2320 2526 2446 2556 animae
2463 2532 2495 2557 et

1422 2569 1514 2606 caeli,
1537 2568 1667 2600 dixisset
1682 2569 1835 2600 virtutem
1857 2571 1983 2601 animae
1999 2572 2189 2601 existentem
2204 2571 2237 2601 in
2254 2571 2377 2601 semine
2399 2579 2493 2610 agere

1422 2614 1519 2644 etiam
1542 2614 1576 2644 in
1600 2613 1716 2644 virtute
1733 2614 1829 2645 caeli:
1845 2623 1915 2644 non
1931 2619 2040 2645 autem
2056 2614 2147 2655 quod
2163 2615 2195 2644 in
2211 2615 2338 2655 spiritu,
2356 2619 2495 2654 praeter

1422 2658 1573 2689 virtutem
1596 2657 1736 2693 animae,
1761 2663 1809 2689 est
1834 2659 1930 2689 etiam
1953 2659 2081 2699 quidem
2105 2659 2199 2689 calor
2214 2669 2256 2689 ex
2278 2659 2397 2689 virtute
2419 2668 2492 2689 cor-

1416 2712 1539 2744 porum
1563 2702 1760 2733 caelestium.
1790 2703 1832 2733 Et
1855 2703 1882 2733 si
1911 2708 2054 2743 putasset
2083 2703 2224 2733 eundem
2252 2712 2321 2733 esse
2351 2702 2492 2733 calorem

1421 2747 1547 2778 animae
1571 2753 1603 2777 et
1626 2746 1787 2784 elementi,
1803 2757 1873 2778 non
1896 2746 2025 2778 dixisset
2041 2747 2182 2778 calorem
2205 2747 2357 2778 elementi
2378 2756 2412 2777 se
2434 2747 2492 2779 ha-

1420 2791 1495 2823 bere
1518 2791 1810 2822 instrumentaliter
1832 2791 1876 2822 ad
1898 2792 2048 2822 virtutem
2071 2792 2220 2823 animae:
2241 2792 2492 2822 instrumentum

1422 2837 1510 2867 enim
1533 2846 1602 2866 non
1626 2841 1674 2866 est
1696 2835 1784 2867 idem
1807 2845 1883 2866 cum
1907 2845 1947 2866 eo
1972 2837 2064 2867 cuius
2088 2842 2136 2867 est
2158 2837 2418 2867 instrumentum.

1476 2880 1604 2917 Adhuc,
1621 2880 1648 2911 11
1664 2880 1763 2916 Sent„
1777 2879 1808 2911 d.
1824 2890 1911 2917 xvm,
1928 2890 1960 2921 q.
1972 2891 2005 2917 11,
2021 2891 2049 2911 a.
2064 2880 2094 2917 3,
2110 2881 2177 2911 istis
2194 2880 2353 2911 caloribus
2369 2879 2492 2910 diversa

1421 2925 1574 2956 attribuit.
1590 2925 1641 2956 De
1657 2925 1842 2956 elementari
1859 2925 1946 2955 enim
1961 2925 2068 2966 inquit
2083 2925 2174 2966 quod
2197 2930 2244 2955 est
2266 2925 2350 2955 sicut
2371 2924 2492 2955 instru-

1421 2975 1562 3000 mentum
1587 2970 1752 3000 resolvens
1767 2974 1798 2999 et
1812 2979 2004 3000 consumens
2020 2974 2051 3000 et
2064 2969 2249 3000 huiusmodi
2273 2975 2429 3009 operans;
2451 2967 2491 2999 de

1422 3014 1528 3045 calore
1553 3015 1610 3054 qui
1633 3019 1680 3044 est
1703 3014 1743 3044 ab
1767 3014 1883 3051 anima,
1901 3013 1977 3044 dicit
2001 3013 2091 3054 quod
2107 3019 2154 3045 est
2170 3014 2357 3054 vivificans;
2380 3012 2420 3043 de
2440 3015 2494 3043 ca-'

1420 3056 1490 3090 lore
1513 3068 1591 3089 vero
1616 3058 1696 3089 caeli
1719 3059 1762 3089 ait
1786 3058 1876 3099 quod
1899 3059 2038 3098 spiritus,
2062 3059 2096 3088 in
2123 3067 2190 3098 quo
2214 3063 2289 3088 sunt
2303 3056 2491 3088 huiusmodi

1422 3103 1555 3139 calores,
1578 3103 1648 3134 eius
1671 3103 1790 3134 virtute
1813 3107 1920 3134 movet
1941 3102 1985 3133 ad
2006 3102 2141 3143 speciem
2165 3102 2421 3132 determinatam.

1477 3147 1634 3185 Quamvis
1658 3152 1767 3178 autem
1793 3148 1873 3178 haec
1897 3146 1981 3177 dicta
2002 3147 2105 3187 possit
2128 3147 2242 3186 aliquis
2268 3146 2407 3186 glossare
2429 3150 2492 3174 tra-

1420 3191 1531 3222 hendo
1559 3191 1714 3222 Sanctum
1746 3191 1909 3222 Thomam
1939 3191 1980 3221 ad
2010 3200 2102 3221 suam
2133 3191 2336 3231 opinionem,
2368 3190 2491 3220 sincere

1420 3241 1530 3267 tamen
1546 3237 1737 3276 opinionem
1753 3236 1903 3266 Doctoris
1919 3235 2164 3271 considerando,
2180 3234 2305 3265 videtur
2317 3233 2491 3264 dicendum

1421 3279 1513 3320 quod
1535 3281 1599 3311 sint
1622 3279 1738 3311 diversi
1761 3280 1900 3310 calores:
1927 3280 2115 3320 praesertim
2146 3289 2222 3310 cum
2245 3280 2279 3309 in
2307 3279 2389 3308 locis
2415 3277 2491 3308 alle-

1420 3325 1500 3364 gatis
1516 3330 1618 3365 ponat
1632 3325 1721 3365 ipsos
1738 3334 1806 3355 esse
1822 3323 2025 3364 multiplices,
2042 3323 2157 3354 nullibi
2173 3329 2281 3354 autem
2298 3322 2381 3353 dicat
2402 3323 2491 3362 ipsos

1420 3378 1525 3399 unum
1549 3368 1689 3400 calorem
1714 3378 1792 3399 esse.

1475 3412 1612 3444 Accedit
1627 3412 1717 3453 quod
1734 3412 1990 3448 Commentator,
2006 3421 2028 3441 11
2044 3421 2113 3452 cap.
2131 3412 2171 3442 de
2182 3411 2368 3441 Substantia
2384 3409 2489 3446 orbis,

1419 3463 1508 3488 tenet
1524 3458 1665 3488 calorem
1681 3457 1762 3487 caeli
1777 3462 1809 3487 et
1825 3456 1965 3486 calorem
1981 3455 2209 3487 elementarem
2231 3455 2398 3486 distinctos
2421 3464 2491 3486 esse

1421 3501 1602 3535 secundum
1625 3502 1759 3542 species.

1477 3555 1507 3580 2.
1528 3545 1591 3577 Sed
1608 3551 1720 3576 contra
1741 3545 1825 3575 hanc
1848 3543 2151 3575 determinationem
2165 3543 2308 3584 arguitur
2324 3553 2343 3573 a
2358 3543 2490 3584 quibus-

1420 3589 1495 3621 dam
1507 3590 1686 3621 Thomistis
1698 3590 1725 3628 ξ
1737 3598 1806 3619 non
1819 3597 1857 3619 ex
1872 3588 1976 3619 verbis
1989 3587 2096 3619 Sancti
2112 3588 2271 3625 Thomae,
2281 3587 2338 3619 sed
2349 3587 2489 3625 aliunde,

1419 3633 1601 3675 dupliciter.
1618 3634 1738 3670 Primo,
1755 3632 1846 3673 quod
1861 3633 1948 3663 calor
1963 3633 2090 3663 animae
2102 3638 2134 3663 et
2146 3632 2298 3663 elementi
2313 3632 2376 3663 sint
2391 3631 2489 3664 idem.

2312 3694 2345 3729 59

2528 1506 2578 1528 *CL
2589 1513 2611 1528 n.
2622 1507 2736 1534 vm,Tum

2525 1533 2581 1561 quia
2620 1533 2735 1561 phantas-

2524 1562 2597 1581 mata.

2518 3561 2527 3570 ”
2542 3559 2616 3582 caiet.
2632 3559 2655 3581 in
2670 3561 2680 3582 1
2695 3560 2732 3586 P.,

2518 3592 2614 3635 c¹v¹{¹’n
2624 3592 2731 3640 ίῦῃδᾶῑπᾶι·

2518 3619 2634 3668 ῗέἒηὶηᾶ.
2724 3629 2729 3634 ·
