2664 4120
218 255 307 291 ΞΜΝ

208 332 355 373 prorsus
387 331 521 369 abrupte
553 326 745 367 incipiatur:
780 336 794 350 «
822 321 957 354 Videtur
988 326 1097 352 autem
1127 324 1299 361 paternum
1326 330 1330 380 f

208 377 367 417 *regimen
391 374 533 414 aliquam
555 369 801 401 similitudinem
828 368 946 398 habere
978 373 1053 397 cum
1084 364 1195 396 divino
1219 363 1301 404 regi·
1326 388 1329 414 f

220 422 311 452 'mine
330 432 357 450 ».
382 419 425 449 At
448 415 582 457 aliquod
606 413 787 455 capitulum
810 413 855 443 sic
879 412 987 442 subito
1009 410 1244 451 repentinoque
1261 407 1301 439 de

224 465 314 496 eaelo
331 463 454 498 cadere,
478 462 614 492 unicum
630 458 818 499 exemplum
834 461 918 488 esset
937 456 971 487 in
987 455 1142 496 operibus
1159 453 1192 485 S.
1209 453 1301 483 Tho-

208 510 304 545 ''mae,
329 507 385 539 sed
408 506 596 547 praesertim
611 509 755 535 mentem
776 508 808 533 et
823 510 934 532 aurem
950 499 1087 531 offendit
1109 499 1143 530 in
1165 498 1301 530 Summa
1326 505 1346 539 Ι-

223 559 334 584 contra
365 551 521 587 Gentiles,
555 550 648 581 cuius
679 547 840 579 secundae
873 546 1085 581 redactiones‚
1113 545 1156 575 ob
1186 542 1301 574 oculos
1326 542 1329 585 ξ

206 598 357 638 positae,
387 595 561 637 specialem
592 594 632 625 de
662 592 831 624 nectendis
866 590 1015 631 capitulis
1045 588 1301 620 sollicitudinem
1326 587 1330 637 ξ

217 642 456 678 demonstrant,
488 646 519 671 et
552 640 615 670 hoc
647 643 876 679 argumentum
900 645 939 666 ex
962 634 1158 665 subitatione
1181 633 1301 663 robore
1326 640 1329 700 ι

218 682 374 718 firmant(
387 686 421 717 Si
435 685 562 716 Auctor
588 697 602 711 ‹
623 688 721 724 caput
743 681 940 712 anecdotum
961 693 974 705 »
1002 679 1119 710 servari
1135 677 1300 712 voluisset,
1326 702 1329 727 ε

222 731 369 763 oratione
393 730 541 771 explicita
565 727 832 769 praecedentibus
860 724 1057 756 renodasset.
1082 723 1185 753 Prout
1211 731 1301 752 nunc
1326 745 1329 789 Ι

223 777 264 807 in·
280 781 435 807 contextu
459 775 550 810 iacet,
575 778 662 803 extra
685 773 790 802 aciem
814 769 1030 810 capitulorum
1056 773 1208 803 versatur,
1233 767 1301 796 sine

206 826 341 852 '‘ancora
359 827 396 851 ⁴et
419 819 565 854 rudente,
590 822 761 848 exonerata
786 816 884 845 navis.
910 813 1004 844 Plura
1019 812 1224 854 particularia
1239 820 1301 842 suo

207 869 368 907 'tempore
385 864 506 896 etloco
524 863 695 894 dabuntur.
722 861 851 891 Interim
875 859 1068 899 scriptorem
1092 857 1124 888 S.
1150 856 1301 888 Thomae

222 910 407 941 omissionis
431 908 616 939 absolutum
642 907 829 937 habeamus.

279 965 331 988 22.
355 972 376 976 -
405 953 448 984 Ut
475 953 515 984 ad
538 958 686 983 nostrum
717 949 952 991 postillatorem
982 951 1198 983 revertamur;
1232 947 1301 976 eius
1326 949 1329 970 ²

223 1000 318 1040 culpa
334 1000 430 1030 etiam
447 998 551 1028 minui
568 996 702 1031 videtur,
725 995 750 1025 si
766 993 922 1034 temporis
938 992 1020 1023 ratio
1036 992 1202 1028 habeatur,
1219 991 1303 1021 sicut

223 1043 370 1085 profecto
394 1042 543 1073 habenda
567 1047 623 1071 est.
648 1040 726 1078 Quo
743 1045 891 1079 tempore
918 1037 1010 1068 frater
1034 1036 1182 1067 Thomas
1201 1040 1302 1077 opera

222 1098 279 1119 sua
303 1088 428 1124 edebat,
452 1086 600 1118 nondum
619 1084 878 1125 cognoscebatur
893 1091 1042 1113 summus
1067 1087 1100 1112 et
1115 1081 1302 1112 communis

204 1129 346 1164 'Doctor
362 1141 462 1173 quem
478 1141 538 1162 nos
561 1131 723 1166 novimus,
741 1129 835 1159 cuius
857 1126 996 1169 proinde
1021 1127 1138 1167 scripta
1155 1125 1301 1167 quodam

220 1178 417 1209 reverentiae
434 1177 523 1207 cultu
540 1175 664 1205 tractari
679 1174 865 1204 debuissent
887 1178 918 1204 et
934 1171 1132 1203 inviolabilia
1148 1172 1301 1212 reputari.

214 1223 271 1254 'An
297 1223 393 1253 etiarn
418 1221 471 1252 alii
494 1220 637 1260 Magistri
661 1219 909 1259 interpolatores
933 1217 1115 1254 habuerint,
1138 1217 1302 1248 nescietur
1327 1212 1330 1256 ξ

220 1267 326 1298 donec
350 1265 549 1306 autographa
573 1263 788 1305 proferantur.
819 1264 867 1294 Ex
891 1263 939 1293 his
973 1263 1061 1294 enim
1087 1261 1164 1293 solis
1187 1261 1228 1293 de
1252 1262 1301 1292 in-

219 1311 490 1353 terpolationibus
514 1315 686 1345 constaret,
712 1309 738 1339 si
755 1309 857 1339 textui
881 1314 948 1339 tam
975 1316 1092 1348 parum
1116 1312 1303 1338 nocuerunt

219 1367 255 1388 ac
281 1355 429 1398 postillae
452 1364 486 1392 α,
512 1362 592 1395 quas
616 1354 646 1384 A
669 1353 832 1390 revelavit,
849 1353 901 1384 vel
923 1353 982 1384 illo
1005 1353 1115 1383 hiante
1139 1357 1246 1383 textus
1271 1351 1301 1391 β,
1327 1374 1331 1402 3

219 1401 258 1433 ad
282 1401 375 1432 cuius
399 1399 695 1431 considerationem
719 1408 807 1429 nunc
832 1398 1067 1438 progredimur.
1107 1430 1113 1435 ,
1326 1404 1330 1439 ς

528 1499 546 1537 g
569 1498 609 1527 V.
635 1516 676 1519 —
703 1497 760 1528 DE
786 1496 936 1527 TEXTU
964 1496 993 1536 ῤ.
1327 1527 1330 1534 Δ

1327 1539 1331 1555 l

278 1580 328 1611 23.
346 1598 367 1602 —
383 1579 555 1611 Erroribus
578 1588 598 1608 σι
623 1579 688 1609 iam
713 1579 752 1609 ab
770 1578 905 1618 antiquo
923 1583 1072 1618 tempore
1090 1577 1213 1608 mederi
1230 1582 1300 1608 ten·
1327 1567 1331 1620 l

210 1631 323 1656 ‘tatum
340 1634 419 1662 esse,
437 1625 589 1665 antiquae
603 1623 780 1654 ostendunt
796 1621 959 1654 secundae
973 1631 1100 1653 manus.
1115 1622 1301 1654 Paucorum

208 1671 429 1712 'antiquorum
458 1669 618 1710 margines
651 1669 908 1699 correctionibus
937 1667 1133 1708 synchronis
1160 1668 1300 1698 omnino

218 1721 342 1747 vacant.
363 1715 437 1746 vNec
461 1715 579 1745 mirum
605 1714 695 1754 quod
719 1714 842 1745 multae
865 1722 934 1743 rem
959 1722 1020 1744 acu
1044 1713 1218 1754 tetigerint,
1243 1713 1301 1744 ubi

220 1760 308 1792 error
331 1762 405 1791 satis
421 1761 454 1790 in
474 1758 651 1800 superficie
673 1759 799 1799 positus
816 1764 862 1789 est
887 1763 920 1788 et
941 1763 1113 1789 contextus
1137 1757 1232 1789 facile
1255 1758 1301 1788 le-

218 1806 361 1836 ctionem
387 1814 495 1836 veram
520 1805 671 1844 suggerit.
704 1804 805 1842 Quod
829 1804 854 1834 si
885 1803 1012 1840 accidit,
1040 1803 1073 1833 in
1107 1804 1180 1844 ipso
1210 1808 1301 1834 textu

216 1852 428 1892 'antiquorum
446 1856 578 1890 apparet
601 1850 698 1880 lectio
715 1850 754 1885 A,
772 1850 872 1879 rarius
888 1847 938 1878 vel
962 1847 1163 1889 frequentius
1180 1849 1214 1879 in
1233 1848 1303 1878 aliis

219 1901 250 1926 et
276 1895 354 1926 aliis.
379 1895 453 1926 Huc
478 1894 642 1935 spectabat
666 1893 756 1935 quod
785 1904 815 1925 n.
840 1902 863 1932 4
886 1893 1025 1924 diximus
1049 1892 1082 1923 in
1106 1893 1232 1933 gremio
1247 1902 1302 1924 ve-

206 1944 322 1971 'terum
347 1939 499 1971 codicum
531 1939 694 1970 dissensus
722 1939 909 1979 aliquorum
936 1943 1134 1979 provocatos
1163 1937 1260 1968 fuisse
1285 1948 1302 1967 a

204 1982 357 2016 “lectione
382 1990 576 2023 ceterorum,
600 1989 715 2024 utpote
740 1983 907 2014 visibiliter
929 1992 1074 2013 erronea.

274 2028 416 2069 Quando
442 2029 540 2060 lectio
557 2029 586 2059 A
611 2029 656 2059 sic
673 2034 792 2069 sponte
809 2038 842 2058 se
866 2027 971 2064 offert,
995 2038 1063 2058 non
1089 2037 1174 2068 opus
1199 2034 1247 2058 est
1267 2033 1302 2058 ut

199 2075 286 2105 ‘eius
310 2075 393 2106 inter
417 2084 539 2105 errores
564 2074 786 2104 reviviscentia
815 2073 854 2104 ad
882 2071 1005 2104 codicis
1029 2073 1223 2114 autographi
1247 2078 1302 2103 aut
1327 2087 1330 2111 1

219 2119 455 2160 cuiuscumque
487 2119 617 2150 alterius
652 2128 749 2149 usum
781 2117 950 2157 referatur,
986 2118 1062 2159 quia
1093 2117 1161 2149 fieri
1195 2123 1302 2159 potest
1327 2114 1330 2150 l

219 2166 295 2195 uta
319 2165 446 2196 criterio
476 2164 667 2195 correctoris
699 2163 766 2194 sive
800 2173 817 2193 a
847 2161 939 2194 fonte
970 2162 1065 2194 ideali
1100 2162 1300 2204 profluxerit.

219 2207 373 2240 Similiter
396 2219 463 2240 non
490 2219 573 2250 opus
598 2214 645 2239 est
669 2215 715 2245 ut,
736 2209 761 2239 si
781 2208 890 2249 plures
914 2207 1046 2239 codices
1070 2208 1247 2239 lectionem
1274 2208 1301 2237 Α
1326 2207 1330 2237 ³

220 2255 408 2291 instaurant,
422 2255 530 2295 aliqua
542 2255 625 2285 inter
642 2263 698 2284 eos
711 2254 844 2294 originis
859 2253 1067 2284 necessitudo
1081 2254 1216 2284 existere
1234 2261 1302 2284 cre·
1327 2278 1329 2282 .

210 2295 324 2330 ‘damn
351 2299 409 2330 Ex,
426 2309 472 2340 gr.
490 2299 526 2330 L.
545 2299 557 2330 1
575 2308 645 2339 cap.
663 2307 717 2338 42,
740 2306 800 2339 ¹¹9
814 2300 834 2329 b
851 2307 861 2329 1
889 2311 902 2326 ι
919 2298 1028 2330 neutri
1044 2299 1103 2329 erit
1125 2307 1182 2329 sua
1207 2297 1303 2339 quid-

222 2343 300 2375 ditas
317 2354 415 2376 suum
435 2351 504 2376 esse
524 2357 538 2371 »
559 2344 598 2380 A,
617 2348 768 2374 neutrum
784 2343 914 2374 traditio
939 2342 1006 2374 fere
1024 2349 1103 2379 tota,
1130 2343 1238 2374 neutri
1255 2353 1303 2374 re-

221 2389 391 2429 pristinant
402 2388 466 2420 t'res
478 2389 633 2421 Germani
646 2394 793 2420 recentes
810 2394 842 2420 et
857 2397 943 2419 unus
956 2393 1135 2425 corrector;
1156 2397 1163 2419 1
1178 2388 1215 2418 18
1229 2398 1246 2419 a
1262 2388 1301 2419 32

205 2436 240 2462 ἀι
256 2432 349 2475 'quod
365 2440 474 2466 motus
489 2444 558 2465 non
575 2434 615 2464 sit
631 2434 808 2465 continuus
824 2443 932 2474 neque
950 2434 1118 2476 regularis
1135 2447 1146 2459 ο
1174 2434 1214 2470 Α,
1239 2434 1303 2463 cir-

220 2479 346 2511 cularis
369 2479 479 2521 vulgo,
505 2479 673 2522 regularis
703 2489 789 2510 unus
813 2479 977 2519 antiquus,
1003 2478 1070 2510 duo
1101 2484 1247 2510 recentes
1272 2485 1303 2510 et
1328 2480 1331 2522 Ἰ

222 2521 299 2567 o³cto
324 2518 533 2556 correctores.
553 2524 587 2555 ln
605 2524 653 2555 his
672 2530 703 2555 et
719 2530 852 2555 centum
869 2525 997 2555 casibus
1021 2524 1181 2555 restitutio
1198 2533 1303 2564 gram-
1328 2525 1331 2538 ³

222 2569 358 2600 maticae
383 2569 433 2600 vel
457 2578 569 2600 sensus
594 2569 690 2600 simul
715 2570 931 2601 reconstruxit
956 2570 1133 2600 lectionem
1159 2569 1198 2608 A,
1223 2570 1302 2610 quin
1328 2553 1332 2608 l

212 2611 296 2657 'inde
320 2618 468 2646 recursus
492 2613 532 2645 ad
557 2615 797 2655 autographum
824 2615 871 2646 vel
897 2613 984 2645 aliud
1010 2614 1175 2655 exemplar
1199 2615 1302 2654 possit
1329 2645 1331 2661 ⁴

220 2656 340 2690 inferri.

278 2712 330 2744 24.
347 2723 370 2727 —
385 2704 571 2744 Quousque
595 2713 629 2734 se
657 2703 831 2735 extendant
858 2704 976 2735 limites
1002 2704 1102 2735 facilis
1127 2704 1177 2734 vel
1202 2703 1304 2735 felicis

221 2744 438 2786 coniecturae,
463 2753 585 2780 temere
609 2748 807 2780 definiretur.
831 2749 915 2781 Sunt
938 2755 1047 2781 tamen
1073 2749 1234 2790 quaedam
1259 2749 1305 2780 le-

216 2789 353 2825 'ctiones‘
372 2803 394 2824 σι
415 2794 494 2825 aliae
519 2795 558 2825 ab
583 2795 622 2831 A,
653 2802 737 2836 quae
766 2795 857 2826 omni
886 2795 1094 2826 coniecturae
1122 2804 1156 2825 se
1181 2794 1304 2826 subtra-
1329 2777 1333 2829 l

217 2836 313 2875 ‘'h'unt,
339 2839 414 2879 quia
439 2845 494 2870 aut
523 2839 651 2870 nullum
681 2839 825 2871 salsitatis
855 2840 1034 2881 suspicium
1063 2845 1208 2879 movent,
1238 2846 1304 2876 aut,
1330 2833 1333 2841 ⁴

206 2881 371 2924 “quamvis
387 2884 553 2915 evidenter
569 2893 723 2915 erroneae
737 2885 812 2916 etin
830 2884 956 2916 bonum
973 2894 1105 2916 sensum
1123 2890 1304 2926 utcumque
1332 2899 1333 2902 ¹

222 2928 431 2969 corrigibiles,
449 2929 573 2960 clavem
589 2929 738 2960 lectionis
755 2930 948 2972 autographi
965 2939 1034 2962 non
1050 2930 1304 2961 subministrant.
1332 2962 1333 2966 ,

224 2971 372 3014 Exempli
388 2974 497 3014 gratia,
511 2980 737 3015 argumentum
761 2989 774 3002 «
791 2975 870 3006 Esse
886 2976 1081 3007 abstractum
1099 2990 1112 3001 »
1133 2981 1194 3006 etc.
1211 2985 1243 3006 n.
1267 2983 1304 3016 ¹9
1331 2970 1334 3009 l

208 3009 420 3065 'descriptum
436 3018 516 3050 nihil
533 3018 674 3050 ostendit
690 3029 758 3060 quo
775 3021 923 3061 spurium
939 3020 1112 3060 videretur,
1136 3020 1216 3052 nibil
1237 3030 1305 3061 quo
1332 3018 1335 3068 1

223 3063 328 3093 versio
345 3063 529 3107 authentica
545 3065 805 3096 coniecturabilis
822 3065 1018 3097 redderetur.
1045 3066 1132 3106 Ergo
1150 3075 1211 3097 nec
1229 3075 1305 3106 sup·
1331 3069 1334 3095 1

224 3106 363 3150 positicii
395 3107 501 3140 textus
532 3110 672 3141 remotio
703 3120 764 3141 nec
795 3111 973 3143 authentici
1005 3111 1153 3142 reductio
1183 3111 1306 3142 causari

223 3152 402 3226 potuerunt
417 3154 478 3185 nisi
495 3155 687 3186 auctoritate
704 3155 781 3186 reali
794 3161 825 3187 et
841 3156 998 3197 tangibili,
1015 3166 1100 3198 quae
1113 3165 1181 3187 non
1198 3156 1306 3187 solum

217 3196 393 3228 'alsitatem
418 3197 705 3239 demonstraverat,
729 3199 786 3231 sed
810 3201 906 3232 etiam
932 3202 1000 3242 ipsa
1025 3201 1121 3233 verba
1138 3202 1166 3232 A
1195 3214 1208 3227 α
1229 3201 1307 3232 Esse
1332 3194 1335 3234 Ι

227 3242 394 3283 proprium
416 3256 428 3269 ν
461 3250 521 3275 etc.
554 3245 737 3285 praebebat.
773 3245 809 3276 In
841 3245 1018 3277 duodecim
1056 3245 1224 3278 codicibus
1259 3235 1335 3278 ar-¹=

227 3292 419 3326 gumentum
455 3289 679 3321 authenticum
716 3291 901 3322 invenimus
936 3290 1130 3330 redivivum,
1166 3297 1198 3322 et
1232 3271 1335 3323 sunt'

227 3328 364 3362 GNWY
391 3332 474 3364 Caes
498 3333 558 3364 Par
581 3334 652 3366 Can
677 3334 728 3366 Ch
753 3334 798 3366 Pe
822 3335 896 3366 Cim
922 3336 1141 3367 Bononiensis
1165 3335 1260 3367 1655.
1287 3336 1306 3367 8

228 3381 258 3405 et
282 3375 451 3417 Augensis,
476 3378 594 3419 quibus
614 3379 735 3411 accedit
754 3380 782 3411 b.
807 3379 870 3411 Sex
886 3381 938 3412 alii
963 3381 1074 3412 ambas
1099 3381 1229 3418 habent,
1247 3382 1307 3412 sci-

210 3418 301 3466 sslicet
324 3421 358 3458 Z,
383 3422 468 3453 Laur
492 3434 532 3460 ix,
557 3424 635 3455 alter
665 3424 895 3462 Bononiensis,
921 3426 1054 3457 Parisini
1085 3426 1156 3456 Ars.
1186 3426 1249 3465 443
1277 3432 1308 3456 et

227 3462 358 3511 Nation.
377 3466 462 3507 3¹07
487 3477 584 3508 super
607 3468 689 3500 folio
705 3469 870 3511 suppleto,
891 3475 922 3501 et
938 3470 1130 3511 Brugensis;
1148 3470 1308 3502 accedunt

216 3506 385 3551 'editiones
410 3521 426 3542 c
450 3518 480 3542 et
504 3513 573 3543 eius
597 3513 831 3546 descendentes
851 3516 994 3556 exceptis
1011 3515 1215 3547 Uccellianis.
1240 3514 1307 3547 Co-

229 3552 383 3585 loniensis
408 3556 560 3597 antiquus
586 3558 619 3589 in
644 3565 732 3590 textu
762 3560 860 3590 habet
892 3561 1076 3591 versionem
1103 3570 1124 3591 α
1150 3566 1182 3591 et
1210 3569 1309 3602 super

230 3599 372 3639 margine
404 3602 636 3642 compendium
669 3614 745 3644 ,ομ
778 3603 869 3645 quod
900 3605 953 3636 hic
989 3614 1057 3637 non
1088 3610 1218 3646 oportet
1251 3605 1308 3636 sed
1333 3609 1336 3683 Ι

230 3640 432 3686 rimaremur)
459 3645 637 3686 significare
666 3654 785 3688 posset.
812 3649 1021 3681 Correctores
1045 3650 1075 3680 G
1100 3655 1132 3681 et
1156 3649 1225 3681 Can
1252 3650 1307 3681 eii-

1354 316 1446 346 ciunt
1457 315 1487 345 A
1502 315 1536 345 in
1550 313 1696 345 favorem
1713 323 1748 345 οι.
1762 313 1874 346 Ceteri
1884 314 2125 355 quinquaginta
2141 313 2274 356 duottet
2289 313 2441 358 edition)

1355 359 1564 391 manifestant
1579 359 1723 399 primum
1736 359 1964 400 apographum
1978 358 2130 390 habuisse
2142 359 2326 390 versionem
2342 368 2443 402 quam

1356 406 1385 436 A
1401 414 1470 436 non
1493 404 1597 435 novit.
1619 404 1775 435 Attamen
1789 404 1855 435 hoc
1870 405 1944 445 ipso
1958 404 2038 435 loco
2054 413 2171 435 omnes
2187 403 2330 445 codices,
2345 406 2441 437 etiarn

1355 451 1413 492 qui
1443 449 1622 480 lectionem
1651 449 1684 479 'A
1710 449 1746 479 iu
1773 449 1946 490 principali
1976 449 2208 490 redintegrant,
2237 449 2351 490 legunt
2378 450 2445 482 Sed

1355 496 1446 526 Deus
1462 500 1495 525 et
1514 494 1692 535 probatum
1707 498 1757 524 est
1769 502 1884 535 supra,
1901 494 1958 525 ubi
1974 495 2004 524 A
2019 493 2085 525 Sed
2103 495 2172 536 ipse
2187 494 2278 525 Deus
2294 501 2328 526 et
2341 504 2445 537 supra

1356 545 1520 571 ostensum
1544 543 1602 570 est.
1627 537 1783 569 Simili-ter
1805 547 1923 570 omnes
1941 539 2016 570 sine·
2028 540 2226 580 exceptione·
2239 539 2340 580 paulo
2361 541 2444 572 infe-

1354 586 1421 616 rius
1437 594 1498 625 pro
1514 584 1610 615 habet
1621 605 1630 613 .
1645 605 1653 613 .
1667 606 1674 613 .
1683 582 1833 624 possidet
1844 607 1852 614 .
1861 607 1870 614 .
1880 607 1888 615 .
1901 583 2016 625 aliqua
2025 595 2027 598 ⁴
2037 585 2168 616 unitate
2180 608 2188 616 .
2199 608 2206 616 .
2218 595 2308 616 :uno
2316 586 2444 626 princi-

1350 631 1410 672 pio
1426 639 1512 671 quae
1527 630 1568 668 A,
1584 629 1699 669 legunt
1719 628 1840 659 habent
1851 651 1860 658 .
1875 652 1882 659 .
1897 628 2086 670 ‚possident
2098 653 2105 660 .
2119 653 2126 661 .
2136 653 2144 661 .
2159 630 2286 662 unitate
2298 653 2306 661 .
2321 653 2329 661 .
2343 644 2352 661 .·
2364 640 2444 662 uno.

1355 675 1509 706 Similiter
1527 674 1678 715 superius
1693 673 1726 703 in
1750 672 1870 704 eodem
1894 673 2111 714 capitulo-42.
2129 685 2147 705 a
2166 675 2358 706 testimonio
2379 681 2445 707 tra-

1354 720 1488 752 ditionis
1499 719 1712 750 vehementer
1726 717 1854 748 fortiori
1865 718 1991 750 scimus
2000 719 2146 759 primum
2157 721 2387 762 apographum
2397 721 2444 752 le-

1353 765 1438 806 gisse
1455 769 1608 796 neutrum
1624 769 1657 794 et
1672 763 1849 794 circularis
1863 772 1926 804 pro
1943 764 2056 794 neutri
2068 771 2101 795 et
2116 766 2296 807 regularis,
2312 775 2398 807 quae
2413 767 2444 797 A

1355 817 1388 841 et
1410 810 1610 851 paucissimi.
1634 808 1874 839 Necessarium*
1887 816 1966 848 ergo
1987 813 2035 838 est
2059 814 2095 840 ut
2117 817 2348 851 argine-mm
2363 811 2443 842 Ain

1354 855 1486 886 codices
1508 855 1543 886 in
1567 855 1688 895 quibus
1712 854 1876 885 reviviscit
1896 861 1967 884 non
1980 861 2052 894 >per
2070 862 2198 886 mean
2221 857 2443 897 transcriptio-

1326 903 1329 935 ὲ
1354 909 1432 931 nem
1455 909 1495 931 ex
1518 901 1627 941 primo
1650 899 2061 941 apographo-pervenerit,
2085 899 2143 930 sed
2162 899 2341 941 aliquando
2365 910 2446 933 con-

1354 945 1442 976 sulto
1465 945 1506 976 de
1531 945 1610 976 foris
1633 945 1848 986 importatum
1864 950 1897 975 et
1921 944 2079 985 proxime·
2093 945 2146 975 vel
2167 945 2344 977 ultimatim
2359 947 2445 978 exiA

1355 996 1562 1031 assumptum
1593 990 1644 1021 sit.
1681 989 1771 1021 idem
1800 989 1978 1021 dicendum
2009 994 2058 1020 est
2074 988 2123 1020 de
2153 990 2308 1022 omnibus
2330 991 2447 1022 lectio-

1355 1036 1451 1067 nibus
1475 1036 1505 1066 A
1528 1044 1614 1077 quae
1642 1035 1677 1065 in
1707 1034 1881 1066 traditione
1910 1035 2092 1065 obveniunt
2115 1043 2176 1076 pro
2207 1031 2372 1067 erroribus
2393 1037 2447 1068 vel

1355 1081 1530 1112 latentibus
1557 1080 1609 1111 vel
1635 1081 1734 1111 nimis
1750 1080 1963 1112 distantibus.
1995 1079 2113 1121 Neque
2140 1089 2180 1110 ex
2210 1090 2233 1111 σι
2259 1089 2370 1122 neque
2385 1090 2445 1113 nex

1355 1126 1544 1157 coniectura
1560 1126 1670 1156 critica
1693 1131 1820 1157 textum
1839 1125 1871 1156 A
1886 1125 1973 1156 ullus
1988 1125 2151 1166 potuisset
2169 1125 2373 1157 restitituere.
2384 1125 2447 1157 me

1327 1166 1329 1178 “
1356 1179 1433 1202 eum
1457 1179 1526 1202 non
1551 1171 1658 1207 habet,
1682 1171 1744 1202 ista
1766 1178 1837 1202 non
1860 1170 1999 1211 attingit.

1412 1216 1583 1247 Secretum
1598 1215 1697 1257 igitur
1711 1214 1910 1255 codicumii·
1920 1215 2066 1256 aperitur
2089 1223 2158 1246 uno
2177 1215 2290 1255 verbo,
2314 1215 2350 1246 ni
2369 1225 2446 1258 pro-

1355 1260 1429 1292 fane
1460 1266 1569 1292 sonat:
1598 1261 1755 1292 exhibent
1781 1266 1908 1292 textum
1929 1269 1965 1291 ὀι
1993 1260 2257 1291 contaminatum
2291 1269 2370 1292 cum
2396 1261 2445 1295 Ἀ,

1355 1306 1481 1338 Textus
1505 1306 1601 1348 primi
1625 1306 1806 1347 apographi
1822 1304 2003 1347 aliquando
2011 1305 2185 1337 subiectus
2200 1304 2263 1336 fuit
2282 1305 2447 1347 revisioni,

1355 1360 1440 1393 quae
1463 1361 1503 1383 ex
1526 1352 1592 1382 hoc
1615 1352 1803 1382 authentica
1833 1350 1899 1382 dici
1920 1355 2082 1387 meretur,
2109 1350 2203 1392 qued
2227 1351 2448 1384 correctiones

1355 1396 1544 1428 immediate
1567 1393 1619 1427 v'el
1641 1396 1784 1428 mediate
1814 1403 1855 1427 ex
1878 1395 2092 1437 autographo
2106 1396 2245 1427 ’mame
2275 1394 2448 1428 mnt‘Per

1356 1442 1507 1474 codicem
1537 1441 1719 1473 Parisinum
1754 1441 1980 1483 158181oear)
2010 1440 2182 1472 revisionis
2202 1441 2448 1483 -incoepaosrin

1327 1497 1330 1521 ῑ
1355 1488 1488 1519 saeculo
1511 1495 1568 1518 xm
1589 1486 1782 1528 reponenda
1804 1485 1980 1518 melden
2002 1485 2126 1518 audient
2146 1485 2252 1517 ‘lotus
2273 1486 2448 1527 solitarius,

1355 1532 1410 1564 ille
1433 1541 1555 1573 nempe
1579 1540 1680 1573 quem
1703 1531 1808 1563 modo
1829 1532 2022 1568 chavinias
2036 1531 2073 1562 in
2090 1530 2207 1562 codice
2229 1531 2400 1573 Brugenei.

1415 1579 1468 1608 25.
1484 1595 1506 1600 -
1520 1577 1694 1617 Quantum
1710 1577 1793 1608 absit
1809 1582 1846 1608 ut
1860 1584 1978 1608 omnes
2001 1575 2202 1608 differentiae
2223 1576 2317 1608 inter*
2329 1585 2353 1607 ι
2369 1577 2447 1608 etz&

1355 1631 1415 1664 per
1437 1622 1659 1654 authenticam
1681 1622 1888 1654 revisionem·
1903 1621 2049 1654 sublatae
2067 1621 2152 1660 ’sinu
2170 1630 2331 1664 ereupra
2347 1621 2448 1654 {dietis

1356 1673 1425 1699 erat
1446 1668 1512 1699 iam
1535 1667 1656 1698 videre.
1687 1666 1754 1699 Sed
1774 1673 1959 1699 ne'omnee
1981 1665 2274 1708 -quidem··u·rooes
2296 1672 2447 1699 correuu

1355 1711 1468 1744 faciles
1483 1712 1524 1743 ad
1545 1713 1667 1743 bonam
1683 1711 1813 1753 frugem
1822 1711 1951 1744 'redacti
1965 1717 2053 1743 sunt.
2077 1711 2136 1743 Ex.
2151 1719 2200 1753 gr.
2218 1711 2256 1743 L.
2274 1711 2448 1753 Ιοιροθγ,

1358 1757 1422 1797 237
1435 1767 1454 1789 a
1471 1766 1509 1798 ¹7
1534 1758 1695 1789 textus‘A
1712 1769 1728 1785 ι
1746 1757 1854 1799 (Deus
1868 1757 1953 1800 vult)
1973 1757 2101 1788 bonum
2116 1757 2260 1788 universi
2284 1758 2448 1800 eeseupu'a

1356 1802 1448 1834 decet
1467 1803 1652 1834 bonitatem
1675 1802 1778 1844 ipsius
1794 1815 1823 1839 ι,
1845 1802 2012 1834 exsulabat
2026 1810 2045 1833 a
2060 1801 2236 1833 traditione
2259 1801 2368 1834 donee
2383 1801 2450 1835 Uc—

1357 1847 1470 1879 cenius
1493 1848 1676 1884 revocavit3
1699 1847 1790 1888 quod
1811 1847 1911 1879 ame
1924 1847 2039 1888 legunt
2058 1846 2136 1889 plus
2158 1855 2261 1888 quem
2277 1847 2450 1889 ‘quim—

1328 1885 1331 1891 '
1355 1893 1445 1933 ginta
1473 1892 1615 1932 codices,
1651 1893 1736 1923 inter
1765 1900 1852 1934 quos
1882 1892 2027 1923 DEWY'
2044 1890 2206 1923 can‘Pe·
2224 1890 2301 1923 ctm
2322 1891 2448 1924 Seno·

1355 1937 1479 1968 niensis
1501 1937 1690 1969 Huissensis
1705 1942 1739 1968 et
1753 1937 1782 1968 h.
1794 1936 1984 1968 ‘Audiamus
2007 1936 2371 1979 cererem-‘quiam
2384 1935 2448 1978 ch,

1327 1970 1331 2031 J
1356 1982 1456 2014 adeat
1478 1991 1575 2021 unus,
1603 1982 1661 2024 qui
1690 1981 1819 2013 adeam
1836 1981 1878 2023 G,
1906 1982 1964 2025 qui
1992 1982 2101 2014 adeat*
2119 1988 2196 2013 tresv
2213 1981 2450 2014 evim-”1¹¹3

1356 2033 1524 2059 corrector
1546 2026 1588 2067 G,
1618 2027 1664 2058 ad
1693 2027 1757 2058 noc
1785 2027 1876 2069 quod
1903 2027 2012 2059 adeat*
2031 2034 2127 2059 imus¹
2147 2032 2341 2068 cori-enters
2359 2027 2450 2074 quod

1355 2073 1474 2104 habeat
1488 2073 1648 2114 quinque,
1670 2072 1760 2114 quod
1774 2070 1904 2115 aliquia
1917 2073 2036 2104 habeat
2050 2071 2270 2109 ediuovafaae
2280 2071 2449 2115 hece-ed

1355 2117 1474 2149 habeat
1495 2118 1521 2149 P
1545 2123 1577 2149 et
1599 2118 1814 2159 posteriores.
1834 2118 2012 2150 uetabant
2032 2123 2108 2159 tres,
2131 2117 2221 2160 quod
2242 2122 2370 2161 eugeus
2392 2117 2447 2161 (l)

1356 2163 1435 2200 duo,
1447 2162 1538 2204 quod
1542 2163 1723 2205 participet
1730 2163 1904 2204 augensis,
1915 2162 2267 2195 rid-demonstrandum
2273 2162 2317 2203 Ν,
2326 2161 2447 2204 ente,

1357 2214 1389 2239 et
1415 2208 1548 2239 tandem
1576 2206 1756 2250 aliquando
1786 2208 1866 2251 quia
1885 2207 2016 2240 deceat·
2036 2213 2211 2240 consutor
2233 2206 2448 2245 cnam

1357 2253 1464 2285 delere
1489 2261 1510 2284 a
1526 2253 1676 2293 litteram,-
1693 2254 1810 2284 erroris
1826 2253 2123 2294 reliquiami‘Sieut
2137 2253 2324 2285 autemfhic
2342 2252 2448 2294 loun,

1355 2299 1400 2329 ita
1429 2303 1520 2329 totus
1546 2303 1654 2330 textus
1680 2299 1846 2340 antiquus,
1859 2303 1950 2330 utut
1963 2297 2038 2330 {alsi
2066 2298 2248 2340 suspicioni
2269 2296 2448 2340 apum,

1356 2343 1514 2375 universis
1539 2343 1779 2374 correctoribus
1807 2348 1842 2374 et
1866 2343 1977 2375 etiam
1994 2343 2154 2375 revisiuni
2183 2342 2226 2375 de
2249 2352 2315 2385 qua
2341 2343 2449 2385 :ghei-

1356 2388 1482 2420 fortiter
1497 2388 1622 2425 restitit,
1638 2397 1683 2419 ne
1696 2387 1812 2420 ‘dicam
1829 2388 2078 2420 contumaciter.
2090 2388 2189 2420 'Tota
2203 2386 2334 2419 traditio
2349 2388 2450 2431 spirat

1356 2442 1463 2465 unum
1486 2433 1654 2474 exemplar
1676 2432 1769 2474 quod
1782 2441 1868 2465 <now
1886 2439 1956 2466 erat
1970 2434 2018 2465 Ἀ.

1377 2491 1380 2495 ’
1413 2478 1569 2519 Longum
1593 2483 1642 2509 est
1669 2478 1821 2510 locorum
1845 2484 1867 2510 a
1886 2479 2029 2510 revisere
2054 2478 2108 2510 vel
2134 2478 2334 2511 revisoribus
2356 2483 2451 2520 prue—

1356 2524 1529 2555 teritorum
1560 2523 1679 2555 seriem
1709 2523 1849 2555 afferres·
1865 2523 1990 2556 Unum»
2009 2523 2161 2556 dabimus
2188 2532 2250 2565 pro
2283 2523 2449 2561 omnibu,

1358 2569 1435 2610 quia
1459 2568 1632 2610 peculiaris
1658 2574 1709 2600 est
1737 2574 1772 2600 et
1798 2577 1939 2611 quoquo
1962 2569 2123 2611 imperito
2144 2568 2343 2610 peruadere
2358 2566 2450 2603 ‘stt

1358 2614 1450 2655 quod
1473 2613 1641 2655 privilegia
1666 2613 1820 2645 codicum
1837 2612 1858 2654 β
1873 2623 1942 2646 non
1965 2613 2140 2646 includunt
2156 2613 2449 2656 independamus

1338 2663 1376 2690 'a
1401 2659 1509 2700 primo
1534 2658 1711 2700 exemplari
1735 2659 1938 2701 apographo.

1414 2704 1525 2736 Locus
1549 2713 1706 2736 erroneus
1730 2705 1874 2736 occurrit
1896 2704 2008 2736 medio
2030 2705 2066 2735 L.
2085 2703 2192 2736 lV··inr
2210 2703 2280 2736 fine
2300 2701 2449 2746 caps-54,

1358 2750 1453 2781 cuius
1476 2749 1590 2781 titulus
1613 2754 1670 2780 est·
1694 2748 1797 2788 Quod
1826 2750 2029 2781 conveniens
2051 2748 2119 2781 fuit
2134 2748 2246 2781 neum
2259 2748 2449 2781 -1ικικαὶ,

1358 2794 1422 2826 Sed
1447 2794 1529 2835 lapis
1554 2793 1746 2825 offensionis
1770 2794 1913 2826 occurrit
1940 2799 2025 2832 ante,
2050 2795 2091 2826 in*
2110 2794 2277 2836 principio
2299 2791 2448 2836 eapfsz

1357 2839 1456 2871 titulo
1479 2839 1610 2871 Solutio
1634 2839 1866 2871 obiectionum
1886 2839 2068 2881 positarum
2084 2839 2448 2880 -wontraexistentiam

1359 2885 1486 2926 peccati
1509 2883 1701 2926 originalis).
1730 2883 1834 2916 Casus
1861 2884 1968 2916 voluit
1982 2890 2022 2916 ut
2034 2885 2231 2927 tamn-oque
2245 2883 2450 2927 capitulatae!

1359 2929 1543 2961 distantiam
1575 2935 1789 2961 centenarum
1819 2929 1991 2967 linearum,
2020 2929 2145 2971 senpta-
2165 2930 2230 2962 tint
2257 2930 2452 2962 verba-’nse

1361 2975 1529 3018 infectum,
1562 2975 1627 3006 boc
1655 2980 1830 3006 contextu:
1854 2980 1927 3017 etp.
1958 2975 2000 3007 52
2027 2974 2101 3007 «Et
2129 2975 2178 3007 sic
2203 2974 2452 3016 milium-pont

1359 3020 1542 3051 humanum
1566 3029 1671 3061 genus
1687 3025 1826 3062 peceato
1843 3019 1959 3062 ιὶῆυο
1975 3019 2176 3062 originaflter
2188 3027 2259 3052 esse
2275 3019 2451 3063 *insuffla-

1358 3063 1420 3095 His
1444 3074 1522 3105 ergo
1546 3066 1622 3096 visis
1641 3064 1915 3107 respondendum·
1935 3064 2068 3097 esta-df
2082 3072 2121 3097 ea
2144 3065 2294 3107 quaewin
2316 3069 2451 3096 >com-

1360 3110 1445 3141 rium
1470 3116 1546 3141 sunt
1566 3110 1704 3141 obiecta.
1719 3110 1805 3142 Non
1829 3110 1919 3142 enim
1937 3110 2243 3142 inconveniente-t
2264 3108 2359 3152 quod
2371 3117 2451 3141 uno

1360 3160 1517 3196 peccante
1533 3160 1706 3197 peccatum
1722 3155 1756 3186 in
1772 3156 1929 3187 omnibu·
1942 3155 2086 3188 die-nau·
2096 3159 2403 3196 eae'pmpugmm
2421 3165 2451 3192 »ς

1361 3209 1431 3241 cap.
1459 3201 1500 3241 54
1532 3200 1553 3227 ι’
1567 3200 1685 3232 Adbuc
1709 3210 1748 3231 ex
1772 3200 1946 3232 traditione
1969 3199 2136 3232 Ecclesiae
2158 3198 2319 3231 docemur
2340 3203 2449 3230 tutum

1360 3245 1543 3276 humanum
1558 3255 1662 3286 genus
1683 3251 1820 3287 peccato
1837 3254 1907 3278 esse
1930 3245 2098 3288 infectum.
2122 3243 2231 3276 Habet
2254 3249 2363 3275 autem
2385 3244 2451 3276 hoc

1360 3289 1443 3321 ordo
1468 3289 1596 3322 divinae
1620 3291 1772 3328 iustitiae,
1797 3296 1832 3322 ut
1856 3299 1954 3331 supra
1978 3290 2151 3332 probatum
2177 3294 2236 3329 est,
2259 3288 2351 3330 quod
2373 3298 2448 3330 pec-

1361 3341 1469 3366 catum
1494 3335 1564 3367 sine
1580 3334 1799 3368 satisfactione
1823 3344 1892 3367 non
1915 3334 2098 3366 remittatur
2120 3343 2138 3366 ι
2161 3333 2234 3366 Deo
2251 3339 2283 3364 »2
2304 3333 2450 3375 Scriptor

1362 3389 1439 3411 vero
1467 3386 1578 3412 noster
1608 3380 1710 3412 altero
1739 3380 1816 3412 loco
1843 3381 1890 3411 sic
1921 3379 2079 3411 exaravit:
2107 3392 2121 3406 ι
2141 3378 2260 3410 Adbuc
2284 3388 2323 3410 ex
2351 3377 2448 3410 tradi-

1361 3425 1450 3456 tione
1466 3448 1472 3455 .
1487 3447 1495 3456 .
1510 3447 1518 3456 .
1532 3435 1602 3457 esse
1625 3425 1795 3457 infectum.
1816 3423 1994 3465 Hie-igitur
2010 3424 2085 3455 visis
2097 3422 2376 3465 ‹respondendum
2401 3430 2450 3455 est

1361 3469 1402 3501 ad
1426 3479 1463 3501 ea
1492 3479 1576 3512 quae
1605 3470 1639 3502 in
1669 3469 1869 3502 contrarium
1900 3473 1976 3500 sum
2003 3469 2142 3500 obiecta.
2173 3468 2250 3500 Non
2278 3468 2370 3500 enim
2400 3475 2448 3500 est

1360 3515 1597 3546 inconveniens
1621 3520 1654 3546 et
1677 3519 1792 3547 cetera.
1816 3514 1925 3546 Habet
1948 3520 2059 3545 autem
2082 3513 2148 3545 hoc
2171 3512 2299 3545 ordo..
2314 3536 2321 3544 .
2339 3526 2367 3544 »-

1417 3560 1586 3591 Tenemus
1602 3559 1655 3591 hic
1666 3560 1855 3600 incoeptam
1870 3558 2088 3590 homoteleuti
2102 3558 2343 3599 repetitionem.
2361 3557 2449 3597 Quin-

1361 3610 1481 3642 tamen‚
1505 3605 1569 3636 nisi
1592 3605 1625 3635 in
1648 3604 1679 3635 Α
1702 3603 1932 3645 capitulorum
1946 3603 2011 3635 loci
2035 3603 2174 3635 minatio
2198 3602 2326 3643 accidit,
2351 3603 2447 3635 verba

1361 3650 1558 3681 recurrentia
1586 3653 1678 3680 tanto
1701 3649 1807 3689 spatio
1837 3649 1978 3679 invicem
2011 3647 2130 3679 distem
2161 3654 2198 3679 ut
2224 3654 2367 3689 quatuor
2391 3657 2448 3679 co·
