2756 4322
39 241 48 250 ⁴
64 238 119 260 Vid.
135 238 163 260 nd
179 239 223 259 loc.

39 698 109 725 ¹43l'
125 702 165 717 ai.

37 959 45 968 ·
59 957 121 979 Casu
140 962 182 983 pro
195 963 248 984 per-

29 982 135 1011 ficimur.

283 151 352 188 58*
1106 125 1109 127 ’
1249 138 1515 176 APPENDIX

280 236 316 260 sic
338 235 354 251 *
388 231 421 260 in
457 228 631 259 substantia
667 223 874 256 intellectuali
910 222 1062 262 recipitur
1097 226 1143 251 est
1182 219 1353 260 perficiens
1409 230 1456 255 per
1474 221 1584 246 modum
1603 220 1735 245 mixtionis
1749 220 1828 245 uniri.
1845 218 1936 254 §Item
1953 215 2047 254 Quae
2065 215 2182 260 (enim)
2197 218 2376 248 miscentur
2392 226 2491 258 opor-

279 281 488 312 substantiam
513 276 762 308 intellectualem
795 280 826 304 et
850 283 917 304 non
947 281 1160 312 corrumpens
1188 281 1270 302 eam.
1302 271 1353 301 In·
1409 275 1454 300 tet
1474 268 1513 299 ad
1536 269 1677 299 invicem
1702 268 1834 299 alterata
1857 277 1938 298 esse.
1963 267 2065 306 Quod
2088 277 2157 299 non
2182 269 2342 310 contingit
2360 292 2367 300 .
2383 292 2390 299 .
2405 293 2411 300 .
2429 269 2491 300 mi-

279 331 460 371 telligibile.
476 353 482 359 .
499 353 505 359 .
522 326 784 367 incorruptibilis.
802 326 819 363 §
837 325 1011 355 Praeterea.
1031 323 1121 353 Sicut
1136 322 1286 353 sensibile
1300 345 1307 352 .
1323 345 1329 351 .
1345 345 1351 351 .
1409 321 1545 351 scibiles.
1563 322 1580 358 §
1596 319 1725 357 Adhuc.
1747 319 1842 358 Quae
1863 320 2041 350 miscentur
2058 343 2066 350 .
2077 343 2084 350 .
2099 343 2106 350 .
2125 325 2294 351 ostensum
2325 326 2382 351 est.
2401 325 2415 340 ⁸
2429 324 2492 350 Reli
2517 329 2566 352 45¹·
2579 323 2626 345 tn.

279 382 423 414 subiecti.
450 381 514 417 Qui
531 386 638 409 tamen
662 377 781 408 modus
799 376 1016 416 corruptionis
1041 384 1108 404 non
1133 379 1240 414 potest
1259 384 1354 402 conve·
1410 371 1486 401 Non
1510 371 1607 410 igitur
1622 375 1732 410 potest
1747 370 1925 401 substantia
1941 369 2168 400 intellectualis
2185 371 2269 401 uniri
2286 372 2418 412 corpori
2433 381 2491 412 per

279 439 336 463 nire
356 437 419 462 intel
442 431 586 462 accidere
614 429 803 466 intellectui,
833 436 909 457 cum
938 436 1005 456 non
1030 426 1069 455 sit
1093 431 1182 455 actus
1208 425 1353 464 corporis
1376 440 1383 458 ς
1410 421 1547 452 modum
1572 422 1748 451 mixtionis.
1773 422 1791 459 §
1808 420 1960 452 Similiter
1977 427 2086 451 autem
2103 427 2192 461 patet
2207 421 2299 461 quod
2315 422 2491 454 substantia

279 485 374 515 ullius
392 483 496 524 (quasi
523 492 539 511 a
565 490 701 521 corpore
727 476 927 520 dependens)
945 483 980 508 ut
997 486 1093 516 supra
1110 482 1277 506 ostensum
1296 482 1352 506 est.
1410 472 1636 502 intellectualis
1660 481 1728 502 non
1754 477 1862 512 potest
1886 472 1969 502 uniri
2002 473 2133 512 corpori
2163 481 2222 512 per
2245 471 2384 503 modum
2411 482 2491 504 con-

281 541 393 565 constat
420 535 509 564 Patet
537 538 644 562 autem
664 555 670 562 .
687 555 693 561 .
709 555 715 561 .
733 530 862 561 obiecti.
891 529 977 566 Quia
1003 529 1058 568 qui
1087 527 1236 567 intelligit
1260 526 1353 557 valde
1410 529 1514 554 tactus
1530 523 1676 563 (proprie
1701 521 1847 564 sumpti.)
1872 523 1995 554 Tactus
2021 524 2109 554 enim
2132 533 2201 554 non
2225 524 2287 554 nisi
2312 533 2490 564 corporum

277 586 487 626 intelligibilia
512 594 577 614 non
604 584 711 613 minus
744 582 891 621 intelligit
919 581 1027 611 minus
1052 579 1274 618 intelligibilia,
1299 578 1353 608 sed
1411 579 1467 604 est·
1486 574 1568 604 Sunt
1593 574 1681 603 enim
1706 574 2029 625 tangentia-quorum
2054 579 2129 604 sunt
2153 574 2267 604 ultima
2289 574 2388 605 simul
2405 577 2492 603 tneor-

277 638 387 677 magis.
426 635 607 665 Intellectus
643 634 738 673 igitur
773 633 865 662 nullo
904 631 1006 662 modo
1043 637 1089 661 est
1125 631 1351 670 corruptibilis
1410 637 1552 662 poi-eorum
1573 634 1660 654 autem
1678 629 1770 654 ultima
1793 636 1847 654 non
1867 634 1938 659 sunt,
1961 637 2014 654 non
2039 629 2109 654 enim
2136 635 2198 655 sunt
2221 630 2259 655 eis
2279 624 2343 667 (ut)
2368 631 2492 666 puncta

277 690 293 705 ἥ
309 690 327 727 §
344 687 502 726 Amplius.
531 685 734 724 Intelligibile
759 690 806 714 est
833 688 901 720 pers
929 683 1059 723 propria
1084 681 1240 722 perfectio
1261 682 1354 712 intel·
1370 697 1394 711 ,ο
1409 684 1464 708 aut
1480 679 1583 708 lineae
1601 684 1657 708 aut
1672 676 1872 718 superficies,
1890 687 1974 718 quae
1987 684 2063 708 sunt
2080 687 2259 719 corporum
2275 678 2400 716 ultima,
2413 687 2444 707 ut
2454 682 2492 708 sie

277 740 388 769 lectus.
422 737 514 768 Unde
541 736 722 766 intellectus
741 759 747 766 .
763 759 770 766 .
786 759 792 766 .
811 742 886 766 sunt
911 734 1111 765 universalia.
1137 739 1237 763 Sensus
1257 743 1352 768 autem,
1409 734 1487 759 simul
1509 741 1569 758 esse
1592 741 1684 758 eorum
1713 732 1806 758 ultima
1823 735 1939 765 possunt
1957 733 2067 766 possint.
2092 730 2170 760 Non
2192 730 2290 771 igitur
2303 753 2310 760 .
2325 753 2333 761 .
2347 753 2355 761 .
2372 735 2491 771 potest.

277 800 302 819 et
322 794 342 819 si
369 795 402 818 sit
427 793 575 826 aliquorum
603 791 847 823 incorruptibilium,
872 798 923 815 non
949 796 1037 815 tamen
1061 791 1215 822 inquantum
1235 794 1297 815 sunt
1315 789 1351 814 in·
1407 787 1427 817 ,ὅ
1450 787 1546 812 Adhuc
1565 784 1583 821 ἓ
1600 783 1647 812 Ex
1673 783 1737 812 hoc
1761 787 1869 812 autern
1886 805 1893 812 .
1909 805 1915 812 .
1931 791 2019 812 .non
2044 788 2184 822 possunt
2206 783 2225 822 §
2242 782 2299 813 Est
2322 789 2432 813 tamen

276 845 461 879 corruptibilia,
493 844 539 869 sed
571 844 725 876 inquantum
752 848 813 867 sunt
836 842 929 867 lucida.
961 838 1099 878 Oportet
1130 838 1228 877 igitur
1259 837 1352 867 intel·
1409 842 1490 866 tacta
1525 841 1662 865 tantum.
1699 833 1849 874 Corpora
1883 834 1970 864 enim
2005 834 2155 864 caelestia
2185 839 2322 874 tangunt
2357 833 2492 874 quidem

277 895 397 925 lectum
423 902 491 923 esse
515 890 807 930 incorruptibilem.
833 889 994 928 §Adhuc
1012 888 1284 928 Unumquodque
1299 912 1306 918 .
1322 911 1351 918 ..
1409 891 1554 916 secundum
1574 890 1643 915 hunc
1662 890 1771 914 modum
1793 885 1872 925 (hoc
1902 884 2021 927 modo)
2046 885 2255 916 elementaria
2279 894 2419 926 corpora
2442 885 2492 916 in-

277 946 425 976 existens.
451 942 640 974 Perficimus
656 943 672 958 ἥ
692 940 804 983 (enim)
832 941 1014 971 secundum
1038 939 1268 970 intellectivam
1286 941 1353 969 ani·
1370 956 1391 975 ,ς
1412 945 1571 979 quantum
1598 949 1634 969 ea
1659 938 1805 974 alteram,
1829 947 1898 968 non
1930 943 2039 968 autem
2067 942 2247 977 tanguntur
2270 937 2310 967 ab
2334 937 2390 974 eis,
2415 937 2492 977 quia

276 1005 362 1026 mam
387 995 520 1026 scientia
545 999 575 1024 et
600 992 780 1032 prudentia,
806 991 922 1021 sedatis
947 991 1241 1031 permutationibus
1260 997 1287 1019 et
1305 1001 1353 1019 na.
1409 1003 1460 1020 non
1482 992 1521 1020 ab
1538 990 1584 1020 eis
1601 999 1667 1020 non
1686 990 1863 1030 patiuntur.
1881 988 1914 1020 Sl
1930 989 2028 1029 igitur
2044 989 2107 1019 sint
2123 989 2232 1029 aliqua
2252 1000 2321 1026 quae
2333 992 2386 1018 sint
2404 993 2493 1018 solum

276 1054 355 1075 turae
382 1053 409 1075 et
428 1049 585 1082 passionum
611 1050 641 1073 et
676 1043 900 1083 corporalibus
933 1049 963 1073 et
991 1043 1117 1073 animae
1149 1043 1351 1083 passionum,
1409 1042 1536 1082 agentia
1557 1045 1659 1077 (quae)
1683 1043 1828 1077 (quamvis)
1849 1039 1963 1082 (quae)
1987 1041 2175 1080 quantitatis
2191 1041 2314 1071 ultimis
2337 1049 2407 1071 non
2423 1046 2493 1072 tan-

276 1104 311 1128 ut
336 1104 422 1138 patet
453 1106 510 1137 per
540 1095 775 1136 philosophum
800 1095 831 1124 in
858 1105 900 1124 vii
925 1095 1006 1134 phis.
1035 1093 1153 1124 Modus
1172 1118 1178 1124 .
1194 1118 1200 1124 .
1216 1118 1222 1124 .
1241 1103 1352 1124 corru-
1407 1100 1484 1134 gant
1503 1097 1544 1121 vel
1565 1096 1627 1129 quia
1639 1096 1749 1121 omnino
1764 1100 1869 1132 careant
1887 1096 2039 1128 quantitate,
2051 1095 2094 1120 vel
2108 1095 2171 1128 quia
2183 1095 2237 1121 sint
2249 1096 2396 1121 secundum
2408 1103 2493 1129 quan-

276 1149 432 1189 ptibilem,
458 1151 475 1184 5
494 1151 568 1175 Item.
593 1150 660 1175 Cum
689 1149 751 1174 nihil
776 1154 835 1182 agat
858 1149 908 1174 nisi
933 1149 1078 1174 secundum
1099 1149 1170 1182 quod
1195 1148 1273 1174 habet
1292 1156 1352 1174 esse
1408 1148 1513 1174 titatem
1538 1149 1618 1174 situm
1643 1147 1764 1172 distantia
1787 1142 1936 1173 dicentur
1959 1143 2175 1174 nihilominus
2198 1149 2330 1184 tangere
2353 1143 2493 1185 inquan-

276 1210 342 1234 acm,
361 1209 464 1236 oportet
487 1203 512 1227 id
532 1203 606 1227 cuius
629 1203 710 1227 virtus
734 1203 817 1227 activa
840 1207 881 1227 est
906 1202 995 1234 aliquo
1018 1202 1100 1226 modo
1128 1201 1236 1233 infinita,
1256 1202 1352 1227 habere
1368 1215 1394 1228 ,ο
1408 1203 1477 1227 turn
1503 1202 1614 1235 agunt,
1639 1194 1820 1226 secundum
1845 1203 1946 1235 quem
1969 1193 2107 1225 modum
2137 1194 2276 1226 dicimus
2299 1194 2391 1236 quod
2414 1204 2494 1226 con-

274 1255 354 1279 etiam
381 1262 440 1279 esse
466 1261 530 1278 suae
555 1253 716 1278 substantiae
744 1253 859 1286 quodam
886 1253 966 1278 modo
989 1251 1118 1278 infinitum
1143 1260 1204 1278 riam
1225 1256 1252 1278 et
1267 1261 1319 1286 per
1337 1261 1352 1278 ν
1408 1249 1535 1279 tristans
1559 1257 1621 1278 nos
1641 1248 1752 1287 tangit.
1777 1246 1852 1277 Hoc
1876 1246 1974 1286 igitur
1991 1269 1998 1276 .
2014 1269 2040 1276 ..
2059 1246 2242 1277 existentes.
2268 1249 2302 1275 Et
2325 1250 2366 1276 hic
2385 1250 2494 1284 quidem
2515 1242 2523 1246 .

275 1305 346 1329 unde
365 1309 391 1329 et
409 1312 456 1337 per
474 1304 596 1328 virtutem
617 1304 653 1328 rei
679 1304 712 1328 de
737 1309 829 1328 namra
853 1303 1012 1328 substantiae
1038 1304 1094 1328 eius
1118 1304 1274 1329 iudicamus.
1300 1304 1352 1329 Sed
1409 1299 1439 1340 (ἓ
1456 1300 1519 1330 Hic
1537 1298 1660 1337 autem)
1678 1304 1782 1329 tactus
1798 1307 1867 1328 non
1893 1304 1940 1328 est
1964 1298 2152 1338 quantitatis
2169 1297 2225 1329 sed
2241 1298 2377 1329 virtutis.
2398 1298 2495 1330 Unde

275 1357 356 1381 virtus
377 1355 537 1380 substantiae
556 1355 723 1387 intelligentis
750 1355 878 1380 invenitur
898 1363 958 1380 esse
976 1355 1001 1380 in
1025 1363 1072 1380 sua
1091 1357 1245 1389 operatione
1264 1357 1353 1390 aliquo
1409 1351 1514 1382 differt
1530 1351 1582 1381 hic
1599 1357 1703 1381 tactus
1728 1360 1745 1380 a
1763 1356 1850 1381 tacto
1867 1359 2029 1390 corporeo
2046 1350 2080 1380 in
2097 1350 2208 1381 tribus.
2231 1349 2341 1381 Primo
2358 1349 2495 1391 quidem

276 1408 355 1433 modo
368 1406 474 1438 infinita,
493 1412 548 1431 tum
563 1407 624 1440 quia
637 1407 772 1439 cognoscit
790 1407 945 1437 universale,
965 1410 1037 1441 quod
1051 1414 1091 1433 est
1104 1409 1352 1442 comprehensivum
1409 1403 1485 1443 quia
1502 1403 1565 1432 hoc
1586 1408 1674 1432 tactu
1699 1401 1731 1432 id
1753 1401 1844 1443 quod
1869 1406 1916 1432 est
1940 1400 2134 1432 indivisibile
2157 1408 2266 1442 potest
2290 1407 2422 1442 tangere
2445 1401 2494 1434 di-

276 1457 444 1488 infinitorum,
468 1463 523 1482 tum
548 1457 609 1490 quia
632 1457 658 1482 in
685 1457 861 1491 intelligendo
886 1459 1042 1484 intellectiva
1066 1465 1107 1484 est
1131 1458 1301 1490 infinitorum,
1326 1465 1354 1484 ut
1370 1469 1391 1489 ²5
1409 1454 1544 1484 visibile.
1570 1454 1671 1492 Quod
1687 1454 1720 1484 in
1738 1459 1826 1484 tactu
1851 1462 2013 1494 corporeo
2030 1462 2099 1484 non
2116 1459 2224 1494 potest
2238 1453 2398 1496 accidere,
2417 1463 2495 1486 nam

275 1515 345 1542 patet
364 1510 390 1533 in
409 1509 622 1543 multiplicatione
635 1516 816 1538 numerorum,
830 1507 982 1542 figurarum,
997 1510 1198 1543 proportionum
1217 1514 1244 1536 et
1263 1511 1290 1536 in
1305 1511 1353 1536 ad·
1409 1514 1536 1542 punctum
1549 1503 1702 1547 (puncto)
1718 1514 1786 1536 non
1801 1510 1909 1546 potest
1923 1509 2075 1542 contingere
2091 1504 2206 1547 (tangi)
2221 1505 2283 1536 nisi
2297 1505 2495 1538 indivisibile

276 1560 378 1585 ditione
397 1560 556 1593 quantitatis
575 1567 658 1592 supra
683 1561 861 1592 quantitatem
882 1566 908 1585 et
933 1568 1125 1587 mensurarum.
1155 1561 1226 1594 Ergo
1251 1567 1276 1586 et
1295 1569 1354 1586 esse
1410 1557 1551 1597 aliquid:
1572 1561 1599 1586 in
1622 1563 1747 1586 contactu
1767 1557 1945 1588 substantia
1961 1562 2072 1588 autem
2089 1557 2327 1594 intellectualis,
2344 1557 2496 1598 quamvis

277 1611 436 1637 substantiae
455 1611 622 1645 intelligentis
645 1617 750 1644 oportet
769 1619 829 1636 esse
848 1612 892 1646 ins
907 1612 1106 1645 quodammodo
1130 1611 1267 1639 infinitum.
1288 1613 1354 1638 Esse
1410 1610 1449 1639 sit
1466 1608 1678 1645 indivisibilis,
1692 1614 1800 1649 potest
1817 1615 1948 1650 tangere
1960 1619 2059 1646 corpus
2073 1609 2287 1650 quantitatem
2300 1609 2495 1643 divisibilem

235 1679 239 1683 -
277 1668 363 1688 autem
383 1664 419 1688 rei
439 1663 613 1696 corruptibilis
633 1664 705 1688 nullo
729 1665 810 1689 modo
829 1670 870 1690 est
892 1663 1031 1690 infinitum.
1056 1665 1168 1698 Oportet
1190 1665 1267 1699 igitur
1292 1666 1354 1691 aub-
1411 1661 1620 1702 (inquantum
1634 1661 1698 1700 agit
1711 1661 1744 1691 in
1758 1659 1889 1702 ipsam.)
1901 1661 1978 1692 Alio
1994 1662 2081 1692 enim
2095 1685 2103 1692 .
2118 1685 2125 1692 .
2141 1684 2148 1692 .
2162 1670 2231 1692 non
2244 1666 2363 1702 potest.
2380 1661 2398 1678 ⁶
2409 1659 2494 1693 Sub—

37 1819 45 1828 '
60 1817 120 1840 cun
143 1824 186 1846 pro
201 1818 250 1845 qui-

35 1844 94 1868 dem.

34 2031 146 2059 43vb1.

37 3059 46 3068 ⁶
54 3058 114 3088 (ριςυ
125 3064 171 3080 om.
184 3058 249 3080 dit-1¹1.

38 3083 91 3106 vid.
106 3084 134 3106 nd
151 3085 194 3106 loc.

39 3513 252 3563 &22:313‘11'2'8233

40 3566 92 3589 cap.
108 3566 180 3588 nvn,
195 3567 207 3582 ι
221 3567 239 3589 5.

277 1717 397 1741 stantiam
417 1716 606 1748 intelligentem
630 1724 690 1741 esse
714 1717 944 1750 incorruptibilem.
963 1715 981 1753 5
997 1713 1175 1744 Praeterea.
1202 1714 1354 1754 Impossi-
1372 1729 1397 1748 ,ο
1410 1712 1525 1742 stantia
1538 1718 1649 1742 autem
1663 1711 1892 1744 intellectualis
1904 1718 1952 1744 est
1968 1710 2172 1744 indivisibilis
2185 1712 2277 1753 quasi
2291 1718 2379 1743 extra
2389 1721 2495 1753 genus

277 1764 340 1794 bile
357 1771 403 1794 est
422 1787 428 1794 .
445 1788 451 1794 .
467 1788 473 1794 .
494 1771 589 1804 patet.
608 1765 768 1796 Naturalis
785 1767 871 1796 enim
889 1766 1054 1807 appetitus
1070 1766 1266 1806 quibusdam
1283 1767 1356 1807 qui·
1411 1764 1599 1804 quantitatis
1616 1763 1766 1800 existens,
1791 1763 1879 1795 unde
1902 1774 1970 1796 non
1995 1764 2228 1796 determinatur
2251 1765 2280 1795 ei
2310 1767 2404 1802 aliqua
2422 1773 2496 1795 nen-

278 1814 351 1844 dam
365 1815 381 1831 ⁴*
406 1815 488 1845 inest
514 1825 550 1845 ex
575 1816 835 1856 apprehensione
854 1840 860 1847 .
877 1840 883 1846 .
899 1840 906 1847 .
925 1817 1119 1856 quibusdam
1138 1826 1215 1848 vero
1233 1818 1356 1857 absque
1411 1825 1476 1844 sura
1504 1818 1640 1851 quantita!
1660 1814 1855 1846 indivisibile
1875 1816 1999 1856 aliquid
2016 1817 2203 1856 quantitatis
2220 1816 2260 1847 ad
2283 1815 2495 1856 tangendum.

277 1867 534 1906 apprehensione
560 1877 596 1896 ex
622 1867 690 1897 sola
718 1868 928 1898 inclinatione
957 1868 1152 1898 naturalium
1178 1869 1356 1908 principio·
1411 1865 1565 1896 Secundo
1584 1889 1590 1895 .
1606 1889 1612 1895 .
1629 1889 1635 1895 .
1654 1866 1685 1895 in
1711 1867 1868 1906 potentia.
1899 1865 2047 1897 Potentia
2065 1875 2142 1897 vero
2167 1872 2215 1897 est
2238 1867 2423 1910 secundum
2445 1872 2497 1901 to-

276 1927 358 1955 rum,
384 1927 466 1958 quae
492 1919 644 1948 naturalis
665 1919 827 1959 appetitus
851 1920 884 1949 in
910 1919 1104 1959 quibusdam
1125 1919 1242 1950 dicitur
1261 1920 1357 1961 (sicut
1411 1922 1492 1952 tum,
1517 1925 1584 1946 non
1610 1916 1792 1947 secundum
1817 1917 1931 1947 ultima
1951 1916 2089 1959 (totius.)
2107 1917 2202 1949 Unde
2219 1924 2327 1949 totum
2343 1919 2495 1960 tangitur.

273 1979 368 2008 grave
393 1970 516 2009 appetit
533 1978 601 1999 esse
627 1969 804 2010 deorsum.)
831 1970 979 2010 Utroque
997 1993 1004 2000 .
1020 1994 1026 2000 .
1042 1994 1048 2000 .
1067 1971 1274 2010 cognitionis.
1300 1971 1355 2001 Illa
1372 1981 1393 1999 ις
1411 1966 1458 1997 Ex
1489 1976 1557 2007 quo
1586 1972 1675 2007 patet
1705 1968 1796 1998 tertia
1821 1966 2011 1999 differentia.
2040 1967 2127 2007 Quia
2151 1992 2159 2000 .
2174 1992 2181 1999 .
2196 1992 2203 2000 .
2229 1969 2268 2000 ab
2299 1979 2351 2001 eo.
2373 1969 2498 2004 Tacui·

274 2020 370 2058 igitur
393 2020 581 2059 cognitione
606 2021 746 2050 carentia
763 2022 779 2037 '¹‘
799 2030 941 2061 quorum
958 2022 1125 2062 principiis
1149 2022 1231 2052 inest
1255 2022 1356 2054 virtus
1411 2023 1520 2048 autern
1557 2018 1693 2055 virtutis,
1726 2019 1783 2059 qui
1818 2020 1975 2060 competit
2008 2020 2194 2052 substantiis
2225 2021 2498 2054 intellectualibm

274 2070 312 2100 ad
338 2071 596 2101 conservandum
615 2081 683 2102 esse
707 2078 902 2112 perpetuum
927 2073 969 2102 ita
987 2072 1078 2113 quod
1102 2078 1255 2103 maneant
1271 2082 1355 2104 sem·
1410 2076 1450 2098 est
1472 2073 1499 2098 in
1520 2079 1595 2101 cum
1613 2071 1653 2101 sit
1677 2070 1717 2102 ad
1741 2071 1865 2108 intima,
1883 2070 1959 2103 facit
1983 2073 2195 2104 substantiam
2214 2079 2402 2114 tangentem
2426 2083 2496 2107 eene

273 2131 330 2161 per
354 2120 466 2151 eadem
493 2122 674 2152 secundum
699 2132 885 2159 numerum,
909 2123 1096 2154 naturaliter
1121 2127 1277 2153 desiderant
1299 2133 1355 2164 ap·
1375 2119 1387 2127 '
1411 2126 1586 2152 intrinsecam
1614 2126 1640 2152 ei
1666 2134 1683 2160 q
1721 2124 1803 2154 intra
1839 2123 1871 2155 id
1910 2123 2002 2165 quod
2037 2125 2188 2165 tangitur,
2224 2131 2255 2156 et
2291 2125 2497 2159 incedentem

273 2179 388 2214 petunt
417 2183 486 2204 esse
516 2180 712 2214 perpetuum
742 2175 839 2205 etiam
871 2175 1053 2206 secundum
1087 2175 1175 2207 idem
1203 2185 1354 2207 numero.
1411 2183 1468 2214 per
1492 2174 1596 2215 ipsam
1619 2175 1636 2191 ⁴*
1661 2174 1784 2215 absque
1809 2174 2056 2216 impedimento.
2081 2176 2100 2215 5
2123 2175 2177 2207 Sic
2200 2176 2297 2218 igitur
2320 2177 2499 2211 substantia

274 2229 350 2260 Quae
366 2233 455 2255 autem
477 2226 629 2264 Quorum
653 2232 762 2257 autem
782 2250 789 2257 .
804 2249 812 2257 .
828 2251 834 2256 .
852 2237 919 2258 non
940 2227 1201 2268 apprehendunt.
1222 2228 1356 2258 Deside-
1371 2240 1397 2259 40
1410 2225 1639 2256 intellectualis
1663 2231 1772 2266 potest
1796 2226 1927 2267 corpori
1952 2227 2037 2258 uniri
2062 2235 2120 2267 per
2147 2232 2336 2259 contactum
2349 2228 2498 2262 wit-tutis.

271 2285 340 2309 rant
357 2285 464 2309 tamen
483 2288 551 2309 esse
569 2289 675 2314 semper
697 2283 723 2307 in
745 2289 807 2314 spec
831 2285 1027 2320 perpetuum
1044 2279 1164 2320 speciei
1181 2283 1208 2308 in
1227 2290 1295 2312 com,
1315 2286 1355 2309 ta·
1411 2276 1506 2315 Quae
1537 2283 1648 2308 autem
1667 2284 1731 2307 sunt
1749 2289 1832 2308 uuum
1852 2279 2012 2310 uniuntur
2041 2278 2225 2310 secundum
2254 2279 2353 2311 talem
2383 2285 2498 2314 cont·-

272 2340 330 2359 men
350 2341 363 2358 s
382 2336 490 2360 tamen
504 2331 626 2370 absque
640 2330 840 2370 cognitione,
854 2331 930 2371 quia
949 2331 1048 2361 virtus
1060 2331 1254 2371 generativa,
1271 2340 1356 2372 quae
1411 2337 1501 2362 ctum
1533 2340 1600 2361 non
1631 2336 1706 2361 sunt
1737 2340 1842 2362 unum
1873 2330 2073 2372 simpliciter.
2104 2328 2187 2362 Sunt
2217 2332 2305 2363 enim
2330 2340 2436 2364 unum
2461 2331 2497 2365 in

272 2381 311 2412 ad
329 2382 391 2411 hoc
409 2381 557 2418 deservit,
574 2381 763 2421 preambula
781 2388 827 2412 est
845 2388 876 2412 et
893 2391 960 2412 non
978 2383 1150 2413 subiacens
1163 2383 1355 2423 cognitioni.
1411 2382 1545 2424 agendo
1555 2388 1586 2413 et
1611 2382 1777 2423 patiendo,
1801 2381 1894 2423 quod
1917 2391 1986 2415 non
2003 2389 2051 2413 est
2085 2393 2168 2412 uuum
2198 2392 2268 2415 esse
2292 2392 2397 2416 unum
2418 2383 2498 2425 §in-

273 2432 327 2463 Illa
352 2433 448 2473 igitur
466 2456 472 2463 .
491 2457 498 2463 .
514 2456 520 2463 .
538 2431 699 2463 deficiant.
716 2434 734 2472 5
751 2433 879 2464 Adhuc.
897 2434 1138 2475 Quaecumque
1156 2458 1162 2465 .
1178 2458 1184 2465 .
1201 2458 1207 2465 .
1222 2445 1289 2466 non
1307 2435 1356 2466 in·
1411 2433 1547 2474 pliciter.
1573 2433 1625 2464 Sic
1643 2433 1730 2465 enim
1748 2433 1867 2465 dicitur
1883 2443 1987 2465 unum
2005 2443 2074 2475 quo
2090 2435 2192 2467 modo
2209 2441 2242 2467 et
2258 2444 2326 2467 ens.
2343 2435 2424 2467 Esse
2436 2435 2497 2469 iu-

273 2483 373 2515 fluere
401 2485 446 2515 eis
471 2494 550 2516 esse.
581 2485 644 2515 Sed
670 2495 707 2515 ex
740 2486 799 2516 hac
833 2486 930 2526 (sola)
962 2487 1110 2527 potentia
1128 2510 1135 2517 .
1151 2510 1180 2518 ..
1200 2494 1234 2518 ut
1259 2497 1356 2528 supra
1370 2499 1393 2519 ις
1410 2490 1476 2516 tem
1501 2494 1601 2526 agens
1625 2494 1692 2516 non
1706 2483 1879 2526 >significat
1902 2495 1972 2517 esse
1992 2497 2075 2516 unum
2096 2487 2297 2529 simpliciter.
2315 2485 2412 2519 Unde
2433 2495 2499 2521 nec

273 2542 438 2567 ostensum
466 2543 522 2567 est.
548 2537 636 2566 'l'um
668 2537 764 2567 etiarn
799 2538 875 2577 quia
904 2537 1004 2575 Deus,
1036 2539 1092 2579 qui
1118 2545 1166 2569 est
1189 2539 1356 2570 institutor
1411 2546 1480 2567 esse
1505 2546 1608 2567 unum
1635 2537 1667 2567 in
1692 2536 1821 2577 agendo
1842 2543 1890 2568 est
1910 2547 1980 2569 esse
1998 2547 2102 2570 uuum
2123 2538 2324 2580 simpliciter.
2348 2538 2497 2579 §Unum

273 2593 415 2624 naturae,
441 2597 508 2618 non
533 2588 690 2618 subtrahit
708 2588 803 2619 rebus
819 2588 852 2619 id
869 2589 960 2629 quod
981 2595 1028 2620 est
1045 2590 1216 2631 proprium
1233 2591 1356 2622 naturis
1410 2594 1519 2619 autem
1539 2611 1546 2619 .
1562 2612 1568 2619 .
1583 2611 1591 2619 .
1609 2589 1735 2619 ratione
1753 2597 1868 2620 unum.
1893 2589 1940 2620 Ex
1957 2590 2136 2621 substantia
2152 2595 2262 2622 autem
2286 2588 2498 2625 intellectuali

273 2648 387 2670 eorum
419 2644 488 2669 sicut
508 2639 684 2670 Ostensurn
710 2646 756 2670 est
781 2646 889 2671 autem
919 2641 1010 2681 quod
1038 2642 1208 2683 proprium
1233 2643 1355 2674 naturis
1411 2646 1443 2671 et
1466 2649 1605 2681 corpore
1630 2649 1699 2671 non
1723 2646 1832 2681 potest
1857 2639 1924 2672 fieri
1950 2651 2055 2673 unum
2081 2642 2172 2683 quod
2199 2642 2240 2673 sit
2264 2639 2498 2684 (in)divisibile.

274 2691 546 2721 intellectualibus
571 2697 617 2721 est
642 2691 731 2731 quod
757 2692 819 2722 sint
844 2698 1031 2733 perpetuae.
1058 2693 1152 2724 Unde
1180 2694 1244 2724 hoc
1269 2694 1313 2724 eis
1338 2703 1355 2724 a
1411 2698 1543 2732 oportet
1567 2692 1654 2723 enim
1681 2691 1760 2723 illud
1794 2702 1864 2724 esse
1898 2693 2122 2734 compositum
2147 2703 2185 2724 ex
2210 2693 2351 2725 duobus.
2379 2693 2498 2736 Neque

274 2741 346 2773 Deo
371 2752 436 2772 non
463 2743 677 2773 subtrahetur.
695 2742 777 2773 Sunt
794 2744 892 2783 igitur
907 2745 1104 2776 substantiae
1121 2745 1357 2777 intellectuales
1372 2753 1397 2773 5⁰
1411 2743 1529 2774 iterum
1547 2743 1638 2783 quod
1658 2743 1698 2774 sit
1716 2744 1924 2782 continuum,
1949 2745 2026 2786 quia
2045 2748 2199 2775 continuum
2212 2756 2266 2774 non
2278 2748 2497 2783 als-quequae-

274 2804 311 2825 ex
329 2795 420 2824 omni
438 2801 525 2834 parte
542 2795 815 2835 incorruptibiles.
840 2797 858 2834 §
875 2795 961 2826 Hinc
985 2802 1032 2826 est
1057 2796 1147 2837 quod
1165 2798 1197 2827 in
1215 2806 1262 2838 ps.
1287 2797 1355 2828 lau·
1411 2804 1464 2824 inte
1482 2804 1524 2824 est
1543 2795 1664 2836 (partes
1680 2795 1829 2826 continui
1846 2802 1988 2837 quantae
2008 2797 2109 2840 sunt.)
2125 2798 2336 2840 Relinquitur
2352 2821 2360 2830 .
2375 2821 2383 2830 .
2396 2821 2404 2830 .
2421 2797 2496 2831 albi.

275 2844 346 2875 date
371 2845 541 2875 dominum
569 2845 608 2875 de
633 2846 739 2882 caelis,
760 2850 881 2875 invitatis
908 2848 1150 2878 connumeratis
1178 2848 1300 2888 angelis
1324 2854 1356 2879 et
1412 2847 1486 2878 Hoc
1511 2847 1608 2887 igitur
1632 2847 1867 2888 inquirendum
1886 2854 1926 2878 est
1945 2849 2150 2890 relinquitur,
2179 2856 2290 2882 utrum
2319 2851 2499 2884 substantia

276 2896 466 2926 caelestibus
479 2897 682 2937 corporibus,
691 2898 913 2938 subiungitur.
927 2922 933 2928 .
949 2922 955 2928 .
970 2898 1356 2939 designatumgaponolus
1411 2898 1639 2930 intellectualis
1673 2899 1821 2940 corporis
1857 2899 1995 2931 alicuius
2030 2899 2136 2933 forma
2174 2901 2393 2933 substantialis
2427 2911 2498 2935 esse

276 2951 354 2976 etiam
374 2952 456 2985 prima
476 2957 540 2977 tess.
559 2960 583 2976 lv
604 2953 673 2982 dicit,
688 2953 719 2977 Et
738 2953 775 2978 sic
795 2960 900 2986 semper
918 2962 978 2979 cum
999 2955 1112 2980 nomino
1131 2955 1185 2981 ert‘t
1203 2957 1310 2987 erimus,
1330 2956 1354 2982 in
1411 2950 1523 2991 possit.
1547 2950 1566 2989 ἓ
1590 2949 1726 2981 Videtur
1742 2973 1749 2981 .
1765 2973 1772 2980 .
1787 2973 1794 2981 .
1813 2949 2030 2992 distinguitur.
2059 2951 2244 2984 Substantia
2267 2959 2378 2985 autem
2401 2953 2497 2987 intel-

276 3011 330 3036 quo
349 3005 508 3037 perpetuitas
528 3005 605 3030 etiam
629 3005 774 3030 animarum
794 3006 952 3038 designatur.
971 3003 1034 3034 Dio
1053 3005 1150 3035 etiam
1168 3005 1201 3035 in
1219 3015 1252 3035 iu
1269 3014 1297 3036 c.
1314 3003 1355 3036 de
1371 3015 1394 3035 ες
1410 3002 1558 3033 lectualis
1582 3008 1630 3033 est
1653 3002 1832 3033 substantia
1855 3008 1931 3034 actu
1955 3004 2106 3042 existens,
2123 3011 2159 3036 ut
2176 3014 2215 3036 ex
2239 3005 2424 3046 praemissis
2439 3014 2497 3048 ap-

277 3052 318 3083 di.
343 3062 397 3083 no.
422 3054 438 3068 ³*
459 3053 569 3094 quod.
586 3077 592 3084 .
608 3077 614 3084 .
630 3055 817 3086 variatione.
839 3059 871 3083 Et
893 3060 1063 3092 postmodum
1087 3061 1120 3086 de
1145 3061 1284 3087 anim-bus
1306 3060 1356 3086 liu-
1412 3059 1512 3094 paret.
1538 3052 1692 3084 Similiter
1715 3059 1825 3084 autem
1850 3059 1882 3084 et
1907 3063 2027 3096 corpus
2047 3066 2100 3092 per
2117 3065 2147 3086 se
2163 3059 2325 3087 ammei.
2344 3056 2421 3088 Non
2436 3057 2497 3099 ifli-

277 3107 360 3131 manis
380 3107 511 3140 subiungit
531 3108 602 3141 quod
621 3108 717 3134 habent
735 3109 814 3134 vitam
835 3110 1032 3136 substantialem
1053 3117 1079 3137 et
1098 3110 1298 3138 indeficientem.
1313 3112 1354 3138 Ab
1411 3111 1463 3135 tur
1494 3110 1601 3145 potest
1630 3104 1752 3145 aliquid
1778 3114 1882 3137 unum
1910 3103 2055 3147 fieri.(ut
2079 3106 2218 3149 videtur)
2249 3117 2287 3140 ex
2318 3109 2498 3143 subeundi

278 3158 334 3183 aliis
354 3158 431 3183 etiam
451 3160 575 3184 ecclesiae
594 3160 746 3186 doctoribus
759 3162 791 3186 ad
811 3161 861 3187 hoc
881 3163 994 3196 plurima
1013 3164 1078 3189 dicta
1092 3164 1268 3197 inveniuntur,
1287 3173 1356 3199 quae
1411 3156 1621 3188 intenectuall
1653 3162 1685 3187 et
1715 3165 1865 3198 ΕΟΓΡΟΓΕ·
1893 3157 1912 3196 5
1935 3157 2064 3190 Adhuc·
2093 3159 2214 3192 Form·
2237 3166 2269 3192 et
2292 3160 2426 3193 mfltellfl
2443 3183 2452 3192 -
2464 3183 2474 3192 ·
2486 3183 2496 3192 ·

278 3208 385 3239 longum
405 3214 430 3233 αι
443 3208 532 3233 inutile
552 3215 622 3234 esset
642 3209 682 3234 luc
702 3218 808 3243 ponere,
829 3219 888 3237 cum
908 3212 1015 3238 evidens
1034 3213 1067 3238 ⁸51
1086 3214 1355 3248 incorruptibilitatem
1411 3206 1574 3238 dividitur.
1608 3206 1794 3239 Substantia
1825 3214 1935 3240 autem
1966 3209 2194 3243 intellectualis
2217 3217 2250 3243 et
2273 3220 2396 3253 corpu·
2420 3216 2498 3244 sunt

279 3258 458 3283 intellectualis
473 3258 633 3284 substantiae
646 3268 705 3285 esse
719 3269 800 3286 unum
815 3262 847 3287 de
861 3262 1085 3295 principalioribus
1098 3263 1158 3290 fidei
1168 3264 1355 3292 fundamentis.
1369 3268 1397 3288 ⁶⁰
1411 3262 1437 3288 in
1461 3262 1572 3288 divefliss
1595 3262 1736 3296 generibm
1773 3258 1910 3301 (diversa
1948 3262 2092 3304 genera).
2132 3262 2209 3294 Non
2241 3263 2339 3304 igitur
2367 3261 2497 3295 Videtur

1411 3322 1492 3347 pos-e
1521 3309 1703 3352 (possibile)
1732 3320 1836 3342 unum
1861 3321 1931 3343 esse
1956 3312 2096 3345 formam
2119 3313 2260 3346 alterius.
2291 3315 2311 3354 5
2332 3314 2494 3356 Amplius.

307 3361 386 3401 Cap.
414 3362 492 3391 LVI.
519 3363 579 3392 Pin«
607 3373 691 3393 ciuem
717 3374 826 3394 »ionum
853 3375 1038 3397 suasuram
1065 3378 1326 3399 IN'TBLLECTUALIS
1412 3361 1520 3393 omne
1537 3361 1617 3392 fflUd
1632 3384 1638 3392 ·
1652 3383 1678 3392 ··
1693 3362 1864 3402 corporali.
1883 3362 1958 3394 Non
1976 3364 2064 3395 enim
2080 3373 2150 3396 0⁵⁸⁶
2166 3363 2290 3397 somne
2302 3370 2351 3396 081
2373 3369 2444 3395 *liud
2462 3369 2496 3396 ὼ

623 3424 725 3444 possm·
752 3426 834 3446 usim
861 3427 1006 3448 conponi,
1412 3412 1565 3455 (praeter)
1594 3422 1664 3444 esse
1688 3413 1851 3444 materiae.
1885 3413 2048 3456 Sequetur
2076 3415 2174 3456 igitur
2197 3415 2288 3456 quod
2319 3417 2496 3449 substantia

1411 3464 1638 3495 intellectualis
1656 3468 1693 3494 sit
1706 3469 1821 3495 materia
1840 3475 1908 3498 non
1925 3467 1965 3497 sit
1981 3466 2211 3504 immaterialis,
2224 3474 2260 3499 ut
2277 3477 2374 3510 supra
2387 3475 2496 3501 osten-

326 3505 383 3535 Per
409 3515 505 3545 quern
532 3508 667 3538 modum
698 3509 873 3540 substantia
903 3511 1129 3543 intellectualis
1157 3515 1259 3554 possit
1283 3523 1355 3545 cor·
1370 3527 1394 3552 ες
1410 3525 1483 3547 sum
1513 3521 1570 3546 est.
1604 3517 1623 3555 5
1647 3515 1738 3547 Item.
1771 3517 1974 3558 Impossibile
2005 3523 2054 3549 est
2082 3522 2159 3548 cuius
2190 3518 2269 3550 illud
2301 3520 2394 3551 cuius
2425 3530 2495 3552 esee

281 3556 351 3595 pori
377 3558 470 3586 uniri.
491 3575 510 3579 --
538 3559 555 3595 §
573 3560 658 3588 (jum
684 3566 792 3590 autem
811 3583 817 3590 .
834 3583 839 3590 .
855 3584 861 3590 .
881 3562 974 3592 uniri.
1000 3565 1018 3601 §
1035 3563 1089 3594 Est
1114 3571 1222 3595 autem
1249 3566 1356 3606 primo
1410 3568 1426 3583 ⁴*
1444 3573 1490 3598 est
1507 3567 1539 3597 in
1557 3576 1707 3608 corpore,
1732 3577 1801 3599 esse
1825 3578 1843 3598 a
1867 3577 2005 3609 corpore
2024 3575 2218 3610 separatum.
2244 3570 2429 3603 Intellectus
2441 3594 2449 3603 .
2464 3594 2472 3603 .
2486 3594 2494 3603 .

282 3606 487 3638 manifestum
514 3609 602 3648 quod
627 3611 803 3641 substantia
827 3612 1052 3644 intellectualis
1069 3625 1135 3645 non
1161 3623 1269 3657 potest
1287 3627 1358 3648 cor·
1411 3624 1493 3650 esset
1530 3619 1562 3649 in
1594 3628 1743 3659 corpore.
1779 3620 1797 3659 5
1821 3619 1949 3651 Adhuc.
1985 3619 2088 3652 cuius
2119 3631 2188 3653 esse
2206 3645 2213 3653 .
2232 3645 2239 3652 .
2258 3646 2264 3654 .
2282 3631 2495 3655 communem

282 3659 352 3698 pori
378 3659 459 3688 uniri
486 3669 541 3699 per
566 3660 701 3691 modum
727 3662 903 3694 mixtionis.
924 3667 1011 3693 Mixtio
1030 3669 1099 3694 enim
1122 3677 1174 3696 non
1196 3674 1358 3703 potestesse
1411 3679 1490 3701 esse.
1520 3670 1792 3712 Unumquodque
1820 3671 1906 3702 enim
1937 3671 2001 3712 agit
2030 3673 2211 3704 secundum
2241 3674 2332 3715 quod
2356 3680 2404 3706 est
2427 3683 2494 3711 ens,

282 3712 335 3737 nisi
355 3719 498 3744 corporum
517 3722 576 3739 cum
597 3716 709 3747 quadam
729 3718 879 3749 quantitatis
894 3719 1020 3745 divisione
1038 3719 1074 3751 fit,
1090 3722 1160 3747 unde
1179 3727 1206 3747 et
1223 3722 1298 3749 facile
1318 3723 1357 3749 di·
1410 3730 1471 3752 nec
1497 3722 1597 3751 virtus
1621 3722 1787 3762 operativa
1810 3721 1857 3753 rei
1881 3727 1989 3763 potest
2013 3732 2082 3754 esse
2106 3724 2278 3756 sublimior
2301 3733 2401 3766 quam
2425 3726 2495 3757 eius

282 3761 394 3788 visibilia
413 3769 473 3787 sunt
492 3763 557 3789 bene
577 3765 720 3792 miscibilia.
742 3767 814 3792 Talis
834 3774 920 3793 autem
941 3770 1034 3795 divisio
1055 3779 1107 3797 non
1130 3778 1170 3797 est
1194 3774 1242 3798 nisi
1264 3781 1357 3807 corpo-
1369 3784 1398 3803 7⁰
1412 3771 1560 3808 essentia,
1590 3781 1665 3802 cum
1691 3775 1754 3802 nihil
1774 3780 1834 3808 ngat
1851 3775 1919 3802 niu-e
1941 3783 2017 3803 tuem
2036 3778 2152 3811 speeiem
2171 3785 2196 3805 et
2221 3775 2320 3808 virtus
2337 3789 2369 3807 ex
2388 3785 2495 3808 essen-

282 3821 350 3844 mm,
369 3820 396 3839 et
408 3822 456 3848 per
471 3822 637 3848 consequens
652 3825 697 3842 nec
712 3819 810 3845 mixtio.
824 3819 899 3845 Nulla
912 3827 999 3847 nutem
1015 3823 1158 3849 substantie
1178 3824 1358 3851 intellectualis
1411 3822 1473 3853 tiae
1494 3825 1625 3859 principii·
1650 3821 1838 3864 (principia)
1862 3831 2091 3864 consequatur.
2117 3825 2150 3858 Si
2174 3833 2283 3858 autem
2301 3850 2308 3858 .
2323 3850 2330 3858 .
2346 3850 2354 3859 .
2371 3828 2495 3869 impos—

277 3866 369 3896 poteaet
387 3871 443 3890 esse
462 3870 501 3890 est
520 3873 622 3898 corpus,
643 3872 671 3890 ut
690 3875 768 3900 supra
787 3874 924 3895 ostensum
944 3877 991 3897 est.
1011 3872 1068 3898 Non
1082 3879 1167 3905 poten
1186 3875 1263 3904 igitur
1281 3875 1356 3902 alicui
1411 3874 1512 3905 sibile.
1535 3878 1551 3911 5
1565 3878 1602 3903 Ex
1616 3877 1656 3904 hi·

354 3970 371 3994 b
391 3977 424 4003 7²
446 3971 481 3996 Ex
501 3970 551 4004 his]
572 3971 645 3998 Haec'
662 3973 750 4003 verba,
771 3975 795 3998 in
815 3973 865 4000 fine
886 3977 965 4002 lineae
984 3979 1078 4011 scripta
1098 3986 1123 4005 et
1147 3981 1238 4011 deleta.
1258 3983 1290 4007 nd
1314 3984 1470 4018 principium
1494 3985 1630 4019 sequentis
1654 3985 1739 4011 lineae
1765 3986 1790 4011 in
1814 3986 1931 4018 margine
1954 3992 2106 4019 repetuntur
2129 3987 2192 4021 (vid.
2212 3996 2239 4022 p.
2258 3996 2316 4023 seq.
2335 3997 2350 4015 ι
2364 3988 2399 4024 5).
2419 3988 2495 4016 Unde

284 4020 390 4047 apparet
410 4015 481 4048 quod
502 4023 553 4041 non
573 4021 627 4041 erat
646 4017 730 4049 prima
748 4017 856 4043 intentio
876 4020 901 4044 S·
920 4019 1040 4047 Thomna
1059 4023 1180 4050 inchoare
1200 4025 1240 4051 hic
1260 4034 1357 4052 novum
1377 4028 1528 4061 capitulum.
1548 4042 1581 4048 -
1602 4028 1675 4055 Idem
1693 4029 1837 4055 notandum
1856 4029 1920 4056 infr-
1940 4031 1965 4056 in
1985 4030 2036 4057 fine
2055 4039 2113 4067 cap.
2131 4039 2182 4059 ux.
2285 4026 2289 4030 ’

2521 1662 2560 1691 ΙΙ».
2573 1673 2588 1689 v
2601 1670 2647 1691 ιι.

2523 3575 2640 3604 43vbt·
2694 3583 2698 3585 ⁴
