2768 4134
57 1530 65 1538 ¹
81 1528 117 1550 Cf.
133 1534 183 1556 cap.
199 1534 268 1550 xxxv.

55 1639 65 1649 '¹
80 1638 138 1665 Cap.
154 1644 237 1659 xxxin.

56 1744 66 1754 ·
82 1743 138 1771 Cap.
154 1749 231 1765 xxxiv.

53 2534 60 2542 “
78 2532 135 2560 Cap.
148 2538 200 2554 xm.

309 319 386 366 344

707 314 894 352 SUMMA
923 313 1145 350 CONTRA
1173 312 1448 357 GENTILES,
1477 313 1571 348 LIB.
1593 313 1634 358 Π,
1665 312 1776 349 CAP.
1798 313 1934 359 XXXl,
1955 315 2107 351 XXXII.

328 421 330 423 .
363 394 604 426 Advertendum
621 393 711 432 quod
731 401 845 422 causae
861 400 918 431 per
933 400 967 421 se
986 391 1182 421 necessariae
1207 390 1378 430 dupliciter
1403 391 1405 416 Ι
1431 390 1494 425 alio
1512 391 1617 426 habet,
1634 391 1660 421 si
1675 392 1892 422 necessarium
1915 392 1965 422 sit.
1990 392 2032 422 Et
2054 393 2129 423 ideo
2153 403 2211 433 per
2226 396 2503 435 comparationem

307 440 369 470 dici
391 443 543 478 possunt:
568 437 699 472 scilicet,
719 442 774 466 aut
790 436 823 466 in
840 435 1020 471 causando;
1045 440 1100 465 aut
1119 435 1153 464 in
1174 434 1323 465 essendo.
1341 434 1376 464 ln
1430 434 1471 465 ad
1486 435 1595 475 ipsum
1611 444 1679 465 non
1696 440 1743 465 est
1766 445 1898 466 necesse
1914 436 2036 476 aliquid
2060 446 2188 478 semper
2212 437 2326 469 fuisse:
2352 440 2428 480 quia
2443 450 2503 471 nec

306 483 468 513 causando
492 482 642 513 dicuntur
665 490 723 521 per
746 490 780 511 se
804 489 919 510 causae
941 479 1138 510 necessariae
1163 488 1247 519 quae
1265 488 1377 509 neces-

1430 480 1533 518 ipsam
1558 488 1699 515 causam,
1717 489 1960 521 quamcumque
1976 482 2183 521 posuerimus
2199 488 2348 519 creatam,
2371 493 2503 516 necesse

305 528 429 557 sitatem
453 525 605 557 causandi
628 535 698 555 non
725 525 844 555 habent
875 525 914 554 ab
939 524 1012 554 alio.
1046 523 1081 554 In
1105 522 1242 553 essendo
1266 528 1375 553 autem
1431 529 1478 553 est
1501 533 1630 564 semper
1653 523 1768 560 fuisse;
1793 534 1869 555 cum
1893 535 1911 555 a
1935 535 2030 556 causa
2053 525 2235 556 voluntaria
2258 529 2459 567 processerit.

304 568 454 602 dicuntur
478 579 561 610 quae
585 580 623 600 ex
652 569 764 609 seipsis
794 570 1016 599 necessitatem
1048 567 1173 598 essendi
1202 567 1322 598 habent
1345 573 1376 597 et

1485 567 1731 598 Advertendum
1759 569 1855 599 etiam
1886 569 1987 609 quod,
2012 570 2067 600 ubi
2091 569 2208 601 dicitur
2235 570 2275 601 de
2305 571 2373 602 aliis
2401 573 2504 603 causis

302 625 370 646 non
394 615 433 645 ab
457 615 531 645 alio.
556 614 680 644 Neutro
705 613 806 644 modo
831 613 953 653 aliquid
977 617 1119 642 creatum
1144 616 1191 642 est
1208 621 1303 642 causa
1319 621 1377 652 per
1401 595 1404 668 Ι
1430 613 1587 652 quoniam
1612 622 1678 642 non
1702 617 1779 643 sunt
1802 614 2005 644 necessariae
2028 624 2157 650 causae,
2177 614 2320 646 fortassis
2344 621 2391 646 est
2414 625 2505 647 men—

303 668 336 690 se
352 660 540 690 necessaria.
557 658 653 696 Quia,
671 659 753 688 sicut
770 667 869 688 omne
885 662 1028 688 creatum
1045 657 1140 686 habet
1157 665 1226 686 esse
1243 656 1282 686 ab
1300 656 1374 692 alio,

301 704 345 733 ita
376 710 407 733 et
437 703 660 733 necessitatem
691 702 814 732 essendi
846 707 877 732 et
906 701 1128 732 necessitatem
1158 700 1311 731 causandi
1335 701 1374 730 ab

1430 656 1529 687 dosus
1553 662 1668 693 textus,
1686 662 1717 688 et
1733 657 1829 688 debet
1851 658 1969 689 habere
1994 658 2085 698 quod
2109 669 2174 690 non
2190 664 2268 690 sunt
2282 669 2410 691 necesse
2425 670 2502 692 esse.

1429 701 1470 731 Et
1493 701 1538 731 sic
1563 701 1678 741 planus
1703 707 1750 731 est
1773 707 1888 738 textus,
1906 708 1938 733 et
1953 703 2101 742 superius
2125 703 2217 734 dictis
2241 703 2419 735 conformis
2431 705 2458 735 ³.

633 955 1114 1012 CAPITULUM
1152 955 1675 1013 TRIGESIMUM
1712 955 2163 1012 SECUNDUM

485 1085 794 1125 RATIONES
835 1084 1202 1125 VOLENTIUM
1245 1084 1535 1125 PROBARE
1579 1084 2070 1124 AETERNITATEM
2114 1083 2313 1125 MUNDI

976 1145 1057 1186 EX
1101 1146 1305 1186 PARTE
1348 1147 1451 1187 DEI
1493 1146 1822 1187 ACCEPTAE

312 1280 330 1295 ·,
350 1276 365 1293 ε
380 1271 539 1310 3³:313)
578 1258 669 1308 quia
710 1260 926 1296 multorum
969 1257 1110 1308 positio
1152 1258 1222 1295 fuit
1260 1259 1369 1308 quod

307 1298 482 1364 .»5«ᾼ“·*-ἒ3τζ
506 1312 680 1348 mundus
709 1323 864 1361 semper
892 1319 928 1348 et
956 1323 1003 1348 ex
1033 1311 1256 1349 necessitate
1288 1311 1369 1348 fue-

302 1365 420 1419 &3533
432 1357 482 1407 ’ζῆ
506 1364 563 1411 rit,
584 1372 619 1401 et
648 1365 724 1402 hoc
753 1365 1019 1402 demonstrare
1044 1364 1170 1402 conati
1190 1373 1290 1411 sunt,
1311 1377 1368 1402 re—

306 1414 387 1447 ’33'‘'
442 1415 477 1449 «ὦ
506 1425 578 1455 stat
606 1417 773 1455 rationes
801 1430 941 1455 eorum
969 1430 1134 1467 ponere:
1165 1425 1208 1455 ut
1241 1426 1368 1455 osten-

296 1471 409 1508 datur
428 1471 535 1520 quod
556 1483 636 1508 non
656 1471 704 1508 de
724 1471 946 1508 necessitate
967 1471 1206 1508 concludunt
1230 1470 1368 1508 mundi

297 1523 638 1573 sempiternitatem
657 1524 688 1560 ²⁸.
720 1524 851 1561 Primo
881 1532 1012 1561 autem
1040 1532 1237 1573 ponentur
1256 1523 1368 1561 ratio-

296 1589 365 1614 nes
385 1589 485 1626 quae
505 1584 714 1614 sumuntur
741 1589 788 1614 ex
807 1585 914 1626 parte
940 1576 1031 1623 Dei;
1061 1577 1246 1623 secundo,
1267 1589 1368 1626 quae

297 1639 506 1667 sumuntur
534 1642 579 1667 ex
608 1638 715 1679 parte
741 1638 938 1667 creaturae
957 1629 995 1676 *3
1025 1630 1147 1676 tertio,
1175 1643 1275 1679 quae
1305 1642 1367 1667 su-

297 1690 459 1719 muntur
477 1695 499 1720 a
518 1684 640 1720 modo
660 1683 832 1720 factionis
852 1694 995 1728 rerum,
1012 1683 1230 1720 secundum
1247 1695 1367 1732 quern

296 1743 498 1785 ponuntur
526 1736 573 1773 de
603 1748 709 1773 novo
739 1736 906 1785 incipere
936 1747 1018 1772 esse
1038 1736 1068 1772 *.

351 1790 409 1826 Ex
437 1796 544 1838 parte
573 1796 704 1826 autem
733 1789 816 1834 Dei,
845 1789 894 1826 ad
930 1788 1193 1826 aeternitatem
1229 1788 1364 1826 mundi

297 1842 579 1879 ostendendam
608 1849 817 1879 sumuntur
845 1841 1010 1880 rationes
1038 1841 1277 1879 huiusmodi.

350 1895 481 1932 Omne
509 1907 626 1943 agens
654 1895 761 1944 quod
791 1907 871 1932 non
901 1907 1056 1944 semper
1079 1894 1164 1942 agit,
1184 1902 1367 1931 movetur

294 1959 366 1996 per
393 1959 433 1984 se
462 1948 523 1984 vel
551 1959 622 1996 per
649 1947 837 1984 accidens.
877 1949 951 1984 Per
985 1960 1025 1984 se
1063 1947 1239 1997 quidem,
1269 1946 1366 1984 sicut

295 2000 390 2048 ignis
418 2000 485 2049 qui
515 2012 594 2036 non
624 2012 779 2050 semper
806 2001 1072 2046 comburebat,
1099 1999 1229 2050 incipit
1258 2011 1365 2036 com-

295 2054 434 2090 burere
454 2055 515 2090 vel
535 2053 626 2102 quia
645 2054 693 2091 de
714 2065 820 2090 novo
849 2053 1089 2099 accenditur3
1119 2055 1181 2090 vel
1200 2052 1292 2102 quia
1315 2053 1364 2090 de

294 2118 400 2143 novo
421 2106 654 2152 transfertur,
675 2115 717 2143 ut
736 2107 781 2143 sit
802 2107 1070 2156 propinquum
1089 2105 1362 2143 combustibili.

295 2160 368 2196 Per
396 2159 573 2197 accidens
602 2168 744 2205 autem,
765 2159 862 2197 sicut
881 2168 1011 2197 motor
1038 2159 1214 2197 animalis
1234 2158 1365 2208 incipit

294 2213 342 2250 de
362 2225 468 2250 novo
497 2225 657 2250 movere
686 2213 830 2250 animal
858 2213 988 2262 aliquo
1009 2225 1115 2250 novo
1135 2220 1247 2250 motu
1266 2213 1364 2250 facto

294 2266 393 2303 circa
422 2266 568 2315 ipsum:
599 2268 661 2303 vel
690 2278 735 2303 ex
766 2266 946 2312 interiori,
971 2265 1078 2311 sicut,
1101 2278 1192 2303 cum
1222 2266 1366 2303 animal

295 2319 567 2368 expergiscitur
585 2319 795 2368 digestione
818 2321 1020 2369 completa,
1042 2319 1173 2368 incipit
1194 2318 1364 2364 moveri3

294 2373 356 2409 vel
376 2372 424 2409 ab
444 2372 631 2418 exteriori,
647 2372 744 2410 sicut
763 2384 854 2410 cum
874 2373 922 2410 de
943 2385 1049 2410 novo
1070 2372 1231 2409 veniunt
1250 2372 1365 2409 actio-

295 2437 364 2462 nes
393 2426 618 2463 inducentes
638 2426 686 2463 ad
706 2425 876 2475 aliquam
896 2426 1089 2463 actionem
1108 2426 1157 2463 de
1177 2437 1284 2462 novo
1310 2425 1366 2462 in-

295 2479 527 2516 choandam.
558 2479 665 2516 Deus
693 2486 824 2516 autem
845 2491 925 2516 non
945 2486 1127 2516 movetur
1145 2490 1273 2528 neque
1297 2491 1367 2529 per

295 2544 335 2569 se
355 2544 484 2581 neque
512 2544 582 2581 per
611 2531 799 2578 accidens,
819 2541 861 2569 ut
889 2532 928 2570 in
957 2532 1089 2570 Primo
1109 2532 1129 2554 ²¹²
1157 2532 1366 2582 probatum

295 2593 361 2622 est.
392 2586 499 2622 Deus
528 2585 640 2632 igitur
672 2597 828 2635 semper
862 2585 1004 2623 eodem
1036 2586 1157 2623 modo
1192 2585 1277 2634 agit.
1308 2585 1367 2622 Ex

294 2651 364 2675 sua
390 2646 521 2675 autern
549 2646 699 2676 act1one
726 2651 786 2676 res
810 2647 958 2676 creatae
979 2650 1018 2675 in
1037 2651 1120 2676 esse
1140 2646 1364 2676 consistunt.

295 2692 459 2741 Semper
487 2690 599 2739 igitur
627 2700 823 2729 creaturae
851 2692 1018 2729 fuerunt.

347 2745 498 2781 Adhuc.
530 2744 701 2782 Effectus
730 2744 902 2795 procedit
931 2758 953 2782 a
982 2757 1098 2782 causa
1130 2752 1264 2792 agente
1296 2756 1367 2794 per

294 2797 487 2849 actionem
516 2797 609 2834 eius.
642 2798 718 2835 Sed
748 2798 846 2836 actio
880 2798 953 2835 Dei
982 2806 1037 2835 est
1072 2805 1243 2836 aeterna:
1273 2794 1366 2835 alias

293 2850 402 2887 fieret
422 2851 470 2887 de
490 2849 661 2900 potentia
680 2860 814 2899 agente
841 2859 929 2889 actu
949 2862 1078 2899 agens;
1109 2858 1145 2888 et
1173 2858 1367 2900 oporteret

294 2905 401 2953 quod
413 2904 662 2940 reduceretur
676 2903 715 2941 in
731 2913 861 2942 actum
876 2904 924 2941 ab
941 2904 1072 2954 aliquo
1086 2904 1205 2953 priori
1220 2911 1365 2952 agente,

294 2957 401 3005 quod
431 2964 486 2994 est
514 2956 762 3006 impossibiie.
794 2958 896 3005 Ergo
924 2969 983 2994 res
1003 2970 1025 2994 a
1044 2957 1129 2995 Deo
1149 2964 1298 2995 creatae
1317 2957 1366 2994 ab

294 3018 451 3047 aeterno
480 3010 646 3047 fuerunt.

1425 1270 1547 1308 quam
1576 1270 1735 1295 causam
1764 1270 1843 1307 qua
1871 1257 1938 1295 fiat
1967 1266 2008 1295 ut
2037 1257 2197 1295 effectus
2225 1258 2434 1296 reducatur
2460 1258 2498 1296 in

1425 1319 1574 1357 actum;
1612 1319 1648 1348 et
1677 1311 1730 1348 sic
1758 1310 1885 1360 prima
1917 1322 2034 1348 causa
2067 1323 2148 1348 non
2183 1319 2264 1349 erat
2292 1311 2499 1350 sufficiens.

1426 1365 1502 1402 Sed
1532 1365 1639 1401 Deus
1659 1372 1715 1401 est
1734 1376 1851 1401 causa
1877 1363 2073 1401 sufficiens
2101 1363 2367 1413 productionis
2395 1376 2499 1403 crea-

1423 1425 1619 1455 turarum:
1650 1417 1741 1455 alias
1770 1429 1849 1454 non
1871 1424 1969 1454 esset
1988 1429 2115 1463 causa,
2136 1417 2202 1454 sed
2223 1417 2346 1466 magis
2366 1417 2405 1454 in
2429 1429 2499 1468 po-

1424 1470 1540 1508 tentia
1560 1483 1600 1508 se
1619 1471 1669 1508 ad
1689 1482 1848 1507 causam
1876 1470 2055 1516 haberet;
2085 1469 2216 1520 aliquo
2237 1470 2342 1507 enim
2367 1470 2498 1509 addito

1423 1523 1533 1561 fieret
1552 1536 1684 1569 causa3
1715 1523 1823 1573 quod
1842 1531 1946 1573 patet
1965 1535 2047 1560 esse
2067 1523 2316 1574 impossibile.
2337 1523 2500 1562 Videtur

1423 1576 1536 1625 igitur
1563 1576 1826 1614 necessarium
1854 1575 1974 1626 quod,
2003 1588 2095 1614 cum
2124 1577 2232 1614 Deus
2260 1577 2310 1614 ab
2338 1583 2496 1616 aeterno

1422 1629 1545 1675 fuerit,
1570 1631 1679 1679 quod
1707 1637 1882 1666 creatura
1910 1629 2026 1667 etiam
2054 1629 2167 1667 fuerit
2195 1630 2244 1667 ab
2273 1637 2442 1667 aeterno.

1476 1684 1582 1719 Item.
1599 1684 1728 1731 Agens
1747 1694 1818 1732 per
1831 1683 2072 1719 voluntatem
2092 1694 2173 1719 non
2194 1682 2359 1720 retardat
2378 1695 2495 1721 suum

1395 1735 1667 1786 „propositum
1697 1735 1835 1784 exequi
1864 1735 1912 1772 de
1941 1735 2072 1784 aliquo
2101 1735 2277 1773 faciendo
2307 1735 2379 1773 nisi
2406 1747 2496 1786 pro—

1421 1795 1506 1838 pter
1533 1788 1678 1838 aliquid
1707 1788 1746 1825 in
1780 1788 1955 1825 futurum
1988 1796 2233 1838 expectatum
2262 1788 2369 1838 quod
2398 1801 2496 1827 non-

1421 1842 1518 1878 dum
1538 1842 1664 1879 adest:
1695 1849 1732 1878 et
1751 1842 1827 1879 hoc
1846 1841 2086 1891 quandoque
2107 1850 2162 1878 est
2181 1841 2221 1879 in
2241 1841 2327 1891 ipso
2347 1850 2494 1891 agente,

1422 1894 1518 1931 sicut
1545 1907 1637 1931 cum
1667 1901 1889 1943 expectatur
1915 1894 2097 1943 perfectio
2126 1894 2275 1932 virtutis
2303 1895 2352 1932 ad
2381 1907 2495 1944 agen-

1421 1947 1529 1993 dum,
1550 1955 1616 1984 aut
1635 1946 1800 1984 sublatio
1829 1946 1990 1984 alicuius
2020 1946 2265 1996 impedientis
2293 1947 2494 1995 virtutem3

1382 2019 1404 2039 ις
1421 2000 1660 2049 quandoque
1688 2011 1783 2036 VCI‘O
1821 2007 1878 2036 eSt
1913 2008 2018 2036 ΕΧῘΓΒ
2052 2007 2248 2048 agentem,
2278 2000 2375 2038 SiCUt
2402 2013 2494 2040 Cum

1421 2060 1644 2103 expectatur
1675 2052 1891 2103 praesentia
1929 2052 2090 2090 alicuius
2122 2065 2256 2091 coram
2285 2065 2366 2103 quo
2395 2053 2495 2093 actio

1420 2105 1506 2152 fiat3
1537 2107 1598 2143 vel
1627 2107 1761 2143 saltem
1797 2118 1889 2143 curn
1928 2114 2151 2156 expectatur
2184 2107 2401 2156 praesentia
2428 2106 2495 2146 ali-

1420 2159 1531 2196 cuius
1559 2159 1745 2209 temporis
1773 2159 1984 2209 opportuni
2013 2159 2121 2208 quod
2159 2160 2338 2198 nondum
2373 2160 2492 2198 adest.

1421 2212 1462 2250 Si
1491 2212 1595 2250 enirn
1632 2214 1813 2251 voluntas
1848 2212 1894 2250 sit
1927 2213 2132 2262 completa,
2162 2213 2287 2250 statim
2322 2214 2495 2263 potentia

1420 2266 1633 2316 exequitur,
1663 2266 1735 2303 nisi
1765 2266 1810 2303 sit
1838 2265 2008 2303 desectus
2036 2265 2074 2302 in
2105 2265 2205 2315 ipsa:
2237 2266 2333 2304 sicut
2353 2267 2401 2304 ad
2422 2265 2494 2305 im·

1420 2319 1574 2369 perium
1594 2319 1802 2357 voluntatis
1821 2318 1947 2356 statim
1967 2318 2141 2368 sequitur
2160 2327 2291 2356 motus
2315 2319 2493 2366 membri,

1421 2372 1493 2409 nisi
1513 2372 1559 2410 sit
1578 2373 1748 2410 desectus
1767 2372 1959 2423 potentiae
1975 2372 2144 2410 motivae
2164 2372 2390 2421 exequentis
2409 2385 2494 2411 mo-

1421 2434 1517 2463 tum.
1544 2427 1592 2463 Et
1611 2438 1682 2475 per
1701 2427 1777 2464 hoc
1796 2433 1900 2475 patet
1918 2425 2038 2475 quod,
2059 2437 2151 2462 cum
2170 2425 2308 2475 aliquis
2327 2427 2410 2463 vult
2427 2426 2494 2464 ali-

1421 2479 1515 2529 quid
1544 2479 1668 2516 facere
1697 2487 1733 2516 et
1762 2491 1841 2516 non
1871 2478 1997 2516 statim
2027 2478 2104 2524 fiat,
2133 2485 2285 2528 oportet
2304 2479 2412 2528 quod
2430 2480 2493 2517 vel

1382 2550 1405 2570 ες
1422 2533 1499 2569 hoc
1518 2531 1563 2569 sit
1583 2540 1741 2582 propter
1754 2532 1948 2569 defectum
1963 2531 2169 2581 potentiae,
2185 2531 2252 2581 qui
2272 2538 2496 2582 expectatur

1422 2586 1706 2631 removendus;
1736 2586 1797 2622 vel
1817 2584 1909 2634 quia
1926 2586 2107 2622 voluntas
2126 2597 2207 2622 non
2227 2592 2283 2622 est
2301 2585 2495 2635 completa

1421 2639 1470 2676 ad
1500 2639 1576 2675 hoc
1604 2638 1836 2676 faciendum.
1866 2637 1963 2675 Dico
1997 2646 2127 2675 autem
2160 2639 2495 2687 complementum

1422 2691 1629 2728 voluntatis
1657 2703 1751 2737 esse,
1772 2691 1932 2740 quando
1961 2692 2043 2728 vult
2072 2691 2148 2727 hoe
2175 2691 2351 2728 absolute
2370 2691 2495 2728 facere

1422 2744 1607 2782 omnibus
1636 2744 1781 2782 modis:
1812 2745 1991 2781 voluntas
2011 2751 2141 2781 autem
2164 2743 2400 2794 incompleta
2426 2751 2494 2791 est,

1383 2815 1408 2834 ιο
1421 2798 1581 2848 quando
1602 2797 1738 2847 aliquis
1758 2809 1838 2834 non
1859 2797 1940 2835 vult
1963 2797 2087 2834 facere
2115 2797 2192 2834 hoc
2220 2797 2406 2843 absolute,
2426 2797 2495 2835 sed

1421 2851 1604 2888 existente
1632 2851 1760 2900 aliqua
1788 2849 2011 2888 conditione
2039 2862 2140 2900 quae
2169 2850 2348 2888 nondum
2368 2850 2494 2895 adest;

1422 2906 1483 2942 vel
1501 2903 1574 2941 nisi
1593 2904 1788 2942 subtracto
1817 2903 2098 2953 impedimento
2117 2903 2226 2952 quod
2245 2904 2363 2941 adest.
2391 2903 2495 2941 Con-

1421 2965 1491 2994 stat
1520 2965 1652 2994 autem
1680 2957 1788 3006 quod
1817 2956 2003 3006 quicquid
2033 2957 2140 2994 Deus
2159 2968 2266 2994 nunc
2284 2958 2366 2994 vult
2385 2956 2495 3006 quod

1421 3010 1477 3056 sit,
1498 3011 1547 3048 ab
1567 3018 1724 3047 aeterno
1744 3009 1867 3047 voluit
1890 3010 1997 3059 quod
2027 3009 2092 3046 sit:
2122 3021 2203 3047 non
2232 3009 2338 3047 enim
2366 3020 2494 3047 novus

313 3062 314 3065 ’
348 3061 538 3112 Amplius.
570 3062 699 3100 Posita
727 3075 844 3100 causa
877 3062 1096 3108 sufficienti,
1126 3075 1282 3100 necesse
1311 3070 1367 3100 est
1382 3081 1404 3101 ss
1421 3071 1552 3101 motus
1580 3062 1788 3100 voluntatis
1817 3062 1851 3100 ei
1880 3062 2063 3100 advenire
2087 3070 2223 3112 potest.
2253 3063 2339 3100 Nec
2357 3061 2494 3112 aliquis

295 3116 478 3153 effectum
502 3115 608 3165 poni.
639 3115 680 3153 Si
709 3115 814 3152 enim
834 3115 974 3161 adhue,
994 3115 1118 3165 posita
1137 3128 1265 3162 causa,
1285 3128 1366 3153 non

295 3180 452 3206 necesse
488 3177 544 3206 est
579 3169 763 3206 effectum
795 3168 905 3218 poni,
934 3168 1115 3218 possibile
1145 3169 1258 3218 igitur
1285 3168 1365 3215 erit,

296 3233 412 3259 causa
439 3222 575 3272 posita,
603 3222 785 3259 effectum
815 3233 898 3258 esse
926 3229 963 3258 et
991 3234 1071 3258 non
1100 3234 1202 3267 esse;
1231 3234 1366 3259 conse-

295 3274 398 3311 cutio
427 3274 540 3323 igitur
561 3275 720 3312 effectus
741 3274 789 3312 ad
809 3286 967 3312 causam
988 3274 1057 3311 erit
1076 3275 1266 3323 possibilis
1285 3283 1366 3312 tan-

295 3334 397 3373 tum3
418 3328 526 3376 quod
546 3335 677 3365 autem
697 3335 752 3364 est
770 3326 963 3377 possibile,
979 3326 1120 3375 indiget
1140 3327 1269 3377 aliquo
1285 3339 1365 3377 quo
1382 3353 1392 3369 ⁴

296 3380 501 3418 reducatur
529 3380 567 3417 in
596 3388 742 3425 actum;
765 3379 957 3430 oportebit
985 3379 1097 3428 igitur
1124 3392 1271 3429 ponere
1300 3380 1364 3418 ali-

352 3500 383 3526 ¹9
402 3494 504 3526 animal]
523 3495 565 3519 vel
584 3495 642 3524 GX,
659 3495 701 3519 vel
721 3494 753 3519 ab
772 3494 801 3519 Z.

297 3528 364 3553 dunt
382 3529 430 3554 Pd.

298 3563 385 3595 aliquo
405 3564 426 3588 si
446 3565 495 3590 αΧ.

351 3598 367 3622 8
386 3599 456 3631 quod
475 3599 599 3632 creatura]
619 3605 734 3625 creatura
753 3600 784 3626 D.

298 3632 355 3657 facit
373 3632 404 3663 D,
423 3633 481 3658 facit
499 3635 584 3659 statim
604 3635 647 3665 W,
666 3636 751 3660 statim
771 3634 799 3660 fit
817 3635 875 3661 ΟΥ.

298 3668 371 3692 adest
390 3668 449 3693 hom
468 3676 510 3694 om
530 3670 575 3695 Zb.
668 3670 699 3702 37
720 3669 776 3703 nec]
795 3671 836 3696 vel
857 3671 905 3696 Pd.

894 3501 927 3518 πο
946 3501 1007 3518 cum
1026 3494 1130 3527 animal]
1150 3494 1244 3519 animal
1263 3502 1323 3519 cum
1344 3495 1365 3519 D
1372 3503 1379 3526 ;
1397 3495 1432 3529 cs.
1452 3502 1510 3521 var.
1529 3502 1584 3528 seq.

517 3530 548 3555 35
569 3537 647 3555 causa
665 3528 801 3555 sufficienti
821 3529 864 3554 Ita
883 3529 979 3559 DNW;
999 3536 1078 3554 causa
1096 3527 1215 3555 efficienti
1228 3530 1258 3561 E,
1273 3528 1408 3556 sufficienti
1423 3538 1502 3556 causa
1518 3531 1550 3561 Χ,
1566 3538 1644 3556 causa
1662 3535 1688 3556 et
1705 3529 1842 3556 sufficienti
1859 3529 1950 3555 ceteri.

881 3607 913 3628 io
932 3598 1035 3633 exequi]
1055 3607 1086 3625 ex
1105 3607 1138 3624 eo
1156 3600 1229 3633 quod
1248 3600 1294 3631 αΖ,
1314 3602 1495 3634 exequendum
1515 3601 1546 3626 X.

967 3634 1000 3660 30
1013 3635 1059 3660 sed
1074 3635 1116 3660 Ita
1135 3635 1168 3666 1>;
1187 3635 1235 3660 nini
1255 3635 1338 3667 NWb,
1352 3643 1394 3661 om
1413 3636 1503 3662 ceteri.

1421 3116 1591 3154 defectus
1611 3117 1672 3153 vel
1698 3115 2025 3166 impedimentum
2043 3115 2237 3166 potentiae
2257 3115 2341 3153 eius
2359 3115 2493 3153 adesse

1420 3169 1562 3219 potuit:
1585 3181 1657 3206 nec
1676 3168 1821 3218 aliquid
1841 3168 1945 3206 aliud
1974 3168 2166 3218 expectari
2195 3167 2320 3218 potuit
2339 3167 2388 3205 ad
2407 3166 2492 3204 uni-

1421 3222 1578 3259 versalis
1606 3230 1803 3259 creaturae
1832 3220 2144 3271 productionem,
2163 3233 2254 3258 cum
2275 3219 2370 3257 nihil
2387 3219 2492 3261 aliud

1422 3275 1467 3312 sit
1496 3275 1709 3312 increatum
1729 3274 1801 3311 nisi
1823 3274 1904 3324 ipse
1924 3276 2040 3321 solus,
2060 3281 2102 3311 ut
2121 3285 2238 3323 supra
2252 3272 2273 3294 ¹⁸¹
2292 3279 2493 3310 ostensum

1395 3335 1487 3365 oest.
1518 3327 1792 3365 Necessarium
1822 3326 1934 3376 igitur
1961 3326 2115 3364 videtur
2139 3325 2247 3375 quod
2267 3325 2316 3362 ab
2336 3333 2492 3363 aeterno

1422 3389 1639 3418 creaturam
1668 3380 1707 3418 in
1736 3392 1819 3418 esse
1847 3378 2084 3430 produxerit.

1671 3502 1700 3520 αι
1723 3495 1820 3528 incipit]
1840 3499 1866 3520 et
1884 3493 1971 3527 incipit
1989 3493 2108 3519 WsGPc.
2194 3493 2225 3518 32
2246 3492 2348 3527 agente]
2367 3498 2426 3519 actu
2444 3494 2493 3519 ad-

2033 3535 2068 3559 4⁰
2087 3529 2175 3562 aliquo
2188 3529 2250 3562 quo]
2269 3529 2320 3554 alio
2333 3536 2389 3562 quo
2400 3529 2493 3560 DGW,

1621 3608 1654 3625 πο
1669 3601 1725 3633 ipsa
1740 3600 1781 3625 Ita
1795 3599 1906 3630 EsHW;
1921 3598 1979 3631 ipno
1997 3599 2086 3624 ceteri.
2175 3606 2208 3631 24
2227 3599 2314 3625 statim
2332 3597 2385 3633 fiat]
2405 3599 2491 3625 statim

1595 3635 1626 3661 32
1646 3637 1688 3661 vel
1708 3634 1766 3668 nini]
1785 3634 1827 3660 vel
1847 3634 1963 3659 nondum
1982 3634 2049 3665 GW,
2067 3635 2109 3659 vel
2124 3642 2175 3659 non
2189 3635 2220 3665 X,
2234 3635 2275 3660 vel
2289 3634 2324 3666 Ε;
2342 3635 2383 3660 vel
2403 3635 2493 3662 nisi...

2532 711 2540 719 ·
2551 709 2587 731 Cf.
2598 712 2656 731 text.
2665 713 2687 731 et
2697 715 2746 732 var.

2520 3285 2529 3294 ·
2546 3283 2604 3312 cap.
2618 3290 2659 3308 xv.
