2768 4134
41 1212 50 1221 ‘
63 1210 133 1232 Num,
146 1217 177 1237 iv,
187 1217 206 1239 3.

42 1746 135 1774 ‘aas

287 290 364 332 250

284 368 347 399 alio
372 367 480 406 aliquo
504 363 616 394 modo.
641 362 682 393 Et
705 361 792 402 quia,
816 359 949 400 quando
972 358 1096 400 aliquid
1119 360 1183 390 iam
1215 365 1263 390 ost
1285 365 1360 391 actu

283 413 412 444 unitum
427 408 558 443 amanti,
574 407 640 438 iam
656 411 704 437 est
718 406 820 446 magis
836 414 941 436 unum
957 413 1034 436 cum
1050 405 1134 444 ipso,
1157 403 1234 434 ideo
1257 404 1359 444 magis

283 461 407 489 amatur
429 463 478 484 res
502 461 580 483 cum
603 456 651 482 est
674 451 778 483 unita:
803 455 956 481 manente
971 449 1094 484 scilicet
1109 447 1223 480 eadem
1243 457 1359 488 appre-

281 500 439 531 hensione
454 507 519 538 qua
534 495 694 529 iudicatur
710 494 834 535 aliquid
849 495 977 525 bonum
993 499 1024 524 et
1041 493 1252 524 conveniens.
1273 492 1360 531 Quia

281 547 371 575 vero·
384 541 543 582 contingit
566 545 603 571 ut
625 539 659 571 id
682 539 783 580 quod,
807 538 888 571 dum
911 539 1025 570 absens
1050 543 1126 573 erat,
1150 537 1360 578 reputabatur

282 589 374 621 omni
390 597 428 619 ex
443 592 534 627 parte
554 586 680 617 bonum
697 590 728 615 et
749 584 958 618 conveniens,
975 588 1007 614 et
1023 583 1066 613 ob
1082 582 1146 613 hoc
1162 582 1256 614 valde
1271 591 1359 614 ama·

281 634 387 668 batur3
413 630 492 664 dum
515 639 593 661 vero
617 629 763 665 habetur,
780 628 990 668 cognoscitur
1013 626 1137 666 aliquid
1154 627 1274 658 habere
1289 636 1359 659 ma-

281 678 367 711 litiae
382 682 414 708 et
429 685 498 707 non
513 674 738 708 convenientis
754 673 885 708 amanti,
902 677 999 712 atque
1022 671 1144 703 idcirco
1167 671 1286 703 habere
1302 671 1359 703 ali,

281 721 361 762 quid
383 729 568 761 repugnans
592 719 707 752 amori:
732 718 808 750 ideo
823 718 932 748 minus
950 721 1076 748 amatur
1091 725 1244 756 praesens
1259 725 1359 757 quam

281 767 406 801 absens.
430 765 472 796 Et
494 764 608 796 hocin
624 762 769 803 singulos
785 762 853 794 dies
869 762 1065 802 experimur.
1090 761 1132 793 Et
1154 760 1229 793 ideo
1252 761 1359 802 inquit

281 811 418 844 Sanctus
434 809 581 843 Thomas
597 807 697 849 quod,
714 808 792 848 quia
814 807 939 838 bonum
960 815 1037 837 cum
1061 805 1198 838 habetur
1212 805 1249 837 fit
1263 806 1358 837 nobis

282 855 419 890 affinius,
435 853 517 888 idest
542 853 686 885 intimius
710 857 741 883 et
762 850 977 886 coniunctius,
998 850 1073 881 ideo
1097 850 1200 890 magis
1222 856 1358 886 amatur,

282 901 395 934 ceteris
411 899 533 933 scilicet
549 898 617 929 aliis
633 897 776 937 paribus:
794 895 993 936 quandoque
1009 900 1120 926 autem
1136 904 1194 935 per
1208 895 1359 927 accidens

282 945 389 977 evenit
411 943 612 984 oppositum,
640 942 717 982 quia
747 940 896 972 videlicet
926 940 1086 980 contingit
1115 939 1239 980 aliquid
1262 941 1296 972 in
1323 950 1359 972 re

282 994 388 1024 amata
410 988 566 1028 cognosci
589 986 680 1026 quod
703 986 792 1025 prius
815 994 883 1016 non
910 985 1178 1024 cognoscebatur.

337 1033 391 1063 VI.
411 1032 544 1068 Quinto.
569 1032 658 1065 Deus
681 1035 792 1061 movet
815 1029 927 1060 omnia
949 1029 1010 1060 alia
1034 1028 1075 1061 ad
1097 1030 1257 1061 unionem
1281 1039 1358 1061 cum

281 1079 365 1118 ips0‚
382 1076 490 1111 dando
515 1077 559 1108 eis
583 1085 651 1106 esse
675 1080 707 1105 et
730 1073 956 1114 perfectiones.
982 1074 1068 1114 Ergo
1085 1080 1146 1105 etc.
1163 1091 1187 1097 -
1201 1074 1359 1107 Probatur

282 1121 526 1162 consequentia.
550 1120 637 1158 Quia
660 1119 779 1150 amoris
803 1124 850 1150 est
873 1117 915 1153 ad
937 1119 1095 1153 unionem
1122 1128 1267 1155 movere,
1290 1120 1358 1151 sive

281 1167 322 1198 ad
350 1166 492 1197 invicem
522 1165 627 1201 unire,
651 1170 687 1195 ut
716 1164 825 1204 inquit
855 1163 1045 1204 Dionysius.
1067 1182 1091 1186 -
1114 1163 1264 1197 Declarat
1293 1164 1358 1195 hoc

281 1212 418 1246 Sanctus
439 1210 585 1241 Thomas
608 1208 772 1249 tangendo
802 1208 964 1248 triplicem
995 1209 1154 1243 unionem
1176 1209 1326 1249 superius
1341 1210 1358 1226 ⁸*

281 1255 454 1286 adductam
477 1263 562 1295 quae
585 1253 626 1284 ad
653 1262 798 1284 amorem
827 1254 1005 1284 concurrit:
1031 1253 1153 1284 scilicet
1175 1253 1359 1286 secundum

281 1299 535 1335 similitudinem,
552 1298 734 1333 secundum
753 1298 1018 1332 convenientiam
1033 1298 1178 1335 affectus,
1195 1303 1227 1330 et
1242 1307 1358 1330 secun—

281 1345 360 1381 dum
375 1350 495 1376 actum.
508 1343 657 1382 Quarum
674 1343 822 1374 ultimam
837 1348 926 1383 patet
942 1353 981 1374 ex
997 1352 1110 1377 amore
1125 1343 1263 1377 causari:
1281 1343 1359 1384 quia

281 1391 462 1426 amicorum
485 1389 656 1430 proprium
679 1393 728 1419 est
750 1393 866 1419 mutua
888 1389 1070 1428 praesentia
1092 1393 1125 1421 et
1148 1388 1303 1420 convictu
1327 1393 1359 1420 et

280 1434 556 1469 collocutionibus
578 1432 730 1474 gaudere.

336 1478 405 1509 V11.
418 1478 529 1513 Sexto.
546 1478 583 1513 In
598 1478 670 1509 Deo
688 1483 736 1508 est
749 1477 906 1518 gaudium
922 1482 954 1509 et
970 1476 1152 1512 delectatio.
1166 1477 1253 1518 Ergo
1266 1483 1359 1509 etc.-

280 1524 438 1558 Probatur
461 1523 708 1563 consequentia.
732 1522 820 1560 Quia
842 1531 936 1554 amor
959 1528 1007 1554 est
1029 1523 1228 1563 principium
1251 1523 1359 1555 omnis

281 1567 474 1605 affectionis:
498 1567 655 1608 gaudium
678 1577 756 1598 vero
780 1573 812 1598 et
836 1566 1032 1602 desiderium
1052 1577 1122 1602 non
1138 1572 1187 1598 est
1201 1567 1264 1601 nisi
1279 1567 1360 1602 boni

281 1614 388 1649 amati,
413 1613 511 1644 timor
534 1618 566 1644 et
588 1612 714 1643 tristitia
737 1611 778 1642 de
801 1612 889 1644 malo
917 1611 1010 1652 quod
1033 1612 1246 1645 contrariatur
1268 1612 1359 1647 bono

281 1663 406 1694 amat03
431 1667 470 1688 ex
493 1658 531 1688 iis
554 1662 664 1688 autem
687 1656 768 1687 aliae
791 1666 906 1691 omnes
929 1657 1097 1698 passiones
1119 1657 1280 1689 oriuntur.

337 1701 582 1734 Attendendum
605 1702 723 1742 primo,
747 1711 786 1732 ex
809 1701 916 1736 Prima
940 1701 1119 1738 Secundae,
1143 1712 1175 1743 q.
1192 1712 1263 1738 xxv,
1281 1711 1309 1732 a.
1328 1711 1358 1738 2,

282 1752 314 1777 et
335 1747 442 1782 Verit„
468 1756 499 1786 q.
517 1756 599 1781 xxvi,
621 1756 649 1776 a.
668 1746 684 1776 5
703 1747 730 1781 *,
755 1745 856 1786 quod,
881 1755 958 1778 cum
981 1746 1099 1778 dicitur
1121 1756 1267 1778 morem
1291 1756 1359 1778 esse

283 1792 388 1823 omnis
411 1791 596 1832 affectionis
614 1790 824 1831 principium,
844 1791 1091 1831 intelligendum
1114 1797 1162 1823 est
1176 1791 1358 1825 secundum

282 1835 432 1868 ordinem
447 1836 648 1870 executionis
664 1841 696 1866 et
714 1836 969 1866 consecutionis:
994 1836 1084 1876 prius
1100 1842 1148 1867 est
1163 1837 1252 1871 enim
1267 1845 1359 1867 com-

281 1881 441 1921 placentia
464 1881 498 1916 in
521 1881 622 1915 bono,
648 1885 679 1910 et
702 1879 833 1920 adaptio
857 1889 915 1920 per
937 1880 1101 1916 affectum,
1124 1890 1224 1921 quam
1247 1886 1358 1913 motus

281 1931 338 1961 aut
353 1926 445 1965 quies
461 1926 495 1956 in
511 1925 595 1965 ips0‚
612 1930 667 1955 aut
683 1925 780 1957 etiam
796 1924 872 1965 fuga
887 1925 965 1956 mali
988 1925 1144 1965 oppositi.
1168 1925 1359 1959 Secundum

281 1975 391 2005 autem
415 1968 563 2005 ordinem
586 1969 774 2000 intentionis
793 1974 825 1999 et
841 1969 1027 2009 appetendi,
1043 1969 1216 2001 delectatio
1231 1975 1264 2000 et
1277 1979 1358 2010 gau-

281 2014 372 2047 dium
395 2023 542 2045 amorem
572 2013 748 2053 praecedit:
773 2012 945 2046 delectatio
976 2014 1064 2044 enim
1095 2014 1218 2045 intenta
1247 2019 1359 2046 causat

281 2067 427 2090 amorem
451 2063 482 2089 et
505 2057 711 2094 desiderium,
736 2063 768 2088 et
790 2057 872 2088 nihil
901 2064 1027 2091 amatur
1057 2058 1118 2089 nisi
1141 2059 1220 2099 quia
1242 2068 1358 2100 appre-

281 2102 432 2138 henditur
455 2103 514 2133 sub
538 2103 663 2133 ratione
687 2101 895 2133 delectabilis.

336 2145 580 2178 Advertendum
603 2146 760 2183 secundo,
777 2156 854 2178 cum
877 2146 996 2178 dicitur
1018 2146 1110 2188 quod
1134 2157 1248 2181 omnes
1270 2148 1358 2180 abiae

276 2193 448 2233 passiones
464 2192 620 2223 oriuntur
635 2201 677 2222 ex
691 2192 829 2234 gaudio,
842 2191 1015 2227 desiderio,
1033 2192 1150 2223 timore
1166 2198 1198 2224 et
1213 2193 1357 2229 tristitia,

281 2236 372 2278 quod
392 2246 449 2277 per
464 2236 660 2269 desiderium
684 2236 874 2277 intelligitur
887 2246 970 2278 spes,
987 2242 1024 2270 ut
1039 2236 1156 2269 dicitur
1178 2237 1286 2274 Ver-it„
1302 2238 1359 2271 ubi

281 2291 388 2322 supra,
405 2281 446 2315 ad
463 2289 488 2317 i,
509 2287 541 2312 et
557 2281 663 2312 Prima
678 2280 858 2318 Secundae,
875 2282 1067 2322 quaestione
1088 2282 1143 2313 ubi
1159 2291 1266 2323 supra,
1283 2292 1312 2315 a.
1325 2292 1358 2322 4,

281 2326 322 2357 ad
342 2334 368 2357 i:
395 2327 514 2357 habent
538 2326 625 2357 enim
648 2325 904 2362 similitudinem,
922 2327 998 2367 quia
1018 2332 1156 2368 utraque
1180 2327 1287 2368 passio
1311 2333 1360 2358 est

282 2376 431 2412 respectu
454 2371 533 2405 boni
556 2370 706 2405 nondum
729 2371 840 2402 habiti.

337 2416 429 2452 Item,
454 2414 544 2456 quod
568 2425 636 2447 non
659 2415 779 2448 eodem
802 2415 905 2447 modo
928 2421 1004 2447 sunt
1027 2416 1106 2446 istae
1131 2422 1272 2457 quatuor
1288 2426 1361 2458 pas-

282 2461 391 2496 siones
407 2460 475 2492 aliis
491 2460 693 2501 principales.
717 2461 765 2492 Ex
780 2460 900 2502 gaudio
917 2461 1007 2492 enim
1022 2466 1054 2492 et
1070 2461 1195 2492 tristitia
1211 2462 1361 2494 oriuntur

283 2505 362 2536 aliae
386 2506 551 2546 passiones
575 2504 712 2536 finaliter
735 2512 767 2536 et
790 2506 986 2546 completive
1010 2505 1212 2546 simpliciter:
1245 2515 1361 2538 omnes

283 2551 371 2581 enim
394 2551 560 2591 passiones
583 2550 698 2582 ultimo
723 2551 936 2583 terminantur
959 2549 1000 2581 ad
1021 2550 1179 2590 gaudium
1195 2556 1251 2582 aut
1266 2551 1361 2582 tristi-

282 2595 374 2631 tiam;
399 2600 431 2626 et
454 2600 502 2625 est
523 2594 680 2635 gaudium
703 2601 735 2626 et
758 2596 883 2627 tristitia
906 2595 987 2626 ratio
1011 2596 1119 2626 omnis
1142 2595 1272 2627 alterius
1288 2605 1361 2636 pas-

282 2640 392 2670 sionis.
417 2639 497 2680 Spes
513 2645 623 2671 autem
639 2645 671 2670 et
691 2640 789 2671 timor
803 2646 879 2672 sunt
894 2639 1089 2681 principales
1104 2640 1139 2671 in
1154 2649 1216 2671 suo
1231 2650 1361 2681 genere,

283 2685 359 2725 quia
381 2694 450 2715 non
478 2690 749 2725 praesupponunt
771 2685 849 2716 alias
875 2685 1042 2725 passiones
1065 2685 1099 2716 in
1122 2694 1181 2716 sua
1204 2685 1361 2726 potentia,

282 2729 404 2765 scilicet
429 2729 593 2760 irascibili:
618 2734 650 2760 et
673 2735 748 2761 sunt
771 2730 987 2770 completivae
1011 2729 1146 2760 aliarum
1175 2739 1260 2770 quae
1291 2735 1361 2762 ten-

283 2773 365 2809 dunt
393 2774 426 2804 in
455 2773 543 2806 aliud
571 2779 727 2814 tanquam
750 2775 783 2806 in
808 2774 965 2806 futurum.
991 2773 1092 2812 Quod
1114 2774 1362 2815 intelligendum

283 2824 330 2850 est
345 2818 386 2850 de
402 2819 441 2850 iis
457 2828 541 2859 quae
558 2827 615 2859 per
636 2829 670 2850 se
693 2819 833 2850 tendunt
847 2819 882 2850 in
897 2819 1021 2851 malum
1037 2825 1093 2850 aut
1109 2820 1249 2852 bonum:
1273 2820 1361 2861 quia,

283 2864 309 2894 si
332 2863 542 2904 loqueremur
557 2862 597 2894 de
613 2863 652 2894 iis
668 2873 752 2904 quae
769 2863 908 2898 tendunt
924 2864 957 2895 in
973 2864 1096 2895 malum
1120 2873 1178 2905 per
1201 2863 1361 2901 accidens,

283 2907 404 2938 scilicet
432 2908 492 2938 sub
518 2908 643 2938 ratione
671 2908 761 2944 boni,
789 2909 872 2939 sicut
900 2914 947 2939 est
971 2909 1027 2944 ira,
1052 2909 1097 2940 sic
1124 2919 1198 2950 spes
1222 2919 1291 2941 non
1314 2915 1363 2942 est

284 2952 407 2989 ultima,
431 2951 488 2984 sed
511 2953 614 2992 magis
637 2952 801 2992 praecedit
824 2953 992 2984 audaciam
1017 2959 1049 2984 et
1072 2954 1162 2987 iram.

339 2997 403 3028 Sed
426 2997 506 3029 haec
529 3002 606 3028 sunt
628 2996 758 3030 alterius
781 2998 914 3038 negotii.
939 2998 1013 3029 Hoc
1037 3003 1164 3030 tantum
1183 2998 1225 3030 ad
1239 3007 1363 3039 propo-

284 3042 382 3075 situm
405 3041 552 3077 sufficiat,
577 3041 668 3082 quod
692 3051 784 3074 amor
806 3042 840 3073 in
864 3043 915 3074 via
938 3043 1180 3075 consecutionis
1204 3049 1252 3075 est
1274 3044 1363 3084 ptin-

285 3086 395 3127 cipalis
408 3086 526 3127 passio,
537 3087 615 3127 quia
627 3086 791 3127 praecedit
802 3087 859 3118 has
872 3093 1013 3127 quatuor
1024 3088 1200 3128 passiones.
1213 3087 1363 3127 Quarum

284 3131 445 3171 quaedam
469 3137 544 3161 sunt
563 3131 752 3171 simpliciter
776 3132 930 3162 omnibus
954 3132 1023 3162 aliis
1047 3133 1182 3173 priores,
1206 3138 1363 3174 tanquam

284 3176 424 3207 tationes
455 3176 564 3207 omnis
595 3182 685 3208 actus
715 3175 900 3216 appetendi,
925 3176 1048 3208 scilicet
1074 3177 1231 3218 gaudium
1255 3183 1287 3208 et
1308 3178 1363 3208 tri-

284 3221 381 3251 stitia:
407 3219 497 3256 aliae,
521 3220 644 3252 scilicet
667 3229 741 3260 spes
765 3226 797 3251 et
819 3221 927 3256 timor.
943 3227 1020 3253 sunt
1043 3222 1237 3263 principales
1252 3223 1286 3254 in
1302 3232 1363 3263 po-

285 3266 384 3296 tentia
399 3265 575 3301 irascibilis,
588 3270 620 3296 et
635 3266 669 3296 in
682 3264 795 3296 ordine
809 3274 919 3297 earum
937 3275 1020 3306 quae
1037 3266 1175 3298 tendunt
1190 3267 1224 3298 in
1236 3267 1363 3302 bonurn

287 3315 322 3339 ut
345 3316 392 3340 est
415 3308 573 3340 futurum.

343 3363 372 3384 2.
397 3353 460 3385 Sed
485 3354 626 3385 occurrit
649 3353 796 3386 dubium.
829 3354 878 3386 Ex
901 3355 961 3386 hac
985 3355 1073 3387 enim
1103 3356 1228 3387 ratione
1255 3361 1363 3396 potest

286 3399 375 3437 argui
399 3397 489 3438 quod
512 3397 719 3435 desiderium,
736 3399 867 3440 proprie
891 3405 1073 3439 acceptum,
1095 3405 1143 3430 est
1166 3401 1362 3441 principium

287 3443 394 3474 omnis
417 3442 606 3474 affectionis.
632 3442 836 3475 Desiderium
859 3445 959 3480 enim,
976 3443 1158 3476 secundum
1174 3445 1260 3476 viam
1284 3455 1363 3477 con-

287 3487 472 3523 secutionis,
504 3487 666 3527 praecedit
699 3498 815 3521 omnes
845 3489 914 3521 illas
945 3494 1085 3528 quatuor
1116 3490 1292 3529 passiones,
1324 3500 1362 3521 ex

290 3531 406 3569 quibus
430 3532 509 3566 aliae
533 3533 695 3564 oriuntur:
722 3533 810 3573 prius
834 3534 922 3567 enim
944 3539 1096 3567 movetur
1119 3534 1282 3574 appetitus
1306 3544 1364 3575 per

290 3574 483 3607 desiderium
499 3576 531 3606 in
548 3577 684 3613 bonurn,
701 3586 801 3617 quam
816 3578 851 3610 in
866 3578 923 3609 illo
940 3578 1102 3619 quietetur
1118 3587 1175 3619 per
1194 3578 1360 3619 gaudium.

291 3618 388 3658 Ergo,
401 3620 425 3650 si
442 3626 574 3660 propter
590 3621 653 3651 hoc
669 3631 760 3653 amor
773 3628 820 3653 est
835 3623 1035 3663 principium
1047 3624 1156 3655 omnis
1173 3622 1362 3660 affectionis,

291 3662 404 3694 eadem
427 3665 549 3696 ratione
573 3670 605 3695 et
629 3664 835 3699 desiderium.

873 266 1070 318 'SUMMA
1099 280 1323 318 CONTRA
1351 279 1629 326 GENTILES,
1661 279 1772 318 CAP.
1793 280 1891 319 XCI.

1470 358 1709 399 Respondetur,
1739 365 1771 391 et
1793 360 1911 393 dicitur
1939 361 2046 401 primo
2071 359 2173 401 quod,
2197 360 2274 392 licet
2297 359 2494 392 desiderium

1414 402 1615 444 quandoque
1627 403 1784 444 gaudium
1795 404 1975 446 praecedat.
1988 414 2058 435 non
2069 410 2179 436 tamen
2191 405 2372 436 necessario
2385 406 2494 446 ipsum

1414 447 1592 488 praecedit:
1610 448 1688 489 quia
1702 447 1743 480 de
1758 449 1849 480 bono
1864 450 2051 480 naturaliter
2067 450 2246 480 coniuncto
2263 454 2312 480 est
2324 449 2492 490 gaudium,

1415 498 1452 523 ut
1475 498 1523 523 est
1545 493 1580 524 in
1604 493 1687 528 Deo,
1704 492 1746 524 de
1769 503 1837 534 quo
1861 499 1971 525 tamen
1994 504 2063 525 non
2087 501 2136 526 est
2159 493 2366 525 desiderium.
2390 494 2494 526 Amor

1415 542 1526 569 autem
1553 537 1593 568 de
1620 538 1810 569 necessitate
1839 538 2017 579 praecedit:
2042 539 2119 579 quia
2141 548 2211 570 non
2233 538 2354 579 gaudet
2376 538 2494 579 aliquis

1413 582 1477 613 nisi
1500 591 1539 612 ex
1562 582 1744 622 praesentia
1767 583 1814 613 rei
1836 588 1972 614 amatae.

1470 626 1598 657 Dicitur
1620 625 1778 663 secundo,
1803 626 1896 667 quod
1918 637 1957 659 ex
1979 637 2014 659 se
2037 633 2166 659 constat
2189 627 2386 659 desiderium
2400 637 2493 668 prae-

1414 680 1601 712 supponere
1624 680 1785 702 amorem:
1810 681 1879 702 non
1903 672 1992 703 enim
2007 671 2207 704 desideratur
2220 673 2284 704 nisi
2298 671 2390 714 quod
2405 681 2493 704 ama-

1414 721 1476 749 tur.
1493 715 1589 747 Unde
1603 725 1674 747 non
1689 721 1799 756 potest
1814 715 2011 749 desiderium
2034 726 2104 748 esse
2127 717 2271 758 primum
2294 717 2493 758 principium

1414 760 1522 792 omnis
1545 759 1737 792 affectionis.
1768 760 1826 791 Est
1856 769 1935 801 ergo
1964 761 2012 792 sic
2040 761 2249 802 intelligenda
2277 763 2360 794 ratio
2383 761 2494 795 Sancti

1414 805 1578 838 Thomae:
1604 805 1709 837 Amor
1731 810 1780 836 est
1802 805 1907 845 prima
1926 805 2020 845 origo
2035 810 2068 836 et
2082 807 2262 839 necessaria
2276 807 2405 839 illarum
2420 816 2493 847 pas-

1414 849 1547 883 sionum
1565 858 1604 880 ex
1620 850 1740 890 quibus
1763 858 1880 881 omnes
1903 849 1984 881 aliae
2007 850 2167 887 oriuntur,
2191 851 2279 892 Ergo
2303 858 2351 883 est
2373 852 2494 892 princi-

1414 894 1507 934 pium
1523 895 1631 927 omnis
1646 893 1838 927 affectionis.
1863 893 2002 926 Constat
2017 900 2127 926 autem
2143 895 2190 926 sic
2204 905 2274 927 non
2289 905 2387 936 posse
2402 897 2494 937 argui

1414 938 1455 973 de
1478 938 1653 972 desiderio:
1678 939 1756 980 quia
1778 938 1974 972 antecedens
1989 944 2073 971 esset
2088 938 2221 976 falsum:
2244 949 2314 972 non
2333 941 2422 974 enim
2437 941 2493 973 de-

1413 983 1568 1018 siderium
1585 989 1632 1016 est
1647 985 1751 1024 prima
1767 989 1799 1015 et
1819 984 2000 1015 necessaria
2022 984 2116 1024 origo
2138 984 2268 1016 illarum
2291 985 2492 1025 passionum.

1470 1028 1553 1060 VIII.
1577 1028 1748 1067 Quantum
1765 1028 1806 1060 ad
1821 1028 2004 1060 secuudum
2020 1029 2048 1065 ',
2072 1029 2150 1069 quia
2164 1029 2199 1060 in
2214 1029 2311 1061 nobis
2333 1030 2494 1071 contingit
2520 1029 2530 1039 ”

1414 1078 1451 1103 ut
1473 1083 1578 1104 unum
1601 1074 1703 1113 magis
1727 1073 1828 1104 altero
1852 1082 2010 1109 amemus,
2035 1074 2112 1113 quia
2135 1074 2278 1105 intensio
2293 1079 2326 1105 et
2345 1075 2511 1112 remissio⁴

1413 1118 1447 1148 in
1463 1123 1538 1149 actu
1553 1117 1685 1151 amandi
1699 1118 1874 1154 invenitur,
1889 1123 2001 1158 posset
2016 1118 2134 1158 aliquis
2153 1117 2284 1151 credere
2299 1118 2402 1159 quod,
2416 1119 2494 1150 licet

1412 1163 1447 1193 in
1464 1162 1537 1194 Deo
1552 1163 1593 1193 sit
1609 1171 1712 1199 amor,
1728 1172 1799 1194 non
1813 1167 1923 1195 tamen
1937 1163 2041 1204 magis
2064 1172 2169 1197 unum
2192 1168 2280 1195 amet
2295 1173 2395 1204 quam
2414 1163 2494 1196 alte-

1413 1216 1503 1238 rum:
1529 1216 1607 1242 cum
1629 1207 1771 1239 intensio
1795 1212 1828 1239 et
1847 1207 1998 1239 remissio
2021 1208 2205 1241 inveniatur
2226 1208 2261 1240 in
2283 1214 2398 1242 natura
2419 1218 2493 1241 mu-

1413 1251 1503 1285 tabili
1524 1257 1668 1288 tantum;
1691 1257 1724 1284 et
1747 1251 1828 1283 aliae
1852 1253 2059 1293 operationes
2088 1262 2159 1286 non
2185 1252 2334 1286 dicantur
2356 1253 2398 1286 de
2419 1253 2494 1295 ipso

1413 1296 1597 1329 secundum
1619 1296 1722 1337 magis
1745 1301 1779 1328 et
1801 1296 1926 1334 minus3
1949 1306 2018 1328 non
2041 1298 2130 1330 enim
2153 1307 2259 1331 unum
2274 1298 2377 1339 magis
2392 1297 2495 1331 altero

1413 1342 1595 1382 cognoscit,
1619 1350 1729 1382 neque
1752 1341 1793 1373 de
1816 1351 1886 1373 uno
1914 1342 2017 1382 magis
2045 1342 2166 1383 gaudet
2192 1352 2294 1384 quam
2317 1342 2358 1374 de
2380 1343 2493 1375 altero.

1414 1385 1504 1423 Ideo,
1520 1395 1694 1418 removens
1708 1386 1774 1417 hoc
1789 1385 1938 1423 dubium,
1950 1386 2059 1427 inquit
2073 1388 2192 1428 primo,
2207 1387 2301 1428 quod
2315 1386 2495 1420 differentia

1414 1436 1463 1462 est
1484 1431 1568 1465 inter
1591 1440 1739 1466 amorem
1762 1436 1795 1463 et
1817 1431 1895 1463 alias
1921 1432 2141 1472 operationes,
2168 1433 2247 1473 quia
2275 1431 2356 1464 aliae
2379 1442 2495 1474 opere-

1413 1477 1520 1507 tiones
1543 1477 1577 1508 in
1601 1485 1707 1508 unum
1730 1481 1858 1509 tantum
1881 1475 2029 1511 feruntur
2051 1477 2234 1515 obiectum:
2257 1486 2350 1509 amor
2371 1482 2494 1514 autem,

1413 1521 1547 1562 proprie
1569 1526 1602 1552 et
1625 1530 1683 1562 per
1705 1530 1739 1552 se
1762 1526 1924 1562 sumptus,
1947 1521 1983 1555 in
2002 1521 2070 1554 duo
2094 1520 2195 1556 fertur
2217 1522 2363 1559 obiecta:
2386 1530 2496 1556 snare

1413 1566 1501 1599 enim
1525 1571 1574 1598 est
1598 1566 1680 1599 velle
1701 1565 1823 1596 bonum
1846 1565 1957 1601 alicui,
1982 1571 2015 1598 et
2037 1567 2083 1599 sic
2106 1565 2208 1600 fertur
2221 1567 2257 1599 in
2272 1575 2351 1599 eum
2366 1567 2422 1600 cui
2435 1574 2495 1599 vo·

1413 1610 1524 1643 lurnus
1556 1611 1693 1646 bonum,
1722 1615 1755 1641 et
1783 1611 1818 1641 in
1849 1611 1975 1643 bonum
1998 1611 2089 1651 quod
2118 1611 2166 1645 illi
2193 1611 2358 1645 volumus.
2381 1611 2495 1653 Ipsum

1415 1660 1527 1688 autem
1542 1656 1670 1688 bonum
1685 1654 1777 1695 quod
1792 1655 1887 1686 nobis
1907 1661 1964 1687 aut
1984 1655 2075 1688 alteri
2090 1656 2255 1693 volumnia,
2270 1666 2340 1688 non
2356 1655 2496 1690 dicimur

1413 1700 1545 1742 proprie
1569 1706 1602 1732 et
1623 1709 1682 1740 per
1705 1709 1740 1731 se
1763 1709 1881 1736 amare,
1905 1700 1964 1732 sed
1986 1710 2044 1741 per
2067 1700 2228 1738 accidens,
2245 1701 2324 1742 quia
2344 1700 2496 1734 illudam

1413 1745 1582 1777 volumus:
1607 1744 1746 1780 dicimur
1775 1750 1885 1777 autem
1916 1744 1997 1776 illud
2026 1746 2158 1786 proprie
2180 1745 2379 1779 desiderare.
2400 1763 2423 1771 -·
2445 1745 2495 1779 Ex

1413 1790 1474 1821 hac
1497 1789 1678 1824 differentia
1700 1789 1847 1830 sequitur
1869 1789 1944 1821 alia:
1969 1789 2093 1822 scilicet
2116 1790 2209 1831 quod
2238 1790 2319 1823 aliae
2349 1790 2496 1824 actiones

1413 1843 1482 1867 uno
1505 1840 1633 1868 tantum
1655 1833 1759 1865 modo
1789 1833 1943 1866 dicuntur
1973 1835 2156 1869 secundum
2185 1836 2289 1876 magis
2315 1840 2348 1867 et
2373 1835 2494 1872 minus,

1412 1878 1536 1913 scilicet
1558 1877 1742 1914 secundum
1765 1879 1911 1918 vigorem
1933 1879 2082 1915 actionis,
2099 1879 2192 1920 quod
2205 1886 2254 1912 eat
2269 1879 2360 1913 dictu
2377 1889 2495 1914 sonu·-

1412 1922 1493 1955 dum
1522 1924 1749 1956 intensionem
1772 1928 1804 1954 et
1826 1923 2062 1960 remissionem,
2085 1923 2166 1957 dum
2189 1924 2312 1957 scilicet
2333 1923 2497 1959 &abac

1412 1968 1486 2008 quis
1515 1969 1601 2000 circa
1632 1968 1801 1999 obiectum
1831 1968 2032 2008 operationis
2061 1974 2229 2009 operatur:
2260 1978 2354 2001 amor
2384 1975 2497 2004 aim

1412 2012 1544 2044 duobus
1566 2011 1674 2045 modis
1697 2011 1882 2044 secundum
1903 2013 2007 2054 magis
2029 2018 2063 2044 et
2084 2013 2195 2046 minus
2217 2012 2282 2047 dici
2305 2019 2498 2055 potentat

1412 2057 1536 2091 scilicet
1559 2067 1598 2089 ex
1622 2058 1713 2088 bono
1737 2056 1830 2097 quod
1853 2057 1951 2089 alicui
1973 2057 2139 2095 volumus,
2163 2059 2252 2100 quia,
2275 2059 2424 2100 inquam.
2438 2064 2497 2092 aut

1412 2111 1570 2143 magnum
1593 2107 1650 2136 aut
1673 2111 1811 2143 parvum
1832 2101 1879 2134 ini
1904 2102 2032 2136 bonum
2047 2102 2216 2140 volumus:
2241 2109 2297 2135 aut
2320 2113 2360 2137 ex
2382 2104 2497 2146 vigum

1412 2148 1561 2184 actionis,
1580 2146 1763 2178 secundum
1787 2146 1879 2188 quod
1901 2147 2039 2188 aequale
2062 2148 2190 2181 bonum
2212 2148 2310 2181 alicui
2332 2147 2497 2183 efficacius

1413 2197 1469 2224 aut
1492 2191 1669 2224 ferventius
1692 2191 1857 2225 volumus.

1469 2236 1557 2269 Dicit
1580 2236 1738 2273 secundo,
1763 2235 1856 2277 quod
1879 2236 1986 2277 primo
2016 2236 2123 2270 modo
2151 2237 2242 2272 Deus
2265 2247 2371 2271 unum
2393 2238 2497 2280 magis

1413 2281 1515 2314 altero
1531 2287 1632 2314 amat:
1648 2281 1730 2315 dum
1744 2281 1850 2316 maius
1866 2281 1992 2314 bonum
2007 2282 2067 2314 uni
2081 2282 2151 2314 vult
2166 2291 2268 2323 quam
2282 2282 2384 2316 altari.
2395 2299 2420 2306 —
2430 2282 2498 2318 Sd

1413 2326 1560 2360 secundo
1584 2326 1697 2363 modo,
1722 2335 1806 2358 non:
1837 2335 1915 2359 cum
1938 2326 2031 2367 vigor
2060 2327 2198 2361 actionis
2227 2327 2414 2363 secundum
2433 2328 2497 2361 vir-

1414 2377 1519 2403 tutem
1542 2381 1609 2412 qua
1632 2372 1737 2412 agitur
1760 2376 1980 2408 mensuretur:
2004 2372 2112 2403 omnis
2139 2377 2250 2405 autem
2277 2373 2365 2405 actio
2386 2372 2497 2406 divina

1415 2417 1513 2451 unius
1544 2422 1577 2447 et
1605 2414 1754 2449 eiusdem
1777 2416 1903 2447 virtutis
1933 2416 1984 2448 sit.
2012 2415 2055 2449 Et
2077 2417 2123 2449 sic
2145 2426 2216 2448 non
2239 2422 2288 2448 est
2316 2416 2497 2451 differ-nm

1414 2462 1498 2494 inter
1513 2470 1660 2492 amorem
1675 2466 1708 2492 et
1722 2460 1801 2492 alias
1811 2460 2020 2501 operationes
2031 2460 2166 2494 divinas.
2178 2461 2280 2493 Nullo
2292 2462 2381 2496 enin
2392 2461 2496 2497 nodo

1415 2506 1579 2537 invenitur
1602 2506 1637 2536 in
1660 2515 1772 2536 amore
1795 2505 1907 2536 divino
1931 2505 2072 2538 intensio
2094 2511 2128 2538 et
2150 2507 2309 2543 rexm'ssio,
2328 2507 2413 2540 deut
2433 2515 2496 2542 uc

1415 2551 1450 2582 in
1473 2550 1542 2582 aliis
1565 2551 1632 2582 suis
1655 2550 1916 2591 operationibus:
1947 2550 2024 2582 licet
2053 2551 2111 2583 uni
2140 2551 2247 2584 maius
2269 2551 2396 2584 bonum
2419 2552 2497 2585 velit

1417 2601 1450 2627 et
1471 2595 1563 2627 alteri
1585 2595 1705 2627 minus.

1474 2650 1504 2671 2.
1530 2639 1626 2672 Circa
1642 2640 1707 2671 hoc
1722 2639 1815 2680 quod
1831 2639 1939 2681 inquit
1954 2639 2092 2672 Sanctus
2107 2639 2265 2677 Thomas,
2281 2641 2389 2674 solum
2405 2651 2498 2675 nno-

1418 2694 1487 2716 rem
1509 2684 1554 2718 ad
1576 2685 1643 2716 duo
1667 2684 1792 2719 obiecta
1806 2684 1911 2727 ferri,
1927 2683 2163 2718 advertendum
2179 2685 2271 2727 quod
2290 2686 2356 2719 hoc
2378 2685 2498 2721 iamni-

1416 2729 1561 2771 gendum
1577 2735 1626 2764 est
1641 2729 1683 2762 de
1697 2738 1810 2760 amore
1825 2730 1857 2760 in
1874 2729 2120 2770 comparatione
2135 2729 2178 2764 ad
2196 2730 2268 2763 illas
2289 2731 2498 2772 operatio-u

1417 2775 1544 2809 animae
1557 2784 1642 2815 quae
1659 2773 1836 2808 formaliter
1851 2779 1884 2808 et
1898 2775 2031 2815 proprie
2046 2780 2217 2815 ponuntur
2227 2776 2261 2808 in
2273 2775 2358 2812 Deo,
2369 2781 2407 2809 ut
2420 2781 2499 2811 aunt

1417 2820 1596 2853 intellectio
1619 2825 1652 2852 et
1673 2819 1842 2860 gaudium,
1866 2825 1899 2851 et
1921 2824 1957 2851 ut
1978 2825 2067 2860 patet
2089 2829 2129 2851 ex
2154 2820 2258 2852 verbis
2279 2820 2392 2854 Sancti
2405 2819 2497 2854 ‘rho-

1417 2874 1505 2898 mae:
1529 2874 1599 2896 non
1615 2870 1724 2896 autem
1747 2865 1782 2897 in
1805 2864 2051 2905 comparatione
2067 2864 2108 2896 ad
2122 2864 2200 2897 alias
2214 2866 2382 2907 passiones
2396 2874 2498 2907 am-

1417 2910 1495 2943 titus
1517 2909 1672 2947 sensitiyi.
1703 2909 1798 2947 Nam,
1823 2914 1860 2940 ut
1882 2908 2000 2941 dicitur
2023 2909 2132 2941 Prima
2153 2909 2334 2947 Secundae,
2358 2919 2392 2952 q.
2413 2919 2498 2948 xlm,

1418 2965 1446 2985 a.
1465 2964 1495 2991 2,
1521 2955 1618 2985 etiam
1642 2954 1688 2985 ira
1711 2955 1745 2985 in
1769 2953 1836 2985 duo
1861 2954 1990 2985 obiecta
2013 2953 2123 2986 fertur.

1473 2999 1627 3032 Similiter
1649 3008 1708 3040 per
1730 2999 1795 3030 hoc
1818 2998 1910 3040 quod
1933 2998 2051 3031 dicitur
2073 2999 2183 3033 solum
2205 3009 2353 3033 amorem
2375 3000 2411 3033 in
2426 2998 2497 3035 duo

1418 3044 1547 3076 obiecta
1562 3043 1647 3080 ferri,
1659 3053 1727 3075 non
1743 3043 1927 3076 excluditur
1942 3043 2068 3076 odium.
2084 3044 2190 3076 Immo
2202 3044 2392 3077 includitur:
2409 3045 2498 3086 qnia,

1419 3098 1495 3122 cum
1518 3089 1583 3120 sint
1613 3089 1776 3129 opposita.
1799 3094 1932 3129 oportet
1955 3094 2001 3126 ut,
2025 3089 2052 3120 si
2075 3098 2180 3122 unum
2210 3090 2245 3123 in
2275 3089 2343 3122 duo
2369 3089 2498 3124 om

1418 3133 1530 3171 fertur,
1554 3133 1646 3174 quod
1669 3133 1768 3165 etiam
1789 3133 1928 3166 alterum
1950 3132 2071 3166 seranu-
2092 3134 2128 3166 in
2148 3133 2227 3166 duo.

1474 3178 1557 3210 Item
1579 3177 1827 3219 intelligendum
1850 3178 1949 3210 etiam
1972 3178 2036 3210 hoc
2060 3177 2102 3211 de
2125 3188 2237 3211 amore
2265 3184 2303 3211 ut
2331 3177 2496 3220 conplete

1418 3223 1588 3264 accipitur:
1619 3222 1802 3255 secundum
1833 3222 1955 3255 scilicet
1977 3222 2070 3264 quod
2098 3222 2189 3256 idem»
2208 3228 2301 3256 actus
2330 3228 2378 3255 eat
2405 3231 2497 3257 anor

1419 3267 1706 3309 concupiscentiae
1721 3274 1754 3299 et
1768 3268 1939 3300 amicitiae.
1955 3267 2043 3306 Quia
2057 3268 2085 3299 si
2099 3268 2300 3308 acciperetur
2310 3277 2372 3308 pro
2384 3276 2496 3301 amore

1418 3313 1704 3354 concupiscentiae
1728 3313 1871 3353 praecise
1891 3318 2037 3354 sumpto.
2051 3312 2100 3345 sic
2113 3321 2183 3345 non
2198 3310 2299 3344 fertur
2313 3313 2495 3347 necessario

1418 3358 1452 3388 in
1468 3357 1536 3390 duo
1553 3357 1690 3389 obiecta.
1716 3357 1811 3390 Unde
1835 3362 1867 3389 et
1889 3357 1967 3390 loco
1990 3355 2206 3398 praeallegato
2229 3356 2335 3397 inquit
2358 3356 2497 3390 Sanctus

1419 3402 1566 3435 Thomas
1581 3401 1674 3443 quod
1695 3411 1792 3433 amor
1807 3407 1838 3433 et
1853 3401 1968 3433 odium
1988 3400 2185 3442 quandoque
2200 3401 2379 3442 respiciunt
2393 3411 2494 3433 unum

1419 3446 1576 3479 obiectum
1601 3451 1738 3482 tantum,
1754 3447 1839 3478 sicia
1860 3455 1935 3479 cum
1957 3445 2030 3487 quis
2051 3444 2174 3477 dicitur
2187 3455 2302 3477 amare
2318 3446 2428 3478 viuum
2445 3446 2496 3478 vel

1418 3491 1537 3523 habere
1559 3491 1648 3522 odio.

1475 3536 1529 3568 lx.
1553 3536 1724 3575 Quantum
1747 3534 1788 3566 ad
1809 3534 1981 3571 tartiqu
2004 3534 2160 3574 probatur
2183 3534 2275 3575 quod
2300 3535 2335 3567 in
2358 3534 2431 3567 Deo
2455 3535 2496 3567 sit

1418 3580 1575 3620 gaudium
1586 3586 1619 3612 et
1629 3579 1811 3616 delectatio,
1823 3578 2014 3611 auctoritate
2024 3577 2154 3614 Psalmi,
2164 3579 2262 3610 Pro».
2272 3589 2314 3616 ix,
2323 3579 2434 3612 Lucae
2442 3589 2495 3617 xv,

1419 3630 1451 3656 et
1466 3625 1658 3662 Aristotelis,
1670 3623 1728 3656 vu
1742 3622 1860 3659 Etluic„
1875 3632 1948 3663 cap.
1961 3622 2019 3655 ult.
2034 3640 2055 3646 -
2073 3622 2174 3662 Quod
2190 3629 2301 3656 autem
2316 3624 2350 3656 'm
2365 3625 2438 3665 ipso
2454 3625 2496 3657 sit

1419 3678 1521 3706 amor,
1535 3669 1690 3711 probatur
1701 3668 1891 3701 auctoritate
1903 3667 2000 3699 Dent.
2014 3677 2122 3704 xxxin,
2135 3667 2200 3700 Ier.
2214 3678 2298 3705 xxxx,
2311 3668 2406 3701 Ioan.
2424 3679 2494 3706 xvi:

2521 3533 2649 3584 123⁸?st
