2768 4134
42 2298 50 2305 ·
71 2296 107 2318 Cf.
130 2302 179 2323 cap.
197 2303 256 2322 ωιιν,

44 2323 95 2350 Qua
99 2325 142 2344 rto.

42 2455 56 2465 ·“
67 2455 122 2482 Cap.
135 2461 185 2476 κω(

41 2990 49 2998 ·
65 2989 121 3011 lbid.

302 293 372 341 198

295 371 461 411 cognitum
485 374 640 407 tanquam
664 367 697 396 in
729 375 786 396 sua
810 365 977 395 existentia
1000 365 1117 399 visum,
1142 372 1210 404 quo
1235 364 1268 393 in
1291 363 1368 393 loco

293 425 359 446 non
384 414 479 444 habet
501 413 613 442 locum
637 411 784 451 quaestio
809 419 849 439 an
872 418 933 449 pro
960 414 1039 440 tunc
1065 409 1169 449 possit
1195 417 1263 438 non
1287 417 1367 438 esse.

349 457 572 489 Committitur
581 461 691 486 autem
703 454 826 485 fallacia
842 453 1027 484 accidentis.
1040 453 1136 492 Quia,
1150 462 1226 483 cum
1239 458 1368 493 tempus

292 512 441 554 praesens
458 507 490 532 et
502 501 711 542 praeteritum
728 499 883 530 coexistat
899 499 1087 534 aeternitati,
1104 497 1261 529 habitudo
1277 507 1367 538 prae-

292 548 388 578 sentis
412 546 569 587 temporis
589 551 644 576 aut
665 544 825 585 praeteriti
842 543 881 573 ad
904 543 1051 574 futurum
1067 543 1249 573 attribuitur
1267 548 1368 573 aeter-

291 593 392 627 nitati,
418 591 497 622 dum
521 590 638 621 dicitur
654 589 745 630 quod
762 589 930 628 cognitum
956 597 973 618 a
997 588 1070 618 Deo
1095 593 1143 618 est
1165 587 1313 618 futurum
1337 593 1368 618 et

291 646 358 667 non
383 645 450 672 ens,
468 642 624 676 tanquam
647 634 797 665 videlicet
820 634 860 663 sit
885 632 1031 663 futurum
1056 632 1184 663 divinae
1205 633 1367 663 scientiae.

292 682 325 712 In
343 690 410 721 quo
425 690 486 721 per
501 680 650 711 accidens
666 685 714 710 est
730 678 893 718 deceptio:
917 678 1003 718 quia,
1020 687 1096 708 cum
1112 677 1269 708 habitudo
1286 682 1368 707 tem-

290 726 379 766 poris
402 726 578 766 praesent-is
606 730 661 755 aut
683 723 845 764 praeteriti
869 722 908 752 ad
932 722 1078 753 futurum
1102 731 1170 752 non
1194 722 1369 753 conveniat

289 771 430 811 tempori
454 775 491 801 ut
513 770 662 800 coexistit
686 768 874 803 aeternitati,
899 767 955 798 sed
979 766 1120 803 aliunde,
1142 772 1179 797 ut
1202 768 1242 797 ab
1266 772 1368 797 aeter-

289 817 389 846 nitate
405 815 621 856 distinguitur,
638 823 706 844 non
723 813 819 843 debet
834 813 897 842 hoc
915 812 1044 842 attribui
1064 812 1252 842 aeternitati.
1279 811 1367 848 Ideo,

290 861 316 891 si
340 861 539 896 attribuatur,
565 865 612 890 est
635 859 784 898 deceptio
808 857 985 888 secundum
1009 856 1171 887 accidens.

346 905 486 936 Adverte
508 904 597 945 quod
622 913 680 945 per
704 904 787 934 hanc
811 902 1060 942 responsionem
1085 911 1153 932 non
1173 902 1243 932 vult
1259 902 1368 932 exclu-

290 950 365 981 dere
379 950 515 981 Sanctus
527 949 672 979 Thomas
688 958 706 978 a
722 948 794 978 Deo
811 947 1034 987 cognitionem
1051 946 1151 977 futuri
1168 952 1204 976 ut
1219 945 1367 977 futurum

291 1001 338 1026 est
353 995 463 1026 nobis:
488 994 544 1024 sed
567 999 693 1024 tantum
711 992 935 1033 cognitionem
952 991 1052 1022 futuri
1068 997 1106 1022 ut
1121 991 1269 1022 futurum
1290 1001 1368 1022 suae

290 1040 484 1091 cognitioni3
510 1045 542 1069 et
566 1038 787 1079 cognitionem
812 1036 912 1067 futuri
935 1042 972 1067 ut
995 1042 1043 1067 est
1066 1042 1193 1067 tantum
1211 1037 1245 1066 in
1263 1037 1368 1067 causis

290 1085 365 1120 suis,
390 1094 430 1115 eo
454 1083 556 1115 modo
581 1093 648 1124 quo
672 1092 733 1113 nos
757 1082 903 1112 futurum
929 1082 1173 1122 cognoscimus;
1198 1082 1244 1112 sic
1267 1081 1366 1118 enim,

289 1135 325 1159 ut
341 1129 518 1169 superius*
541 1127 753 1163 ostendimus,
778 1127 925 1157 futurum
949 1127 1143 1170 contingens
1165 1135 1234 1156 non
1258 1126 1369 1157 subest

289 1179 394 1204 certae
413 1173 604 1214 cognitioni.
628 1173 713 1203 Nam
730 1172 819 1202 Deus
835 1171 982 1202 futurum
999 1171 1170 1212 cognoscit
1185 1170 1368 1202 secundum

289 1227 357 1249 esse
381 1218 472 1259 quod
494 1218 592 1249 habet
620 1218 654 1248 in
686 1218 791 1247 causis
822 1217 898 1251 suis,
922 1216 1105 1247 secundum
1129 1215 1221 1267 quod
1251 1215 1368 1247 dicitur

288 1264 382 1294 nobis
406 1262 568 1299 futurum;
594 1269 625 1293 et
648 1261 830 1293 secundum
861 1271 931 1292 esse
955 1261 1046 1302 quod
1069 1261 1166 1292 habet
1189 1261 1222 1291 in
1246 1261 1366 1302 seipso.

288 1308 423 1348 Propter
446 1308 510 1338 hoc
534 1307 680 1348 cognitio
704 1316 761 1338 sua
785 1307 826 1337 de
850 1307 922 1347 ipso
946 1307 1042 1337 nobis
1065 1305 1177 1337 futuro
1194 1311 1242 1336 est
1257 1306 1367 1336 certis-

287 1354 381 1383 sima:
399 1358 430 1383 et
446 1362 496 1383 res
512 1361 596 1394 quae
613 1353 677 1383 hoc
694 1351 796 1383 modo
812 1352 1033 1392 cognoscitur,
1046 1350 1228 1382 secundum
1244 1350 1368 1381 scilicet

288 1397 378 1438 quod
395 1403 442 1428 est
457 1398 491 1428 in
507 1398 612 1428 causis
635 1403 667 1428 et
691 1396 873 1428 secundum
891 1396 982 1438 quod
999 1402 1046 1427 est
1065 1396 1099 1427 in
1116 1396 1231 1436 seipsa,
1249 1405 1287 1426 ex
1306 1395 1366 1426 hac

287 1443 514 1494 suppositione
531 1442 623 1483 quod
645 1443 679 1473 in
702 1442 807 1483 seipsa
826 1447 1054 1483 cognoscatur,
1067 1450 1137 1472 non
1153 1445 1262 1481 potest
1277 1440 1368 1471 aliter

287 1488 416 1518 evenire
439 1497 500 1530 pro
523 1487 580 1518 illo
604 1492 753 1528 tempore
773 1496 834 1527 pro
857 1494 926 1527 quo
951 1486 1161 1527 cognoscitur
1184 1485 1366 1516 secundum

287 1541 384 1563 suum
408 1542 488 1569 esse,
513 1532 589 1563 licet
613 1532 760 1563 absolute
783 1531 954 1572 loquendo
981 1531 1085 1572 possit
1112 1531 1202 1561 aliter
1225 1531 1365 1561 evenire.

341 1577 426 1608 XXI.
451 1577 689 1629 Respondetur,
714 1578 820 1613 tertio,
845 1576 885 1607 ad
908 1577 1138 1627 probationem
1162 1575 1320 1615 assumpti
1337 1576 1364 1605 “.

287 1621 488 1653 Conceditur
511 1623 599 1653 enim
624 1622 714 1662 quod
739 1621 885 1652 futurum
909 1622 1078 1662 cognitum
1103 1630 1121 1651 a
1145 1620 1217 1651 Deo
1243 1626 1291 1651 est
1309 1629 1367 1651 ne-

770 286 957 323 SUMMA
987 284 1210 322 CONTRA
1239 283 1517 330 GENTILES,
1547 283 1659 320 CAP.
1681 284 1832 332 LXVII,
1851 284 2018 321 LXVIII.

1423 363 1608 399 cessarium,
1626 371 1703 393 cum
1718 364 1983 405 unumquodque
2000 369 2218 404 cognoscatur
2239 369 2396 405 tanquam
2411 374 2503 405 prae-

1422 407 1597 438 sentialiter
1619 408 1740 439 visum:
1765 408 1822 440 sed
1845 415 1893 440 est
1915 409 2134 440 necessarium
2157 416 2227 439 non
2250 408 2385 449 quidem
2409 410 2503 440 abso-

1421 452 1500 488 lute,
1517 452 1578 488 vel,
1598 457 1635 482 ut
1651 462 1669 482 a
1685 453 1880 493 quibusdam
1904 454 2030 489 dicitur,
2055 453 2245 484 necessitate
2261 455 2486 495 consequentis
2492 462 2504 491 ,·

1421 497 1478 527 sed
1509 497 1569 527 sub
1600 496 1800 534 conditione,
1825 499 1876 529 vel
1903 499 2094 530 necessitate
2124 498 2383 539 consequentiae.
2408 498 2503 530 Unde

1421 541 1612 572 huiusmodi
1634 541 1777 573 rationes
1799 549 1937 583 peccant
1959 543 2142 574 secundum
2165 542 2325 573 fallaciam
2345 543 2504 584 composi-

1423 586 1522 617 tionis
1545 591 1577 616 et
1599 586 1779 617 divisionis.
1804 586 1892 618 Cum
1916 588 2004 618 enim
2029 588 2155 624 dicitur,
2183 587 2281 624 Quod
2304 587 2434 618 videtur
2454 597 2504 619 se-

1421 631 1499 662 dere
1523 640 1650 661 necesse
1673 636 1721 662 est
1741 631 1863 667 sedere,
1888 631 1929 663 de
1952 632 2040 663 dicto
2065 638 2097 663 et
2123 633 2158 663 in
2188 642 2286 663 sensu
2316 633 2504 673 composito

1422 682 1469 706 est
1485 685 1570 712 vera,
1587 685 1663 706 nam
1679 676 1739 706 ista
1759 677 1942 716 propositio
1967 683 2015 708 est
2035 678 2226 713 necessaria,
2254 677 2353 714 Quod
2375 677 2505 709 videtur

1420 721 1533 751 sedere
1555 720 1661 751 sedet:
1684 719 1724 751 de
1747 729 1782 751 re
1805 726 1927 758 autem,
1943 722 2011 752 sive
2027 721 2068 752 de
2091 731 2188 753 sensu
2212 722 2328 759 diviso,
2346 729 2395 753 est
2414 722 2503 758 falsa,

1420 775 1489 796 non
1514 766 1602 796 enim
1625 765 1844 796 necessarium
1868 770 1916 796 est
1939 765 2068 797 Sortem
2091 766 2213 804 sedere,
2230 767 2289 808 qui
2311 767 2439 798 videtur
2454 777 2504 799 se-

1422 810 1508 847 dere,
1525 820 1602 841 cum
1625 811 1853 850 contingenter
1875 809 1996 841 sedeat.
2021 810 2127 848 Unde,
2144 813 2222 852 quia
2243 821 2312 843 non
2329 818 2377 843 est
2391 822 2504 844 neces-

1421 856 1541 886 sarium
1566 855 1695 887 Sortem
1719 854 1841 892 sedere,
1859 855 1916 896 qui
1931 854 2059 886 videtur
2081 855 2204 893 sedere,
2221 857 2254 887 in
2273 867 2370 889 sensu
2386 858 2502 894 diviso,

1421 899 1618 931 concludere
1641 909 1710 931 non
1734 909 1803 931 esse
1827 900 2047 931 necessarium
2070 899 2182 931 sedere
2205 901 2297 941 quod
2311 902 2440 934 videtur
2454 912 2503 934 se-

1421 945 1497 976 dere
1522 945 1554 975 in
1578 955 1675 976 sensu
1696 945 1887 986 composito,
1904 944 2027 976 scilicet
2041 945 2224 976 secundum
2241 947 2332 986 quod
2346 947 2428 979 illud
2443 953 2505 979 stat

1421 991 1481 1021 sub
1506 991 1705 1031 cognitione,
1722 996 1770 1021 est
1793 999 1927 1030 arguere
1947 999 1966 1020 a
1981 999 2078 1020 sensu
2094 989 2198 1020 diviso
2214 989 2255 1021 ad
2270 993 2503 1032 compositum.

1476 1034 1722 1066 Advertendum
1746 1034 1838 1076 quod
1860 1034 1998 1066 Sanctus
2015 1034 2162 1065 Thomas
2185 1035 2448 1076 propositionem
2463 1037 2504 1069 de

1420 1089 1519 1110 sensu
1549 1080 1738 1120 composito
1761 1085 1858 1111 vocat
1885 1080 1925 1110 de
1954 1079 2052 1117 dicto,
2077 1079 2167 1110 illam
2197 1085 2308 1111 autem
2337 1080 2379 1112 de
2407 1091 2504 1114 sensu

1421 1124 1525 1155 diviso
1541 1131 1638 1155 vocat
1653 1124 1693 1155 de
1709 1134 1754 1155 re.
1779 1124 1867 1163 Quia
1882 1125 1917 1156 in
1933 1124 1987 1155 illa
2003 1125 2044 1156 de
2059 1134 2157 1156 sensu
2181 1126 2369 1166 composito
2384 1126 2504 1158 modus

1420 1170 1554 1210 ponitur
1577 1175 1735 1210 tanquam
1758 1170 1860 1200 totius
1882 1169 1960 1201 dicti
1983 1168 2227 1201 determinatio:
2252 1176 2330 1201 cum
2354 1171 2442 1202 enim
2457 1171 2503 1203 di-

1421 1215 1514 1250 citur,
1540 1214 1641 1251 Quod
1663 1214 1793 1245 videtur
1813 1214 1927 1246 sedere
1950 1223 2079 1246 necesse
2101 1220 2151 1246 est
2170 1214 2294 1251 sedere,
2318 1225 2433 1247 sensus
2457 1222 2506 1248 est

1419 1260 1514 1290 istam
1538 1259 1801 1300 propositionem
1832 1269 1902 1290 esse
1932 1260 2157 1296 necessariam,
2184 1259 2283 1297 Quod
2305 1260 2435 1292 videtur
2455 1271 2505 1293 se-

1420 1304 1498 1335 dere
1519 1304 1625 1341 sedet,·
1647 1304 1704 1335 ubi
1719 1309 1809 1345 patet
1828 1303 1921 1346 quod
1935 1304 2056 1335 modus
2071 1305 2271 1336 necessitatis
2289 1310 2398 1337 totum
2413 1306 2505 1347 quod

1420 1349 1538 1380 dicitur
1561 1349 1764 1380 determinat.
1799 1349 1835 1380 In
1858 1349 1912 1380 illa
1935 1354 2047 1380 autem
2070 1349 2111 1380 de
2134 1359 2233 1381 sensu
2256 1349 2361 1382 diviso
2385 1351 2505 1383 modus

1420 1394 1613 1425 determinat
1635 1403 1705 1425 rem
1729 1394 1883 1425 subiecti:
1908 1403 1985 1425 cum
2010 1394 2098 1425 enim
2114 1393 2242 1432 dicitur,
2262 1394 2361 1432 Quod
2376 1395 2506 1428 videtur

1419 1439 1532 1470 sedere
1556 1439 1775 1470 necessarium
1799 1444 1848 1470 est
1867 1439 1981 1470 sedere
2003 1440 2038 1470 in
2061 1448 2159 1471 sensu
2183 1438 2299 1478 diviso,
2319 1449 2434 1472 sensus
2457 1447 2505 1472 est

1420 1483 1512 1525 quod
1535 1484 1613 1516 huic
1635 1485 1692 1521 rei,
1717 1490 1796 1525 puta
1820 1484 1916 1520 Sorti,
1941 1493 2026 1525 quae
2049 1484 2177 1516 videtur
2202 1485 2326 1522 sedere,
2350 1487 2505 1518 convenit

1419 1535 1456 1561 ut
1479 1528 1590 1560 sedeat
1612 1529 1652 1560 de
1675 1530 1867 1561 necessitate
1891 1535 1923 1560 et
1945 1538 2015 1561 non
2039 1530 2278 1571 contingenter.

1476 1574 1637 1613 Quam-uu
1660 1585 1702 1605 ,ω
1726 1583 1863 1605 ram-mu
1878 1575 1906 1611 “,
1931 1572 2144 1606 confirmatur
2167 1575 2339 1607 conclusio
2362 1576 2504 1607 sueton·-

1419 1624 1484 1650 tate
1508 1619 1584 1660 Sap.
1602 1629 1668 1656 vm,
1693 1619 1795 1650 Eccli.
1813 1629 1918 1655 xxxtx,
1942 1625 1975 1650 et
1998 1619 2108 1650 Isaiae
2125 1629 2232 1651 xum.

1369 1726 1422 1767 ,Ψ

539 1865 1063 1923 CAPITULUM
1112 1863 1777 1922 SEXAGESIMUM
1825 1863 2250 1921 OCTAVUM

1159 1976 1188 2005 A
1222 1984 1286 2005 20r
1320 1975 1384 2005 a31
1422 1975 1491 2005 sine
1515 1974 1623 2005 titulo.

669 2067 844 2120 QUOD
881 2066 1045 2108 DEUS
1079 2065 1432 2107 COGNOSCIT
1467 2065 1681 2107 MOTUS
1715 2065 2118 2107 VOLUNTATIS

483 2201 590 2227 ΕιΝῡε
619 2197 770 2239 oportet
799 2189 1004 2226 ostendere
1028 2188 1137 2238 quod
1161 2188 1270 2226 Deus
1298 2200 1363 2225 co-

500 2243 702 2292 gitationes
735 2242 928 2279 mentium
962 2251 998 2279 et
1030 2243 1250 2279 voluntates
1279 2253 1363 2279 cor-

501 2296 612 2334 dium
641 2303 848 2345 cognoscat
867 2295 897 2332 *.

292 2218 313 2246 ’.Ἃ
378 2211 384 2215 ⁴
429 2211 467 2237 ¹⁸⁰

302 2363 467 2377 ικ
557 2350 688 2388 Omne
708 2349 814 2386 enim
833 2349 941 2399 quod
963 2360 1218 2399 quocumque
1240 2349 1363 2386 modo

284 2412 340 2442 est
373 2403 620 2453 cognoscitur
646 2415 670 2440 a
697 2403 795 2450 Deo,
825 2402 1061 2453 inquantum
1091 2414 1204 2440 suam
1233 2414 1361 2439 essen-

190 2461 227 2479 ἰ·
283 2458 377 2495 tiam
414 2456 628 2507 cognoscit,
659 2464 701 2493 ut
738 2469 856 2506 supra
879 2457 899 2479 '¹²
931 2464 1135 2494 ostensum
1173 2463 1240 2493 est.
1281 2456 1361 2493 Ens

284 2519 415 2549 autern
435 2510 638 2561 quoddam
657 2518 714 2547 est
733 2510 773 2547 in
793 2510 934 2557 anima,
960 2510 1164 2560 quoddam
1185 2509 1223 2546 in
1244 2510 1361 2547 rebus

284 2573 389 2602 extra
417 2564 601 2602 animam.
631 2563 839 2613 Cognoscit
859 2563 971 2613 igitur
994 2564 1102 2601 Deus
1129 2575 1268 2601 omnes
1289 2564 1360 2600 hu—

283 2618 453 2656 iusmodi
482 2617 579 2655 entis
608 2616 855 2663 differentias,
877 2625 913 2656 et
932 2629 1034 2668 quae
1059 2617 1132 2655 sub
1162 2616 1216 2654 eis
1240 2616 1359 2654 conti·

283 2680 434 2710 nentur.
466 2672 546 2709 Ens
575 2678 708 2708 autem
736 2670 775 2708 in
799 2670 931 2709 anima
950 2679 1006 2708 est
1026 2670 1133 2721 quod
1154 2678 1210 2708 est
1229 2669 1269 2708 in
1289 2683 1359 2708 vo·
1377 2687 1401 2701 ιο

282 2727 425 2764 luntate
453 2727 516 2763 vel
543 2724 785 2773 cogitatione.
826 2724 1073 2774 Relinquitur
1104 2723 1218 2773 igitur
1250 2725 1359 2774 quod

282 2780 390 2817 Deus
422 2791 468 2816 ea
500 2791 602 2829 quae
636 2786 725 2816 sunt
758 2778 797 2816 in
830 2778 1061 2828 cogitatione
1095 2786 1132 2815 et
1159 2779 1358 2816 voluntate

282 2839 499 2882 cognoscat.

336 2885 526 2936 Amplius.
558 2885 621 2924 Sic
648 2887 757 2924 Deus
785 2885 1059 2934 cognoscendo
1089 2897 1200 2923 suam
1230 2897 1358 2923 essen-

282 2940 374 2978 tiam
394 2940 468 2978 alia
487 2939 694 2989 cognoscit,
715 2939 812 2977 sicut
836 2951 906 2989 per
930 2938 1193 2988 cognitionem
1217 2951 1382 2977 causae

281 3001 571 3043 cognoscuntur
584 2993 745 3031 effectus
754 2992 786 3030 *.
808 2992 955 3031 Omnia
969 2992 1082 3041 igitur
1092 2993 1200 3030 Deus
1214 3005 1357 3042 cogno—

282 3047 360 3094 scit,
391 3058 504 3085 suam
533 3046 739 3084 essentiam
767 3046 1053 3095 cognoscendo,
1079 3046 1128 3083 ad
1157 3059 1258 3096 quae
1288 3059 1358 3085 sua

281 3100 480 3138 causalitas
509 3099 737 3138 extenditur.
769 3099 998 3137 Extenditur
1026 3107 1156 3137 autem
1186 3100 1235 3137 ad
1265 3113 1357 3150 ope-

281 3154 448 3191 rationes
481 3153 693 3192 intellectus
721 3162 758 3191 et
785 3152 1009 3191 voluntatis:
1041 3165 1146 3199 narn,
1175 3166 1268 3192 cum
1297 3166 1357 3192 res

281 3207 474 3258 quaelibet
502 3215 685 3268 operetur
711 3219 782 3258 per
810 3219 923 3245 suam
951 3206 1130 3253 formam,
1153 3220 1175 3244 a
1199 3220 1277 3257 qua
1301 3216 1383 3245 esta

281 3260 439 3311 aliquod
459 3274 542 3300 esse
563 3261 628 3309 rei,
649 3269 802 3322 oportet
819 3261 962 3298 fontale
985 3260 1222 3322 principium
1241 3261 1356 3299 totius

281 3327 375 3361 esse,
397 3327 419 3352 a
438 3327 522 3376 quo
549 3322 605 3352 est
633 3315 750 3353 etiam
780 3314 909 3352 omnis
938 3314 1075 3360 forma,
1105 3315 1235 3352 omnis
1263 3327 1355 3364 ope-

281 3368 437 3406 rationis
466 3368 700 3419 principium
722 3379 821 3414 esse;
846 3379 939 3405 cum
959 3367 1119 3405 effectus
1146 3379 1353 3406 causarum

2531 1573 2542 1583 '
2556 1571 2594 1595 Cf·
2608 1572 2660 1596 init.
2678 1572 2750 1596 Com-

2531 1602 2604 1622 ment.

1420 2188 1684 2226 secundarum
1708 2187 1748 2225 in
1768 2199 1906 2226 causas
1934 2187 2080 2237 primas
2108 2188 2360 2240 principalius
2387 2191 2502 2230 redu-
2538 2239 2540 2243 .

1419 2250 1567 2279 cantur.
1606 2241 1816 2291 Cognoscit
1844 2241 1957 2291 igitur
1985 2242 2093 2279 Deus
2121 2250 2159 2280 et
2186 2243 2438 2292 cogitationes
2465 2253 2502 2283 et

1420 2295 1644 2333 affectiones
1673 2295 1824 2333 mentis.

1474 2349 1581 2386 Item.
1613 2348 1720 2387 Sicut
1748 2361 1831 2387 esse
1861 2361 1979 2387 suum
2009 2357 2065 2387 est
2083 2349 2259 2400 primum
2279 2359 2315 2388 et
2333 2328 2406 2402 per
2423 2353 2500 2390 hoc

1386 2418 1394 2438 ς
1419 2402 1548 2440 omnis
1568 2415 1651 2440 esse
1671 2415 1801 2449 causa,
1817 2402 1869 2442 ita
1883 2415 2002 2441 suum
2016 2402 2224 2454 intelligere
2240 2413 2297 2442 est
2310 2405 2498 2455 primum,

1417 2464 1455 2493 et
1482 2469 1553 2506 per
1581 2457 1657 2494 hoc
1685 2457 1816 2495 omnis
1843 2456 2108 2496 intellectualis
2135 2458 2373 2508 operationis
2392 2459 2499 2499 intel-

1417 2509 1588 2547 lectualis
1617 2522 1745 2548 causa.
1783 2510 1892 2548 Sicut
1928 2510 2043 2560 igitur
2081 2511 2188 2549 Deus
2223 2514 2498 2562 cognoscendo

1417 2575 1534 2601 suum
1555 2575 1638 2601 esse
1658 2563 1856 2613 cognoscit
1875 2576 1958 2602 esse
1977 2564 2183 2604 cuiuslibet
2202 2565 2268 2614 rei,
2284 2566 2336 2604 ita
2354 2578 2498 2617 cogno-

1416 2617 1562 2655 scendo
1582 2629 1701 2655 suum
1721 2617 1928 2667 intelligere
1948 2626 1984 2656 et
1999 2620 2097 2657 velle
2117 2619 2315 2670 cognoscit
2334 2628 2497 2660 omnem

1415 2670 1690 2720 cogitationem
1719 2679 1756 2709 et
1783 2672 2038 2710 voluntatem.

1469 2725 1622 2762 Adhuc.
1653 2725 1761 2762 Deus
1789 2737 1870 2763 non
1899 2727 2029 2764 solum
2057 2727 2255 2776 cognoscit
2275 2739 2337 2765 res
2357 2740 2495 2767 secun-

1414 2778 1512 2816 dum
1541 2779 1650 2829 quod
1679 2778 1719 2816 in
1748 2779 1884 2829 seipsis
1911 2788 2013 2828 sunt,
2034 2780 2103 2818 sed
2129 2780 2246 2818 etiam
2274 2781 2495 2820 secundum

1414 2832 1523 2882 quod
1557 2840 1647 2870 sunt
1682 2832 1721 2870 in
1759 2832 1886 2870 causis
1923 2833 2015 2879 suis,
2044 2841 2087 2871 ut
2119 2846 2167 2871 ex
2200 2845 2318 2885 supra
2336 2834 2358 2857 '⁴'
2385 2835 2494 2874 dictis

1413 2893 1532 2935 patet:
1562 2885 1761 2936 cognoscit
1789 2885 1894 2924 enirn
1923 2886 2103 2926 ordinem
2132 2899 2272 2926 causae
2301 2888 2351 2927 ad
2375 2901 2494 2929 suum

1374 2939 1610 2978 seffectum.
1641 2939 1719 2979 Sed
1748 2939 1960 2979 artificialia
1988 2949 2077 2979 sunt
2109 2940 2150 2979 in
2182 2940 2396 2981 artificibus
2422 2955 2494 2994 per

1412 2992 1650 3031 intellectum
1670 3002 1707 3031 et
1725 2995 1967 3032 voluntatem
1995 2994 2202 3042 artificum,
2223 2995 2322 3034 sicut
2344 3009 2406 3034 res
2424 3009 2495 3036 na-

1411 3048 1555 3084 turales
1574 3055 1663 3085 sunt
1682 3047 1722 3085 in
1741 3047 1822 3085 suis
1840 3048 1967 3086 causis
1985 3060 2057 3098 per
2074 3048 2236 3087 virtutes
2263 3052 2489 3088 causarum:

1413 3100 1511 3138 sicut
1529 3101 1636 3138 enim
1655 3113 1716 3139 res
1744 3103 1938 3140 naturales
1966 3101 2178 3140 assimilant
2196 3102 2268 3141 sibi
2287 3115 2381 3142 suos
2399 3103 2491 3142 estb—

1412 3162 1496 3192 ctus
1514 3166 1586 3204 per
1604 3167 1694 3192 suas
1712 3154 1873 3192 virtutes
1892 3154 2047 3203 activas,
2068 3155 2120 3194 ita
2139 3155 2268 3194 artifex
2288 3167 2360 3207 per
2382 3155 2490 3195 intel-

1372 3227 1398 3242 ιο
1412 3209 1555 3246 lectum
1575 3207 1723 3246 inducit
1750 3208 1919 3247 formam
1947 3208 2147 3257 artificiati,
2166 3221 2239 3259 per
2257 3221 2379 3259 quam
2397 3209 2489 3248 assi-

1411 3261 1567 3300 milatur
1586 3274 1679 3300 suae
1699 3261 1780 3300 arti.
1811 3263 1860 3300 Et
1887 3262 2022 3300 similis
2045 3262 2142 3301 ratio
2160 3270 2217 3301 est
2235 3262 2284 3300 de
2303 3263 2489 3303 omnibus

1411 3327 1513 3365 quae
1541 3327 1564 3353 a
1597 3315 1799 3366 proposito
1835 3324 2013 3365 aguntur.
2053 3315 2133 3354 Scit
2166 3315 2280 3365 igitur
2316 3317 2424 3355 Deus
2452 3326 2490 3356 et

1410 3368 1660 3418 cogitationes
1688 3377 1725 3406 et
1752 3371 1981 3407 voluntates.

336 3482 348 3506 3
368 3483 567 3515 cognoscat.1n
588 3484 609 3508 Α
629 3486 779 3516 sequuntur
797 3486 915 3516 quatuor
933 3482 1020 3508 lineae
1039 3483 1149 3511 deletae,
1169 3491 1283 3516 quarum
1304 3484 1374 3509 duae
1393 3484 1505 3510 uItImae
1522 3487 1587 3510 sunt
1605 3484 1632 3510 in
1646 3484 1700 3515 ΝΖ,
1714 3484 1810 3510 ultima
1829 3483 1855 3510 ὐι
1871 3483 2006 3514 GWYPc;
2017 3491 2071 3517 pro
2090 3483 2143 3510 1111:
2156 3484 2217 3510 vide
2236 3486 2292 3519 μζ,
2313 3485 2360 3511 isti
2378 3486 2490 3520 legunt:

281 3524 420 3550 cognoscat
437 3519 532 3544 virtute
551 3520 576 3544 in
596 3527 674 3544 causa
693 3518 730 3552 (in
750 3520 845 3544 virtute
863 3525 958 3544 causae
974 3517 1024 3551 Pd)
1045 3526 1104 3543 cum
1118 3519 1175 3551 ipse
1188 3519 1220 3543 sit
1234 3519 1381 3544 universale
1399 3520 1504 3545 essendi
1523 3519 1689 3553 principium.

774 3555 791 3580 8
809 3561 904 3579 omnes
923 3553 1000 3584 Neam
1019 3554 1106 3579 omnis
1125 3554 1153 3584 Z,
1173 3561 1216 3579 om
1235 3555 1326 3580 ceteri.

870 3597 903 3624 ¹9
922 3597 965 3614 res
985 3573 1028 3615 liic
1046 3589 1104 3619 ΝΖς
1120 3593 1183 3622 post
1203 3590 1345 3623 quaelibet.

281 3559 294 3585 7
316 3558 356 3577 est
370 3557 433 3585 post
451 3554 477 3578 in
496 3554 580 3579 anima
600 3555 683 3581 aEPc.

281 3593 322 3613 est
340 3589 471 3621 quoddam
490 3590 523 3621 G,
542 3595 582 3615 ent
600 3591 725 3623 quiddam
746 3590 777 3616 D.

336 3631 349 3648 α
370 3629 395 3648 et
410 3632 453 3656 pr.
474 3625 532 3650 1000
551 3626 659 3655 NWZb:
678 3634 730 3651 om.

281 3658 352 3689 Dw;
367 3663 429 3692 post
448 3661 542 3686 causis.

283 3700 313 3718 22
335 3676 455 3727 a'guntur]
475 3695 588 3728 arguitur
608 3696 656 3722 αΕ.

822 3624 839 3650 6
858 3625 1038 3651 intellectualis
1057 3626 1106 3651 alt.
1124 3626 1183 3651 Ioco
1206 3633 1249 3651 om
1275 3625 1428 3653 DstYPc.

640 3644 672 3686 1¹8
692 3670 734 3687 res
755 3661 887 3687 naturales
910 3661 1027 3692 NXZPc;
1047 3662 1179 3687 naturales
1202 3661 1241 3687 αΕ
1243 3661 1317 3693 GYb,
1340 3663 1470 3688 naturales
1490 3671 1584 3688 caune
1597 3662 1640 3694 W,
1660 3670 1703 3688 om
1723 3661 1756 3688 D·

1778 3527 1796 3552 4
1815 3519 1884 3545 enim
1903 3518 2005 3550 nxl’d3
2025 3518 2102 3554 igitur
2121 3519 2164 3545 ΝΖ
2183 3527 2243 3546 cum
2264 3522 2314 3555 pA,
2333 3528 2377 3547 om
2395 3522 2488 3548 ceteri.

1420 3562 1453 3581 ιο
1471 3560 1513 3581 eet
1530 3556 1602 3589 quod
1622 3561 1662 3581 est
1682 3554 1802 3587 Exzt²d;
1821 3559 1863 3580 est
1880 3554 1952 3588 quod
1972 3554 2021 3586 av,
2041 3560 2083 3580 est
2101 3555 2208 3589 quidem
2227 3556 2341 3588 Wsqu
2357 3564 2422 3583 rasa
2435 3557 2486 3590 pN,

1519 3627 1536 3653 8
1555 3634 1634 3653 suum
1653 3626 1723 3660 eae]
1747 3627 1790 3652 vel
1814 3626 1983 3659 intelligendo
2006 3626 2113 3652 addunt
2137 3627 2224 3654 «Dec.
2317 3634 2349 3661 ¹7
2368 3628 2424 3655 suis
2443 3629 2489 3655 hic

1854 3668 1887 3696 19
1906 3670 1954 3695 per
1972 3661 2043 3696 suas]
2063 3671 2110 3696 per
2128 3671 2175 3688 sua
2194 3664 2216 3689 Α
2236 3670 2310 3696 casu,
2329 3670 2355 3690 et
2374 3672 2437 3691 suu
2455 3665 2487 3690 Z.

2522 2838 2531 2848 ·
2546 2836 2603 2866 Cap.
2614 2843 2679 2860 uvi.
