2716 4302
9 1900 105 1922 9vat.

3 2056 20 2078 9
31 2056 42 2072 r
57 2051 70 2071 b
80 2056 116 2078 45.

2 2103 36 2124 ib.
53 2108 92 2130 mg
107 2102 148 2124 inf.

0 2565 84 2585 9vna

0 2877 5 2884 “
15 2876 74 2898 Casu
83 2882 154 2903 repet.
167 2881 210 2900 est.

274 166 340 213 14*

266 254 353 283 potest
372 248 478 274 inveniri
502 248 527 273 in
547 247 604 273 alio.
624 246 650 272 Si
669 250 755 271 autem
780 253 832 270 non
858 243 936 268 habet
960 243 1135 268 necessariam
1159 240 1338 266 habitudinem

266 302 298 327 ad
322 301 392 331 illud,
418 307 480 332 ergo
505 298 625 324 convenit
651 297 674 322 ei
697 294 865 329 possibiliter,
891 299 918 319 et
943 294 980 319 sic
1001 293 1065 319 illud
1084 301 1136 318 non
1160 292 1209 317 erit
1234 299 1282 325 per
1309 299 1339 317 se

266 359 374 378 necesse
399 359 466 376 esse.
492 350 518 375 Si
543 354 630 374 autem
655 348 754 373 dicatur
778 347 850 380 quod
876 346 1021 371 secundum
1046 344 1096 369 hoc
1120 343 1254 377 quaelibet
1277 351 1337 376 pro-

264 403 359 436 prietas
379 409 431 426 non
450 401 608 425 inveniretur
626 399 674 424 nisi
694 399 719 424 in
738 406 791 423 uno
811 396 951 426 individuo,
966 396 1027 429 quia
1040 395 1172 429 quaelibet
1191 393 1337 428 proprietas

263 454 390 486 dependet
405 461 419 477 a
439 460 486 477 suo
506 451 637 476 subiecto:
658 449 797 474 dicendum
816 454 856 473 est
875 448 946 481 quod
966 447 1111 480 proprietas
1131 446 1276 471 secundum
1296 452 1336 469 ra-

262 505 359 530 tionem
380 511 455 528 suam
475 502 604 535 dependet
628 509 642 526 a
661 500 779 525 subiecto
802 499 944 530 communi,
969 498 1016 524 sed
1042 497 1088 523 sed
1111 497 1257 528 secundum
1277 504 1336 521 esse

261 563 339 581 suum
357 555 488 588 dependet
507 554 538 578 ab
558 553 606 578 hoc
626 552 744 577 subiecto
763 549 1026 580 determinat0,sicut
1040 549 1170 574 risibilitas
1190 547 1336 573 secundum

259 614 334 632 suam
354 605 482 631 rationem
501 604 631 637 dependet
646 603 677 628 ab
691 602 797 627 homine
812 602 972 634 Inquantum
985 603 1034 630 est,
1053 600 1123 625 unde
1132 602 1247 632 praeter
1266 603 1336 623 extra

260 658 393 684 hominem
413 665 465 682 non
485 656 620 686 invenitur,
643 655 690 680 sed
708 654 773 679 haec
793 653 925 679 risibilitas
945 652 1092 678 secundum
1113 660 1173 677 esse
1193 659 1271 676 suum
1291 651 1336 676 de·

259 711 355 743 pendet
373 709 404 734 ab
424 709 474 733 hoc
492 708 606 738 homine,
627 707 696 731 unde
717 706 863 731 secundum
886 705 956 730 idem
971 712 1031 730 esse
1046 712 1099 729 non
1117 703 1248 728 invenitur
1265 707 1334 727 extra

258 763 327 787 hunc
346 761 493 786 hominem:
519 760 541 785 si
560 749 647 784 autem
668 759 755 792 ipsum
776 766 836 783 esse
860 757 1012 782 risibilitatis
1032 762 1104 782 esset
1127 756 1192 781 ratio
1217 756 1273 780 eius
1293 762 1334 781 se-

258 815 372 840 cundum
391 813 440 838 hoc
459 818 528 846 patet
548 812 620 845 quod
639 811 710 844 quod
730 818 866 843 nunquam
886 809 1047 835 inveniretur
1066 814 1136 833 extra
1159 808 1229 833 hunc
1251 808 1335 833 homi-

258 874 326 891 nem.
351 865 392 890 Sic
414 869 501 889 autem
520 868 560 888 est
582 864 614 888 de
640 862 796 888 necessitate
819 861 934 892 essendi.
958 866 986 886 ut
1011 868 1040 886 ex
1065 860 1139 885 dictis
1165 865 1244 893 patet.
1264 859 1335 893 Ergo

258 917 400 943 necessitas
421 916 525 941 essendi
545 915 666 940 absoluta
687 922 738 939 non
759 919 847 947 potest
867 913 974 938 inveniri
994 913 1042 938 nisi
1063 913 1088 938 in
1107 911 1197 946 aliquo
1216 918 1270 937 uno
1289 911 1335 936 de-

257 971 402 995 terminato.
421 968 454 994 Et
477 968 514 993 sic
533 973 573 993 est
591 972 692 991 tantum
712 974 781 991 unus
801 966 882 990 Deus.
902 963 916 999 ἓ
936 965 1025 990 Potest
1044 970 1132 989 autem
1151 969 1177 989 et
1197 964 1265 988 iuxta
1285 962 1334 988 hoc

257 1023 305 1049 alia
328 1022 446 1055 probatio
471 1020 538 1046 sumi
563 1019 630 1044 talis.
664 1015 695 1054 (§
724 1013 855 1052 Adhuc)
888 1013 921 1044 Si
950 1019 1026 1043 sunt
1056 1012 1123 1043 duo
1157 1011 1200 1042 dii
1227 1018 1334 1048 oportet

256 1075 311 1101 aut
334 1070 398 1100 hoc
422 1077 545 1098 nomen
570 1066 649 1097 deus
670 1065 709 1096 de
730 1071 871 1104 utroque
895 1063 1098 1105 praedicatur
1114 1065 1254 1094 univoce
1278 1069 1333 1094 aut

256 1122 446 1160 aequivoce.
465 1119 497 1149 Si
515 1118 694 1158 aequivoce
710 1142 717 1148 .
733 1142 740 1148 .
754 1141 761 1148 .
776 1115 925 1147 admittit.
943 1115 975 1146 Si
993 1121 1101 1146 autem
1120 1115 1244 1146 dicatur
1261 1115 1332 1145 uni-

254 1182 346 1208 voce,
378 1176 508 1212 oportet
538 1168 628 1210 quod
661 1168 700 1198 de
731 1173 872 1208 utroque
904 1176 996 1196 natura
1020 1171 1098 1195 unius
1130 1165 1332 1206 praedicetur

255 1236 334 1254 unam
355 1227 488 1252 rationem
515 1221 695 1252 secundum
728 1229 829 1251 unam
861 1219 1036 1255 rationem;
1062 1224 1093 1249 et
1125 1219 1169 1248 sic
1202 1224 1333 1258 oportet

253 1275 343 1316 quod
367 1276 399 1305 in
418 1280 557 1314 utroque
582 1272 622 1303 sit
647 1281 710 1302 una
734 1276 848 1301 natura
866 1269 1046 1301 secundum
1071 1270 1242 1301 rationem.
1266 1269 1333 1299 Aut

252 1328 396 1368 igitur..
411 1350 418 1357 .
437 1335 505 1357 esse
530 1326 563 1355 in
587 1330 738 1364 utroque.
764 1323 851 1362 Ergo
876 1323 982 1353 neutri
1007 1322 1066 1352 erit
1090 1331 1146 1352 sua
1171 1319 1332 1361 quidditas

253 1389 349 1410 suum
367 1388 445 1410 esse.
466 1376 530 1408 Sed
553 1376 617 1406 hoc
635 1380 765 1416 oportet
781 1375 814 1404 in
831 1374 903 1404 Deo
922 1383 1044 1414 ponere
1063 1377 1139 1409 Ergo
1158 1379 1283 1402 neutrum
1303 1375 1333 1400 ill

253 1438 289 1463 ut
312 1431 485 1472 probatum
510 1434 566 1460 est.
597 1429 684 1468 Ergo
709 1432 863 1458 neutrum
887 1425 1017 1456 illorum
1038 1424 1179 1456 duorum
1198 1430 1244 1456 est
1268 1424 1331 1455 hoc

253 1482 344 1524 quod
366 1481 575 1522 intelligimus
598 1480 732 1511 nomine
758 1483 858 1508 deitatis
885 1477 976 1520 (dei).
1009 1478 1060 1509 Sic
1089 1479 1185 1519 igitur
1208 1479 1331 1519 impos—

253 1535 344 1566 sibile
368 1540 415 1565 est
439 1542 562 1574 ponere
587 1532 669 1563 duos
686 1531 776 1563 deos.
801 1533 820 1570 ξ
836 1531 997 1571 Amplius.
1027 1531 1113 1562 Nihil
1143 1540 1259 1561 eorum
1278 1555 1284 1562 .
1301 1555 1308 1562 .
1323 1554 1330 1560 .

254 1586 439 1617 convenire.
470 1584 556 1622 Quia
587 1583 789 1623 singularitas
813 1582 949 1613 alicuius
978 1583 1023 1613 rei
1048 1591 1114 1612 non
1140 1587 1188 1612 est
1213 1581 1330 1621 (alteri)

254 1644 378 1679 praeter
394 1638 501 1678 ipsum
527 1635 698 1676 singulare.
716 1634 780 1666 Sed
805 1635 832 1665 ei
851 1634 941 1675 quod
957 1642 1004 1665 est
1024 1643 1155 1665 necesse
1181 1643 1249 1664 esse
1274 1643 1331 1664 sua

253 1690 424 1720 necessitas
449 1687 573 1718 essendi
599 1687 751 1717 convenit
776 1686 970 1726 inquantum
1003 1691 1050 1716 est
1079 1685 1140 1715 hoc
1169 1685 1330 1724 signatum

255 1743 308 1779 (est
325 1745 395 1770 enim
415 1752 462 1777 per
481 1751 510 1768 se
528 1750 638 1768 necesse
657 1741 738 1776 esse.)
758 1737 844 1777 Ergo
863 1762 870 1769 .
886 1762 892 1769 .
909 1762 915 1769 .
933 1737 1040 1777 plures
1065 1735 1154 1767 deos.
1177 1736 1330 1766 Probatio

253 1792 389 1824 mediae.
411 1792 443 1823 Si
460 1792 546 1822 enim
564 1789 644 1821 illud
661 1789 750 1831 quod
771 1794 818 1819 est
841 1799 972 1820 necesse
997 1799 1065 1819 esse
1089 1800 1142 1817 non
1161 1797 1202 1817 est
1221 1799 1351 1817 necesse.

253 1856 313 1874 esse
331 1849 486 1881 inquantum
506 1852 546 1873 est
564 1846 614 1871 hoc
640 1847 779 1879 signatum,
803 1846 835 1871 ab
860 1846 911 1870 alio
936 1853 999 1878 ergo
1018 1845 1066 1870 erit
1085 1845 1107 1870 ei
1133 1851 1242 1870 necesse
1260 1852 1329 1874 esse,

251 1904 278 1924 et
295 1899 326 1924 ab
346 1898 396 1923 alio
416 1906 475 1922 esse
497 1897 637 1930 signatum.
658 1897 671 1911 ¹¹
686 1897 738 1922 Sed
757 1902 798 1921 est
822 1903 931 1921 necesse
954 1903 1014 1920 esse
1039 1903 1087 1928 per
1106 1895 1233 1927 seipsum.
1258 1894 1329 1926 Ergo

250 1949 328 1974 habet
347 1948 553 1981 designationem
572 1947 625 1980 (sui
644 1946 716 1980 esse)
736 1947 767 1971 ab
787 1947 846 1971 alio.
868 1947 900 1971 Et
920 1946 958 1971 sic
977 1954 1038 1971 esse
1057 1945 1201 1978 proprium,
1221 1953 1276 1978 quo
1295 1945 1327 1970 ab

248 2000 304 2025 aliis
324 1999 486 2029 discernitur,
506 1998 648 2031 acquiritur
662 1997 710 2023 sibi
731 1997 763 2022 ab
784 1997 843 2022 alio.
863 1998 922 2022 Non
941 2002 982 2022 est
1000 2004 1064 2030 ergo
1084 2004 1193 2022 necesse
1206 2004 1266 2022 esse
1281 2004 1327 2030 per

247 2051 364 2084 seipsum
389 2047 404 2062 ⁴*
422 2044 501 2087 (non
533 2052 580 2076 est
611 2046 673 2076 hoc
702 2046 862 2086 signatum
895 2045 1090 2084 inquantum
1119 2051 1166 2075 est
1194 2054 1326 2075 necesse

246 2109 314 2129 esse
326 2098 353 2135 *‚
370 2103 499 2138 oportet
520 2101 586 2133 (ne)
607 2095 698 2137 quod
714 2096 893 2136 designatio
910 2095 959 2125 sui
977 2105 1046 2126 esse
1063 2105 1130 2126 non
1150 2096 1190 2126 sit
1214 2105 1326 2126 neces-

243 2151 323 2181 saria
339 2149 519 2180 secundum
533 2159 576 2185 se,
594 2148 650 2179 sed
668 2159 705 2179 ex
723 2148 786 2179 alio
804 2148 996 2188 dependeat.
1019 2151 1083 2176 Nam
1105 2147 1325 2188 Unumquod-

244 2213 308 2244 que
332 2202 471 2245 [autem]
500 2203 680 2234 secundum
707 2203 769 2233 hoc
789 2210 829 2231 est
849 2201 939 2242 quod
964 2208 1011 2232 est
1035 2208 1120 2238 actu,
1141 2207 1188 2232 est
1213 2201 1325 2232 distin-

243 2262 332 2286 ctum
345 2256 383 2285 ab
401 2256 553 2286 omnibus
570 2255 648 2291 aliis,
666 2253 756 2295 quod
770 2260 816 2284 est
830 2263 898 2284 esse
911 2254 974 2284 hoc
988 2254 1160 2294 signatum.
1182 2256 1258 2283 Unde
1267 2257 1323 2283 Hoc

242 2316 330 2337 autem
344 2311 416 2345 quod
428 2317 468 2337 est
488 2318 596 2336 necesse
610 2318 670 2336 esse
688 2310 810 2336 convenit
825 2317 885 2335 esse
897 2310 922 2334 in
943 2314 1009 2334 actu.
1027 2309 1140 2342 Oportet
1153 2316 1220 2343 ergo
1236 2306 1322 2346 Ergo

243 2359 334 2400 quod
358 2366 405 2390 est
429 2369 559 2390 necesse
585 2370 652 2390 esse
678 2358 840 2399 dependet
865 2358 904 2388 ab
929 2358 992 2388 alio
1010 2364 1169 2398 quantum
1194 2358 1234 2388 ad
1258 2358 1322 2388 hoc

243 2411 333 2452 quod
358 2418 404 2442 est
421 2421 489 2442 esse
507 2412 539 2442 in
557 2416 641 2450 actu,
660 2410 749 2451 quod
767 2416 813 2440 est
830 2416 942 2440 contra
959 2411 1117 2440 rationem
1143 2411 1212 2441 eius
1230 2410 1321 2451 quod

243 2469 290 2494 est
313 2473 444 2494 necesse
465 2473 544 2493 esse.
563 2463 701 2503 Oportet
718 2463 815 2502 igitur
831 2463 921 2503 quod
945 2468 1091 2493 secundum
1111 2466 1160 2492 hoc
1180 2462 1212 2493 id
1229 2462 1319 2503 quod

243 2521 290 2546 est
313 2525 444 2546 necesse
463 2525 541 2551 esse,
559 2516 599 2545 sit
615 2525 747 2546 necesse
773 2526 842 2546 esse
871 2516 1051 2547 secundum
1076 2515 1140 2545 hoc
1165 2513 1255 2555 quod
1273 2519 1320 2543 est

242 2567 305 2597 hoc
322 2567 508 2606 signatum.)
526 2567 542 2582 “
559 2566 716 2605 §Adime
734 2567 855 2597 Natura
872 2567 1049 2607 significata
1063 2590 1069 2596 .
1085 2591 1092 2598 .
1108 2589 1114 2597 .
1129 2574 1318 2596 commune.

241 2618 456 2659 (Impossibile
474 2618 570 2658 igitur
585 2624 631 2648 est
648 2628 717 2649 esse
734 2619 842 2659 plures
856 2619 959 2659 deos.)
977 2621 995 2659 ἓ
1014 2618 1175 2659 Amplius.
1194 2617 1226 2648 Si
1244 2623 1318 2648 sunt

240 2670 348 2710 plures
372 2669 425 2706 dii,
451 2675 581 2710 oportet
606 2669 696 2709 quod
725 2675 837 2701 natura
862 2670 987 2701 deitatis
1011 2680 1078 2701 non
1104 2670 1143 2700 sit
1168 2679 1233 2700 una
1257 2678 1318 2699 nu-

240 2730 330 2751 mero
355 2721 386 2751 in
412 2726 562 2760 utroque.
589 2720 728 2760 Oportet
753 2722 848 2761 igitur
873 2731 942 2752 esse
966 2721 1089 2762 aliquid
1117 2720 1318 2761 distinguens

240 2777 384 2802 naturam
414 2771 555 2802 divinam
580 2773 612 2802 in
638 2772 700 2802 hoc
729 2778 760 2802 et
792 2773 823 2802 in
853 2773 919 2803 illo.
945 2777 996 2802 Sed
1016 2776 1079 2802 nihil
1099 2775 1267 2809 distinguitur
1284 2774 1316 2800 ab

239 2828 289 2853 alio
308 2827 357 2852 nisi
378 2835 423 2860 per
442 2828 466 2852 id
486 2836 499 2852 a
519 2835 573 2860 quo
590 2835 669 2855 suum
689 2835 750 2853 esse
763 2829 901 2862 dependet.
920 2829 1014 2861 Oport,
1028 2829 1089 2862 quia
1107 2828 1318 2861 unumquodque

239 2887 286 2912 per
304 2878 328 2903 id
348 2887 394 2911 per
413 2879 484 2912 quod
503 2884 551 2908 est,
565 2884 605 2904 est
623 2879 701 2904 etiam
714 2885 754 2904 est
765 2880 779 2894 ‘¹
800 2887 890 2910 unum,
910 2879 977 2904 idest
995 2879 1198 2913 (in)distinctum
1211 2879 1237 2903 in
1249 2886 1279 2904 se
1291 2883 1317 2903 et

239 2931 271 2956 ab
290 2931 346 2955 aliis
359 2930 518 2955 distinctum.
535 2930 674 2963 Oportebit
693 2931 770 2963 igitur
783 2932 855 2964 quod
874 2937 966 2956 natura
978 2931 1063 2956 divina
1078 2931 1223 2956 secundum
1237 2938 1315 2956 suum

239 2991 298 3008 esse
317 2982 349 3007 ab
369 2983 418 3007 alio
438 2983 591 3014 dependeat.
606 2982 664 3007 Non
684 2988 771 3007 autem
792 2983 921 3015 dependet
939 2983 971 3007 ab
986 2984 1036 3008 alio
1055 2983 1122 3008 sicut
1135 2992 1149 3007 a
1162 2981 1315 3014 differentia,

238 3043 271 3059 eo
290 3035 360 3067 quod
385 3039 425 3059 est
449 3040 540 3059 natura
565 3035 704 3067 completa.
731 3034 783 3059 Nec
803 3034 869 3058 sicut
889 3035 920 3059 ab
941 3035 1080 3065 accidente,
1101 3035 1162 3067 quia
1182 3035 1238 3060 Deo
1251 3034 1314 3059 nihil

238 3086 353 3110 accidere
372 3090 466 3118 potest,
487 3091 514 3109 ut
533 3090 670 3109 ostensum
690 3090 739 3109 est.
759 3085 812 3109 Nec
836 3085 903 3109 sicut
923 3093 936 3110 a
957 3086 1064 3110 materia
1083 3085 1232 3118 recipiente,
1254 3086 1316 3119 quia

238 3134 434 3159 immaterialem
458 3142 518 3159 esse
543 3134 629 3159 Deum
659 3142 738 3167 supra
764 3135 1013 3160 demonstravimus.
1034 3136 1088 3161 Nec
1107 3136 1173 3160 sicut
1193 3143 1207 3160 a
1227 3144 1314 3166 causa,

236 3186 299 3219 quia
327 3192 366 3211 est
394 3194 501 3211 necesse
530 3194 589 3211 esse
618 3194 664 3218 per
683 3194 720 3212 se.
738 3187 817 3211 Nullo
837 3187 912 3219 igitur
931 3188 1012 3212 modo
1030 3192 1117 3220 potest
1136 3195 1197 3213 esse
1216 3193 1244 3213 ut
1263 3188 1314 3212 sint

239 3239 325 3270 plures
346 3238 387 3263 dii.
406 3232 482 3274 (Sed
498 3234 561 3264 hoc
578 3240 624 3264 est
642 3235 867 3274 impossisibile
882 3259 888 3265 .
905 3257 911 3265 .
926 3258 932 3265 .
947 3236 1055 3275 plures
1072 3236 1174 3275 deos.)
1191 3238 1209 3275 ξ
1222 3236 1312 3266 Item.

239 3286 316 3316 Esse
341 3286 509 3326 proprium
528 3309 534 3315 .
550 3308 557 3315 .
573 3309 579 3315 .
598 3286 715 3317 Deum.
741 3288 758 3325 ἓ
776 3287 904 3319 Adhuc.
922 3287 1110 3318 Secundum
1130 3288 1218 3318 hunc
1243 3298 1314 3318 mo—

239 3337 316 3367 dum
406 3337 523 3369 tendat.
558 3337 620 3368 Sed
650 3337 756 3368 divina
787 3345 900 3369 natura
925 3345 972 3370 est
1000 3340 1168 3379 potissime
1191 3340 1314 3370 habens

236 3398 317 3418 esse.
341 3392 503 3424 Impossibile
521 3395 561 3417 est
581 3393 667 3425 igitur
692 3393 718 3417 in
738 3400 771 3418 ea
791 3394 870 3419 multi
892 3390 946 3420 Est
964 3391 1060 3430 igitur
1076 3391 1107 3420 in
1122 3400 1158 3420 ea
1175 3391 1314 3421 maxima

240 3439 354 3469 unitas.
372 3438 470 3468 Nullo
488 3439 583 3477 igitur
604 3438 704 3469 modo
722 3441 754 3470 in
773 3440 863 3479 plura
883 3440 1099 3480 distinguitur.
1118 3442 1135 3479 §
1152 3441 1312 3481 Amplius

241 3490 273 3519 ln
292 3498 494 3528 unoquoque
511 3499 627 3528 genere
642 3490 787 3520 videmus
806 3491 1046 3522 multitudinem
1061 3492 1100 3522 ab
1118 3492 1224 3532 aliqua
1242 3493 1314 3523 uni-

238 3547 301 3570 tate
330 3540 514 3579 procedere,
542 3553 592 3570 non
614 3545 683 3570 enim
703 3546 784 3571 multa
804 3545 828 3570 in
854 3554 936 3571 unum
963 3555 1045 3579 genus
1066 3548 1223 3572 conveniunt
1242 3547 1314 3580 (nisi)

236 3602 269 3619 -ex
289 3595 337 3619 huc
357 3597 426 3626 quod
445 3600 506 3621 sune
527 3597 611 3621 multa
626 3596 722 3628 aliquid
743 3605 824 3621 unum
846 3602 886 3622 est
905 3598 974 3622 unde
993 3597 1058 3622 illud
1077 3597 1207 3623 derivatur
1225 3606 1242 3623 a
1261 3606 1314 3631 quo

238 3647 263 3671 in
284 3655 336 3679 quo
357 3647 488 3672 uniuntur.
508 3643 547 3672 Et
564 3643 638 3673 ideo
657 3669 663 3676 .
680 3667 708 3675 ..
728 3635 941 3674 conveniunt.
967 3645 1106 3685 Oportet
1130 3646 1226 3685 igitur
1246 3656 1314 3677 esse

238 3703 341 3723 unuin
367 3699 490 3724 tantum
515 3693 605 3734 quod
631 3700 676 3724 cst
701 3704 808 3725 rerum
827 3696 976 3725 omnium
999 3696 1204 3736 principium,
1225 3704 1251 3725 ee
1265 3700 1314 3727 hoc

239 3749 313 3773 Deus
333 3748 441 3775 dicitur.
463 3744 551 3783 quod
577 3745 664 3774 Deus
689 3751 745 3775 est.
771 3745 896 3783 §ltem.
923 3750 981 3774 Hoc
1006 3749 1093 3783 ipsum
1118 3750 1314 3777 evidentissimo

1348 1745 1372 1764 ³⁰
1386 1741 1462 1771 huc.
1497 1740 1530 1771 In
1563 1741 1660 1772 rebus
1691 1741 1856 1772 invenitur
1886 1741 2010 1782 aliquid

1231 156 1496 193 APPENDIX

1396 241 1495 266 tatem
1511 236 1632 267 deberi.
1650 236 1745 268 Unde
1762 242 1794 268 et
1809 237 1929 277 Deum,
1947 238 2004 278 qui
2021 244 2068 269 est
2084 239 2235 270 omnium
2252 249 2358 277 causa,
2376 249 2475 282 opor-

1395 295 1440 321 tet
1463 290 1480 305 *
1496 298 1600 320 unum
1617 289 1806 329 simpliciter
1828 289 1987 321 confiteri.
2011 291 2030 329 §
2045 290 2140 321 Hanc
2163 297 2273 322 autem
2297 291 2476 323 confessio-

1394 351 1470 372 nem
1489 366 1495 373 .
1509 364 1516 371 .
1532 350 1614 371 ‚una
1630 339 1710 371 fides
1722 346 1782 371 etc.
1800 341 1818 379 §
1831 340 1902 371 Hac
1915 346 2024 371 autem
2042 342 2174 372 veritate
2185 367 2193 373 .
2207 364 2216 372 .
2230 367 2237 374 .
2254 343 2475 376 inveniuntur.

1394 396 1476 429 Magis
1496 400 1584 420 autem
1621 391 1729 432 (Unde
1754 390 1870 434 magis)
1902 392 1978 422 huic
2003 393 2126 423 veritati
2151 397 2269 422 dicuntur
2297 392 2474 436 (videntur)

1361 458 1369 477 ς
1394 444 1544 474 contrarii
1569 444 1750 474 manichaei
1767 443 1834 474 duo
1851 444 1954 483 prima
1974 449 2134 484 ponentes
2151 445 2308 485 principia
2332 455 2474 486 quorum

1393 495 1529 525 alterum
1555 495 1684 526 alterius
1709 505 1805 526 causa
1829 505 1896 526 non
1921 496 1970 526 sit.
2000 495 2094 526 Hanc
2119 496 2215 526 etiam
2234 521 2241 529 .
2256 520 2283 529 ..
2305 504 2473 538 cogantur.

1567 607 1649 647 Cap.
1675 607 1788 637 XLIII.
1812 607 1911 645 Quot>
1937 608 2024 638 Dans
2048 618 2103 639 asi·
2129 619 2293 640 isrtxirus.

1437 704 1454 740 ἓ
1468 704 1560 730 Restat
1579 710 1667 730 autem
1687 705 1827 730 ostendere
1840 713 1894 738 quo
1907 706 1988 731 modo
2008 706 2079 731 Deus
2093 706 2210 733 infinitus
2224 707 2332 738 dicatur,
2345 707 2402 732 eius
2418 707 2473 732 uni-

1392 761 1443 780 tate
1462 756 1579 788 probata.
1600 751 1687 782 Cum
1705 758 1814 783 autern
1835 751 2002 784 infinitum
2019 755 2232 794 quantitatem
2249 759 2402 795 sequatur
2420 779 2428 786 .
2442 778 2449 784 .
2465 779 2473 786 .

1395 806 1626 844 incorporeum
1668 814 1747 834 esse.
1787 804 1995 845 Relinquitur
2017 806 2115 846 igitur
2142 807 2335 847 investigare
2359 816 2399 837 an
2424 815 2474 836 se-

1392 855 1538 887 cundum
1563 854 1762 896 spiritualem
1780 855 2040 896 magnitudinem
2057 866 2126 888 esse
2150 856 2315 888 infinitum
2340 858 2368 887 ei
2394 867 2474 888 con-

1393 910 1509 940 veniat.
1539 908 1633 947 Quae
1662 907 1795 949 quidem
1823 909 1996 950 spiritualis
2025 909 2216 950 magnitudo
2245 915 2404 950 quantum
2434 908 2474 940 ad

1350 973 1372 992 ις
1391 961 1457 992 duo
1482 961 1667 997 attenditur,
1689 961 1811 992 scilicet
1827 967 1987 1001 quantum
2012 961 2051 992 ad
2068 965 2190 991 virtutem
2209 961 2417 1003 (potentiam)
2442 968 2474 993 et

1390 1019 1549 1054 quantum
1575 1013 1614 1044 ad
1637 1014 1802 1054 (propriae
1825 1013 1971 1056 naturae)
1991 1014 2170 1045 bonitatem
2195 1015 2261 1045 sive
2278 1013 2473 1054 completio-

1389 1076 1476 1097 nem.
1494 1066 1620 1098 Dicitur
1637 1090 1644 1096 .
1661 1090 1667 1096 .
1683 1090 1689 1096 .
1707 1066 1903 1107 completur.
1923 1070 2032 1096 Dicitur
2046 1066 2204 1098 Pensatur
2221 1067 2316 1099 etiam
2332 1091 2339 1100 .
2350 1092 2357 1100 .
2373 1091 2380 1100 .
2396 1075 2473 1098 suae

1389 1118 1629 1159 completionis.
1650 1120 1667 1135 ᾖ
1683 1122 1716 1147 Et
1728 1122 1789 1148 iude
1802 1128 1843 1148 est
1856 1124 1928 1156 quod
1942 1120 2040 1162 (Nam
2058 1118 2103 1157 et)
2121 1121 2312 1162 augustinus
2328 1119 2427 1152 dicit.
2441 1145 2450 1151 .
2465 1145 2472 1154 .

1389 1169 1544 1210 designat.
1561 1170 1625 1202 Sed
1642 1171 1674 1202 in
1691 1171 1764 1202 Deo
1780 1171 1945 1203 infinitum
1962 1174 2111 1214 negative
2131 1178 2258 1204 tantum
2274 1173 2472 1213 intelligitur,

1348 1228 1374 1242 ²⁴·
1389 1230 1417 1250 ut
1439 1225 1491 1251 hoc
1515 1226 1549 1251 sit
1568 1226 1590 1252 ei
1610 1234 1670 1252 esse
1689 1234 1751 1252 esse
1776 1226 1904 1254 infinitum
1927 1229 2000 1261 quod
2025 1225 2116 1266 (quia
2148 1225 2258 1256 nullus
2289 1230 2337 1256 est
2367 1224 2472 1266 perfe-

1391 1275 1508 1305 ctionis
1532 1285 1609 1306 suae
1640 1276 1799 1307 terminus
1829 1277 1897 1308 sive
1927 1275 2012 1314 finis,
2043 1277 2100 1308 sed
2125 1275 2184 1318 est)
2211 1286 2340 1308 summe
2366 1275 2472 1318 perfe-

1389 1331 1489 1358 ctum.
1515 1326 1556 1358 Et
1579 1327 1624 1358 sic
1643 1351 1649 1357 .
1666 1351 1672 1358 .
1688 1353 1695 1360 .
1713 1327 1870 1359 infinitus.
1887 1330 1906 1368 fi
1922 1329 2084 1370 Amplius.
2103 1329 2221 1360 Omnis
2244 1335 2334 1360 actus
2353 1355 2359 1362 .
2375 1353 2383 1362 .
2397 1352 2405 1359 .
2422 1337 2472 1361 re·

1390 1377 1549 1417 cipientis.
1566 1375 1669 1409 Actus
1685 1379 1783 1419 igitur
1799 1380 1831 1410 in
1849 1379 1942 1411 nullo
1959 1381 2100 1412 existens
2119 1392 2134 1409 a
2154 1380 2246 1412 nullo
2263 1381 2469 1412 terminatur:

2504 297 2602 325 9vhi.

2502 713 2516 735 9
2529 713 2541 727 v
2556 707 2570 729 b
2583 708 2658 736 εὸφ.
2670 714 2716 735 ¹²⁴«

2504 1130 2610 1147 ΙΩΓΙΙ,

1390 1435 1480 1469 puta,
1504 1430 1528 1460 si
1549 1437 1618 1459 met
1637 1430 1754 1462 albedo
1779 1437 1863 1463 esset
1886 1442 1943 1473 per
1967 1443 2001 1464 se
2025 1433 2175 1472 existens,
2201 1432 2359 1474 perfectio
2383 1432 2471 1464 albe·
2512 1463 2519 1467 ,

1349 1491 1370 1507 ²5
1389 1479 1471 1512 dinis
1496 1481 1528 1512 in
1546 1491 1581 1512 ea
1607 1491 1675 1513 non
1692 1483 1919 1518 terminaretur
1939 1493 2006 1525 quo
2023 1485 2132 1516 minus
2155 1485 2288 1516 haberet
2312 1481 2472 1524 quicquid

1389 1532 1428 1564 de
1454 1532 1654 1574 perfectione
1679 1534 1836 1566 albedinis
1860 1535 1968 1566 haberi
2001 1541 2119 1576 potest.
2147 1539 2212 1565 Esse
2232 1542 2324 1565 autem
2347 1538 2469 1564 divinam

1387 1584 1477 1615 Deus
1501 1591 1609 1617 autem
1635 1592 1682 1617 est
1705 1593 1796 1618 actus
1820 1587 1912 1619 nullo
1934 1587 2037 1618 modo
2061 1588 2094 1618 in
2120 1587 2184 1618 alio
2208 1587 2357 1618 existens.
2382 1585 2470 1625 Quia

1389 1648 1436 1665 nec
1456 1640 1539 1666 forma
1565 1649 1613 1667 sua
1635 1647 1676 1668 est
1697 1637 1771 1681 (nec
1795 1645 1842 1670 est
1867 1639 1985 1672 forma)
2011 1641 2043 1670 in
2068 1640 2213 1675 materia,
2237 1649 2298 1668 cum
2318 1642 2353 1668 xit
2375 1642 2473 1668 imma-

1387 1692 1492 1723 terialis,
1514 1695 1549 1720 ut
1566 1690 1740 1730 probatum
1758 1696 1822 1726 est;
1840 1700 1900 1721 nec
1918 1700 1986 1721 esse
2003 1700 2098 1721 suum
2115 1715 2120 1720 .
2135 1714 2141 1720 .
2157 1716 2164 1722 .
2179 1690 2354 1722 infinitum.
2367 1691 2386 1730 §
2401 1689 2470 1721 Ad-

2117 1742 2150 1772 in
2181 1751 2238 1772 sua
2271 1741 2468 1773 actualitate.

1385 1793 1399 1829 5
1419 1795 1492 1821 Item.
1513 1794 1641 1825 Quamvis
1655 1794 1783 1822 infinit-um
1807 1797 1879 1830 quod
1898 1796 2025 1829 privative
2043 1797 2135 1822 dicitur
2153 1802 2179 1822 et
2196 1796 2222 1821 in
2242 1795 2468 1830 imperfectionem

1385 1851 1470 1878 sonat,
1491 1847 1636 1872 secundum
1652 1847 1840 1880 philosophum
1855 1849 1881 1872 in
1900 1848 1978 1873 tertio
1990 1847 2068 1880 phis„
2088 1849 2121 1873 sit
2140 1848 2214 1874 cuius
2232 1847 2407 1882 quantitatem
2425 1855 2468 1874 nc-

1384 1898 1540 1931 cipientibus
1564 1906 1672 1931 semper
1690 1903 1732 1923 est
1749 1898 1847 1931 aliquid
1869 1903 1939 1924 extra
1959 1899 2086 1932 accipere,
2113 1899 2259 1924 secundum
2283 1904 2371 1924 tamen
2394 1899 2469 1932 quod

1383 1956 1454 1973 nunc
1472 1949 1615 1981 accipimus
1635 1947 1765 1973 infinitum
1784 1956 1833 1982 pro
1846 1949 1928 1974 modo
1947 1949 2125 1982 perfectionis,
2139 1954 2245 1983 oportet
2262 1949 2393 1976 infinitum
2405 1957 2470 1976 εειε

1344 2003 1365 2022 35
1383 2005 1454 2025 extra
1473 2001 1546 2033 quod
1565 2000 1626 2026 nihil
1650 2005 1691 2026 est
1709 2001 1837 2034 accipere.
1860 2000 1929 2027 Nihil
1952 2006 2040 2027 autem
2063 2007 2106 2027 est
2133 2001 2252 2035 accipere
2275 2007 2346 2028 extra
2371 2002 2468 2035 Deum,

1382 2059 1442 2077 nam
1463 2052 1629 2086 impossibile
1647 2058 1689 2078 est
1707 2052 1806 2086 aliquid
1825 2060 1885 2079 esse
1901 2060 2011 2079 necesse
2023 2061 2085 2079 esse
2105 2061 2152 2087 per
2169 2061 2200 2080 se
2220 2053 2343 2087 (ipsum)
2363 2058 2468 2088 praem

1382 2104 1480 2137 ipsum,
1500 2113 1547 2130 nec
1567 2109 1608 2130 est
1627 2105 1755 2138 possibile
1767 2104 1865 2138 aliquid
1880 2105 1936 2131 fore
1955 2105 2082 2138 possibile
2094 2113 2156 2131 esse
2169 2105 2219 2131 nisi
2231 2104 2333 2131 habene
2352 2113 2414 2132 ene
2430 2105 2466 2132 ab

1382 2164 1415 2182 eo
1433 2157 1507 2190 quod
1525 2165 1573 2191 per
1585 2165 1615 2182 se
1630 2165 1741 2183 necesse
1759 2163 1801 2184 ειιι
1813 2165 1881 2189 este,
1906 2163 1936 2184 ut
1954 2165 1986 2183 ex
2005 2165 2086 2191 supra
2105 2157 2181 2184 dictis
2199 2162 2280 2191 patet.
2299 2157 2368 2183 Nihil
2387 2158 2466 2192 igitur

1381 2213 1470 2242 potest
1487 2216 1548 2234 esse
1568 2210 1640 2242 quod
1659 2217 1712 2235 noa
1737 2209 1773 2235 ait
1790 2210 1822 2235 ab
1847 2210 1915 2243 ipso.
1938 2208 2018 2240 Quod
2042 2215 2130 2236 autem
2157 2209 2189 2235 ab
2208 2210 2268 2243 ipso
2286 2215 2336 2242 est,
2359 2210 2386 2236 in
2405 2209 2465 2244 ipso

1340 2263 1366 2282 ⁴⁰
1380 2261 1528 2287 continetur
1546 2262 1686 2294 perfectius
1699 2269 1782 2295 quam
1794 2262 1829 2288 sit
1847 2258 1992 2296 in'seipno,
2006 2267 2034 2287 ut
2047 2269 2077 2287 ex
2091 2269 2173 2295 supra
2190 2261 2267 2287 dictis
2286 2266 2366 2294 patet.
2385 2261 2464 2289 Exn

1379 2314 1467 2346 ipsum
1481 2313 1559 2346 igitur
1577 2314 1663 2339 Deum
1682 2313 1746 2339 nihil
1765 2313 1847 2346 accipi
1866 2318 1963 2346 potest.
1981 2313 2029 2339 Est
2051 2313 2129 2346 igitur
2146 2311 2274 2340 infinitum
2292 2310 2310 2326 ⁴*
2322 2307 2354 2350 (§
2369 2308 2462 2341 Item.

1378 2361 1487 2392 Tanto
1505 2367 1595 2392 actus
1611 2362 1728 2402 aliquis
1741 2385 1750 2392 .
1765 2386 1772 2392 .
1785 2385 1794 2392 .
1810 2360 2032 2402 perfectionis.
2049 2360 2113 2392 Cui
2130 2366 2240 2392 autem
2257 2369 2325 2391 non
2341 2360 2462 2400 permi-

1377 2418 1484 2443 scetur
1500 2412 1609 2453 aliqua
1625 2413 1782 2454 potentia,
1807 2418 1854 2443 est
1873 2416 1963 2450 infinit
1981 2412 2106 2452 absque
2122 2411 2263 2443 termino
2287 2410 2461 2451 perfectio-

1376 2464 1436 2496 nis.
1462 2464 1551 2495 Deus
1570 2470 1679 2495 autem
1697 2470 1744 2495 est
1760 2470 1851 2495 actus
1870 2468 1918 2494 abs
1937 2473 2038 2505 purus
2055 2463 2178 2504 absque
2195 2463 2286 2494 omni
2302 2462 2461 2503 potentia,

1335 2524 1358 2543 «ιε
1377 2521 1412 2546 ut
1436 2526 1533 2557 supra
1562 2522 1730 2547 ostensum
1756 2521 1813 2547 est.
1839 2516 1895 2547 Est
1918 2516 2016 2556 igitur
2044 2513 2216 2553 infinitus)
2233 2515 2281 2554 ’ἓ
2296 2513 2462 2555 Amplius.

1375 2567 1486 2607 Ipsum
1512 2577 1580 2598 esse
1598 2591 1606 2598 .
1622 2591 1650 2598 ..
1669 2573 1701 2598 et
1725 2568 1794 2608 ipse
1818 2566 1974 2598 infinitus.
2000 2567 2017 2583 '
2037 2567 2056 2606 ξ
2079 2565 2208 2597 Adhuc.
2234 2565 2343 2596 Omne
2367 2563 2460 2607 quod

1374 2622 1510 2655 participat
1527 2617 1653 2659 (habet)
1678 2618 1821 2658 aliquam
1846 2617 2094 2659 perfectionem,
2111 2622 2202 2648 tanto
2219 2622 2266 2647 est
2282 2615 2460 2657 perfectius

1375 2675 1499 2710 quanto
1531 2670 1618 2701 illam
1650 2669 1887 2710 perfectionem
1919 2669 2047 2709 plenius
2078 2668 2259 2709 participat.
2289 2670 2366 2705 Ergo
2384 2670 2460 2704 quod

1374 2726 1449 2751 nullo
1468 2726 1549 2752 modo
1564 2726 1716 2760 perfectius
1733 2725 1832 2751 habere
1845 2729 1938 2758 potest
1955 2724 2055 2750 habere
2074 2719 2138 2752 Sed
2162 2729 2229 2751 non
2255 2725 2364 2760 potest
2387 2728 2457 2750 esse

1335 2783 1360 2802 το
1374 2774 1491 2815 aliquis
1514 2774 1644 2810 modus,
1669 2783 1730 2805 nec
1754 2774 1851 2805 etiarn
1879 2773 2024 2814 eogitari.
2049 2782 2118 2814 quo
2149 2772 2278 2813 plenius
2301 2771 2458 2803 habeatur

1375 2826 1482 2866 aliqua
1510 2825 1669 2866 perfectio
1694 2835 1792 2866 quam
1818 2825 1858 2856 ab
1881 2834 1923 2856 eo
1948 2823 2040 2865 quod
2072 2833 2130 2865 per
2159 2832 2251 2855 suam
2283 2822 2457 2854 essentiam

1373 2883 1420 2908 est
1437 2876 1619 2917 perfectum
1632 2886 1658 2906 et
1676 2879 1835 2913 perfectione
1854 2880 2017 2909 absolutum,
2031 2881 2064 2906 et
2075 2875 2169 2906 cuius
2187 2885 2238 2904 sua
2257 2883 2326 2905 esse
2339 2879 2386 2904 est
2398 2882 2456 2905 sua

1373 2929 1510 2961 bonitas.
1535 2929 1609 2959 Hoc
1634 2934 1744 2959 autem
1761 2951 1768 2959 .
1780 2951 1805 2958 ..
1823 2926 1998 2968 perfectius
2015 2927 2098 2958 Deo.
2120 2926 2177 2957 Est
2193 2925 2291 2966 igitur
2310 2923 2455 2956 infinitus

1372 2982 1403 3011 in
1429 2981 1573 3011 bonitate
1598 2989 1623 3009 et
1642 2983 1804 3017 perfectione
1826 2983 1954 3008 absoluta.
1974 2982 2136 3016 §Antistium
2162 2981 2244 3006 Omni
2272 2979 2345 3006 finito
2367 2984 2457 3014 potest

1332 3041 1353 3060 55
1378 3036 1476 3069 aliquid
1503 3036 1589 3061 maius
1613 3035 1720 3067 eogitari
1742 3043 1790 3068 per
1812 3034 1982 3063 intellectum.
2007 3041 2070 3059 nam
2096 3033 2254 3063 intellectus,
2277 3040 2307 3057 ex
2331 3039 2386 3066 quo
2409 3032 2455 3059 de-

1370 3088 1482 3113 claratur
1505 3087 1576 3120 quod
1601 3086 1748 3112 intellectus
1772 3090 1862 3111 tmster
1883 3084 1963 3110 habet
1991 3084 2123 3117 quandam
2150 3082 2303 3109 intinitatem
2329 3088 2454 3115 respectu

1370 3139 1410 3164 sui
1430 3139 1608 3171 intelligibilis.
1626 3137 1789 3171 Intelligibile
1812 3142 1901 3162 autem
1920 3140 1961 3162 est
1980 3143 2032 3162 res.
2050 3135 2132 3160 Omni
2151 3141 2238 3160 autem
2261 3134 2394 3168 potentine
2411 3141 2458 3171 rho-⁴

1371 3192 1484 3223 spondet
1511 3198 1577 3216 suus
1605 3195 1688 3221 actus.
1716 3197 1777 3216 cum
1807 3189 1922 3222 potentia
1947 3188 1979 3214 ad
2002 3193 2088 3213 actum
2118 3187 2226 3213 dicatur.
2259 3185 2341 3212 Omni
2367 3185 2455 3219 igitur

1368 3242 1506 3275 potentiae
1540 3242 1608 3267 Cum
1637 3241 1714 3273 igitur
1740 3239 1899 3272 intelligibile
1927 3239 1960 3264 sit
1987 3243 2061 3264 actus
2089 3244 2115 3264 et
2141 3237 2268 3271 perfectio
2295 3235 2451 3266 intellectus.

1328 3295 1355 3314 6⁰
1369 3298 1473 3327 oportet
1486 3300 1584 3326 ponere
1597 3292 1712 3325 aliquam
1726 3299 1783 3317 rern
1797 3290 1986 3324 intelligibilem
2005 3288 2142 3316 infinitam.
2161 3287 2254 3314 infiniti
2273 3291 2360 3313 autem
2379 3286 2450 3320 prin-

1370 3347 1464 3379 cipium
1485 3353 1538 3371 non
1557 3349 1646 3378 potest
1665 3351 1726 3369 esse
1745 3342 1843 3376 aliquid
1862 3341 1974 3373 finitum,
1994 3349 2055 3367 cum
2075 3341 2137 3367 nihil
2156 3345 2215 3374 ngat
2233 3339 2300 3364 ultra
2321 3338 2450 3371 seipsum.

1370 3398 1482 3431 Oportet
1501 3401 1588 3421 autem
1607 3402 1688 3420 omne
1707 3394 1777 3419 aliud
1797 3393 1869 3426 quod
1888 3398 1928 3418 est
1947 3397 2051 3427 praeter
2070 3391 2166 3421 Deum,
2183 3389 2216 3415 ab
2236 3389 2295 3422 ipso
2314 3388 2451 3414 essesEst

1369 3450 1445 3482 igitur
1465 3449 1521 3482 ipse
1539 3447 1664 3474 infinitus.
1690 3444 1707 3459 ⁴
1726 3441 1757 3483 (§
1772 3442 1934 3482 Amplius.
1952 3440 2138 3472 Intellectus
2161 3443 2271 3469 noster
2289 3460 2296 3468 .
2311 3461 2318 3468 .
2334 3461 2340 3467 .
2359 3437 2450 3468 Deus

1370 3498 1467 3537 igitur
1491 3502 1538 3526 est
1566 3492 1738 3533 infinitus.)
1761 3494 1778 3510 '
1794 3494 1812 3531 ,ξ
1829 3492 1920 3523 Item.
1945 3490 2088 3522 Effectus
2105 3498 2172 3520 non
2190 3493 2298 3529 potest
2319 3486 2449 3519 extendi

1327 3552 1351 3576 0¹5
1371 3548 1452 3579 ultra
1477 3557 1568 3578 suam
1594 3555 1735 3577 causam.
1761 3543 1947 3575 Intellectus
1975 3546 2084 3572 autem
2115 3545 2226 3570 noster
2250 3549 2316 3570 non
2341 3544 2450 3580 potest

1370 3609 1440 3630 esse
1453 3599 1514 3629 nisi
1527 3609 1544 3629 a
1558 3598 1641 3634 Deo,
1658 3608 1718 3626 cum
1733 3599 1795 3626 nihii
1809 3599 1843 3624 nit
1854 3597 1902 3623 nisi
1916 3597 1950 3623 ab
1963 3597 2022 3630 ipso
2035 3592 2107 3632 (qui
2121 3597 2167 3622 est
2181 3591 2282 3631 prima
2297 3591 2448 3622 omnium

1370 3650 1492 3691 causa.)
1520 3653 1634 3686 Oportet
1661 3648 1736 3679 Non
1762 3647 1858 3687 igitur
1888 3650 1996 3686 potest
2020 3642 2142 3683 aliquid
2174 3643 2316 3683 cogitare
2341 3641 2448 3683 (intel-

1369 3703 1472 3733 lectus
1494 3699 1618 3739 noster)
1644 3699 1749 3730 maius
1765 3697 1848 3728 Deo.
1865 3695 1897 3727 Si
1916 3695 2012 3735 igitur
2029 3694 2119 3724 omni
2144 3692 2238 3724 finito
2263 3697 2372 3734 potest
2392 3691 2447 3724 ali-

1370 3751 1448 3792 quid
1473 3751 1578 3782 maius
1603 3749 1755 3789 cogitare,
1773 3745 1974 3786 'relinquitur
2005 3743 2142 3784 (Deum)
2167 3747 2194 3773 in
2221 3743 2350 3774 finitum
2379 3751 2446 3773 non

238 3799 313 3831 signo
333 3799 484 3827 declaratur,
505 3805 564 3822 nam
586 3795 618 3824 ln
637 3795 781 3834 quolibet
801 3797 981 3836 principatu
1007 3797 1058 3827 ille
1080 3799 1135 3837 qui
1154 3799 1311 3838 praesidet
1327 3811 1353 3830 7⁰
1368 3812 1447 3833 esse.
1473 3803 1491 3840 §
1508 3801 1669 3841 Amplius.
1686 3798 1796 3829 Virtus
1813 3795 1938 3827 infinita
1955 3805 2023 3826 non
2050 3801 2158 3835 potest
2174 3803 2243 3825 esse
2260 3794 2292 3824 in
2310 3793 2447 3824 essentia

239 3848 394 3877 unitatem
415 3845 581 3876 desiderat.
608 3845 701 3875 Unde
726 3847 808 3877 inter
839 3848 1038 3888 principatus
1070 3856 1116 3880 est
1146 3851 1312 3890 potissima

238 3897 424 3927 monarchia
448 3896 514 3926 sive
539 3905 685 3936 regnum.
709 3900 762 3924 Viri
783 3901 858 3926 etiam
879 3902 903 3926 in
917 3910 1029 3927 uxorum
1044 3903 1176 3928 consortio
1190 3905 1248 3929 nul!
1265 3912 1311 3929 no-

237 3953 294 3976 lunt
309 3956 457 3977 consortem
473 3950 577 3980 habere,
594 3951 713 3983 quamvis
733 3953 864 3982 contingat
878 3953 954 3978 unius
969 3954 1015 3978 viri
1030 3962 1089 3978 esse
1103 3955 1192 3987 plures
1207 3962 1310 3981 uxores.

239 4000 417 4031 Multorum
440 4000 535 4030 ctiam
555 3999 775 4029 membrorum
791 4010 892 4030 unum
911 4007 957 4031 est
979 4008 1086 4042 caput.
1104 4003 1151 4033 Ac
1170 4013 1225 4043 per
1245 4004 1307 4034 hoc

1369 3852 1469 3888 finita,
1487 3852 1563 3892 quia
1583 3847 1847 3889 unumquodque
1868 3847 1933 3886 agit
1949 3850 2103 3883 inquantum
2118 3855 2177 3875 actu
2191 3854 2240 3880 est,
2259 3847 2330 3874 unde
2342 3852 2447 3880 oportet

1367 3906 1440 3939 quod
1455 3905 1601 3931 secundum
1617 3903 1726 3928 modum
1740 3901 1814 3926 illum
1829 3901 1862 3926 sit
1877 3906 1949 3925 actus
1963 3908 2016 3934 quo
2030 3901 2108 3926 habet
2121 3900 2243 3925 virtutem
2263 3899 2295 3924 ad
2313 3898 2444 3932 agendum

1366 3958 1438 3995 (per
1468 3962 1559 3983 suam
1587 3950 1738 3987 formam,
1762 3958 1846 3989 quae
1874 3948 1924 3978 vel
1954 3954 2001 3978 est
2029 3948 2166 3979 essentia
2195 3948 2266 3979 eius
2294 3946 2344 3977 vel
2372 3955 2445 3986 pars

1365 4003 1532 4042 essentiae,
1554 4002 1652 4033 virtus
1671 4006 1779 4031 autem
1805 4000 1999 4040 principium
2026 3999 2162 4030 actionis
2183 3995 2357 4038 nominat.)
2380 3995 2443 4027 Sed

2491 2316 2525 2339 ib.
2535 2322 2548 2339 ι
2563 2322 2604 2346 mg
2617 2315 2662 2341 inf.

2486 2520 2522 2544 lb.
2535 2526 2595 2551 ¹⁴6·

2487 2573 2521 2596 lb.
2537 2573 2582 2604 δ’.

238 4050 377 4080 evidenti
395 4051 487 4090 signo
504 4055 636 4090 apparet
661 4050 689 4079 ei
709 4054 755 4086 qui
775 4050 827 4079 cui
846 4051 997 4081 convenit
1023 4053 1220 4093 principatus
1238 4054 1308 4084 uni·
1323 4064 1345 4083 τε
1365 4055 1452 4085 Deus
1478 4051 1574 4094 (non)
1591 4051 1687 4082 habet
1705 4051 1854 4080 virtutem
1872 4050 2008 4080 activam
2022 4051 2146 4078 infinitam
2161 4047 2314 4088 (finitam)
2327 4047 2355 4085 ⁹,
2371 4055 2443 4077 mo-
2473 4054 2524 4076 via.
2541 4054 2570 4077 aa
2585 4054 2630 4077 loc.
