2768 4134
0 2739 6 2762 ς
35 2733 49 2745 ”
71 2732 109 2756 Cf.
132 2738 197 2756 num.
221 2739 254 2759 w,

0 2919 2 2921 ’
38 2914 49 2926 ·
61 2913 100 2937 ef.
114 2919 180 2937 num.
189 2919 244 2935 xxv.

36 2957 48 2969 ·
62 2957 100 2981 Cf.
114 2963 180 2981 num.
194 2964 254 2984 xxii,

37 2983 141 3008 Addam

2 3040 6 3044 .
38 3011 59 3023 '⁸
74 3011 112 3035 Cf.
124 3001 192 3034 n'um.
200 3017 239 3033 xv.

755 242 944 279 SUMMA
973 243 1195 282 CONTRA
1223 245 1499 294 GENTILES,
1528 247 1623 284 LIB.
1644 248 1685 293 ΙΙ,
1716 247 1827 284 CAP.
1848 248 2013 285 XCVIII.

282 326 357 351 nata
381 326 428 351 est
452 319 558 351 facere
573 319 760 350 immediate
777 321 999 360 cognitionem
1014 324 1061 353 rei
1084 324 1176 354 cuius
1201 330 1248 355 est
1270 325 1358 355 simi-

283 365 388 396 litudo
419 370 547 396 tantum
570 370 731 405 quantum
754 363 795 394 ad
818 374 856 395 ea
880 374 963 405 quae
991 367 1051 396 sibi
1081 373 1112 397 et
1140 368 1187 398 illi
1210 374 1285 399 sunt
1309 379 1358 400 se-

284 409 430 440 cundum
460 415 610 440 naturam
639 409 845 440 communia:
877 410 970 446 sicut,
1001 412 1027 441 si
1057 411 1159 442 homo
1190 418 1222 443 et
1253 422 1358 453 equus

283 455 423 486 habeant
446 453 710 485 convenientiam
725 458 853 484 tantum
875 454 910 483 in
932 460 1046 485 natura
1069 456 1226 493 animalis,
1243 466 1281 487 ex
1297 458 1357 488 ho-

283 499 380 530 minis
404 498 592 539 cognitione
614 498 811 538 inquantum
827 503 876 528 est
898 498 1011 529 similis
1035 508 1133 539 equo,
1157 510 1226 531 non
1241 507 1358 541 potero

284 543 324 574 de
348 552 437 584 equo
461 551 660 583 cognoscere
675 542 737 572 nisi
760 542 907 572 animalis
922 548 1081 580 naturam,
1105 545 1139 575 in
1162 554 1227 585 qua
1243 551 1275 576 et
1289 547 1359 586 ipse

284 594 316 620 et
338 597 443 629 equus
466 586 678 618 conveniunt.
695 585 759 617 Sed
781 586 961 618 similitudo
977 588 1159 619 secundum
1174 599 1359 629 repraesen-

283 633 440 664 tationem
450 637 526 662 nata
537 636 585 662 est
600 630 705 662 facere
717 631 941 671 cognitionem
954 632 1051 663 etiam
1063 633 1133 663 eius
1150 643 1217 673 quo
1234 643 1360 674 reprae-

283 682 446 708 sentatum
469 676 509 706 ab
527 676 598 716 ipsa
613 675 831 715 distinguitur,
848 675 1031 707 dummodo
1055 677 1135 707 illud
1158 678 1198 708 sit
1213 678 1359 709 conditio

284 721 484 753 conveniens
495 725 736 760 repraesentato
748 720 945 760 inquantum
958 727 1006 751 est
1018 731 1114 752 causa
1125 722 1358 754 similitudinis:

283 767 367 797 sicut
382 765 507 806 species
529 764 750 805 intelligibilis,
767 774 852 804 quae
871 771 919 795 est
934 765 1083 796 accidens
1098 766 1290 803 intellectus,
1311 777 1360 798 re-

282 815 465 851 praesentat
488 808 703 849 quidditatem
726 809 970 840 substantialem
994 815 1155 850 quantum
1183 811 1223 842 ad
1250 812 1361 842 omnia

283 864 368 896 quae
391 859 467 885 sunt
490 853 531 884 de
554 854 692 884 essentia
714 853 827 894 ipsius,
852 854 929 894 quia
951 854 1021 895 ipsa
1037 855 1198 895 quidditas
1214 856 1360 887 absolute

282 899 345 931 fuit
358 898 575 940 phantasmati
589 898 672 929 ratio
688 898 842 929 causandi
864 899 968 939 ipsam
991 900 1145 939 speciem.

338 944 488 984 Utroque
510 942 613 974 modo
637 943 814 974 substantia
837 949 982 984 separata
1009 949 1056 974 est
1086 944 1148 975 Dei
1170 944 1359 976 similitudo.

283 988 482 1029 Inquantum
505 988 593 1018 enim
617 993 665 1018 est
679 987 857 1018 substantia
871 987 1107 1025 intellectualis,
1125 998 1201 1019 cum
1216 990 1288 1029 ipso
1304 999 1361 1020 na-

282 1039 374 1064 turae
396 1031 644 1064 similitudinem
666 1032 773 1068 habet,
797 1032 979 1063 secundum
1003 1033 1202 1073 analogiam:
1229 1043 1306 1064 nam
1330 1040 1362 1065 et

283 1077 372 1108 Deus
383 1077 562 1108 substantia
575 1076 802 1108 intellectualis
815 1083 872 1108 est.
885 1077 1084 1118 inquantum
1100 1087 1177 1109 vero
1194 1085 1242 1109 est
1257 1079 1361 1110 forma

283 1127 359 1153 actu
381 1121 590 1162 intelligibilis
612 1122 652 1152 ab
675 1122 749 1162 ipso
773 1121 846 1152 Deo
869 1127 1027 1162 tanquam
1049 1123 1090 1153 ab
1113 1123 1244 1154 obiecto
1267 1124 1362 1155 intel-

282 1166 396 1207 ligibili
409 1165 580 1207 producta,
596 1166 694 1197 habet
715 1171 753 1197 ut
768 1166 808 1197 sit
830 1167 1010 1198 similitudo
1027 1168 1096 1198 eius
1115 1168 1296 1199 secundum
1312 1178 1361 1199 re-

281 1211 577 1252 praesentationem
600 1210 635 1241 in
658 1219 728 1241 esse
750 1211 953 1251 intelligibili.
986 1211 1063 1242 Ideo
1094 1221 1152 1252 per
1181 1213 1285 1253 ipsam
1312 1214 1361 1244 in-

283 1261 445 1296 quantum
466 1255 612 1297 praecise
634 1255 813 1287 substantia
841 1256 1069 1287 intellectualis
1098 1257 1275 1288 substantia
1303 1263 1360 1294 est,

270 1306 357 1332 nors
370 1298 581 1340 cognoscitur
604 1299 645 1331 de
667 1300 740 1331 Deo
763 1301 826 1331 nisi
847 1301 1116 1338 intellectualitas,
1139 1302 1173 1332 in
1197 1311 1262 1342 qua
1285 1312 1361 1333 cum

281 1345 355 1385 ipso
379 1344 626 1376 similitudinem
649 1349 783 1376 naturae
806 1345 912 1377 habet.
929 1346 990 1377 Per
1008 1346 1114 1386 ipsam
1129 1355 1207 1377 vero
1222 1347 1362 1387 inquan-

282 1396 355 1421 tum
369 1395 418 1420 est
433 1388 539 1420 forma
553 1389 765 1429 intelligibilis
781 1395 813 1420 et
835 1391 918 1422 ratio
933 1391 1145 1431 intelligendi,
1161 1401 1230 1422 non
1253 1392 1362 1423 solum

283 1434 492 1475 cognoscitur
508 1433 598 1465 Deus
610 1439 771 1474 quantum
786 1434 827 1465 ad
843 1445 880 1466 ea
894 1436 929 1466 in
945 1436 1064 1476 quibus
1080 1445 1192 1467 secum
1209 1437 1363 1467 convenit

282 1478 464 1510 secundum
486 1484 646 1515 naturam,
669 1478 727 1509 sed
750 1480 848 1510 etiam
871 1486 1032 1521 quantum
1055 1480 1095 1511 ad
1118 1490 1156 1511 ea
1180 1482 1298 1522 quibus
1322 1482 1361 1512 ab

282 1523 354 1564 ipsa
376 1523 594 1563 distinguitur,
611 1532 695 1563 quae
710 1529 820 1555 tamen
836 1525 897 1555 sibi
913 1525 1115 1556 conveniunt
1129 1531 1167 1556 ut
1190 1531 1238 1556 est
1260 1527 1362 1566 ipsius

283 1576 390 1600 causa.
404 1567 503 1599 Verbi
517 1567 628 1608 gratia,
645 1568 723 1608 quia
738 1577 797 1609 per
811 1570 1010 1601 creationem
1026 1579 1080 1601 eas
1094 1570 1184 1601 Deus
1200 1570 1361 1611 producit,

282 1618 315 1644 et
337 1612 457 1644 creatio
479 1612 662 1652 potentiam
683 1611 844 1644 infinitam
866 1614 1010 1655 requirit,
1034 1614 1203 1646 fundatam
1226 1616 1260 1646 in
1290 1615 1363 1646 infi-

281 1657 382 1688 nitate
405 1657 574 1693 essentiae,
597 1655 673 1687 ideo
689 1666 747 1698 per
769 1667 862 1689 suam
878 1659 1051 1690 essentiam
1071 1660 1247 1691 substantia
1270 1670 1363 1701 sepa-

281 1707 349 1733 rata
370 1702 542 1742 cognoscit
565 1701 674 1732 Deum
696 1707 853 1742 tanquam
876 1703 1042 1735 infinitum
1058 1704 1240 1736 secundum
1262 1706 1363 1736 virtu-

281 1753 350 1778 tem
361 1751 394 1778 et
404 1745 656 1787 perfectionem:
670 1752 703 1777 et
713 1747 760 1778 sic
771 1747 813 1779 de
825 1747 896 1779 aliis
908 1758 993 1789 quae
1005 1749 1046 1780 ad
1059 1750 1129 1780 eius
1142 1750 1362 1781 causalitatem

280 1791 491 1832 requiruntur
513 1791 548 1821 in
571 1799 677 1822 causa.

338 1835 416 1867 Non
439 1835 485 1866 sic
507 1840 618 1866 autem
642 1841 690 1866 est
711 1835 753 1866 de
769 1845 835 1867 una
850 1837 1028 1868 substantia
1043 1844 1189 1878 separata
1211 1844 1361 1879 respectu

282 1880 422 1912 alterius.
446 1879 534 1918 Quia
553 1888 620 1910 una
634 1889 704 1910 non
728 1885 776 1911 est
791 1881 831 1911 ab
847 1881 945 1912 altera
960 1887 1100 1919 causata,
1120 1888 1157 1913 ut
1179 1882 1361 1913 secundum

282 1933 380 1956 suum
403 1933 474 1955 esse
496 1924 640 1954 naturale
663 1925 768 1964 possit
791 1934 861 1956 esse
884 1925 1014 1956 alterius
1044 1926 1222 1957 similitudo
1245 1936 1361 1958 secun-

282 1969 363 2000 dum
384 1968 714 2009 repraesentationem
733 1969 952 2000 similitudinis
974 1971 1199 2012 intelligibilis;
1222 1971 1298 2002 licet
1321 1972 1361 2002 sit

282 2013 462 2046 similitudo
485 2013 519 2043 in
543 2022 613 2043 esse
635 2019 768 2045 naturae
792 2014 949 2045 absolute.
980 2015 1057 2045 Ideo
1087 2024 1146 2056 per
1168 2025 1268 2046 unam
1291 2025 1360 2048 non

282 2064 393 2100 posset
420 2058 481 2089 alia
512 2058 669 2098 cognosci
698 2058 761 2089 nisi
791 2065 951 2099 quantum
981 2059 1022 2090 ad
1049 2069 1086 2090 ea
1117 2069 1202 2100 quae
1231 2061 1360 2101 utrique

283 2103 475 2135 communia
495 2108 582 2133 sunt.
607 2102 713 2139 Unde,
742 2104 768 2134 si
797 2113 863 2134 una
886 2103 983 2135 debet
1005 2104 1137 2135 alteram
1161 2114 1360 2144 cognoscere

283 2148 443 2184 distincte,
467 2152 599 2187 oportet
621 2153 658 2177 ut
681 2148 715 2178 in
738 2148 808 2189 ipsa
830 2149 871 2178 sit
893 2147 1073 2179 similitudo
1089 2150 1360 2189 repraesentativa

283 2194 364 2230 eius,
388 2197 444 2223 aut
467 2192 506 2222 ab
530 2192 600 2232 ipsa
617 2198 746 2222 causata
761 2198 817 2223 aut
833 2198 962 2224 causata
976 2203 995 2224 a
1017 2193 1100 2230 Deo,
1118 2194 1176 2234 qui
1199 2200 1247 2225 est
1262 2195 1359 2225 etiam

283 2247 380 2269 causa
402 2236 599 2267 substantiae
622 2243 787 2277 separatae
810 2237 991 2268 secundum
1007 2247 1077 2269 esse
1100 2239 1245 2270 naturale
1269 2238 1360 2279 quod

282 2284 317 2314 in
339 2282 445 2322 seipsa
467 2281 574 2312 habet.

339 2327 370 2358 3.
393 2325 447 2357 Ad
469 2325 606 2357 dubium
630 2334 708 2366 ergo
731 2326 849 2357 dicitur
871 2326 989 2366 primo,
1006 2326 1098 2367 quod
1118 2328 1294 2358 substantia
1309 2337 1359 2358 se-

282 2377 392 2412 parata
415 2380 473 2411 per
495 2370 637 2410 seipsam
668 2371 838 2410 cognoscit
861 2371 969 2402 Deum
1000 2371 1165 2408 distincte,
1188 2371 1359 2412 loquendo

283 2416 323 2447 de
347 2415 536 2456 cognitione
551 2413 634 2445 infra
650 2415 874 2455 cognitionem
890 2415 1150 2456 quidditativam:
1175 2422 1212 2447 ut
1235 2416 1360 2448 dicatur

283 2461 428 2501 cognitio
445 2459 594 2490 distincta
609 2460 716 2490 omnis
728 2461 872 2500 cognitio
889 2469 955 2500 qua
966 2461 1175 2501 cognoscitur
1189 2470 1240 2492 res
1255 2471 1359 2502 quan-

281 2511 353 2536 tum
376 2505 417 2535 ad
440 2503 564 2544 aliquid
586 2513 654 2544 quo
677 2504 717 2534 ab
742 2504 811 2535 aliis
834 2505 1050 2545 distinguitur.

339 2550 465 2580 Dicitur
479 2548 637 2585 secund0,
661 2548 753 2589 quod
768 2549 963 2581 antecedens
979 2555 1027 2581 est
1049 2548 1167 2580 falsum
1185 2549 1224 2580 de
1241 2549 1358 2581 effectu

283 2595 340 2635 qui
362 2603 431 2625 non
454 2598 582 2624 tantum
597 2599 646 2624 est
668 2593 846 2624 similitudo
864 2603 979 2625 causae
995 2593 1175 2625 secundum
1198 2600 1357 2631 naturam,

282 2639 339 2671 sed
355 2639 452 2670 etiam
468 2638 651 2669 secundum
665 2639 995 2678 repraesentationem
1018 2639 1052 2669 in
1069 2648 1138 2669 esse
1153 2639 1357 2679 intelligibili,

282 2693 350 2725 quo
373 2682 475 2714 modo
499 2683 676 2714 substantia
699 2689 844 2723 separata
867 2689 915 2714 est
937 2682 1115 2714 similitudo
1139 2683 1211 2713 Dei.

338 2728 378 2759 X.
402 2727 515 2758 Tertio
538 2728 643 2758 loco*
667 2726 806 2758 declarat
829 2727 965 2758 Sanctus
989 2727 1134 2758 Thomas
1157 2737 1270 2758 verum
1285 2737 1358 2758 mo-

282 2773 362 2804 dum
385 2771 582 2813 cognitionis
604 2772 702 2802 unius
725 2772 921 2802 substantiae
951 2777 1114 2812 separatae
1145 2772 1184 2802 ab
1208 2772 1285 2808 alia;
1316 2772 1358 2803 si-

280 2818 418 2858 mulque
441 2817 581 2848 declarat
602 2815 741 2847 modum
764 2825 899 2847 omnem
926 2825 994 2856 quo
1015 2816 1191 2846 substantia
1213 2822 1358 2856 separata

282 2863 343 2893 alia
371 2872 389 2893 a
418 2871 453 2892 se
484 2861 663 2902 cognoscit.
688 2861 730 2891 Et
752 2861 871 2901 primo,
894 2861 1102 2901 propositum
1129 2860 1284 2898 ostendit;
1308 2870 1357 2891 se-

282 2906 403 2944 cundo,
426 2911 574 2939 removet
596 2905 764 2946 quoddam
788 2905 925 2936 dubium
937 2906 964 2935 *.

336 2952 434 2982 Ponit
457 2957 567 2983 autem
583 2950 731 2991 quinque
746 2951 763 2967 *
786 2949 1025 2981 conclusiones.
1041 2948 1190 2987 Quarum
1205 2949 1310 2989 prima
1321 2950 1356 2966 *³*

281 3002 344 3027 est:
369 2996 472 3028 Nulla
495 2995 676 3027 substantia
698 2999 853 3036 separata
867 2994 1044 3025 secundum
1067 2994 1239 3024 essentiam
1261 3003 1355 3024 suam

280 3046 328 3072 est
349 3041 516 3082 sufficiens
533 3039 734 3080 principium
758 3038 958 3080 cognitionis
976 3037 1120 3068 omnium
1137 3038 1280 3069 aliarum
1305 3048 1356 3069 re-

281 3093 372 3118 rum:
394 3086 450 3117 sed
473 3084 648 3125 unicuique
677 3093 791 3114 earum
818 3092 920 3123 supra
941 3082 1116 3123 propriam
1141 3082 1355 3113 substantiam

281 3135 409 3172 oportet
419 3130 540 3161 addere
551 3128 709 3170 quasdam
721 3127 943 3168 intelligibiles
953 3127 1191 3164 similitudines,
1199 3137 1263 3167 per
1273 3137 1356 3167 quas

280 3176 349 3208 alia
373 3175 405 3206 in
426 3175 565 3216 propria
589 3178 710 3204 natura
733 3181 932 3214 cognoscere
949 3171 1065 3212 possit.

338 3221 504 3251 Probatur.
529 3219 571 3249 Et
594 3218 711 3259 primo,
728 3216 839 3258 quoad
854 3216 992 3257 primam
1007 3221 1142 3256 partem,
1167 3215 1223 3246 sic.
1247 3215 1281 3246 Si
1295 3225 1355 3256 per

281 3274 373 3296 suam
407 3264 579 3295 essentiam
613 3267 696 3293 esset
726 3261 889 3292 sufficiens
923 3260 1120 3300 principium
1157 3260 1353 3299 cognitionis

281 3310 442 3346 omnium,
465 3313 654 3348 sequeretur
677 3305 768 3347 quod
791 3312 875 3336 esset
897 3304 1073 3336 similitudo
1093 3304 1193 3335 totius
1217 3305 1299 3335 entis
1322 3310 1354 3335 et

281 3354 432 3384 omnium
443 3352 696 3384 differentiarum
709 3351 788 3382 eius.
798 3350 874 3381 Hoc
886 3355 934 3380 est
943 3349 1154 3389 impossibile.
1167 3349 1254 3389 Ergo
1265 3354 1354 3380 etc.-

281 3398 439 3429 Probatur
461 3397 604 3439 sequela.
628 3396 812 3427 Intellectus
834 3404 903 3426 non
926 3399 1033 3434 potest
1062 3393 1203 3424 totaliter
1229 3402 1354 3433 cogno-

281 3452 369 3474 scere
392 3452 489 3473 suum
513 3442 679 3473 obiectum
702 3441 763 3472 nisi
785 3440 900 3470 habeat
922 3439 956 3469 in
979 3447 1014 3468 se
1037 3437 1280 3468 similitudinem
1303 3442 1354 3468 to-

280 3489 344 3518 tius
367 3487 450 3518 entis
473 3492 505 3517 et
527 3487 678 3517 omnium
700 3484 951 3516 differentiarum
975 3483 1060 3513 eius:
1084 3491 1162 3513 cum
1185 3482 1254 3513 eius
1277 3491 1354 3522 pro-

280 3532 388 3573 prium
420 3531 586 3562 obiectum
609 3531 650 3562 sit
672 3539 729 3561 ens
755 3528 964 3569 intelligibile,
988 3526 1079 3567 quod
1107 3525 1354 3567 comprehendit

282 3585 397 3607 omnes
420 3576 544 3616 species
573 3581 606 3606 et
635 3574 829 3606 differentias
859 3572 940 3604 entis
969 3571 1153 3612 possibiles;
1186 3576 1218 3602 et
1246 3570 1354 3601 omnis

282 3621 426 3661 cognitio
446 3619 504 3651 fiat
518 3629 576 3660 per
590 3619 728 3651 modum
749 3617 976 3650 similitudinis.
997 3617 1084 3657 Ergo
1104 3621 1165 3647 etc.
1180 3633 1204 3637 —
1221 3614 1354 3646 Falsitas

424 3682 519 3708 Smuaa
538 3682 649 3708 Con-nu
668 3682 801 3707 Gan-nus
821 3681 853 3706 D.
871 3680 987 3705 'raonis
1005 3678 1075 3703 Tou.
1094 3678 1112 3704 l.

2408 253 2480 290 585

1411 330 1520 355 autern
1533 327 1762 366 consequentis
1774 328 1938 367 probatur.
1952 327 2038 366 Quia
2053 329 2123 359 talis
2138 330 2315 362 similitudo
2332 341 2400 363 esse
2416 342 2484 363 non

1411 375 1519 409 potest
1541 370 1603 400 nisi
1625 376 1740 401 natura
1762 370 1897 409 infinita,
1923 381 2006 412 quae
2025 382 2094 404 non
2114 373 2343 406 determinatur
2365 376 2405 407 ad
2428 377 2484 408 ali-

1413 423 1511 454 quam
1534 415 1677 454 speciem
1700 415 1751 446 vel
1774 425 1877 455 genus
1901 418 1992 453 entis,
2017 417 2072 448 sed
2096 424 2143 448 est
2163 420 2343 451 universale
2366 422 2484 461 princi-

1411 458 1504 498 pium
1529 464 1560 489 et
1582 459 1683 490 virtus
1707 461 1809 490 activa
1828 461 1928 491 totius
1953 462 2048 492 entis:
2079 463 2181 502 qualis
2210 470 2257 495 est
2279 465 2348 496 sola
2371 471 2484 497 natura

1413 502 1530 533 divina.
1555 502 1670 534 Omnis
1693 510 1803 535 autem
1826 505 1887 535 alia
1910 510 2024 536 natura
2047 512 2095 537 est
2121 507 2330 540 determinata
2357 510 2398 541 ad
2427 511 2484 541 ali-

1413 546 1503 587 quod
1525 556 1628 587 genus
1652 553 1683 578 et
1705 549 1847 588 speciem
1871 550 1963 580 entis.

1469 591 1588 629 Quoad
1611 592 1787 623 secundam
1809 602 1887 623 vero
1911 599 2035 634 partem
2058 596 2222 635 probatur.
2242 597 2291 628 Ex
2313 598 2377 629 hoc
2394 598 2484 639 quod

1413 635 1521 675 aliqua
1544 637 1720 667 substantia
1743 643 1790 667 est
1812 638 2045 675 intellectualis,
2070 645 2116 670 est
2143 642 2410 681 comprehensiva
2432 648 2484 674 to-

1413 680 1476 710 tius
1492 681 1584 711 entis.
1602 680 1666 711 Sed
1681 690 1749 711 non
1766 682 2012 721 comprehendit
2032 689 2106 714 actu
2121 689 2227 715 totum
2244 695 2301 717 ens
2319 696 2376 726 per
2391 697 2484 718 suam

1414 730 1572 755 naturam.
1603 725 1701 765 Ergo,
1725 725 1758 755 in
1788 735 1847 756 sua
1877 727 2053 757 substantia
2081 729 2290 767 considerata,
2315 737 2362 761 est
2392 732 2484 771 quasi

1413 770 1559 807 potentia
1583 769 1623 799 ad
1646 769 1872 801 similitudines
1895 771 2128 802 intellectuales
2152 774 2270 812 quibus
2292 780 2399 806 totum
2427 785 2484 807 ens

1415 814 1633 852 cognoscitur,
1650 820 1682 844 et
1699 814 1772 844 illae
1796 819 1890 846 erunt
1913 821 2003 846 actus
2026 817 2095 846 eius
2118 817 2312 857 inquantum
2329 825 2376 850 est
2390 820 2484 850 intel-

1415 857 1552 896 ligibilis.
1576 858 1663 898 Ergo
1688 863 1748 888 etc.

1471 901 1518 931 Ex
1541 902 1644 941 prima
1659 908 1768 933 autem
1783 908 1873 942 parte
1889 904 2110 935 conclusionis
2125 904 2221 936 infert
2243 906 2378 937 Sanctus
2394 908 2484 938 Tho-

1414 954 1482 975 mas
1505 946 1596 986 quod
1618 947 1706 977 solus
1729 947 1819 977 Deus
1842 957 1900 988 per
1922 957 2014 979 suam
2038 950 2210 981 essentiam
2229 951 2339 981 omnia
2363 961 2485 991 cogno—

1414 990 1488 1026 scit;
1512 990 1675 1030 quaelibet
1690 997 1799 1022 autem
1815 993 2064 1024 substantiarum
2085 999 2302 1034 separatarum
2318 997 2486 1035 cognoscit

1414 1043 1472 1074 per
1495 1044 1587 1065 suam
1617 1041 1782 1072 naturam,
1813 1036 1955 1076 perfecta
1986 1039 2189 1078 cognitione,
2220 1048 2312 1070 suam
2343 1040 2486 1080 speciem

1414 1084 1555 1116 tantum3
1579 1079 1635 1110 sed
1658 1080 1838 1111 intellectus
1857 1081 2019 1121 possibilis
2041 1092 2075 1113 se
2098 1092 2156 1123 per
2179 1084 2321 1124 speciem
2337 1084 2485 1125 intelligi-

1415 1123 1513 1153 bilem
1537 1123 1684 1164 intelligit
1695 1125 1723 1154 *.

1470 1168 1524 1198 XI.
1548 1167 1661 1198 Posset
1683 1174 1792 1199 autem
1808 1169 1884 1200 huic
1907 1170 2024 1200 rationi
2046 1171 2156 1201 instari
2179 1171 2359 1212 dupliciter.
2376 1173 2485 1204 Primo

1415 1212 1502 1251 quia,
1518 1212 1594 1243 licet
1617 1222 1731 1243 omnes
1754 1213 1878 1253 species
1901 1214 1982 1244 entis
2006 1220 2037 1245 et
2060 1224 2174 1246 omnes
2197 1215 2394 1248 differentiae
2417 1219 2486 1248 eius

1415 1257 1585 1296 possibiles
1618 1258 1782 1297 requirant
1816 1257 2008 1289 infinitatem
2044 1258 2168 1290 formae
2202 1261 2425 1292 intellectualis
2459 1263 2486 1293 si

1416 1302 1511 1332 unica
1527 1300 1633 1331 forma
1648 1301 1763 1332 debeat
1785 1301 1839 1332 illa
1853 1303 2031 1333 intellectui
2046 1311 2293 1344 repraesentare,
2311 1307 2386 1345 quia
2401 1307 2487 1337 entia

1415 1346 1580 1386 possibilia
1603 1352 1679 1377 sunt
1701 1345 1843 1383 infinita;
1870 1356 1939 1377 non
1961 1353 2070 1378 tamen
2087 1358 2201 1379 omnes
2225 1350 2348 1390 species
2372 1355 2404 1381 et
2426 1350 2486 1381 dif-

1415 1389 1569 1421 ferentiae
1592 1391 1674 1421 entis
1697 1391 1821 1431 positae
1844 1391 1878 1421 in
1901 1397 2025 1428 natura,
2049 1398 2081 1422 et
2103 1403 2122 1423 a
2144 1394 2320 1424 substantia
2343 1400 2487 1435 separata

1417 1435 1662 1475 cognoscibiles,
1686 1435 1855 1475 requirunt
1877 1436 1975 1466 talem
1997 1436 2189 1468 infinitatem
2211 1438 2245 1468 in
2264 1439 2372 1478 specie
2394 1439 2487 1470 intel-

1415 1479 1528 1519 ligibili
1551 1488 1616 1519 qua
1639 1485 1897 1520 cognoscuntur3
1921 1481 1974 1511 illa
1991 1481 2078 1511 enim
2096 1491 2165 1512 non
2184 1488 2259 1513 sunt
2281 1481 2415 1520 infinita,
2430 1483 2487 1514 sed

1416 1523 1516 1554 finita.
1541 1523 1636 1554 Unde
1659 1530 1691 1554 et
1713 1525 1747 1554 in
1770 1524 1946 1555 substantia
1968 1531 2112 1565 separata
2133 1535 2203 1556 non
2225 1533 2392 1567 ponuntur
2414 1527 2487 1558 infi-

1416 1569 1502 1599 nitae
1518 1568 1641 1608 species
1657 1567 1881 1608 superadditae
1893 1569 1963 1599 eius
1978 1570 2182 1607 substantiae,
2195 1570 2251 1601 sed
2266 1570 2385 1602 finitae.
2398 1571 2486 1609 Ideo,

1416 1623 1484 1644 non
1497 1612 1645 1643 obstante
1657 1613 1847 1643 limitatione
1864 1618 1896 1643 et
1911 1612 2081 1644 finitudine
2096 1624 2172 1645 suae
2193 1615 2398 1650 substantiae,
2413 1622 2488 1656 pot-

1417 1658 1475 1688 erit
1498 1666 1556 1697 per
1582 1658 1686 1697 ipsam
1713 1657 1824 1687 omnia
1854 1667 1872 1687 a
1902 1667 1936 1688 se
1963 1658 2148 1689 naturaliter
2174 1660 2404 1699 cognoscibilia
2432 1670 2488 1691 co-

1415 1711 1588 1742 gnoscere,
1613 1707 1645 1732 et
1667 1711 1736 1732 non
1760 1702 1818 1732 erit
1845 1702 1905 1732 sibi
1929 1711 2013 1742 opus
2040 1703 2209 1742 speciebus
2237 1703 2489 1743 intelligibilibus

1415 1745 1638 1787 superadditis.

1472 1800 1503 1821 2.
1527 1789 1679 1822 Secundo
1695 1791 1722 1820 f.
1747 1790 1778 1820 A
1801 1799 2014 1830 quocumque
2037 1790 2222 1821 naturaliter
2244 1792 2394 1831 provenit
2417 1802 2488 1824 om-

1414 1835 1507 1866 nium
1530 1844 1639 1865 rerum
1654 1834 1921 1865 intellectualium
1936 1834 2113 1865 similitudo
2129 1836 2260 1875 propria
2283 1841 2314 1866 et
2336 1836 2487 1876 perfecta,

1414 1878 1495 1909 illud
1518 1878 1558 1909 de
1581 1879 1771 1909 necessitate
1792 1884 1840 1909 est
1863 1879 2013 1909 omnium
2027 1879 2295 1910 intellectualium
2309 1882 2440 1921 propria
2456 1887 2488 1912 et

1414 1922 1558 1962 perfecta
1579 1922 1768 1953 similitudo.
1793 1922 1857 1953 Sed
1880 1923 1920 1952 ab
1944 1923 2082 1953 essentia
2104 1924 2299 1954 substantiae
2322 1931 2486 1965 separatae

1414 1968 1564 2007 provenit
1591 1966 1779 1998 huiusmodi
1808 1965 1986 1997 similitudo
2016 1967 2211 1998 naturaliter.
2240 1968 2326 2008 Ergo
2351 1971 2487 2000 essentia

1414 2012 1609 2042 substantiae
1633 2016 1681 2042 est
1704 2011 1853 2041 omnium
1876 2010 2063 2041 similitudo.
2089 2011 2192 2042 Cuius
2220 2013 2409 2053 oppositum
2433 2024 2486 2045 su-

1413 2057 1512 2088 mitur
1535 2056 1569 2086 in
1592 2056 1653 2096 hac
1679 2056 1815 2086 ratione.

1470 2101 1574 2131 Maior
1603 2100 1767 2141 probatur.
1799 2099 1886 2137 Quia
1911 2100 1951 2130 ab
1975 2099 2085 2140 aliquo
2111 2109 2179 2130 non
2209 2106 2318 2141 potest
2346 2102 2485 2142 produci

1413 2145 1599 2175 naturaliter
1613 2143 1792 2175 similitudo
1808 2144 1944 2174 alicuius
1959 2144 2021 2174 nisi
2037 2150 2068 2174 et
2082 2145 2191 2184 ipsum
2214 2146 2255 2175 sit
2269 2145 2315 2176 illi
2331 2146 2446 2177 simile.
2462 2165 2486 2169 —

1414 2189 1523 2220 Minor
1534 2199 1611 2220 vero
1627 2190 1792 2229 probatur.
1805 2188 1892 2227 Quia
1907 2189 1946 2218 ab
1963 2189 2098 2219 essentia
2113 2189 2308 2220 substantiae
2324 2197 2485 2231 separatae

1413 2234 1609 2274 proveniunt
1624 2234 1748 2274 species
1763 2232 1978 2273 intelligibiles
1997 2234 2147 2264 omnium
2163 2233 2201 2264 ab
2217 2234 2286 2274 ipsa
2301 2235 2486 2266 naturaliter

1412 2278 1677 2318 intelligibilium:
1694 2284 1731 2308 ut
1746 2278 1833 2308 enim
1849 2277 1964 2308 dicitur
1979 2277 2096 2315 Prima,
2117 2287 2149 2317 q.
2166 2287 2206 2308 ιν
2221 2279 2248 2315 *‚
2265 2284 2297 2308 et
2312 2279 2396 2316 alibi,
2413 2289 2485 2320 spe-

1413 2323 1477 2354 cies
1497 2332 1555 2364 per
1571 2332 1652 2363 quas
1667 2322 1772 2363 angeli
1794 2322 1988 2362 intelligunt,
2005 2327 2080 2353 sunt
2095 2323 2141 2352 eis
2160 2323 2395 2354 connaturales.

1469 2367 1537 2398 XII.
1562 2367 1791 2407 Respondetur
1806 2366 1846 2397 ad
1868 2367 2021 2406 primum,
2046 2366 2137 2407 quod
2152 2376 2220 2397 non
2243 2367 2390 2407 procedit
2405 2368 2485 2399 haec

1412 2413 1493 2443 ratio
1518 2422 1556 2443 ex
1579 2411 1738 2442 infinitate
1768 2411 2049 2451 cognoscibilium,
2076 2411 2132 2442 sed
2155 2421 2193 2442 ex
2217 2411 2485 2443 determinatione

1412 2457 1611 2487 substantiae
1631 2461 1806 2496 separatae.
1837 2456 2006 2486 Possibilia
2036 2456 2124 2486 enim
2152 2456 2338 2487 naturaliter
2360 2466 2378 2487 a
2410 2458 2486 2488 sub-

1412 2501 1528 2532 stantia
1542 2506 1687 2541 separata
1709 2500 1942 2540 cognoscibilia
1957 2509 2026 2530 non
2042 2506 2117 2530 sunt
2132 2509 2248 2531 omnes
2263 2501 2387 2541 species
2403 2502 2484 2532 entis

1414 2551 1445 2576 et
1472 2555 1587 2576 omnes
1616 2544 1814 2575 differentiae
1844 2545 1913 2574 eius
1941 2544 2088 2574 absolute
2114 2553 2172 2584 per
2195 2543 2337 2575 divinam
2366 2550 2484 2585 poten-

1412 2590 1489 2620 tiam
1513 2589 1683 2629 possibiles
1706 2588 1854 2629 produci,
1871 2587 1928 2618 sed
1950 2598 2065 2619 omnes
2088 2589 2212 2628 species
2236 2589 2317 2619 entis
2341 2598 2424 2629 quae
2444 2589 2484 2620 ad

1413 2635 1554 2664 universi
1586 2634 1682 2664 huius
1712 2632 1947 2673 perfectionem
1977 2633 2157 2672 exiguntur,
2189 2642 2269 2673 quas
2299 2633 2406 2663 divina
2434 2644 2484 2664 sa-

1411 2679 1533 2718 pientia
1562 2677 1722 2709 ordinavit
1751 2683 1788 2708 ut
1817 2683 1933 2708 essent.
1958 2676 2000 2707 Et
2025 2677 2103 2707 istae
2132 2686 2201 2707 non
2231 2682 2306 2708 sunt
2328 2677 2482 2715 infinitae,

1412 2722 1468 2753 sed
1492 2722 1732 2753 determinatae.
1756 2722 1798 2752 Et
1828 2721 1868 2752 de
1897 2721 1965 2751 istis
1986 2721 2132 2761 loquitur
2161 2721 2296 2752 Sanctus
2326 2722 2482 2753 Thomas.

1411 2767 1643 2803 Veruntamen,
1669 2766 1746 2798 licet
1774 2767 1854 2797 istae
1876 2766 1939 2796 sint
1968 2765 2087 2802 finitae,
2117 2775 2186 2796 non
2213 2772 2351 2806 possunt
2373 2772 2483 2797 tamen

1412 2821 1537 2848 omnes,
1560 2817 1716 2851 tanquam
1746 2811 1781 2842 in
1809 2820 1868 2841 sua
1898 2810 2118 2846 similitudine,
2149 2811 2183 2840 in
2214 2810 2322 2850 aliqua
2345 2812 2483 2842 essentia

1411 2865 1495 2896 quae
1518 2855 1559 2886 sit
1581 2855 1621 2886 ad
1644 2865 1747 2896 genus
1763 2860 1795 2886 et
1817 2855 1960 2895 speciem
1975 2854 2195 2891 determinata,
2212 2855 2380 2885 contineri.
2397 2855 2482 2886 Nam

1411 2901 1437 2931 si
1460 2901 1568 2940 aliqua
1590 2905 1704 2931 natura
1726 2899 1885 2940 adaequat
1907 2900 2018 2929 omnia
2039 2908 2158 2939 genera
2173 2904 2205 2930 et
2220 2908 2335 2929 omnes
2358 2900 2481 2939 species

1411 2954 1448 2976 ac
1472 2944 1667 2976 differentias
1690 2945 1782 2981 enfis,
1806 2944 1872 2974 iam
1886 2953 1956 2974 non
1979 2949 2027 2974 est
2049 2943 2090 2974 ad
2108 2953 2208 2974 unam
2230 2944 2373 2983 speciem
2395 2944 2480 2974 limi-

1410 2995 1490 3020 tata:
1515 2989 1660 3030 alioquin
1683 2989 1771 3020 idem
1794 2994 1971 3029 poneretur
1993 2987 2165 3028 adaequari
2180 2988 2332 3018 omnibus
2353 2988 2480 3018 entibus

1410 3033 1591 3065 secundum
1614 3033 1864 3074 perfectionem;
1889 3038 1920 3063 et
1942 3042 2012 3063 non
2035 3031 2216 3072 adaequari,
2240 3031 2297 3062 sed
2319 3032 2402 3062 intra
2423 3042 2480 3072 ge-

1409 3088 1486 3109 nera
1509 3084 1541 3110 et
1563 3079 1687 3119 species
1711 3078 1802 3114 entis,
1818 3083 1974 3118 tanquam
1997 3077 2186 3117 parficulare
2203 3086 2259 3107 ens
2275 3081 2307 3106 et
2330 3076 2480 3107 determi—

1408 3128 1516 3154 natam
1541 3123 1623 3154 entis
1642 3122 1877 3163 perfectionem
1899 3121 2031 3158 habens,
2049 3121 2222 3157 contineri;
2246 3120 2336 3160 quod
2357 3121 2480 3160 impos-

1408 3168 1500 3199 sibile
1516 3178 1586 3199 esse
1601 3173 1737 3198 constat.
1755 3166 1842 3198 Cum
1858 3175 1935 3205 ergo
1951 3166 2020 3196 sola
2037 3171 2150 3196 natura
2170 3164 2277 3196 divina
2292 3165 2332 3195 sit
2354 3164 2480 3196 infinita

1409 3218 1440 3244 et
1463 3212 1503 3244 ad
1527 3218 1652 3244 certum
1674 3221 1777 3252 genus
1801 3211 1882 3241 entis
1905 3210 2072 3246 illimitata‚
2097 3210 2251 3250 sequitur,
2267 3215 2304 3239 ut
2327 3210 2480 3249 arguebat

1408 3257 1544 3289 Sanctus
1559 3257 1715 3292 Thomas,
1739 3254 1830 3295 quod
1852 3255 1921 3294 ipsa
1943 3254 2012 3284 sola
2033 3263 2141 3284 rerum
2158 3254 2306 3284 omnium
2329 3254 2479 3294 intelligi-

1407 3302 1521 3333 bilium
1543 3302 1584 3332 sit
1607 3299 1794 3332 similitudo.

1462 3346 1545 3377 XIII.
1576 3345 1628 3376 Ad
1655 3344 1790 3375 secundi
1821 3342 1912 3373 dubii
1930 3343 1947 3359 ³*
1975 3341 2178 3378 evidentiam,
2206 3341 2478 3373 considerandum

1408 3396 1465 3427 est,
1482 3400 1521 3422 ex
1544 3390 1690 3421 doctrina
1706 3388 1814 3420 Sancti
1830 3387 1978 3417 Thomae
1995 3386 2022 3416 1²
2037 3386 2101 3423 11²²,
2118 3396 2149 3427 q.
2166 3396 2207 3422 v1‚
2226 3386 2255 3422 5,
2277 3386 2317 3417 ad
2334 3396 2364 3423 2,
2387 3386 2479 3426 quod

1407 3436 1560 3466 naturale
1582 3433 1707 3475 aliquid
1729 3433 1850 3464 dicitur
1875 3431 2064 3472 dupliciter:
2094 3440 2160 3461 uno
2184 3431 2292 3466 modo,
2321 3431 2409 3471 quod
2431 3436 2480 3462 est

1407 3489 1428 3510 a
1451 3485 1573 3511 natura
1595 3479 1680 3510 sicut
1702 3487 1723 3508 a
1739 3476 1905 3518 principio
1921 3476 2037 3511 activo,
2053 3475 2138 3506 sicut
2151 3475 2335 3516 calefacere
2349 3480 2397 3506 est
2419 3485 2478 3506 na-

1408 3525 1516 3556 turale
1539 3524 1610 3565 igni
1617 3530 1630 3560 ,·
1652 3523 1719 3553 alio
1744 3521 1851 3556 modo,
1874 3519 2051 3551 secundum
2074 3519 2274 3560 principium
2296 3520 2476 3559 passivum,

1406 3569 1484 3610 quia
1506 3568 1629 3600 scilicet
1644 3572 1691 3598 est
1706 3566 1755 3597 rei
1778 3566 1891 3596 innata
1908 3564 2077 3595 inclinatio
2094 3563 2137 3594 ad
2159 3563 2242 3594 illud
2257 3564 2477 3605 recipiendum

1408 3623 1428 3645 a
1446 3613 1612 3655 principio
1636 3611 1829 3647 extrinseco,
1845 3610 1930 3641 sicut
1951 3614 2058 3640 motus
2073 3614 2120 3639 est
2143 3609 2306 3640 naturalis
2329 3609 2432 3640 caelo.

2300 3678 2335 3703 74

2512 1130 2521 1138 ·
2537 1127 2573 1150 ef.
2588 1134 2651 1150 num.
2663 1134 2711 1151 xiv.

2515 1798 2524 1808 ·
2539 1797 2576 1820 Cf.
2588 1803 2652 1819 num.
2662 1803 2715 1820 xiii.

2512 2285 2521 2293 ·
2536 2284 2587 2305 Art.
2601 2289 2622 2305 2.

2503 3348 2513 3358 ·
2528 3347 2599 3370 Num.
2614 3353 2677 3375 ηπ.
