2768 4134
67 647 194 701 iffi?
212 652 238 672 ⁴³

66 920 73 928 ·
87 917 143 946 Cap.
158 923 237 939 vani.

61 2522 70 2530 ·
92 2520 166 2548 Supra
187 2520 210 2542 in
229 2520 274 2541 hoc

61 2553 111 2574 cap.

65 3052 74 3061 ·
90 3051 147 3079 cap.
157 3057 210 3073 xcvi
224 3058 275 3080 sqq.

314 299 388 335 506

309 379 405 415 dens
424 376 528 413 enim
547 374 787 412 describitur:
811 373 910 421 quod
918 378 1037 421 potest
1056 372 1183 408 adesse
1202 377 1236 407 et
1254 372 1381 407 abesse

303 436 455 479 praeter
473 429 751 477 corruptionem
770 427 923 462 subiecti
941 426 1135 474 compositi
1153 437 1203 461 ex
1220 426 1380 461 materia

308 489 342 519 et
358 483 504 530 forma.
527 480 566 518 Si
587 488 718 517 autem
739 479 923 516 referatur
941 479 988 515 ad
1009 477 1198 527 principia
1218 476 1379 514 subiecti

307 534 522 584 compositi,
552 541 690 570 verum
724 545 804 569 non
838 531 1043 568 invenitur.
1079 532 1239 568 Constat
1274 531 1379 567 enim

307 587 507 626 materiam
536 586 705 636 primam
734 585 941 634 ingenitam
977 594 1012 621 ct
1047 584 1376 634 incorruptibilem

260 652 279 667 ⁵·
307 654 406 679 esse:
420 648 462 678 ut
476 640 614 690 probat
629 639 850 676 Aristoteles
866 639 903 676 in
920 640 932 675 1
948 641 1197 687 Plzysicorum
1209 638 1239 674 ²¹².
1254 637 1377 683 Unde,

306 695 508 732 recedente
536 693 672 739 forma,
703 701 833 730 manet
862 692 900 729 in
921 705 990 729 sua
1017 692 1190 728 essentia.
1212 692 1305 728 Non
1324 698 1378 727 ta-

306 760 397 785 men
423 746 849 784 forma·-accidentaliter
867 746 901 783 ei
925 745 1141 791 uniebatur,
1163 745 1229 781 sed
1250 756 1378 781 essen-

305 801 454 838 tialiter:
486 801 693 837 uniebatur
711 799 816 836 enim
832 799 865 836 ei
895 799 1113 837 secundum
1133 810 1216 835 esse
1236 810 1375 835 unum.

306 853 487 892 Similiter
505 861 636 891 autem
661 853 790 890 anima
819 852 951 890 unitur
975 851 1128 900 corpori
1158 852 1376 889 secundum
1394 869 1402 883 ι

305 920 387 945 esse
408 920 544 954 unum,
566 915 608 944 ut
627 918 743 956 supra
758 906 778 928 ’¹‘
807 914 1007 942 ostensum
1036 912 1105 941 est.
1136 906 1261 950 Unde,
1292 905 1378 942 licet

304 969 460 999 maneat
478 969 566 1010 post
584 972 737 1009 corpuS,
759 958 1055 996 substantialiter
1073 957 1107 995 ei
1132 958 1274 1005 unitur,
1295 971 1377 996 non

305 1014 595 1052 accidentaliter.
618 1036 642 1039 -
664 1013 782 1059 Quod
804 1020 933 1049 autem
955 1011 1115 1048 materia
1139 1012 1265 1061 prima
1295 1024 1376 1049 non

304 1075 477 1105 remanet
505 1075 591 1104 actu
620 1074 707 1115 post
726 1066 893 1102 sormam
909 1064 980 1101 nisi
1006 1066 1226 1103 secundum
1245 1074 1374 1103 actum

304 1121 456 1158 alterius
479 1120 637 1165 formae,
663 1119 793 1155 anima
818 1126 948 1155 autem
973 1119 1148 1156 humana
1176 1127 1308 1156 manet
1337 1119 1376 1157 in
1393 1134 1401 1148 ¹

302 1182 388 1211 actu
404 1173 555 1218 eodem,
575 1185 622 1209 ex
638 1173 714 1209 hoc
733 1172 917 1221 contingit
931 1172 1039 1222 quod
1055 1172 1186 1210 anima
1201 1174 1376 1211 humana

302 1235 357 1264 est
384 1227 508 1264 forma
537 1234 573 1263 et
601 1234 719 1271 actUS,
749 1226 909 1263 materia
938 1233 1068 1263 autem
1093 1227 1220 1276 prima
1239 1235 1375 1276 poten-

301 1281 351 1318 tia
379 1292 459 1316 ens.

354 1334 474 1381 Quod
504 1340 635 1370 autem
663 1333 797 1382 quinta
827 1332 922 1370 ratio
951 1333 1206 1383 proponebat,
1227 1335 1375 1372 nullam

301 1387 568 1437 operationem
587 1399 702 1436 posse
731 1399 933 1424 remanere
963 1386 1001 1423 in
1021 1387 1152 1424 anima
1181 1388 1211 1425 si
1241 1401 1263 1426 a
1291 1399 1375 1426 cor-

300 1453 395 1490 pore
410 1447 618 1489 separetur,
634 1440 800 1477 dicimus
815 1453 899 1478 esse
914 1441 1071 1478 falsum:
1090 1449 1250 1479 manent
1269 1441 1374 1479 enim

301 1494 544 1544 operationes
563 1494 648 1531 illae
663 1506 765 1544 quae
784 1506 855 1544 per
873 1506 1018 1543 organa
1038 1507 1118 1532 non
1134 1503 1373 1533 exercentur.

300 1547 539 1584 Huiusmodi
567 1555 699 1585 autem
719 1555 809 1585 sunt
829 1548 1035 1596 intelligere
1065 1556 1101 1586 et
1129 1550 1239 1586 velle.
1261 1550 1375 1597 Quae

300 1609 431 1638 autem
446 1613 516 1651 per
534 1613 680 1650 organa
699 1613 889 1651 corporea
909 1610 1148 1648 exercentur,
1168 1602 1267 1640 sicut
1286 1610 1376 1640 sunt

301 1654 546 1704 operationes
573 1654 837 1704 potentiarum
866 1655 1070 1693 nutritivae
1094 1663 1131 1692 et
1159 1656 1375 1703 sensitivae,
1391 1671 1402 1685 ²

301 1720 382 1745 non
411 1715 581 1745 manent.

356 1761 568 1799 Sciendum
596 1770 728 1799 tamen
749 1769 804 1798 est
831 1762 940 1811 quod
965 1762 1041 1799 alio
1061 1763 1182 1800 modo
1207 1763 1376 1812 intelligit

302 1814 431 1852 anima
451 1823 624 1864 separata
644 1827 666 1852 a
685 1827 850 1864 corpore
865 1823 902 1852 et
921 1816 1074 1866 corpori
1089 1817 1207 1863 unita,
1224 1817 1321 1854 sicut
1340 1825 1377 1855 et

302 1867 376 1905 alio
392 1869 514 1905 modo
529 1875 602 1905 est:
620 1869 936 1918 unumquodque
949 1869 1054 1906 enim
1070 1871 1289 1908 secundum
1300 1871 1377 1908 hoc

301 1921 375 1969 agit
395 1921 613 1958 secundum
629 1921 737 1970 quod
753 1929 819 1958 est.
838 1923 932 1958 Esse
952 1922 1113 1971 quidem
1129 1923 1283 1961 animae
1304 1925 1376 1961 hu-

300 1985 440 2011 manae
455 1974 552 2011 dum
568 1982 623 2011 est
642 1974 796 2024 corpori
817 1974 934 2021 unita,
955 1975 1023 2012 etsi
1043 1976 1089 2013 sit
1108 1977 1333 2014 absolutum
1352 1990 1375 2015 a

300 2039 463 2077 corpore
478 2040 560 2065 non
574 2027 812 2077 dependens
829 2036 960 2065 tamen
976 2037 1232 2067 stramentum
1249 2031 1375 2080 quod-

300 2081 391 2117 dam
412 2080 531 2130 ipsius
551 2089 587 2118 et
607 2080 827 2119 subiectum
847 2081 977 2131 ipsum
998 2082 1187 2133 recipiens
1207 2091 1263 2121 est
1291 2096 1375 2122 cor-

298 2146 384 2183 pus.
415 2134 527 2172 Unde
552 2142 588 2171 et
607 2142 892 2184 consequenter
906 2136 1080 2185 operatio
1100 2137 1258 2187 propria
1280 2138 1374 2185 eius,

299 2199 399 2237 quae
428 2195 484 2225 est
503 2188 720 2237 intelligere,
741 2188 810 2226 etsi
831 2201 911 2226 non
930 2190 1150 2239 dependeat
1169 2204 1191 2229 a
1211 2203 1375 2242 corpore

299 2241 409 2291 quasi
419 2253 488 2291 per
502 2253 693 2291 organum
708 2244 910 2292 corporale
925 2243 1101 2291 exercita,
1114 2245 1230 2282 habet
1244 2253 1376 2284 tamen

301 2294 497 2332 obiectum
526 2295 565 2332 in
589 2307 764 2345 corpore,
798 2296 940 2334 scilicet
971 2298 1215 2347 phantasma.
1251 2300 1375 2346 Unde,

301 2348 476 2397 quandiu
505 2357 561 2385 est
589 2348 719 2386 anima
749 2349 787 2386 in
816 2362 992 2400 corpore,
1013 2363 1094 2389 non
1114 2360 1240 2401 potest
1268 2352 1375 2391 intel-

302 2401 415 2450 ligere
435 2402 515 2439 sine
535 2403 820 2451 phantasmate:
843 2416 914 2441 nec
934 2404 1050 2442 etiam
1079 2405 1273 2444 reminisci
1303 2407 1375 2444 nisi

301 2467 371 2504 per
398 2455 579 2493 virtutem
612 2456 856 2505 cogitativam
885 2465 923 2495 et
960 2458 1271 2507 memorativam,
1306 2472 1377 2511 per

301 2521 421 2558 quam
437 2510 706 2558 phantasmata
720 2519 1011 2560 praeparantur,
1026 2519 1070 2550 ut
1088 2525 1135 2550 ex
1150 2512 1260 2551 dictis
1270 2513 1290 2536 ’¹‘
1309 2526 1375 2565 pa-

301 2569 362 2599 tet.
385 2563 432 2600 Et
461 2571 620 2613 propter
639 2565 715 2602 hoc
735 2563 952 2614 intelligere,
982 2574 1175 2615 quantum
1195 2567 1245 2605 ad
1270 2568 1377 2606 hunc

301 2616 479 2662 modum,
500 2625 536 2654 et
564 2617 737 2655 similiter
756 2618 962 2666 reminisci,
982 2619 1192 2658 destruitur
1210 2633 1375 2672 corpore

302 2669 506 2708 destructo.
527 2693 552 2697 —
573 2671 668 2708 Esse
696 2684 790 2709 vero
820 2681 1017 2722 separatae
1037 2673 1192 2712 animae
1221 2683 1276 2712 est
1304 2675 1376 2726 ipsi

302 2723 371 2760 soli
410 2724 557 2774 absque
595 2737 771 2775 corpore.
811 2726 925 2764 Unde
964 2739 1036 2764 nec
1069 2727 1156 2766 eius
1188 2729 1375 2779 operatio,

301 2789 402 2826 quae
431 2785 487 2815 est
515 2778 732 2827 intelligere,
753 2779 969 2829 explebitur
987 2793 1058 2831 per
1082 2790 1302 2832 respectum
1327 2784 1376 2821 ad

302 2830 430 2880 aliqua
467 2831 616 2870 obiecta
654 2832 693 2869 in
732 2833 930 2883 corporeis
967 2834 1121 2883 organis
1159 2836 1376 2884 existentia,

302 2895 403 2933 quae
418 2892 507 2922 sunt
521 2886 808 2934 phantasmata:
830 2887 898 2925 sed
913 2887 1092 2938 intelliget
1110 2901 1183 2939 per
1196 2889 1376 2940 seipsam,

303 2937 351 2974 ad
380 2938 547 2975 modum
576 2940 878 2978 substantiarum
899 2953 1000 2991 quae
1020 2950 1111 2980 sunt
1129 2944 1294 2982 totaliter
1319 2957 1377 2982 se-

303 2991 479 3029 cundum
508 3005 591 3030 esse
620 3006 642 3030 a
671 2994 901 3044 corporibus
922 3003 1130 3046 separatae,
1161 2997 1209 3035 de
1234 2997 1378 3048 quibus

304 3043 400 3081 infra
414 3044 434 3067 *
463 3054 606 3094 agetur.
629 3048 663 3084 A
682 3047 826 3097 quibus
846 3049 974 3096 etiam,
994 3057 1183 3099 tanquam
1213 3064 1235 3089 a
1264 3064 1378 3102 supe-

305 3097 481 3144 rioribus,
511 3099 669 3138 uberius
698 3100 942 3140 influentiam
963 3103 1134 3153 recipere
1160 3105 1300 3154 poterit
1328 3106 1378 3144 ad

305 3151 506 3200 perfectius
526 3153 828 3202 intelligendum.
846 3178 872 3183 -
889 3156 1011 3194 Cuius
1026 3157 1181 3206 signum
1202 3158 1318 3197 etiam
1338 3159 1378 3198 in

306 3203 511 3242 iuvenibus
548 3216 717 3256 apparet.
754 3210 859 3246 Nam
889 3209 1031 3257 anima,
1061 3212 1222 3260 quando
1255 3212 1378 3264 impe-

360 3356 369 3374 ι
393 3349 427 3382 et]
446 3350 488 3375 vel
508 3350 555 3375 Pd.

308 3385 333 3415 Q
367 3386 383 3410 d
659 3351 672 3376 3
693 3352 801 3377 subiecti
816 3356 879 3385 post
898 3354 1037 3387 compositi
1057 3354 1202 3380 aDWXPc.

333 3392 366 3410 uo

456 3391 572 3411 remanet
597 3386 720 3418 awva,
746 3387 871 3417 Quod...
891 3397 943 3414 non
967 3395 1101 3415 remaneat
1123 3390 1155 3421 1),
1185 3390 1309 3421 Quod...

308 3420 400 3445 nisi...
420 3426 445 3446 et
463 3429 492 3446 ex
506 3421 555 3446 hoc
577 3422 626 3452 Pd;
647 3423 727 3447 etiam
742 3423 775 3447 W
795 3432 847 3449 non
866 3430 906 3449 est
924 3425 986 3456 ni³i;
1006 3425 1040 3458 cf.
1060 3433 1118 3451 var.
1135 3426 1261 3458 praeced.

308 3456 407 3481 animae
427 3457 570 3483 aowxpc.
655 3459 802 3492 sensitivael
822 3461 924 3486 animae
941 3461 1049 3486 addunt
1067 3461 1139 3487 Ext».

309 3491 369 3516 dum
389 3499 447 3516 esse
465 3499 508 3516 om
528 3493 580 3517 NZ.
671 3493 705 3525 54
723 3494 860 3520 iuvenibus
881 3496 924 3522 Ita
942 3497 1014 3527 ΕΖὸ;
1035 3497 1181 3522 viventibus
1199 3498 1289 3525 ceteri.

363 3533 376 3550 2
396 3527 512 3560 habilior]
533 3527 654 3554 humilior
674 3530 705 3560 Y,
725 3530 833 3556 debilior
859 3532 898 3557 Pa
916 3539 954 3557 ex
979 3533 1050 3558 mato
1076 3533 1211 3559 intellectu
1231 3534 1373 3560 verborum
1392 3533 1533 3567 impeditur
1551 3534 1583 3559 ab
1601 3534 1781 3566 occupatione.

1240 3577 1274 3595 πο
1292 3569 1462 3603 influentiam]
1482 3570 1678 3603 intelligentiam
1695 3569 1734 3603 (οι
1752 3569 1784 3602 Ζ)
1803 3568 1962 3595 influentiam
1987 3567 2096 3597 ENch,
2115 3567 2275 3601 intelligendi
2298 3568 2458 3595 influentiam
2475 3568 2508 3598 G.

363 3631 368 3636 ,
399 3632 404 3638 ·
1074 3611 1108 3636 ²4
1125 3609 1213 3630 mnen
1231 3612 1275 3630 om
1294 3605 1338 3636 W,
1353 3608 1418 3638 post
1435 3606 1502 3631 aliun
1520 3606 1571 3631 οιΧ.

312 3632 494 3666 cupiscibileml
515 3636 786 3668 concupiscibilitatem
800 3637 846 3668 Ge,
867 3639 1103 3671 concupiscentiam
1123 3639 1233 3670 oeDWX,
1252 3640 1404 3666 tensibilem
1418 3641 1443 3666 d.
1461 3640 1560 3666 Statim
1575 3640 1777 3667 irascibilitatem
1789 3639 1838 3666 Ge-

311 3560 393 3586 bende
411 3562 434 3586 Y
452 3563 499 3588 sed
517 3571 545 3588 se
563 3565 685 3597 corrigit,
706 3565 816 3591 habendi
836 3567 970 3598 EGNch,
994 3569 1100 3594 uberius
1119 3569 1148 3594 Ρ.

311 3595 502 3629 intelligentiam
516 3599 547 3623 Υ.
623 3607 650 3625 αι
670 3601 770 3633 eorum}
791 3609 881 3627 earum
900 3603 999 3628 Wde.

312 3665 344 3696 45
365 3666 423 3691 dicit
441 3675 482 3692 om
503 3669 528 3698 d,
546 3674 607 3701 post
625 3671 708 3697 Ethic.
728 3672 755 3698 Ρ.
849 3673 880 3697 50
901 3673 957 3707 nec]
978 3683 1024 3700 nec
1043 3680 1120 3701 utens
1140 3683 1165 3701 αι.

1390 1405 1417 1420 20

1393 2208 1415 2228 ³5

1391 2475 1418 2496 4⁰

1391 2743 1415 2761 ⁴5

1305 3354 1322 3380 8
1341 3355 1541 3389 accidentaliter}
1561 3356 1725 3382 accidentalis
1744 3356 1794 3381 αΧ.

1328 3396 1462 3417 remaneat
1484 3391 1532 3422 Pd,
1557 3392 1663 3418 Non...

1348 3426 1381 3452 ¹6
1400 3426 1481 3461 quod]
1502 3427 1562 3460 quia
1582 3427 1632 3453 Gb.

1231 3461 1264 3488 26
1283 3461 1345 3497 non]
1365 3468 1391 3488 at
1409 3462 1460 3488 hae
1478 3470 1531 3488 non
1550 3463 1576 3494 d,
1595 3462 1645 3488 hae
1664 3470 1717 3488 non
1736 3463 1766 3488 P.

683 294 870 331 SUMMA
900 292 1120 330 CONTRA
1150 290 1425 335 GENTILES,
1453 290 1548 326 LIB.
1570 290 1611 335 Il,
1642 276 1754 326 CAP.
1775 290 1931 335 LXXX,
1960 291 2133 328 LXXXI.

1436 369 1540 406 ditur
1557 369 1607 406 ab
1628 368 1885 418 occupatione
1904 369 2004 407 circa
2028 381 2171 420 corpus
2190 372 2406 422 proprium,
2426 374 2511 412 red-

1435 422 1539 460 ditur
1573 422 1739 460 habilior
1772 423 1823 459 ad
1861 421 2154 471 intelligendum
2191 424 2321 474 aliqua
2358 427 2510 465 altiora:

1434 476 1540 512 unde
1575 483 1611 512 et
1644 475 1766 512 virtus
1798 476 2089 525 temperantiae,
2118 489 2220 527 quae
2258 490 2280 516 a
2314 481 2512 529 corporeis

1435 528 1755 566 delectationibus
1784 529 1942 567 retrahit
1964 530 2150 577 animam,
2182 531 2393 582 praecipue
2426 533 2512 573 facit

1434 582 1615 619 homines
1630 582 1679 620 ad
1697 582 1987 632 intelligendum
2004 591 2126 633 aptos.
2143 607 2169 611 -
2184 585 2376 623 Homines
2395 586 2512 626 etiam

1434 635 1682 683 dormientes,
1702 637 1864 686 quando
1883 637 2082 687 corporeis
2102 638 2280 676 sensibus
2295 650 2376 676 non
2396 647 2511 677 utun-

1436 697 1506 735 tur,
1536 701 1609 726 nec
1637 697 1694 727 est
1712 690 1842 740 aliqua
1861 691 2100 740 perturbatio
2121 693 2339 730 humorum
2363 701 2430 740 aut
2453 694 2511 731 fu·

1434 742 1658 780 mositatum
1689 743 1918 793 impediens,
1952 745 2171 794 percipiunt
2202 746 2252 783 de
2280 746 2428 793 futuris,
2463 759 2510 785 ex

1434 796 1683 845 superiorum
1705 797 1973 847 impressione,
1994 798 2124 848 aliqua
2142 811 2244 849 quae
2264 800 2432 838 modurn
2452 812 2510 838 ra-

1433 849 1692 888 tiocinationis
1721 852 1920 889 humanae
1954 852 2159 889 excedunt.
2196 853 2245 890 Et
2279 853 2356 891 hoc
2384 855 2509 892 multo

1433 903 1555 952 magis
1583 904 1720 941 accidit
1748 904 1787 942 in
1807 904 2149 955 syncopizantibus
2168 913 2205 942 et
2223 907 2403 945 exstasim
2422 920 2509 957 pas-

1433 956 1501 994 sis:
1532 965 1681 1007 quanto
1701 957 1823 1006 magis
1846 958 1890 996 fit
1918 958 2094 996 retractio
2122 971 2146 997 a
2174 959 2371 1009 corporeis
2390 961 2509 999 sensi-

1432 1011 1518 1048 bus.
1544 1012 1629 1048 Nec
1649 1011 1844 1049 immerito
1864 1013 1941 1050 hoc
1960 1012 2107 1050 accidit.
2130 1012 2246 1060 Quia,
2266 1025 2360 1050 cum
2379 1014 2510 1052 anima

1432 1065 1618 1111 humana,
1648 1072 1690 1102 ut
1719 1077 1837 1115 supra
1851 1065 1872 1087 ²¹¹
1899 1073 2102 1103 ostensum
2122 1074 2188 1112 est,
2210 1065 2256 1103 sit
2275 1066 2315 1103 in
2335 1066 2509 1105 confinio

1432 1130 1646 1167 corporum
1671 1126 1707 1155 et
1726 1119 2048 1169 incorporearum
2068 1119 2382 1166 substantiarum,
2403 1123 2511 1171 quasi

1432 1173 1470 1209 in
1490 1173 1682 1220 hori-{onte
1703 1174 1863 1210 existens
1890 1175 2118 1211 aeternitatis
2140 1179 2175 1210 et
2195 1175 2384 1226 temporis,
2405 1186 2510 1212 rece-

1431 1225 1529 1262 dens
1548 1225 1597 1262 ab
1618 1225 1768 1272 infimo,
1789 1226 2080 1276 appropinquat
2093 1227 2143 1264 ad
2162 1238 2379 1265 summum.
2395 1227 2509 1277 Unde

1431 1286 1479 1325 et,
1509 1279 1670 1329 quando
1698 1280 1863 1318 totaliter
1881 1280 1952 1318 erit
1972 1293 1994 1317 a
2014 1292 2179 1330 corpore
2208 1288 2394 1330 separata,
2423 1293 2510 1331 per-

1432 1332 1526 1370 fecte
1555 1332 1830 1371 assimilabitur
1857 1333 2078 1371 substantiis
2106 1334 2290 1384 separatis
2315 1343 2510 1384 quantum

1431 1387 1480 1423 ad
1514 1386 1683 1424 modum
1716 1386 1961 1436 intelligendi,
1995 1395 2033 1426 et
2067 1387 2226 1426 abunde
2263 1387 2510 1427 influentiam

1431 1452 1571 1478 eorum
1599 1439 1767 1489 recipiet.
2508 1467 2511 1471 ,

1487 1493 1550 1531 Sic
1578 1493 1702 1542 igitur,
1732 1493 1801 1531 etsi
1830 1493 2038 1543 intelligere
2074 1501 2252 1532 nostrum
2287 1495 2509 1534 secundum

1432 1547 1600 1584 modum
1628 1547 1841 1597 praesentis
1869 1547 1983 1595 vitae,
2018 1555 2204 1598 corrupto
2231 1559 2397 1598 corpore
2425 1561 2509 1587 cor-

1432 1608 1647 1650 rumpatur,
1683 1601 1864 1639 succedet
1895 1608 2027 1639 tamen
2063 1601 2160 1639 alius
2195 1602 2340 1640 modus
2375 1601 2508 1640 intelli-

1431 1654 1546 1702 gendi
1575 1653 1696 1692 altior.

1486 1706 1698 1745 Reminisci
1717 1715 1861 1755 autem,
1880 1719 1974 1746 cum
1993 1707 2040 1745 sit
2059 1715 2168 1745 actus
2186 1719 2258 1758 per
2270 1719 2508 1759 corporeum

1432 1772 1623 1810 organum
1652 1761 1852 1807 exercitus,
1882 1769 1925 1798 ut
1959 1761 2000 1798 in
2035 1759 2134 1799 libro
2171 1762 2218 1799 de
2244 1763 2441 1805 Memoria
2473 1767 2510 1799 et

1431 1815 1724 1852 Reminiscentia
1750 1814 1771 1837 '¹'
1804 1814 2026 1852 Aristoteles
2059 1815 2214 1864 probat,
2251 1827 2333 1853 non
2367 1814 2509 1866 poterit

1431 1875 1520 1917 post
1547 1879 1692 1918 corpus
1719 1867 1759 1905 in
1788 1867 1920 1905 anima
1952 1879 2174 1906 remanere:
2211 1867 2285 1906 nisi
2318 1870 2511 1907 reminisci

1404 1941 1417 1955 ο
1432 1920 1646 1970 aequivoce
1675 1928 1854 1958 sumatur
1870 1933 1944 1971 pro
1973 1920 2219 1970 intelligentia
2237 1933 2378 1960 eorum
2406 1933 2509 1973 quae

1432 1973 1519 2023 quis
1538 1974 1646 2023 prius
1665 1973 1790 2020 novit3
1818 1986 1940 2024 quam
1960 1981 2113 2024 oportet
2131 1974 2285 2012 animae
2310 1981 2510 2026 separatae

1431 2027 1567 2065 adesse
1587 2026 1703 2065 etiam
1724 2039 1864 2065 eorum
1883 2039 1986 2078 quae
2005 2027 2115 2066 novit
2138 2027 2178 2065 in
2201 2027 2291 2075 vita,
2311 2040 2404 2067 cum
2422 2040 2509 2080 spe-

1431 2080 1509 2118 cies
1528 2080 1781 2130 intelligibiles
1796 2081 1836 2118 in
1856 2081 2049 2119 intellectu
2063 2081 2237 2131 possibili
2256 2081 2510 2121 indelebiliter

1432 2133 1676 2184 recipiantur,
1705 2142 1748 2172 ut
1776 2146 1895 2185 supra
1908 2134 1930 2158 ⁸
1957 2143 2159 2173 ostensum
2187 2143 2255 2173 est.

1487 2187 1599 2226 Circa
1627 2188 1719 2226 alias
1748 2200 1844 2226 vero
1872 2188 2027 2227 animae
2046 2189 2304 2240 operatione5‚
2334 2189 2434 2228 sicut
2451 2197 2509 2228 est

1431 2253 1575 2288 amare,
1603 2242 1785 2290 gaudere,
1814 2249 1852 2280 et
1879 2241 1953 2280 alia
1978 2241 2218 2290 huiusmodi,
2238 2251 2295 2281 est
2322 2243 2509 2294 aequivo-

1432 2294 1532 2333 catio
1567 2296 1754 2333 cavenda.
1794 2296 1900 2334 Nam
1936 2296 2178 2347 quandoque
2220 2304 2434 2335 sumuntur
2465 2305 2510 2335 ut

1432 2357 1523 2386 sunt
1550 2349 1705 2387 animae
1733 2348 1946 2400 passiones,
1977 2350 2026 2387 Et
2053 2348 2108 2387 sic
2135 2357 2226 2388 sunt
2252 2358 2361 2388 actus
2389 2350 2508 2388 sensi-

1431 2402 1517 2440 bilis
1543 2402 1736 2453 appetitus
1755 2403 1975 2448 secundum
1994 2403 2337 2453 concupiscibilem
2355 2405 2418 2442 vel
2437 2403 2509 2442 ira-

1432 2455 1616 2503 scibilem,
1646 2468 1740 2494 cum
1767 2456 1897 2507 aliqua
1926 2456 2212 2507 permutatione
2235 2457 2439 2508 corporali.
2460 2457 2510 2496 Et

1432 2509 1486 2548 sic
1514 2509 1554 2548 in
1583 2509 1714 2548 anima
1740 2522 1900 2548 manere
1919 2522 2001 2548 non
2020 2517 2186 2560 possunt
2203 2518 2292 2561 post
2319 2518 2507 2551 mortem:

1432 2571 1475 2601 ut
1503 2563 1726 2602 Aristoteles
1754 2564 1894 2614 probat
1921 2564 1962 2602 in
1990 2563 2089 2602 libro
2108 2565 2155 2602 de
2181 2566 2323 2603 Anima
2336 2565 2368 2602 ¹¹⁸.
2388 2587 2415 2592 -
2435 2564 2510 2603 Su-

1432 2625 1595 2655 muntur
1622 2625 1754 2655 autem
1782 2617 2024 2668 quandoque
2047 2630 2120 2668 pro
2149 2618 2313 2669 simplici
2331 2625 2421 2656 actu
2439 2629 2509 2656 vo·

1432 2670 1598 2718 luntatis,
1627 2671 1695 2721 qui
1723 2679 1781 2709 est
1815 2671 1963 2722 absque
1998 2671 2191 2722 passione.
2221 2672 2335 2710 Unde
2363 2671 2509 2710 Aristo-

1432 2726 1525 2763 teles
1544 2724 1645 2772 dicit,
1670 2724 1710 2762 in
1729 2725 1795 2763 VII
1819 2726 1938 2763 Ethic.
1953 2725 1984 2771 ²⁸⁸,
2005 2725 2114 2775 quod
2133 2726 2236 2763 Deus
2255 2738 2332 2764 una
2350 2725 2512 2776 simplici

1433 2780 1651 2830 operatione
1680 2779 1841 2830 gaudet‚·
1872 2786 1910 2816 et
1942 2778 1981 2817 in
2015 2780 2050 2816 X
2067 2778 2099 2826 ⁴¹,
2129 2779 2239 2829 quod
2266 2778 2306 2817 in
2333 2786 2508 2818 contem-

1433 2832 1603 2882 platione
1631 2832 1840 2882 sapientiae
1875 2839 1932 2870 est
1966 2833 2158 2870 delectatio
2185 2833 2440 2879 admirabili5;
2471 2840 2509 2872 et

1434 2885 1473 2924 in
1493 2887 1575 2924 VIII
1590 2886 1621 2932 *,
1641 2899 1812 2924 amorem
1832 2887 2020 2924 amicitiae
2037 2886 2088 2924 ab
2107 2888 2310 2933 amatione,
2329 2897 2433 2937 quae
2451 2893 2509 2924 est

1433 2939 1575 2990 passio,
1595 2939 1803 2990 distinguit.
1826 2940 1931 2978 Cum
1948 2951 2045 2978 vero
2063 2941 2246 2978 voluntas
2268 2940 2316 2978 sit
2337 2939 2509 2990 potentia

1407 3014 1420 3028 ο
1434 3006 1515 3031 non
1535 3001 1648 3031 utens
1668 3005 1826 3043 organo,
1849 2993 1946 3031 sicut
1965 3005 2037 3031 nec
2057 2993 2279 3040 intellectus,
2301 2995 2432 3044 palam
2453 3000 2511 3032 est

1435 3047 1674 3094 huiusmodi,
1690 3047 1911 3097 secundum
1925 3047 2034 3097 quod
2053 3054 2144 3085 sunt
2163 3054 2270 3086 actus
2289 3046 2508 3094 voluntatis,

1435 3107 1475 3144 in
1504 3106 1636 3144 anima
1663 3114 1840 3157 separata
1865 3118 2066 3156 remanere
2081 3107 2112 3144 ²⁸¹.

1490 3159 1554 3198 Sic
1574 3159 1690 3209 igitur
1707 3172 1754 3198 ex
1772 3159 1976 3211 praedictis
1996 3159 2210 3199 rationibus
2229 3158 2409 3198 concludi
2427 3165 2510 3197 non

1435 3221 1562 3264 potest
1589 3213 1763 3252 animam
1791 3213 1964 3252 hominis
1991 3225 2075 3252 esse
2102 3214 2320 3252 mortalem.

1897 3355 1928 3382 23
1950 3354 2077 3388 Quod...
2095 3362 2149 3382 non
2176 3359 2295 3380 remanet
2323 3354 2365 3380 Ita
2393 3354 2510 3387 ΕῢιΗος

1688 3397 1806 3417 remanet
1828 3391 1857 3423 Z,
1875 3391 1926 3418 tac.
1945 3391 1978 3417 N.
2079 3397 2113 3423 ²⁴
2138 3389 2187 3415 nisi
2200 3406 2235 3415 ...
2255 3397 2286 3415 ex
2309 3389 2369 3424 hoc!
2394 3398 2447 3416 non
2470 3395 2512 3417 est

1735 3434 1768 3461 ¹9
1782 3427 1872 3461 quinta
1891 3427 1934 3452 Ita
1953 3427 2001 3458 Pc;
2020 3430 2092 3452 sexta
2109 3425 2200 3451 ceteri.
2280 3425 2312 3451 25
2326 3425 2509 3460 potentiaruml

1850 3470 1887 3497 49
1905 3462 1938 3488 nd
1956 3461 2075 3495 modunl
2094 3468 2142 3494 per
2159 3461 2268 3487 modum
2289 3461 2332 3487 Pc-
2415 3469 2510 3488 secun·

1886 3540 1920 3559 πο
1938 3530 2050 3566 abunde}
2070 3529 2140 3557 hide
2157 3532 2240 3564 (idest
2261 3531 2376 3567 abunde)
2394 3533 2446 3563 «Χ,
2464 3532 2510 3558 hn-

1646 3604 1679 3637 34
1698 3612 1778 3638 supra
1795 3609 1933 3630 ostensum
1951 3603 2001 3637 eut]
2022 3603 2119 3629 dietum
2132 3609 2173 3629 eet
2185 3611 2267 3638 cupra
2278 3604 2322 3630 Pc.
2396 3602 2430 3637 39
2447 3611 2510 3630 con-

1911 3647 1946 3671 40
1961 3639 1994 3664 Et
2006 3638 2052 3673 uic]
2067 3639 2134 3665 sicut
2145 3640 2195 3671 «X,
2210 3645 2236 3666 et
2247 3640 2314 3666 sicut
2327 3639 2358 3670 E.
2377 3638 2414 3665 nic
2432 3639 2510 3665 ch.

2537 1077 2545 1086 ·
2561 1075 2620 1104 Cap.
2632 1080 2717 1099 unu.

2535 1825 2545 1872 ¹·
2561 1823 2619 1873 gap.
2630 1828 2660 1849 n:
2675 1829 2696 1846 ο.
2705 1822 2751 1846 Th.

2537 2139 2546 2149 ·
2561 2138 2619 2167 cup.
2629 2143 2709 2160 cxxiv.

2536 2566 2751 2616 ;.ι”ὶ·ι1·ἰὶ.1“ι“.”ἱξ’’4ἶ

2536 2719 2698 2775 ..ffluflf’
2724 2719 2752 2747 ⁸³

2535 2782 2699 2833 :am

2536 2885 2667 2941 ἷξτρπῦς
2678 2890 2698 2907 ι.
2705 2883 2752 2907 Th.

2537 3098 2547 3108 ‘
2555 3096 2594 3119 Cf.
2601 3102 2681 3125 cupra,
2686 3096 2727 3120 lib.
2733 3096 2753 3124 1,

2488 3122 2491 3127 '
2537 3129 2590 3152 etp.
2604 3129 2692 3146 cmix
2699 3129 2753 3152 ης.
