2768 4134
62 1121 72 1130 ·
85 1119 142 1147 cap.
157 1126 254 1142 mviii.

63 2898 72 2906 '
83 2895 119 2918 Cf.
137 2895 270 2928 Comment.

58 2928 107 2950 cap.
129 2929 190 2949 iti-vi.
205 2927 256 2945 init.

62 3250 71 3259 ·
87 3249 122 3271 Cf.
138 3255 201 3271 num.
209 3256 231 3272 x.

62 3302 71 3312 ”
82 3301 118 3323 et.
134 3308 197 3324 num.
207 3309 258 3325 xiii.

63 3476 71 3485 ·
87 3474 124 3497 ef.
139 3481 203 3498 num.
213 3482 234 3497 v.

316 288 389 334 572
799 279 987 317 SUMMA
1017 275 1543 320 CONTRA-GENTILES,
1571 276 1667 313 LIB.
1688 276 1730 320 ΙΙ,
1761 275 1872 312 CAP.
1894 275 2028 313 XCVI.

311 372 348 401 et
375 370 532 401 naturae
560 359 691 410 ipsius.
720 357 941 396 Substantia
969 364 1102 395 autem
1123 362 1299 405 separata
1327 362 1383 391 est
1437 354 1551 403 igitur
1578 353 1813 391 substantiae
1842 361 2041 403 separatae
2065 366 2147 395 non
2170 355 2361 405 accipiant
2385 357 2515 407 cogni-

309 417 520 454 intellectus
538 425 610 463 per
631 425 671 450 se
694 411 869 457 existens,
889 422 971 448 non
990 409 1030 447 in
1053 420 1217 459 corpore
1237 407 1380 458 aliquo.
1436 407 1585 445 tionem
1613 419 1636 445 a
1664 406 1922 453 sensibilibus,
1951 418 2033 444 non
2065 415 2122 445 est
2150 408 2190 445 in
2218 407 2274 446 eis
2302 409 2515 448 intellectus

310 467 494 518 Operatio
524 466 637 515 igitur
669 463 931 502 intellectualis
960 462 1043 500 eius
1071 462 1142 500 erit
1169 460 1381 510 intelligibi-
1437 472 1554 509 agens
1582 468 1619 498 et
1646 459 1852 510 possibilis.
1882 460 1996 498 Unde
2020 468 2058 498 et
2078 460 2311 508 Aristoteles,
2336 462 2377 500 in
2399 462 2446 501 III
2470 465 2516 501 de

307 521 403 559 lium
431 531 532 570 quae
561 531 642 556 non
670 526 760 555 sunt
787 517 947 555 fundata
974 516 1014 554 in
1042 515 1174 566 aliquo
1202 527 1379 565 corpore.
1435 516 1577 552 Anima
1591 514 1622 562 ³⁸,
1643 514 1881 552 intellectum
1898 514 2126 564 possibilem
2146 522 2184 553 et
2204 523 2383 564 agentem
2401 513 2514 555 indu-

308 573 454 612 Omnia
479 580 610 610 autem
634 570 879 619 intelligibilia
903 583 926 608 a
950 569 1196 607 sensibilibus
1223 576 1381 618 accepta
1403 586 1412 606 ς
1435 579 1538 614 cem,
1567 567 1658 605 dicit
1686 579 1754 605 eos
1782 569 1820 605 in
1849 569 1980 606 anima
2008 576 2188 619 oportere
2215 569 2324 619 poni.

2570 521 2578 528 ’
2594 527 2644 549 p.v,
2657 529 2678 547 ι;
2687 520 2759 544 mnt-

2569 554 2597 571 ιο

2540 548 2606 570 1..

307 635 396 665 sunt
419 627 458 664 in
481 625 675 675 aliquibus
703 624 934 675 corporibus
961 622 1176 673 aliqualiter
1202 622 1377 659 fundata:

304 681 403 718 'sicut
430 678 675 728 intelligibilia
693 685 824 716 nostra
852 677 892 715 in
911 676 1257 727 phantasmatibus,
1278 687 1379 725 quae

305 741 395 771 sunt
413 733 453 770 in
472 731 625 781 organis
644 731 853 782 corporeis.
874 730 1118 769 Substantiae
1138 729 1251 778 igitur
1270 741 1379 779 sepa-

305 795 407 824 ratae
436 798 517 823 non
545 785 740 835 accipiunt
766 785 1028 834 cognitionem
1054 796 1102 821 ex
1121 782 1377 820 sensibilibus.

359 840 511 878 Adhuc.
542 839 650 877 Sicut
682 838 842 877 materia
874 838 1001 888 prima
1034 845 1090 874 est
1117 836 1302 874 infimum
1338 835 1378 873 in

304 893 438 931 ordine
466 905 599 931 rerum
627 892 877 938 sensibilium,
906 899 943 928 et
971 902 1042 940 per
1064 891 1142 927 hoc
1164 897 1221 927 est
1244 889 1284 927 in
1306 901 1377 938 po-

302 946 419 985 tentia
453 954 605 984 tantum
640 946 690 984 ad
726 957 864 983 omnes
896 944 1041 982 formas
1076 943 1292 989 sensibiles-;
1326 942 1377 980 ita

302 1000 514 1039 intellectus
542 998 744 1049 possibilis,
775 997 935 1035 infimus
963 997 1004 1034 in
1033 997 1170 1035 ordine
1204 995 1376 1045 intelligi-

302 1053 439 1092 bilium
468 1052 643 1098 existens,
672 1059 729 1089 est
755 1051 796 1088 in
823 1050 996 1101 potentia
1023 1051 1073 1088 ad
1102 1049 1237 1088 omnia
1269 1050 1376 1087 intel-

302 1107 466 1156 ligibilia,
495 1113 537 1143 ut
565 1118 611 1143 ex
643 1104 864 1155 praemissis
883 1104 904 1126 '¹‘
930 1112 1045 1154 patet.
1082 1104 1160 1142 Sed
1193 1116 1239 1141 ea
1274 1116 1376 1153 quae

301 1168 391 1198 sunt
418 1160 458 1197 in
487 1158 623 1196 ordine
651 1158 893 1196 sensibilium
921 1170 1040 1208 supra
1068 1157 1272 1195 materiam
1300 1157 1376 1208 pri-

301 1225 420 1259 mam,
450 1212 594 1250 habent
621 1211 661 1249 in
688 1219 777 1249 actu
806 1224 920 1249 suam
947 1211 1128 1258 formam,
1156 1223 1228 1261 per
1254 1223 1377 1261 quam

301 1266 587 1305 constituuntur
609 1265 649 1302 in
672 1277 756 1303 esse
780 1264 964 1303 sensibili.
990 1264 1236 1303 Substantiae
1264 1264 1379 1314 igitur

301 1328 510 1371 separatae,
520 1332 621 1370 quae
636 1326 726 1356 sunt
739 1319 780 1356 in
795 1319 932 1357 ordine
947 1317 1245 1368 intelligibilium
1259 1331 1378 1370 supra

301 1374 536 1412 intellectum
569 1372 796 1423 possibilem
829 1373 1063 1419 humanum,
1093 1380 1184 1410 sunt
1215 1380 1304 1410 actu
1337 1372 1378 1410 in

301 1440 385 1465 esse
404 1426 639 1476 intelligibili:
660 1426 875 1464 intellectus
900 1426 1008 1464 enim
1031 1425 1225 1476 accipiens
1247 1426 1378 1475 cogni-

300 1481 450 1519 tionem
477 1493 500 1518 a
528 1479 783 1527 sensibilibus,
808 1492 891 1517 non
919 1487 976 1517 est
998 1487 1087 1517 actu
1106 1479 1146 1517 in
1166 1492 1250 1517 esse
1270 1479 1378 1518 intel-

303 1534 443 1584 ligibili,
464 1534 532 1571 sed
551 1534 591 1571 in
614 1533 797 1583 potentia.
823 1533 1048 1572 Substantia
1070 1533 1183 1582 igitur
1202 1542 1379 1584 separata

301 1600 383 1626 non
409 1587 547 1638 accipit
575 1587 838 1636 cognitionem
866 1599 889 1625 a
916 1586 1174 1625 sensibilibus.

355 1641 507 1679 Adhuc.
529 1641 715 1678 Perfectio
735 1648 896 1678 naturae
911 1639 1122 1691 superioris
1137 1653 1218 1678 non
1234 1641 1378 1691 depen-

302 1695 367 1732 det
385 1707 408 1732 a
427 1702 566 1732 natura
584 1694 765 1732 inferiori.
787 1694 975 1732 Perfectio
991 1702 1122 1732 autern
1142 1693 1378 1732 substantiae

303 1755 512 1798 separatae,
528 1760 620 1785 cum
634 1748 680 1785 sit
699 1747 974 1795 intellectualis,
986 1755 1042 1785 est
1061 1748 1101 1785 in
1117 1747 1377 1797 intelligendo.

303 1803 452 1839 Earum
483 1801 597 1850 igitur
627 1801 835 1850 intelligere
864 1814 946 1839 non
981 1802 1174 1851 dependet
1207 1814 1229 1839 a
1263 1802 1379 1839 rebus

303 1854 557 1900 sensibilibus,
578 1854 631 1892 sic
650 1856 758 1905 quod
781 1855 830 1892 ab
850 1855 904 1894 eis
923 1855 1187 1904 cognitionem
1205 1854 1377 1904 accipiat.

356 1909 463 1945 Patet
489 1915 621 1945 autem
643 1920 689 1945 ex
714 1909 791 1946 hoc
819 1906 927 1958 quod
956 1908 995 1945 in
1020 1907 1240 1946 substantiis
1269 1920 1378 1958 sepa-

302 1961 391 1998 ratis
419 1973 500 1998 non
528 1969 585 1998 est
616 1961 828 2006 intellectus
860 1973 978 2009 agens
1006 1969 1042 1999 et
1074 1961 1277 2011 possibilis,
1306 1960 1378 1998 nisi

302 2014 396 2051 forte
411 2013 637 2064 aequivoce.
651 2016 865 2052 Intellectus
880 2014 986 2052 enim
1001 2014 1194 2064 possibilis
1209 2022 1246 2052 et
1260 2026 1378 2063 agens

302 2068 341 2105 in
356 2067 487 2105 anima
502 2067 730 2106 intellectiva
745 2067 998 2106 inveniuntur
1011 2076 1171 2119 propter
1181 2069 1258 2105 hoc
1268 2069 1377 2118 quod

302 2121 437 2171 accipit
468 2121 731 2170 cognitionem
759 2121 1032 2159 intellectivam
1060 2135 1083 2159 a
1111 2121 1375 2160 sensibilibus:

301 2187 394 2212 nam
422 2174 634 2212 intellectus
662 2187 779 2224 agens
799 2183 855 2213 est
878 2174 946 2225 qui
971 2175 1059 2213 facit
1081 2175 1229 2226 species
1249 2188 1271 2213 a
1291 2188 1376 2213 sen-

302 2227 474 2266 sibilibus
503 2236 678 2279 acceptas
707 2241 790 2266 esse
820 2228 1070 2278 intelligibiles
1099 2237 1205 2274 actu;
1232 2228 1377 2267 intelle·

301 2289 385 2319 ctus
412 2290 544 2320 autem
572 2281 764 2332 possibilis
793 2290 849 2320 est
877 2282 945 2333 qui
974 2291 1030 2321 est
1058 2283 1097 2320 in
1126 2283 1298 2333 potentia
1326 2283 1376 2321 ad

295 2338 440 2373 'omnes
477 2336 621 2374 formas
656 2335 894 2374 sensibilium
934 2337 1236 2386 cognoscendas.
1272 2337 1376 2375 Cum

1488 622 1584 658 Item
1619 621 1868 658 manifestum
1901 629 1959 658 est
1985 620 2026 659 in
2054 622 2203 660 eisdem
2239 623 2349 672 quod
2383 623 2516 661 localis

1434 674 1613 712 distantia
1648 673 1913 724 cognitionem
1943 674 2179 714 substantiae
2211 684 2410 727 separatae
2443 676 2515 715 im·

1433 728 1568 778 pedire
1596 740 1678 767 non
1706 735 1844 778 potest.
1873 728 2027 766 Localis
2054 728 2161 767 enim
2179 729 2358 768 distantia
2375 741 2447 781 per
2474 743 2515 768 se

1434 789 1685 832 comparatur
1698 782 1748 820 ad
1763 794 1940 820 sensum:
1959 794 2042 820 non
2059 790 2192 821 autem
2202 784 2251 822 ad
2266 783 2515 831 intellectum,

1394 855 1419 870 ιο
1433 835 1507 872 nisi
1526 847 1597 885 per
1610 834 1803 882 accidens,
1818 835 2054 886 inquantum
2068 849 2092 874 a
2110 849 2228 875 sensu
2247 837 2401 888 accipit;
2421 850 2515 876 nam

1432 888 1627 927 sensibilia
1641 889 1863 927 secundum
1876 889 2174 928 determinatam
2192 890 2414 929 distantiam
2430 903 2515 930 mo-

1432 950 1525 980 vent
1552 955 1725 980 sensum.
1746 942 1996 991 Intelligibilia
2014 950 2147 981 autem
2166 951 2266 991 actu,
2295 945 2516 983 secundum

1431 996 1540 1046 quod
1569 1004 1733 1034 movent
1761 996 2009 1043 intellectum,
2029 1009 2111 1035 non
2131 1005 2222 1035 sunt
2235 996 2401 1038 inloco:
2421 1010 2516 1037 cum

1431 1050 1506 1087 sint
1523 1062 1547 1087 a
1565 1049 1726 1088 materia
1749 1049 1942 1101 corporali
1965 1058 2152 1100 separata.
2174 1051 2279 1089 Cum
2293 1050 2407 1101 igitur
2425 1052 2516 1090 sub-

1392 1102 1592 1142 wstantiae
1620 1111 1819 1155 separatae
1839 1115 1922 1142 non
1940 1103 2131 1154 accipiant
2157 1104 2431 1144 intellectivam
2451 1118 2515 1144 co-

1431 1157 1647 1207 gnitionem
1675 1170 1699 1195 a
1726 1157 1984 1204 sensibilibus,
2013 1157 2053 1195 in
2082 1170 2223 1197 eorum
2250 1159 2514 1208 cognitionem

1436 1211 1615 1249 distantia
1653 1211 1785 1249 localis
1817 1211 1914 1249 nihil
1948 1219 2144 1261 operatur.

1487 1265 1623 1303 Palam
1651 1272 1707 1302 est
1735 1265 1853 1303 etiam
1881 1265 1991 1315 quod
2019 1264 2266 1303 intellectuali
2297 1265 2514 1316 operationi

1433 1331 1574 1356 eorum
1602 1331 1685 1356 non
1713 1318 1949 1357 admiscetur
1981 1326 2149 1369 tempus.
2181 1318 2288 1358 Sicut
2323 1319 2431 1358 enim
2457 1319 2515 1358 in-

1393 1371 1639 1421 =0telligibi1ia
1667 1380 1756 1410 actu
1785 1380 1876 1410 sunt
1903 1372 2052 1423 absque
2081 1373 2182 1419 loco,
2203 1372 2256 1411 ita
2280 1371 2398 1411 etiam
2424 1381 2516 1412 sunt

1433 1426 1582 1476 absque
1617 1434 1812 1476 tempore:
1842 1439 1936 1464 nam
1964 1434 2122 1477 tempus
2149 1426 2403 1476 consequitur
2429 1439 2515 1466 mo-

1433 1488 1519 1518 tum
1547 1481 1730 1526 localem3
1762 1480 1868 1518 unde
1897 1491 1979 1518 non
2007 1487 2209 1518 mensurat
2235 1480 2310 1518 nisi
2337 1492 2385 1518 ea
2411 1493 2514 1532 quae

1433 1533 1648 1583 aliqualiter
1676 1541 1766 1571 sunt
1794 1533 1833 1571 in
1862 1535 1962 1572 loco.
1993 1534 2042 1572 Et
2070 1534 2160 1572 ideo
2188 1533 2397 1585 intelligere
2423 1534 2514 1573 sub-

1434 1587 1594 1626 stantiae
1627 1595 1826 1638 separatae
1855 1595 1911 1625 est
1939 1599 2058 1638 supra
2085 1595 2259 1638 tempus:
2296 1587 2515 1640 operationi

1394 1656 1416 1676 ²⁵
1434 1648 1567 1679 autem
1594 1640 1838 1679 intellectuali
1862 1648 2017 1679 nostrae
2037 1641 2187 1679 adiacet
2210 1649 2378 1692 tempus,
2399 1654 2446 1680 ex
2465 1654 2514 1680 eo

1433 1695 1543 1744 quod
1571 1707 1595 1732 a
1623 1694 1960 1744 phantasmatibus
1995 1694 2259 1744 cognitionem
2288 1695 2513 1745 accipimus,

1434 1761 1536 1798 quae
1570 1747 1873 1786 determinatum
1909 1746 2120 1798 respiciunt
2148 1757 2316 1799 tempus.
2346 1750 2396 1787 Et
2422 1749 2514 1787 inde

1434 1810 1490 1839 est
1523 1802 1631 1852 quod
1667 1801 1706 1839 in
1742 1801 2028 1851 compositione
2063 1810 2100 1839 et
2132 1801 2325 1840 divisione
2358 1815 2516 1853 semper

1433 1863 1565 1892 noster
1582 1855 1796 1893 intellectus
1815 1855 1990 1904 adiungit
2006 1862 2164 1906 tempus
2183 1856 2435 1905 praeteritum
2451 1857 2516 1894 vel

1394 1922 1420 1942 ιο
1433 1909 1625 1946 futurum:
1661 1920 1742 1945 non
1776 1915 1908 1946 autem
1938 1907 1977 1946 in
2013 1907 2261 1957 intelligendo
2295 1910 2396 1959 quod
2426 1910 2517 1960 quid

1433 1967 1495 2000 est.
1515 1961 1690 2010 Intelligit
1709 1961 1815 1998 enim
1835 1962 1936 2012 quod
1953 1962 2043 2012 quid
2059 1968 2111 2000 est
2124 1961 2387 2015 abstrahendo
2406 1962 2514 2009 intel-

1432 2014 1587 2064 ligibilia
1606 2027 1629 2053 a
1657 2014 1900 2053 sensibilium
1919 2014 2224 2054 conditionibus:
2246 2015 2352 2054 unde
2376 2028 2514 2055 secun·

1432 2069 1531 2106 dum
1568 2069 1673 2106 illam
1715 2068 2004 2118 operationem,
2048 2081 2177 2120 neque
2219 2070 2294 2108 sub
2335 2078 2513 2121 tempore

1432 2134 1562 2172 neque
1591 2122 1665 2160 sub
1693 2122 1823 2172 aliqua
1851 2122 2076 2161 conditione
2109 2122 2351 2162 sensibilium
2380 2136 2513 2163 rerum

1394 2191 1415 2211 ss
1432 2175 1666 2225 intelligibile
1695 2176 2006 2226 comprehendit.
2037 2176 2254 2227 Componit
2285 2184 2419 2222 autem
2446 2180 2514 2219 atat

1432 2229 1569 2268 dividit
1597 2229 1831 2280 applicando
1861 2229 2107 2280 intelligibilia
2126 2229 2235 2281 prius
2254 2231 2445 2270 abstracta
2460 2232 2513 2271 nd

1432 2295 1508 2321 res:
1539 2292 1576 2321 et
1604 2283 1645 2321 in
1674 2284 1747 2322 hac
1775 2283 2034 2334 applicatione
2062 2295 2220 2322 necesse
2253 2292 2310 2322 est
2337 2283 2512 2325 co·intel·

1431 2337 1493 2386 ligi
1522 2345 1690 2387 tempuS.

357 2474 384 2492 ιι
407 2468 498 2493 ordine
512 2471 577 2501 post
595 2476 683 2493 rerum
701 2476 727 2493 α.

301 2507 342 2528 est
358 2510 401 2528 om
422 2503 567 2530 aDWXPc.

355 2545 366 2564 ι
388 2539 521 2573 accipiant}
541 2539 668 2572 accipiunt
686 2548 711 2564 α.
811 2547 829 2572 4
847 2540 1018 2575 intellectum]
1039 2541 1072 2566 de
1093 2541 1253 2567 intellectum
1272 2541 1369 2575 ssFpl-i,

300 2574 400 2600 animae
418 2575 547 2600 humanae
560 2575 583 2606 b,
603 2575 704 2601 animae
722 2581 857 2609 separatae
875 2576 965 2602 ceteri.

299 2610 423 2636 NWZPc.
515 2611 546 2636 32
565 2610 737 2645 sensibilium}
757 2611 925 2637 sensibilibus
945 2612 997 2637 NZ.

814 2468 846 2494 18
865 2468 1066 2503 constituuntur]
1087 2470 1252 2495 constituitur
1270 2469 1355 2501 awx,
1375 2469 1522 2495 efficiuntur
1541 2470 1595 2496 ΝΖ.

1055 2575 1087 2602 18
1105 2577 1250 2610 operationi
1270 2578 1312 2603 Ita
1331 2577 1450 2608 NYZPc;
1469 2577 1622 2611 operatione
1641 2578 1732 2604 ceter1'.

1090 2611 1123 2638 36
1143 2612 1280 2646 abstracta]
1300 2613 1443 2639 abstractas
1462 2613 1613 2639 BCEGHX.

1681 2477 1715 2504 ²9
1734 2469 1780 2504 sic]
1801 2470 1869 2497 sicut
1881 2479 1907 2497 a.
1993 2469 2109 2505 accipiat]
2129 2470 2255 2506 accipiant
2275 2471 2328 2498 Yz.
2414 2470 2447 2507 37
2466 2472 2512 2507 qui

1388 2542 1421 2566 de
1440 2541 1572 2567 intellectu
1591 2541 1621 2574 C,
1644 2542 1705 2568 dicit
1728 2542 1890 2568 intellectum
1911 2542 1943 2568 Χ.
2045 2551 2059 2577 7
2080 2542 2243 2569 substantiae
2261 2548 2398 2577 separatae
2417 2543 2460 2570 aa
2477 2543 2512 2577 Ζ]

1819 2585 1852 2611 ²7
1871 2577 2023 2613 respiciunt]
2042 2578 2172 2612 recipiunt
2190 2578 2284 2604 NZsG.
2370 2578 2404 2604 30
2422 2579 2449 2605 in
2467 2586 2511 2605 on

1707 2613 1739 2646 37
1759 2613 1922 2648 co-intelligi}
1941 2614 2027 2648 colligi
2046 2614 2077 2645 E,
2096 2614 2204 2648 intelllgi
2223 2614 2327 2641 DNYZ.

1069 2709 1408 2744 Commentario»
1431 2710 1745 2744 Fen-ariensis

303 2815 499 2879 posi-amu
523 2805 746 2838 determinavit
770 2807 906 2838 Sanctus
932 2807 1078 2838 Thomas
1101 2807 1141 2839 de
1165 2814 1280 2839 natura
1302 2809 1379 2840 sub-

365 2851 498 2882 stantiae
513 2851 747 2888 intellectualis,
773 2858 804 2883 et
827 2852 868 2883 de
883 2853 1006 2884 unione
1027 2862 1064 2883 ac
1085 2854 1287 2894 separatione
1309 2854 1378 2885 eius

298 2905 317 2926 a
339 2896 480 2932 materia,
505 2905 593 2927 nunc
617 2895 658 2927 de
682 2897 868 2937 cognitione
892 2898 994 2938 ipsius
1023 2897 1215 2929 determinat
1231 2899 1257 2929 *ἦ
1283 2898 1378 2930 Circa

297 2940 361 2970 hoc
386 2946 495 2971 autem
514 2940 580 2972 duo
597 2940 685 2972 facit:
703 2941 821 2983 primo,
838 2941 1030 2974 determinat
1046 2943 1086 2974 de
1103 2943 1290 2984 cognitione
1306 2944 1377 2975 talis

298 2985 492 3016 substantiae
509 2995 547 3017 ex
563 2991 651 3027 parte
669 2987 910 3026 cognoscentis;
927 2987 1083 3025 secundo,
1097 2998 1135 3019 ex
1152 2994 1240 3029 parte
1257 2988 1376 3020 obiecti

299 3030 430 3070 cogniti,
455 3031 559 3072 capite
582 3040 688 3061 xcvm.

352 3073 446 3105 Circa
460 3076 603 3115 primurn
617 3075 684 3107 duo
701 3074 789 3106 facit:
810 3077 928 3116 primo,
953 3077 1016 3117 agit
1033 3076 1072 3108 de
1095 3077 1165 3118 ipsa
1188 3078 1377 3118 cognitione

299 3124 457 3160 quantum
481 3119 521 3151 ad
544 3126 652 3151 actum
675 3120 833 3161 primum:
850 3121 1006 3159 secundo,
1024 3128 1183 3163 quantum
1202 3122 1243 3154 ad
1266 3128 1374 3154 actum

299 3163 488 3201 secundum,
513 3165 617 3205 capite
640 3166 799 3206 sequenti.

355 3208 449 3239 Circa
471 3209 615 3250 primum
639 3210 705 3241 duo
729 3209 820 3241 facit:
846 3211 964 3252 primo,
988 3210 1130 3242 ostendit
1153 3213 1374 3253 propositum;

300 3252 454 3290 secundo,
479 3254 638 3294 quaedam
663 3254 831 3286 corollaria
854 3255 986 3287 deducit
996 3256 1023 3286 ”.

355 3297 377 3328 1.
402 3297 571 3336 Quantum
587 3298 626 3330 ad
642 3300 794 3339 primum.
811 3301 944 3340 ponitur
962 3300 1043 3331 haec
1059 3301 1228 3332 conclusio
1241 3302 1272 3332 *z
1295 3302 1375 3333 Sub-

300 3342 438 3372 stantiae
451 3348 623 3383 separatae
640 3354 704 3374 non
722 3344 887 3385 accipiunt
902 3345 1130 3376 intellectivam
1154 3346 1375 3387 cognitionem

300 3396 341 3416 ex
363 3387 573 3424 sensibilibus,
598 3387 680 3419 idest
704 3398 722 3419 a
744 3390 839 3420 rebus
863 3399 946 3430 quae
968 3395 1043 3421 sunt
1066 3395 1154 3421 extra
1177 3391 1317 3422 animam
1341 3392 1375 3422 in

301 3432 445 3462 materia:
470 3432 552 3464 sicut
575 3432 724 3464 videlicet
747 3434 928 3465 intellectus
952 3435 1105 3466 hominis.

356 3475 518 3506 Probatur
527 3477 638 3516 primo
647 3478 673 3507 *.
692 3477 893 3509 Substantiae
909 3485 1072 3520 separatae
1084 3489 1154 3510 non
1169 3479 1288 3510 habent
1304 3490 1375 3511 cor-

303 3527 381 3557 pora
394 3520 453 3550 sibi
469 3521 652 3552 naturaliter
668 3523 766 3553 unita.
785 3523 870 3563 Ergo
883 3533 951 3554 non
968 3525 1131 3564 accipiunt
1146 3524 1374 3556 intellectivam

304 3564 521 3602 cognitionem
539 3575 575 3596 ex
593 3567 805 3598 sensibilibus.
819 3586 840 3590 -
855 3567 1012 3599 Probatur
1029 3569 1272 3610 consequentia.
1289 3569 1375 3607 Quia

305 3607 409 3637 omnis
431 3609 605 3640 substantia
628 3612 848 3651 cognoscitiva
868 3622 906 3643 ex
925 3613 1129 3645 sensibilibus
1153 3614 1375 3654 cognitionem

305 3651 474 3691 accipiens,
498 3654 593 3684 habet
616 3656 837 3695 cognitionem
854 3658 1047 3695 sensitivam,
1072 3657 1253 3691 secundum
1276 3668 1375 3699 quam

1432 2815 1506 2841 nata
1529 2815 1606 2841 sunt
1629 2809 1792 2842 sensibilia
1814 2809 1997 2842 secundum
2020 2819 2114 2842 suam
2132 2815 2281 2842 naturam
2295 2809 2510 2852 apprehendi:

1433 2860 1465 2886 et
1491 2864 1549 2896 per
1568 2864 1774 2896 consequens
1797 2855 1894 2886 habet
1909 2864 2029 2896 corpus
2044 2855 2106 2887 sibi
2120 2855 2306 2887 naturaliter
2321 2856 2462 2888 unitum.

1488 2899 1551 2930 Pro
1575 2899 1793 2931 declaratione
1822 2899 1920 2931 huius
1950 2900 2094 2937 rationis,
2125 2899 2360 2932 advertendum
2390 2906 2449 2938 est,
2472 2909 2512 2932 ex

1432 2943 1579 2976 doctrina
1609 2944 1718 2976 Sancti
1749 2944 1898 2975 Thomae
1930 2944 2046 2982 Prima,
2071 2954 2102 2986 q.
2122 2944 2172 2983 tv,
2200 2955 2228 2976 a.
2252 2953 2281 2983 2,
2307 2944 2348 2978 ad
2366 2954 2395 2983 2,
2420 2944 2512 2987 quod

1431 2998 1500 3020 esse
1513 2990 1654 3032 formae
1678 2989 1710 3020 in
1735 2989 1984 3032 imaginatione,
2004 2989 2093 3031 quod
2113 2994 2163 3021 est
2184 2999 2253 3021 esse
2267 2989 2338 3022 sine
2361 2989 2511 3027 materia,

1431 3043 1497 3065 non
1526 3040 1635 3066 autem
1665 3035 1736 3065 sine
1764 3034 1989 3066 materialibus
2015 3034 2266 3071 conditionibus,
2295 3039 2344 3066 est
2369 3034 2510 3066 median·

1431 3079 1517 3110 inter
1540 3088 1609 3111 esse
1621 3080 1763 3122 sor-mae
1785 3079 1819 3110 in
1836 3079 1986 3116 materia,
2003 3079 2095 3120 quod
2109 3084 2158 3111 est
2180 3085 2213 3111 et
2236 3089 2313 3112 cum
2330 3080 2464 3112 materia
2478 3086 2511 3112 et

1429 3133 1507 3155 cum
1532 3124 1752 3156 materialibus
1779 3123 2034 3162 conditionibus,
2057 3129 2090 3156 et
2111 3133 2181 3156 esse
2194 3125 2335 3168 sor-mae
2357 3125 2390 3156 in
2415 3123 2510 3157 intel—

1429 3169 1524 3205 lectu,
1541 3169 1630 3211 quod
1644 3174 1676 3200 et
1690 3179 1710 3201 a
1727 3169 1866 3200 materia
1883 3173 1914 3200 et
1928 3178 1949 3200 a
1969 3168 2194 3200 materialibus
2208 3168 2449 3202 conditionibus
2463 3173 2512 3200 est

1430 3213 1637 3245 abstractum.
1654 3213 1699 3244 Et
1720 3213 1797 3255 quia
1813 3213 1853 3245 de
1875 3219 2022 3245 extremo
2039 3213 2084 3245 ad
2102 3218 2283 3245 extremum
2308 3223 2374 3245 non
2391 3221 2510 3255 perve-

1430 3259 1522 3289 nitur
1545 3259 1608 3290 nisi
1625 3268 1690 3300 per
1712 3258 1863 3295 medium,
1888 3264 1925 3290 ut
1951 3263 2040 3299 patet
2062 3268 2101 3289 ex
2124 3258 2155 3289 V
2177 3258 2276 3300 Phys.
2292 3257 2418 3295 ‘,'ideo
2442 3265 2508 3289 non
2536 3259 2621 3310 :metf-

1425 3309 1537 3344 posset
1551 3304 1732 3335 substantia
1747 3308 1901 3344 separata
1918 3313 1987 3334 rem
2003 3303 2044 3334 ab
2059 3312 2129 3335 esse
2139 3303 2273 3334 omnino
2290 3301 2455 3333 materiata·
2465 3302 2510 3334 ad
2575 3301 2582 3309 ‘
2605 3302 2613 3309 “

1429 3358 1498 3380 esse
1514 3349 1648 3380 omnino
1661 3348 1880 3380 immateriale
1895 3348 2090 3390 transferre,
2104 3347 2169 3379 nisi
2177 3347 2275 3388 prius
2286 3346 2331 3378 ad
2343 3356 2412 3379 esse
2427 3347 2508 3379 ima-

1428 3393 1575 3434 ginabile
1591 3393 1771 3425 reduceret.
1790 3392 1891 3432 Quod
1907 3402 1984 3425 cum
1999 3393 2065 3424 hoc
2080 3401 2150 3423 non
2167 3391 2281 3432 possit,
2295 3392 2371 3433 quia
2387 3401 2508 3434 corpus

1429 3447 1497 3469 non
1513 3438 1619 3475 habet,
1643 3437 1719 3469 ideo
1735 3447 1804 3469 non
1827 3443 1936 3479 potest
1951 3447 1969 3468 a
1992 3434 2195 3468 sensibilibus
2216 3436 2440 3477 cognitionem
2455 3446 2508 3468 ac-

1430 3483 1547 3524 cipere.
1571 3482 1614 3513 Et
1635 3483 1701 3514 hoc
1724 3488 1771 3514 est
1795 3481 2045 3513 fundamentum
2067 3480 2201 3512 rationis
2223 3481 2276 3511 hic
2300 3481 2436 3522 positae.

1486 3527 1522 3558 11.
1543 3526 1607 3558 Sed
1623 3533 1737 3558 contra
1753 3527 1817 3558 hoc
1834 3526 2084 3558 fundamentum
2100 3525 2204 3566 arguit
2218 3525 2346 3564 Scotus‚
2363 3525 2391 3557 11
2407 3526 2506 3563 Sem..
2766 3559 2768 3561 ,

1429 3571 1459 3602 d.
1477 3582 1521 3609 m,
1539 3581 1570 3612 q.
1587 3572 1645 3603 ult.
1659 3573 1693 3609 *3
1714 3577 1746 3603 et
1762 3571 1816 3608 IV,
1829 3571 1860 3602 d.
1877 3580 1947 3607 xm,
1965 3579 1996 3611 q.
2010 3579 2043 3607 n,
2056 3569 2097 3601 ad
2114 3579 2131 3600 2
2146 3571 2190 3601 ““.
2208 3570 2330 3608 Primo,
2347 3571 2424 3612 quia
2439 3580 2505 3602 non
2535 3576 2544 3624 ζ
2559 3574 2610 3597 Ροῑ-
2629 3579 2657 3604 ³0
2678 3573 2748 3604 (VO-
2766 3574 2768 3615 J

1429 3621 1558 3657 oportet
1579 3615 1668 3658 quod
1690 3621 1738 3648 est
1760 3615 1899 3647 medium
1917 3614 2030 3646 virtuti
2045 3614 2176 3652 minori,
2194 3625 2262 3647 esse
2285 3615 2425 3647 medium
2441 3615 2507 3647 vir·
2535 3603 2620 3651 ·*ἵ-ῗὲ“ι,
2633 3634 2682 3657 ¹³0·
2766 3621 2768 3627 ·

1429 3661 1491 3691 tuti
1514 3661 1645 3692 maiori.
1663 3660 1727 3692 Sed
1750 3660 1931 3692 intellectus
1947 3659 1980 3690 in
2004 3659 2186 3691 substantia
2201 3665 2355 3701 separata
2370 3665 2420 3692 est
2429 3670 2506 3701 per-

2635 3265 2671 3286 ΙΙΙ,
2690 3265 2750 3286 2:⁸-

2625 3293 2647 3316 5.
