2768 4134
62 387 73 397 *
91 385 127 408 Cf.
152 390 215 406 num.
240 391 274 410 ιη

64 416 86 434 et
99 417 162 434 num.
172 417 222 433 xm.

61 965 72 975 '
86 963 122 986 Cf.
137 969 201 985 num.
212 969 261 990 seq.

60 3055 69 3064 ·
77 3053 147 3076 Num.
159 3060 242 3082 praec.‚
251 3061 271 3076 2.

308 304 383 340 528

360 382 413 411 XI.
442 380 563 416 Quinto
580 379 596 394 ³*
609 376 841 417 principaliter
856 375 1024 416 arguitur.
1048 375 1116 404 Aut
1131 374 1240 404 anima
1255 372 1378 412 indiget

305 426 464 456 sensibus:
490 428 544 453 aut
567 431 645 452 non.
670 421 704 451 Si
725 419 858 459 indiget,
874 437 896 441 —
912 424 948 449 ut
963 417 1133 449 manifeste
1152 417 1289 453 videtur,
1306 423 1378 447 tum

305 470 379 509 quia
403 467 460 508 qui
483 473 567 497 caret
591 475 658 496 uno
686 474 793 500 sensu,
823 473 891 494 non
919 464 1015 494 habet
1041 463 1210 493 scientiam
1237 462 1278 492 de
1305 471 1377 492 sen-

304 513 446 543 sibilibus
469 510 554 541 illius
578 519 707 546 sensus;
738 514 809 539 tum
833 509 909 548 quia
935 517 1005 538 non
1033 507 1232 538 inveniretur
1259 506 1294 537 in
1317 506 1377 537 ho-

302 557 390 587 mine
414 555 529 595 aliquis
558 553 638 584 ordo
669 553 839 584 sensitivae
869 558 901 583 et
929 552 1144 583 intellectivae
1169 551 1377 592 cognitioni8‚

304 602 395 632 cuius
419 599 616 630 contrarium
636 598 828 638 experimur,
846 607 923 628 cum
939 607 978 628 ex
993 597 1141 628 sensibus
1157 596 1235 627 fiant
1250 604 1378 626 memo-

303 646 377 682 riae,
395 654 432 674 ex
448 643 614 674 memoriis
630 642 708 673 fiant
725 643 955 682 experimenta,
972 651 1011 672 ex
1027 642 1146 681 quibus
1162 641 1377 680 comprehen-

303 689 423 720 duntur
446 687 636 718 universalia
659 687 819 727 principia
841 687 994 717 scientiae
1018 692 1050 716 et
1073 686 1147 716 artis
1169 704 1192 708 -
1216 694 1293 724 ergo
1309 694 1377 714 non

303 733 363 764 fuit
375 733 520 763 instituta
532 733 654 772 absque
667 732 833 772 corporeis
845 731 983 771 organis.
994 730 1080 768 Quia
1092 739 1204 760 sensus
1216 739 1284 760 non
1298 738 1377 769 ope-

303 784 411 808 rantur
427 778 549 817 absque
565 777 732 817 corporeis
747 778 886 816 organis.
907 776 1028 806 Natura
1043 780 1152 805 autem
1171 774 1252 805 nulli
1269 772 1378 804 deficit

302 823 336 852 in
358 822 545 853 necessariis
568 821 608 851 ad
631 821 797 861 propriam
820 821 1044 860 operationem
1069 818 1271 859 explendam.

360 876 389 897 2.
414 865 448 897 Si
472 871 581 897 autem
604 875 672 896 non
688 864 811 905 indiget
827 865 986 895 sensibus:
1009 873 1097 903 ergo,
1114 869 1289 903 antequam
1305 872 1377 892 cor-

302 911 375 952 pori
397 911 557 947 uniretur,
582 910 731 940 omniurn
755 910 961 940 scientiarum
984 908 1131 939 veritates
1154 918 1212 948 per
1239 908 1378 947 seipsam

302 955 500 995 intelligebat
515 957 542 985 ’ἦ
568 955 665 995 Ergo,
690 954 768 984 dum
792 954 922 993 corpori
947 953 1066 988 unitur,
1091 962 1168 984 cum
1194 951 1378 983 inveniatur

302 1001 465 1041 ignorans,
482 1000 681 1030 oblivionem
700 998 903 1038 praehabitae
918 998 1070 1028 scientiae
1090 998 1224 1038 patitur:
1250 1001 1282 1026 et
1298 1005 1377 1026 con-

303 1050 474 1085 sequenter
498 1043 660 1074 addiscere
689 1052 757 1073 non
782 1048 829 1072 est
851 1041 938 1072 aliud
969 1051 1068 1082 quam
1091 1042 1264 1073 reminisci.
1289 1040 1376 1081 Ergo

303 1090 382 1120 unio
395 1089 521 1119 animae
538 1094 569 1118 et
585 1087 730 1127 corporis
742 1091 881 1127 praestat
892 1086 1123 1127 intelligentiae
1135 1087 1262 1118 animae
1273 1086 1377 1126 impe-

304 1134 493 1164 dimentum.
519 1131 581 1163 Sed
598 1132 677 1162 haec
697 1132 808 1162 omnia
828 1136 904 1161 sunt
918 1131 1192 1163 inconvenientia.
1210 1131 1297 1172 Ergo
1314 1135 1376 1161 etc.

358 1177 622 1208 Inconvenientia
646 1182 677 1206 et
699 1176 922 1216 incongruitas
954 1177 1104 1208 omnium
1133 1178 1271 1207 istorum
1300 1185 1377 1216 pro-

302 1224 404 1253 batur.
429 1221 470 1252 Et
486 1222 602 1262 primo,
619 1221 868 1261 incongruentia
890 1221 996 1251 ultimi
1020 1222 1262 1263 consequentis.
1279 1220 1376 1259 Quia,

302 1276 378 1298 cum
394 1272 506 1297 natura
529 1265 610 1296 nulli
633 1266 679 1296 rei
703 1264 826 1306 aliquid
850 1265 1002 1306 adiungat
1019 1275 1077 1306 per
1101 1266 1192 1307 quod
1215 1276 1273 1297 sua
1297 1274 1378 1306 ope-

301 1311 381 1342 ratio
405 1310 610 1351 impediatur,
634 1319 702 1341 non
727 1316 810 1341 esset
834 1310 913 1341 unio
938 1311 1065 1342 animae
1089 1317 1121 1342 et
1149 1311 1296 1352 corporis
1319 1319 1377 1340 na-

300 1356 420 1386 turalis.
444 1356 485 1386 Et
507 1365 565 1395 per
588 1364 794 1395 consequens
817 1364 925 1395 neque
948 1355 1063 1386 homo.

357 1400 498 1431 Secundi
522 1400 752 1440 consequentis
780 1399 957 1430 absurditas
983 1401 1149 1440 probatur,
1174 1400 1285 1442 quoad
1312 1399 1377 1440 pri-

300 1454 388 1475 mam
412 1444 545 1486 quidem
564 1449 699 1485 partem,
723 1445 800 1485 quia
823 1445 930 1475 anima
954 1446 1065 1476 unitur
1089 1446 1220 1486 corpori
1245 1451 1280 1476 ut
1302 1453 1377 1484 per-

300 1490 407 1520 veniat
430 1489 470 1520 ad
493 1489 632 1520 veritatis
662 1489 985 1530 contemplationem.
1013 1490 1055 1520 Et
1083 1499 1143 1531 per
1170 1498 1376 1531 consequens

300 1543 358 1574 per
384 1534 482 1565 talem
510 1534 669 1564 unionem
701 1534 844 1564 habitam
875 1534 1043 1565 scientiam
1073 1545 1143 1566 non
1173 1535 1290 1576 perdit,
1319 1533 1376 1565 sed

300 1579 402 1619 magis
419 1579 528 1610 unitur
543 1584 580 1609 ut
596 1579 761 1609 scientiam
779 1578 934 1619 acquirat.
950 1579 1042 1611 Patet
1060 1586 1281 1621 assumptum:
1300 1579 1378 1620 quia

300 1624 364 1654 hoc
381 1630 428 1654 est
451 1622 524 1654 finis
547 1623 690 1654 hominis
706 1623 875 1654 constituti
897 1633 956 1664 per
978 1624 1076 1655 talem
1100 1625 1274 1661 unionem;
1299 1633 1376 1655 cum

300 1677 357 1708 per
381 1677 497 1699 omnes
519 1669 666 1708 proprias
683 1667 846 1712 ordinatas
861 1669 1069 1709 operationes
1085 1675 1116 1699 et
1131 1675 1234 1700 rectas
1257 1669 1378 1700 nitatur

301 1712 342 1743 ad
365 1712 678 1752 contemplationem
693 1713 833 1743 veritatis
849 1713 1032 1753 pervenire;
1056 1723 1133 1744 nam
1153 1714 1298 1747 actiones
1314 1713 1376 1744 vir-

301 1763 409 1788 tutum
432 1757 609 1788 activarum
636 1762 711 1787 sunt
734 1757 996 1798 praeparationes
1023 1763 1055 1788 et
1082 1757 1312 1799 dispositiones
1335 1758 1377 1789 ad

301 1802 434 1832 virtutes
457 1801 734 1842 contemplativas
751 1819 774 1823 —
791 1801 911 1840 Quoad
934 1802 1111 1833 secundam
1137 1813 1214 1834 vero
1238 1808 1375 1844 partem,

302 1846 378 1886 quia
389 1846 614 1886 interrogatus,
627 1846 748 1877 scilicet
758 1846 914 1882 absolute,
931 1846 1048 1888 aliquis
1064 1847 1270 1879 scientiarum
1285 1849 1376 1888 igna—

301 1900 354 1921 rus
371 1890 410 1921 de
434 1891 472 1920 iis
489 1900 572 1931 quae
589 1889 629 1921 ad
645 1890 793 1921 scientias
810 1891 983 1931 pertinent,
999 1901 1068 1922 non
1085 1892 1295 1932 respondebit
1313 1892 1376 1923 nisi

301 1935 340 1965 de
357 1935 590 1965 universalibus
601 1935 767 1975 principiis
783 1935 822 1965 ab
839 1935 992 1966 omnibus
1007 1935 1193 1967 naturaliter
1208 1942 1240 1967 et
1255 1935 1375 1968 eodem

299 1978 401 2010 modo
428 1979 576 2019 cognitis.
601 1979 818 2020 Interrogatus
841 1985 951 2010 autem
979 1979 1140 2016 ordinate,
1165 1980 1375 2022 respondebit

299 2024 465 2054 veritatem
481 2022 521 2054 de
536 2023 575 2054 iis
599 2032 682 2064 quae
706 2028 782 2054 suut
796 2024 983 2064 propinqua
997 2025 1175 2065 principiis,
1194 2025 1305 2056 habito
1324 2035 1375 2056 re-

299 2074 412 2108 spectu
436 2067 476 2098 ad
498 2068 672 2108 principia;
694 2073 725 2098 et
749 2068 795 2098 sic
822 2067 976 2109 deinceps
1004 2078 1179 2110 quousque
1207 2070 1374 2102 veritatem

298 2113 480 2153 primorum
492 2113 728 2153 principiorum
741 2111 781 2143 ad
794 2122 831 2143 ea
843 2112 883 2143 de
900 2113 1020 2154 quibus
1035 2113 1250 2155 interrogatur
1266 2120 1375 2155 potest

300 2157 471 2198 applicare.
496 2157 583 2198 Ergo
607 2157 736 2197 signum
761 2163 808 2188 est
832 2157 922 2197 quod
945 2167 1003 2198 per
1026 2159 1186 2200 principia
1212 2159 1317 2200 prima
1340 2160 1374 2190 in

299 2203 370 2242 ipso
395 2207 543 2232 causatur
567 2202 711 2242 cognitio
729 2201 769 2232 de
784 2211 888 2233 novo:
914 2212 981 2233 non
999 2209 1109 2234 autem
1132 2204 1222 2245 prius
1245 2204 1374 2236 habitae

299 2246 523 2277 reminiscitur.

357 2290 386 2322 3.
411 2290 550 2322 Adverte
567 2290 817 2322 fundamentum
832 2291 929 2322 huius
948 2292 1081 2323 rationis
1100 2302 1170 2324 esse
1187 2292 1289 2334 quod,
1305 2293 1331 2325 si
1347 2294 1374 2324 is

301 2336 357 2376 qui
380 2335 604 2376 interrogatur,
621 2341 657 2366 ut
680 2335 810 2366 volebat
833 2335 936 2373 Plato,
951 2346 1020 2367 non
1045 2338 1182 2378 acquirit
1205 2338 1374 2370 scientiam

301 2389 339 2410 ex
365 2380 477 2420 primis
496 2380 673 2421 principiis,
703 2379 759 2411 sed
786 2379 949 2412 reducitur
975 2381 1009 2412 in
1036 2383 1231 2414 memoriam
1258 2393 1374 2415 eorum

301 2433 384 2464 quae
400 2425 490 2464 prius
506 2424 609 2455 fuerat
625 2424 756 2461 oblitus,
770 2425 812 2455 ita
827 2425 1038 2466 responderet
1053 2427 1220 2458 veritatem
1237 2427 1277 2459 de
1294 2437 1374 2460 con-

301 2469 500 2500 clusionibus
530 2468 712 2500 inordinate
744 2470 972 2510 interrogatus,
1004 2471 1087 2502 sicut
1117 2471 1157 2502 de
1192 2473 1374 2514 primorum

300 2513 535 2554 principiorum
551 2513 737 2545 naturaliter
753 2515 959 2555 cognitorum
976 2516 1108 2547 veritate
1124 2517 1310 2558 respondet.
1328 2517 1375 2550 lta

301 2559 388 2588 enim
411 2559 528 2596 anima,
549 2563 723 2599 antequam
740 2559 885 2590 uniretur
901 2561 1042 2600 corpori,
1066 2561 1204 2592 habebat
1223 2563 1374 2594 notitiam

301 2603 560 2640 conclusionum,
590 2602 672 2634 sicut
702 2603 938 2644 principiorum
968 2605 1161 2646 primorum,
1191 2607 1374 2639 secundum

299 2647 441 2678 Platonis
457 2647 666 2688 positionem.
682 2647 778 2679 Nunc
799 2654 908 2680 autem
923 2649 1071 2682 videmus
1091 2650 1182 2691 quod
1205 2651 1245 2682 de
1261 2653 1374 2693 primis

300 2692 465 2733 principiis
481 2692 665 2724 naturaliter
687 2693 774 2724 notis
790 2693 956 2725 veritatem
971 2695 1160 2736 respondet:
1177 2705 1246 2727 non
1263 2703 1374 2730 autem

300 2736 339 2767 de
364 2737 431 2767 aliis
450 2737 511 2768 nisi
529 2737 674 2768 ordinate
691 2738 916 2779 interrogatus,
934 2739 1115 2771 secundum
1140 2740 1289 2774 ordinem
1310 2742 1373 2784 syl-

299 2781 494 2821 logisticum,
508 2788 539 2812 et
555 2781 736 2813 secundum
753 2782 843 2823 quod
859 2783 928 2824 ipsa
944 2784 1103 2825 principia
1118 2785 1180 2816 illis
1196 2785 1236 2817 de
1253 2787 1373 2828 quibus

300 2827 523 2866 interrogatur,
548 2827 709 2868 applicare
733 2833 851 2868 potest.
875 2827 962 2870 Ergo
979 2829 1109 2870 signum
1125 2836 1172 2861 est
1197 2831 1287 2872 quod
1303 2841 1373 2863 non

301 2869 340 2901 de
364 2871 517 2902 omnibus
540 2871 719 2902 naturalem
737 2872 960 2912 cognitionem
983 2873 1080 2905 habet
1095 2874 1179 2906 sicut
1196 2875 1236 2907 de
1259 2877 1373 2918 primis

300 2914 481 2956 principiis:
506 2915 562 2946 sed
579 2925 650 2947 eam
667 2925 705 2947 ex
729 2916 926 2949 deductione
943 2917 982 2949 ab
998 2918 1060 2949 illis
1075 2919 1109 2950 in
1126 2919 1234 2961 seipso
1251 2927 1372 2958 causat,

300 2960 406 2999 ipsum
431 2969 470 2990 eo
496 2960 553 3000 qui
576 2961 751 3001 interrogat
775 2962 944 2994 excitante.
973 2962 1014 2994 Et
1037 2963 1083 2995 sic
1109 2971 1258 2997 nostrum
1282 2965 1372 2997 addi-

300 3013 387 3034 scere
410 3014 479 3035 non
503 3010 550 3036 est
573 3005 681 3036 solum
703 3005 876 3038 reminisci.

354 3048 422 3079 XII.
448 3048 571 3080 Contra
586 3055 696 3081 autern
711 3050 854 3091 primum
871 3060 1078 3093 consequens
1093 3053 1120 3090 *ἃ
1142 3053 1265 3086 scilicet
1281 3053 1373 3095 quod

300 3092 420 3129 anima,
445 3098 618 3135 antequam
646 3095 797 3126 uniretur
820 3096 964 3136 corpori,
989 3096 1134 3127 omnium
1161 3098 1372 3130 scientiarum

301 3137 451 3168 veritates
468 3147 532 3178 per
553 3139 690 3179 seipsam
715 3139 927 3182 intelligebat,
952 3141 1096 3182 arguitur
1119 3142 1296 3182 tripliciter.

354 3181 473 3213 Primo.
497 3182 572 3214 Non
597 3189 644 3214 est
668 3183 781 3215 eadem
797 3186 940 3222 scientia,
960 3184 1043 3216 idest
1064 3187 1220 3227 cognitio,
1236 3187 1277 3219 de
1293 3198 1373 3220 con-

301 3225 498 3257 clusionibus
523 3227 609 3268 apud
633 3237 758 3265 omnes,
785 3229 841 3260 sed
863 3229 972 3261 solum
996 3229 1037 3262 de
1060 3230 1171 3271 primis
1194 3232 1371 3274 principiis.

301 3269 385 3310 Ergo
410 3271 554 3311 cognitio
579 3272 829 3305 conclusionum
853 3284 920 3305 non
946 3279 993 3305 est
1015 3274 1170 3306 naturalis
1185 3276 1290 3312 nobis,
1315 3277 1372 3309 sed

300 3319 424 3345 tanturn
448 3315 629 3355 primorum
651 3318 898 3359 principiorum.
922 3318 1009 3359 Ergo
1029 3319 1164 3350 scientia
1186 3321 1371 3353 conclusio-

301 3367 379 3388 num
403 3369 470 3389 non
496 3365 542 3390 est
566 3361 598 3391 in
623 3362 717 3392 nobis
741 3363 801 3393 nisi
819 3373 857 3394 ex
881 3363 1047 3404 principiis
1072 3364 1238 3404 acquisita.
1255 3384 1278 3388 -
1293 3365 1371 3397 Pro-

301 3403 392 3433 batur
415 3404 518 3443 prima
542 3407 785 3446 consequentia.
803 3407 889 3446 Quia
906 3417 990 3448 quae
1014 3414 1090 3439 sunt
1113 3409 1279 3446 naturalia,
1297 3417 1372 3442 sunt

302 3446 412 3477 eadem
432 3447 518 3488 apud
538 3458 662 3480 omnes.
676 3468 696 3471 —
710 3449 859 3483 Secunda
875 3453 971 3483 etiam
988 3453 1154 3493 probatur.
1175 3452 1262 3491 Quia
1282 3455 1372 3495 quod

301 3499 368 3521 non
392 3498 438 3522 est
462 3493 604 3524 naturale
628 3495 732 3531 nobis,
758 3497 933 3537 acquiritur
956 3506 1014 3538 per
1036 3497 1069 3528 id
1093 3497 1184 3538 quod
1209 3504 1255 3528 est
1278 3505 1372 3530 natu-

302 3534 380 3565 rale:
407 3536 487 3566 sicut
511 3536 686 3569 artificialia
710 3549 767 3580 per
791 3550 905 3572 manus
930 3541 1139 3573 instituimus.

359 3588 387 3609 2.
412 3579 573 3612 Secundo.
599 3582 781 3614 Intellectus
797 3584 893 3615 habet
910 3595 1013 3616 unum
1035 3585 1180 3617 naturale
1205 3586 1371 3618 obiectum

302 3630 359 3671 per
382 3632 415 3652 se
440 3630 470 3654 et
493 3626 677 3657 naturaliter
701 3629 879 3668 cognitum,
905 3630 996 3670 quod
1026 3637 1073 3661 est
1097 3640 1163 3662 ens.
1188 3629 1275 3672 Ergo
1303 3632 1371 3663 sola

302 3674 405 3705 prima
428 3667 583 3708 principia
606 3671 790 3702 naturaliter
815 3675 991 3713 cognoscit,
1018 3675 1245 3707 conclusiones
1262 3682 1370 3707 autem

751 298 939 346 SUMMA
968 296 1191 333 CONTRA
1219 293 1497 341 GENTILES,
1525 292 1621 328 LIB.
1642 292 1684 336 11,
1715 291 1826 328 CAP.
1846 291 2054 328 LXXXIII.

1431 381 1489 411 per
1511 371 1592 410 ipsa.
1615 388 1638 392 —
1661 370 1820 400 Probatur
1843 369 2048 400 antecedens.
2076 369 2198 408 Quoad
2219 372 2359 412 primam
2382 381 2508 415 partem

1432 415 1576 456 quidem,
1593 415 1670 455 quia
1686 414 1783 444 unius
1799 413 1924 444 virtutis
1945 419 1993 444 est
2008 423 2113 445 unum
2129 415 2295 447 obiectum
2311 419 2507 451 naturaliter.

1432 459 1551 497 Quoad
1574 457 1752 489 secundam
1767 467 1846 488 vero
1861 463 1998 498 partem,
2018 458 2095 498 quia
2117 459 2178 490 sub
2198 465 2271 491 ente
2293 464 2509 503 comprehen-

1432 504 1552 534 duntur
1568 503 1680 533 omnia
1695 503 1735 533 ab
1752 502 1920 545 intellectu
1940 503 2082 543 cognita.
2098 521 2120 526 -—
2137 502 2384 545 Consequentia
2398 513 2509 540 autem

1430 549 1596 589 probatur.
1613 547 1703 578 Tum
1725 547 1866 577 ratione:
1884 547 1962 588 quia
1977 547 2011 578 in
2027 548 2216 588 cognitione
2239 558 2304 590 qua
2325 550 2510 584 intellectus

1432 593 1603 633 cognoscit
1630 601 1687 622 ens
1717 597 1749 622 et
1779 601 1817 622 ea
1848 600 1933 632 quae
1956 598 2032 622 sunt
2061 601 2121 633 per
2143 602 2178 624 se
2202 594 2284 625 entis
2313 595 2510 636 inquantum

1431 636 1631 672 huiusmodi,
1661 635 1816 667 fundatur
1837 636 2022 676 primorum
2053 637 2292 679 principiorum
2321 641 2447 678 notitia,
2474 647 2511 673 ut

1432 691 1498 712 non
1523 690 1591 711 esse
1613 680 1713 711 simul
1735 679 1909 721 affirmare
1931 686 1963 711 et
1985 691 2120 723 negare,
2145 688 2177 713 et
2199 683 2400 716 huiusmodi.
2421 685 2511 718 Tum

1432 725 1583 766 exemplo
1600 725 1730 761 coloris,
1747 734 1806 766 per
1822 734 1923 765 quem
1946 727 2117 766 cognoscit
2131 727 2219 758 visus
2235 729 2347 759 omnia
2362 730 2510 762 visibilia.

1486 769 1735 801 Advertendum
1767 769 1860 810 quod
1888 779 1958 800 non
1989 779 2050 811 pro
2074 771 2194 802 eodem
2228 774 2346 814 accipit
2373 774 2511 807 Sanctus

1431 814 1577 845 Thomas
1593 814 1752 845 obiectum
1769 815 1924 845 naturale
1938 814 2132 853 intellectus,
2148 822 2181 847 et
2196 817 2355 849 obiectum
2364 830 2511 861 propor-

1431 859 1593 890 tionatum
1609 864 1641 890 et
1658 859 1879 890 connaturale
1902 859 2014 900 ipsius.
2031 859 2130 898 Quia,
2146 866 2183 891 ut
2205 862 2276 903 ipse
2299 863 2376 895 alibi
2387 865 2405 882 ⁴*
2421 865 2510 902 dicit,

1430 913 1499 934 non
1532 913 1599 940 ens,
1624 902 1680 934 sed
1705 903 1871 945 quidditas
1894 904 1944 935 rei
1967 905 2150 936 materialis
2173 912 2222 937 est
2249 907 2313 938 tale
2343 909 2511 941 obiectum

1430 948 1624 979 intellectus.
1649 947 1714 979 Sed
1737 948 1906 980 obiectum
1931 949 2078 980 naturale
2105 956 2202 981 vocat
2225 951 2393 984 obiectum
2415 954 2511 986 adae-

1432 999 1570 1034 quatum
1585 994 1619 1024 in
1636 993 1728 1034 quod
1742 993 1930 1024 naturaliter
1947 994 2133 1025 intellectus
2149 994 2337 1028 inclinatur:
2363 1004 2400 1029 ut
2421 1005 2512 1040 patet

1432 1047 1471 1069 ex
1493 1039 1595 1079 ipsius
1619 1038 1863 1079 explanatione;
1886 1039 1994 1079 inquit
2017 1039 2105 1070 enim
2129 1039 2221 1080 quod
2250 1041 2313 1072 tale
2343 1043 2511 1076 obiectum

1431 1087 1479 1114 est
1501 1083 1536 1114 id
1557 1083 1616 1114 sub
1639 1093 1704 1124 quo
1728 1083 2049 1124 comprehenduntur
2069 1085 2181 1116 omnia
2203 1085 2245 1117 ab
2267 1087 2433 1120 intellectu
2455 1098 2512 1120 co-

1429 1127 1536 1169 gnita,
1560 1128 1645 1159 sicut
1665 1128 1724 1159 sub
1748 1129 1861 1159 colore
1891 1129 2212 1170 comprehenduntur
2235 1141 2348 1163 omnes
2370 1134 2511 1171 colores,

1430 1173 1486 1214 qui
1508 1178 1586 1204 sunt
1601 1182 1667 1213 per
1680 1182 1716 1203 se
1731 1173 1882 1205 visibiles.
1902 1173 2041 1205 Constat
2056 1180 2167 1206 autem
2184 1176 2276 1216 quod
2290 1177 2350 1208 ista
2366 1184 2415 1210 est
2428 1180 2511 1211 ratio

1431 1218 1551 1248 obiecti
1575 1217 1758 1259 adaequati.

1487 1261 1733 1294 Advertendum
1757 1262 1915 1300 secundo,
1939 1262 2031 1304 quod
2059 1264 2208 1304 potentia
2237 1265 2361 1298 habens
2387 1267 2512 1310 aliquid

1429 1316 1490 1347 pro
1515 1307 1646 1338 obiecto
1671 1306 1864 1348 adaequato,
1880 1308 1915 1338 in
1938 1307 2020 1339 illud
2035 1308 2203 1340 obiectum
2227 1309 2394 1351 dumtaxat
2416 1318 2512 1346 natu-

1430 1352 1537 1383 raliter
1560 1351 1670 1383 fertur.
1695 1351 1731 1383 In
1756 1361 1794 1383 ea
1817 1358 1928 1383 autem
1951 1362 2036 1394 quae
2063 1359 2139 1384 sunt
2161 1355 2222 1385 sub
2245 1355 2319 1396 ipso
2346 1363 2511 1396 contenta,

1430 1396 1612 1428 secundum
1627 1397 1776 1438 proprias
1795 1406 1911 1428 eorum
1929 1398 2083 1435 rationes,
2098 1407 2167 1430 non
2190 1397 2290 1431 fertur
2312 1402 2511 1442 naturaliter,

1430 1441 1487 1472 sed
1511 1447 1638 1473 tantum
1653 1442 1851 1483 inquantum
1866 1442 2007 1474 salvatur
2021 1442 2056 1474 in
2078 1443 2158 1484 ipsis
2179 1444 2262 1475 ratio
2279 1446 2400 1478 obiecti
2416 1446 2511 1480 adae-

1430 1486 1531 1527 quati,
1555 1492 1587 1517 et
1609 1496 1668 1528 per
1690 1486 1800 1528 ipsum
1824 1487 1992 1518 obiectum
2015 1487 2235 1529 adaequatum
2257 1490 2291 1520 in
2314 1490 2371 1522 illa
2393 1490 2510 1524 fertur:

1429 1531 1513 1562 sicut
1535 1531 1624 1562 visus
1647 1531 1835 1563 naturaliter
1859 1530 1961 1563 fertur
1983 1532 2017 1563 in
2042 1532 2200 1571 colorem,
2223 1543 2293 1566 non
2317 1541 2428 1568 autem
2451 1546 2510 1569 na-

1429 1576 1572 1607 turaliter
1599 1575 1700 1607 fertur
1722 1577 1758 1607 in
1785 1576 1970 1608 albedinem
1999 1577 2199 1618 inquantum
2228 1579 2346 1612 albedo
2371 1587 2430 1619 est,
2452 1581 2511 1614 aed

1428 1621 1627 1661 inquantum
1650 1626 1699 1652 est
1721 1620 1824 1652 color.
1847 1620 1985 1663 Propter
2006 1621 2083 1659 hoc,
2100 1631 2139 1654 ex
2156 1632 2196 1654 eo
2213 1624 2306 1665 quod
2325 1625 2511 1660 intellectus

1428 1665 1616 1696 naturaliter
1639 1665 1810 1706 cognoscit
1825 1675 1883 1696 ens
1899 1671 2027 1697 tantum
2042 1671 2201 1708 tanquam
2223 1678 2322 1701 suum
2341 1671 2510 1708 obiectum

1429 1709 1648 1751 adaequatum
1672 1715 1704 1741 et
1727 1710 1883 1748 naturale,
1900 1717 1932 1742 et
1956 1720 1994 1742 ea
2017 1720 2102 1752 quae
2125 1718 2201 1744 sunt
2240 1722 2274 1744 er
2297 1723 2331 1745 se
2355 1715 2439 1749 entis
2458 1716 2511 1749 in-

1430 1761 1591 1796 quantum
1615 1754 1816 1791 huiusmodi,
1843 1755 1879 1786 in
1902 1765 1967 1797 qua
1991 1756 2182 1796 cognitione
2209 1721 2363 1790 {undatur
2385 1760 2510 1801 primo-

1429 1809 1502 1830 rum
1525 1799 1764 1840 principiorum
1794 1799 1927 1838 notitia;
1955 1799 2124 1832 concludit
2140 1801 2232 1843 quod
2253 1803 2323 1834 sola
2348 1805 2511 1847 principia

1428 1844 1533 1885 prima
1555 1844 1743 1875 naturaliter
1774 1850 2030 1885 cognoscuntur,
2058 1845 2143 1877 sicut
2172 1847 2296 1879 scilicet
2317 1848 2429 1882 solum
2450 1859 2511 1882 ens

1428 1888 1616 1920 naturaliter
1631 1889 1852 1930 cognoscitur.
1874 1887 2115 1921 conclusiones
2138 1896 2259 1929 autem,
2275 1897 2313 1923 ut
2324 1899 2404 1927 sunt
2418 1893 2510 1934 talea,

1429 1942 1499 1964 non
1524 1932 1712 1964 naturaliter
1735 1939 1990 1973 cognoscuntur,
2014 1933 2071 1965 sed
2093 1943 2152 1976 per
2178 1935 2248 1977 ipsa
2269 1937 2376 1978 prima
2390 1938 2511 1980 prinei·

1428 1977 1499 2018 pia:
1516 1976 1799 2018 quemadmodum
1812 1977 1899 2008 visus
1909 1987 1968 2020 per
1979 1978 2127 2011 colorem
2141 1980 2328 2013 naturaliter
2340 1983 2511 2025 cognitum

1429 2021 1541 2052 omnia
1548 2021 1695 2059 visibilia,
1703 2027 1769 2053 tam
1780 2023 1970 2054 communia
1982 2033 2082 2064 quam
2093 2033 2152 2065 per
2159 2024 2321 2064 accidens,
2328 2019 2510 2069 cogno-du

1473 2066 1503 2097 3.
1517 2065 1642 2097 Tertio.
1656 2066 1807 2107 Ipsorum
1821 2067 2061 2109 principiorum
2076 2069 2223 2110 cognitio
2239 2080 2278 2102 ex
2301 2065 2510 2108 sensibilibus

1428 2110 1463 2142 in
1478 2111 1575 2142 nobis
1591 2117 1752 2142 causatur.
1768 2111 1856 2152 Ergo
1871 2121 1934 2143 nec
1949 2113 2099 2154 ipsorum
2114 2114 2260 2156 cognitio
2276 2114 2368 2148 affixit
2381 2117 2510 2154 aniane

1428 2161 1502 2186 ante
1527 2165 1658 2197 corpus.
1682 2155 1770 2197 Ergo
1793 2155 1899 2188 multo
1921 2157 2032 2189 minus
2055 2157 2195 2191 aliorum
2218 2161 2375 2202 cognitio.
2391 2178 2413 2186 -
2427 2157 2522 2205 1⁵⁸⁰·-

1426 2200 1520 2231 batur
1543 2199 1749 2232 antecedens.
1774 2199 1862 2240 Quia
1892 2201 1955 2233 nisi
1978 2202 2114 2244 aliquod
2137 2209 2246 2236 totum
2275 2214 2374 2238 sensu
2395 2215 2511 2249 perce.-

1427 2245 1600 2286 pissemus,
1624 2255 1694 2277 non
1716 2255 1890 2287 possemus
1912 2246 2091 2288 intelligere
2107 2253 2211 2280 totum
2233 2259 2302 2281 esse
2325 2251 2509 2292 maius-rua

1422 2295 1540 2331 parte:
1555 2290 1638 2321 sicut
1654 2300 1716 2322 nec
1733 2300 1850 2322 caecus
1865 2297 1960 2323 natus
1975 2291 2100 2333 aliquid
2117 2293 2257 2335 percipit
2273 2293 2314 2326 de
2330 2290 2510 2331 coloribus.

1484 2333 1731 2366 Attendendum
1748 2334 1839 2376 quod
1855 2345 1892 2366 ea
1916 2345 2001 2377 quae
2017 2336 2070 2368 hic
2093 2336 2247 2370 dicuntur
2265 2338 2306 2371 de
2329 2335 2508 2383 principiis,

1428 2379 1550 2411 scilicet
1573 2379 1665 2420 quod
1688 2389 1804 2412 eorum
1821 2380 1966 2421 cognitio
1986 2388 2136 2415 causatur
2152 2391 2191 2414 ex
2207 2383 2422 2423 sensibilibus,
2437 2382 2508 2417 non

1428 2423 1656 2456 contradicunt
1671 2425 1904 2466 superioribus,
1922 2425 1956 2457 in
1973 2426 2092 2467 quibus
2108 2425 2231 2458 dictum
2248 2434 2296 2460 est
2319 2438 2435 2462 eorum
2450 2439 2508 2463 co·

2533 865 2543 875 ·
2560 863 2599 886 Cf.
2610 863 2666 891 1P.,
2675 869 2719 891 ιιι,
2730 871 2756 892 4.

1427 2469 1610 2510 gnitionem
1641 2479 1710 2501 esse
1736 2469 1929 2502 naturalem.
1957 2469 2054 2509 Quia,
2083 2477 2119 2503 ut
2144 2471 2179 2503 in
2205 2471 2475 2517 praecedentibus
2490 2475 2508 2492 θ
2536 2478 2545 2488 ”
2598 2492 2606 2500 .

1429 2513 1674 2551 declaravimus,
1695 2513 1823 2546 habitus
1846 2515 2030 2556 primorum
2045 2516 2284 2558 principiorum
2304 2527 2374 2551 non
2396 2515 2444 2552 si'c
2455 2516 2508 2553 di-

1429 2559 1511 2590 citur
1533 2559 1629 2590 nobis
1652 2558 1806 2590 naturalis
1822 2569 1891 2591 esse
1907 2560 1999 2602 quasi
2015 2560 2056 2592 sit
2071 2561 2198 2593 animae
2218 2563 2426 2604 congenitus:
2449 2563 2507 2598 sed

1429 2603 1505 2645 quia
1535 2613 1593 2645 per
1623 2604 1940 2645 argumentationem
1972 2611 2003 2636 et
2033 2604 2267 2638 deductionem
2299 2607 2339 2639 ab
2371 2617 2409 2640 ea
2437 2618 2509 2642 non

1428 2649 1616 2690 acquiritur,
1633 2648 1689 2680 sed
1712 2654 1839 2680 tantum
1855 2649 1980 2681 lumine
2002 2650 2141 2682 naturali
2163 2650 2348 2684 intellectus
2371 2653 2508 2695 agentis,

1427 2694 1605 2736 suppositis
1628 2693 1787 2732 sensibus,
1804 2703 1822 2725 a
1846 2694 1965 2736 quibus
1981 2695 2197 2728 terminorum
2213 2698 2438 2738 cognitionem
2453 2708 2507 2732 ac-

1427 2739 1576 2781 cipimus.
1590 2738 1687 2770 Unde
1702 2738 1778 2770 talia
1793 2739 1954 2782 principia
1966 2745 1998 2771 et
2013 2746 2090 2772 sunt
2103 2741 2200 2772 nobis
2214 2741 2402 2775 naturaliter
2415 2749 2517 2785 nota,-

1427 2790 1459 2815 et
1482 2794 1521 2816 ex
1545 2783 1749 2815 sensibilibus
1772 2793 1889 2816 eorum
1911 2784 2062 2816 notitiam
2085 2785 2275 2828 accipimus.

1481 2827 1566 2860 xnl.
1590 2828 1690 2860 Sexto
1707 2829 1940 2871 principaliter
1962 2830 2120 2872 arguitur
2134 2831 2162 2862 θ.
2187 2830 2220 2863 Si
2241 2840 2356 2864 omnes
2378 2831 2541 2867 animae·

1426 2873 1677 2915 praeextiterunt
1708 2874 1911 2915 corporibus,
1941 2883 2074 2907 necesse
2105 2881 2153 2908 est
2184 2882 2221 2908 ut
2255 2876 2370 2909 eadem
2397 2876 2507 2911 anima

1426 2917 1648 2951 vicissitudine
1671 2924 1860 2963 temporum
1882 2918 2016 2951 diversis
2038 2919 2231 2963 corporibus
2253 2922 2395 2955 uniatur.
2413 2920 2506 2956 Alio.-

1427 2963 1508 3005 quin
1531 2969 1698 3004 oporteret
1726 2973 1851 3005 ponere
1880 2963 2022 2996 infinitas
2045 2964 2168 2997 animas
2190 2965 2225 2997 in
2248 2972 2338 2998 actu:
2366 2972 2433 3000 tam
2455 2976 2506 3001 te·

1427 3007 1573 3040 cundum
1603 3014 1765 3049 ponentes
1795 3010 2018 3042 aeternitatem
2043 3009 2170 3048 mundi,
2195 3019 2295 3052 quam
2322 3006 2506 3045 secundun

1427 3059 1587 3095 ponentes
1609 3053 1854 3094 generationem
1877 3064 1946 3086 non
1965 3060 2128 3087 aeternam
2153 3054 2297 3097 quidem,
2313 3055 2371 3088 sed
2393 3061 2506 3095 tamen

1426 3108 1523 3140 posse
1546 3097 1662 3130 durare
1679 3098 1867 3131 naturaliter
1889 3100 1925 3131 in
1946 3098 2124 3131 infinitum.
2146 3099 2223 3132 l-Ioc
2239 3106 2350 3132 autem
2372 3106 2420 3134 est
2442 3101 2504 3134 im·

1426 3143 1591 3184 possibile.
1615 3142 1702 3183 Ergo
1723 3149 1784 3175 etc.
2478 3180 2480 3183 v

1481 3187 1640 3220 Probatur
1663 3186 1793 3220 falsitas.
1821 3187 1911 3220 Tum
1939 3189 2015 3229 quia
2043 3194 2174 3230 oportet
2201 3187 2419 3223 diversitatem
2440 3198 2503 3223 nu-

1426 3232 1582 3264 meralem
1604 3233 1786 3264 animarum
1803 3232 1885 3274 (non
1908 3233 1997 3264 enim
2018 3233 2127 3275 specie
2151 3233 2404 3276 distinguuntur,
2418 3233 2504 3268 siem

1425 3286 1486 3309 nec
1513 3276 1678 3318 homines)
1703 3277 1886 3309 secundum
1902 3277 2051 3310 ordinem
2067 3277 2109 3310 ad
2123 3276 2264 3310 diversas
2280 3277 2432 3310 materias
2447 3287 2502 3310 su-

1425 3331 1525 3359 mere,
1543 3332 1583 3354 eo
1602 3321 1705 3354 modo
1726 3331 1794 3363 quo
1808 3332 1906 3364 supra
1917 3323 1934 3341 ⁴*
1952 3328 1999 3354 est
2015 3329 2200 3355 ostensum:
2217 3320 2397 3354 differentia
2412 3323 2503 3356 enim
2527 3329 2538 3339 ·

1425 3366 1607 3398 secundum
1630 3376 1806 3398 numerum
1829 3367 1913 3398 inest
1935 3366 2118 3400 secundum
2139 3366 2298 3408 principia
2311 3366 2500 3400 materialia.

1425 3411 1466 3442 Et
1490 3411 1535 3442 sic
1559 3411 1683 3443 diversa
1706 3421 1846 3453 corpora
1868 3420 2002 3443 necesse
2019 3417 2066 3443 est
2081 3410 2172 3452 quod
2196 3411 2336 3443 habeant
2359 3411 2501 3444 diversae

1425 3456 1548 3486 animas
1572 3456 1632 3487 sibi
1656 3456 1771 3487 unitas.

1481 3500 1570 3532 Tum
1594 3501 1671 3542 quia
1694 3502 1801 3532 anima
1817 3500 1928 3532 unitur
1943 3499 2076 3540 corpori
2091 3505 2127 3531 ut
2152 3498 2265 3531 forma.
2291 3499 2427 3532 Formas
2441 3510 2499 3533 au-

1425 3550 1491 3575 tem
1516 3551 1646 3585 oportet
1670 3555 1739 3576 esse
1764 3544 1956 3587 corporibus
1979 3543 2261 3585 proportionatas:
2287 3555 2364 3577 cum
2386 3555 2421 3578 se
2443 3545 2499 3577 ha-

1424 3589 1521 3620 beant
1545 3589 1585 3620 ad
1608 3589 1750 3621 invicem
1773 3595 1810 3621 ut
1833 3594 1923 3620 actus
1946 3594 1978 3619 et
2001 3589 2158 3629 potentia.

1480 3633 1567 3664 Tum
1592 3634 1678 3674 quia,
1704 3634 1801 3666 etiam
1824 3633 1850 3664 si
1874 3638 2015 3675 ponatur
2038 3642 2107 3664 non
2123 3643 2192 3664 esse
2216 3632 2322 3666 forma
2342 3633 2499 3676 corporis,

1424 3687 1493 3708 non
1516 3684 1624 3719 potest
1647 3679 1756 3720 negari
1782 3677 1862 3719 quin
1891 3677 1931 3708 sit
1953 3683 2073 3709 motor.
2101 3677 2263 3710 Virtutem
2294 3684 2404 3710 autem
2425 3687 2499 3710 mo-
