2768 4134
19 412 30 422 ‘¹
44 410 102 439 cap.
117 416 175 432 χιιι.

10 2241 24 2253 ·
37 2240 96 2270 esp.
110 2246 180 2263 xvni.

212 3615 215 3618 ⁴
264 3602 326 3638 que]
346 3602 483 3628 cuiuslibet
502 3601 546 3627 Pe.
637 3599 673 3632 46
692 3599 749 3632 ipse
767 3599 791 3623 Α
809 3598 894 3628 solus;
913 3604 965 3623 om.
1055 3600 1085 3619 ut
1103 3600 1182 3626 supra
1200 3599 1338 3618 ostensum
1357 3600 1386 3617 es

850 276 1040 314 SUMMA
1069 278 1291 318 CONTRA
1319 280 1595 342 GENTILES,
1626 282 1738 320 CAP.
1759 283 1872 320 XLII.
2390 297 2462 333 119

262 362 479 415 essentiam·
500 367 596 400 eius,
624 366 718 392 cum
755 366 839 404 ipsa
874 356 1079 394 necessitas
1113 359 1264 396 essendi
1293 359 1339 396 sit
1393 373 1484 411 que,
1513 374 1604 410 ergo
1632 362 1758 400 neutri
1786 361 1856 399 erit
1892 374 1963 400 sua
1999 362 2192 412 quidditas
2220 375 2338 403 suum
2365 376 2460 402 esse.

262 415 428 468 essentia
447 420 542 468 eius,
562 415 606 445 ut
625 420 673 468 ex.
691 419 810 469 supra
822 408 844 430 '⁸‘
862 408 971 468 dictis
998 418 1113 459 patet,
1132 412 1338 451 necessitas
1394 416 1474 454 Sed
1490 417 1567 453 hoe
1581 423 1732 465 oportet
1751 414 1791 452 in
1805 416 1890 452 Deo
1905 427 2064 465 ponere,
2080 423 2122 454 ut
2135 416 2345 466 probatum
2364 425 2420 455 est
2429 417 2460 455 ⁴².

261 462 416 522 essendi
435 469 505 522 0111
528 462 764 522 030531111οε
791 461 1010 500 accidentis.
1037 464 1115 501 Sed
1134 465 1338 504 necessitas
1393 470 1498 518 Ergo
1517 476 1702 507 neutrum
1719 468 1876 506 illorum
1895 469 2067 506 duorum
2091 476 2146 506 est
2173 470 2250 507 1100
2277 471 2386 519 quod
2405 457 2461 509 in-

262 515 416 575 essendi
438 523 638 575 invenitur
654 527 695 552 111
714 523 894 575 utroque.
915 517 1019 564 Ergo
1038 525 1250 577 utrumque
1270 519 1337 556 ha·
1394 521 1598 571 telligimus
1626 520 1786 559 nomine
1805 521 1889 559 Dei.
1921 521 1985 559 Sic
2010 521 2123 570 igitur
2150 522 2387 572 impossibile
2406 533 2462 562 est

262 569 368 606 bebit
403 569 510 628 illud·
537 568 728 606 accidens.
768 569 818 606 Et
855 581 908 606 510
944 582 1025 607 11011
1058 571 1370 619 d1st1nguenturx
1394 588 1538 626 ponere
1567 575 1802 613 duos.deos‚

261 622 483 683 secundum
500 622 608 682 illud.
625 644 651 648 —
665 622 858 682 Siautem
877 634 996 683 causa
1014 623 1113 660 illius
1132 625 1338 663 accidentis
1449 628 1638 678 Amplius.
1668 627 1777 666 Nihil
1805 639 1944 666 eorum
1976 639 2077 678 quae
2105 628 2342 666 conveniunt
2369 630 2462 668 huic

261 683 308 713 511
331 675 483 736 aliquid
511 675 629 721 aliud,
653 687 728 712 11151
757 687 849 736 ergo
874 676 970 735 illud
999 676 1104 736 aliud
1132 686 1242 725 esset,
1263 680 1338 717 hoc
1395 682 1542 731 signato
1562 681 1797 731 inquantum
1816 688 1872 718 est
1891 681 1967 718 hoc
1986 680 2190 728 signatum,
2206 682 2386 730 possibile
2405 691 2462 721 est

260 729 440 790 3001110115
468 740 550 766 11011
587 736 696 789 esset.
735 729 784 766 Et
811 741 884 767 11151
916 730 994 767 hoc
1021 730 1199 768 accidens
1227 740 1336 780 esset,
1394 735 1455 774 alii
1484 735 1708 773 convenire:
1734 733 1825 784 quia
1844 733 2082 782 singularitas
2110 734 2271 772 alicuius
2298 735 2353 772 rei
2380 749 2461 774 non

260 783 452 844 distinctio
489 782 686 842 praedicta
723 795 805 820 non
843 791 953 820 esset.
989 784 1106 832 Ergo,
1135 784 1208 821 nisi
1241 794 1338 824 esset
1394 796 1450 825 est
1478 788 1583 826 alteri
1610 795 1763 838 praeter
1789 787 1919 836 ipsum
1952 787 2153 835 singulare.
2184 788 2261 824 Sed
2290 788 2325 825 ei
2353 779 2461 838 quod

260 837 354 875 illud
383 836 502 883 ahud,
531 844 603 874 ista
621 836 703 873 duo
722 849 825 886 quae
844 845 1048 886 ponuntur
1064 849 1221 875 necesse
1241 851 1336 886 esse,
1353 855 1379 870 ιο
1394 850 1450 879 051
1477 854 1633 880 necesse
1661 853 1744 879 esse
1778 853 1849 878 sua
1876 840 2080 878 necessitas
2106 840 2259 878 essendi
2283 843 2462 880 convenit

260 902 342 951 non
370 898 499 949 essent
517 890 598 928 duo
627 890 696 927 sed
724 902 863 928 unum.
893 891 997 939 Ergo
1021 903 1104 929 esse
1133 892 1336 951 proprium
1394 895 1626 945 inquantum
1655 902 1712 932 est
1739 895 1816 931 hoc
1841 893 2045 942 signatum.
2084 895 2187 942 Ergo
2224 893 2461 944 impossibile

259 952 463 994 utriusque
492 951 549 981 est
576 943 805 1004 dependens
832 944 882 981 ab
910 945 1042 1004 altero.
1083 945 1132 981 Et
1159 957 1213 982 510
1241 958 1336 984 neu·
1393 956 1450 986 est
1475 949 1583 999 quod
1611 947 1724 987 alicui
1753 947 1859 985 alteri
1884 947 2101 986 conveniat.
2127 948 2176 985 Et
2203 947 2257 984 sic
2285 947 2462 997 impossi-

259 1006 365 1058 trunJ
393 1006 450 1035 est
477 1009 636 1058 necesse
665 1009 748 1058 esse
776 1008 848 1046 per
874 1009 1059 1058 Sqlpsum-
1392 1002 1468 1040 bile
1497 1010 1553 1039 est
1581 1002 1689 1051 quod
1723 1000 1797 1038 sint
1831 1002 1943 1050 plura
1979 1013 2151 1050 quorum
2184 1000 2384 1050 quodlibet
2416 1001 2462 1039 sit

314 1052 355 1090 Si
383 1059 516 1112 autem
557 1050 652 1088 illud
684 1063 725 1111 in
762 1063 843 1099 quo
881 1050 1169 1111 distinguuntur
1196 1051 1242 1089 sit
1270 1065 1333 1090 ne·
1392 1068 1549 1093 necesse
1578 1067 1671 1093 esse.
1701 1055 1750 1092 Et
1773 1066 1844 1104 per
1871 1066 2113 1103 consequens
2141 1053 2377 1103 impossibile
2404 1063 2462 1092 est

259 1117 471 1157 cessarium
498 1104 550 1142 ad
575 1111 844 1164 necessnatem
865 1105 1018 1142 essend1
1046 1106 1333 1154 complendam,
1350 1125 1374 1145 ις
1391 1121 1474 1147 0550
1502 1110 1631 1158 plures
1660 1108 1766 1146 deos.

259 1167 327 1197 aut
345 1160 432 1220 .h⁰f³
459 1166 530 1196 ent
557 1169 651 1217 quia
677 1157 773 1218 illud
792 1158 1003 1196 includitur
1024 1157 1065 1196 111
1094 1158 1240 1196 ratione
1268 1172 1334 1197 ne·
1446 1162 1628 1200 Probatio
1657 1161 1820 1198 mediae.
1852 1160 1892 1197 Si
1916 1159 2020 1198 enim
2052 1159 2145 1197 illud
2174 1160 2282 1209 quod
2311 1168 2367 1198 est
2394 1173 2460 1199 ne-

259 1220 441 1274 cessuatis
480 1211 646 1272 essend1,
661 1218 780 1271 ‘Sicut
813 1213 1022 1250 animatum
1059 1211 1268 1250 includitur
1294 1213 1335 1251 in
1391 1228 1496 1253 cesse
1525 1227 1608 1252 esse
1636 1227 1718 1252 non
1746 1221 1801 1251 est
1819 1214 1896 1251 hoc
1920 1213 2112 1262 signatum
2139 1213 2371 1263 inquantum
2406 1222 2461 1251 est

257 1266 485 1327 definitione
513 1265 710 1329 animalis:
731 1266 894 1325 aut-hoc
913 1266 983 1326 erit
1011 1265 1102 1315 quia
1130 1266 1335 1304 necessitas
1391 1281 1547 1306 11000550
1580 1280 1674 1315 0550,
1713 1275 1865 1317 oportet
1897 1267 2004 1316 quod
2037 1266 2247 1315 designatio
2285 1267 2344 1304 sui
2377 1279 2459 1305 esse

251 1318 684 1381 essend1-spemficamr
701 1330 773 1368 per
796 1319 907 1380 illud,
932 1327 1030 1357 sicut
1057 1319 1201 1358 animal
1228 1333 1335 1358 com·
1391 1334 1472 1360 non
1501 1322 1547 1359 sit
1574 1320 1789 1359 necessaria
1808 1321 2023 1358 secundum
2049 1333 2101 1367 se,
2128 1320 2197 1357 sed
2225 1333 2272 1358 ex
2299 1321 2375 1358 alio
2395 1321 2459 1358 de-

257 1376 386 1425 pletur
421 1385 494 1434 per
529 1373 726 1433 rationale.
766 1373 807 1410 Si
843 1385 971 1434 primo
1009 1374 1145 1418 m0d0‚
1184 1381 1336 1423 oportet
1349 1389 1377 1405 ιο
1390 1376 1570 1425 pendeat.
1599 1375 1922 1423 Unumquodque
1951 1381 2082 1411 autem
2105 1374 2323 1411 secundum
2351 1375 2458 1423 quod

257 1428 652 1488 quom-ubicumque
672 1434 953 1486 511-11000551135
981 1427 1146 1473 essendi,
1176 1427 1223 1464 sit
1241 1427 1335 1465 illud
1391 1437 1448 1466 est
1475 1436 1563 1466 actu
1592 1436 1648 1466 est
1675 1425 1897 1465 distinctum
1925 1427 1974 1464 ab
2008 1427 2191 1464 omnibus
2224 1427 2322 1464 aliis:
2351 1428 2459 1476 quod

256 1483 367 1534 quod
386 1494 426 1519 111
445 1493 529 1520 0105
548 1488 697 1518 13110110
722 1480 946 1518 includitur:
972 1480 1071 1518 sicut
1098 1480 1334 1530 cuicumque
1392 1490 1447 1520 est
1475 1495 1558 1520 esse
1593 1483 1670 1519 hoc
1706 1481 1909 1528 signatum.
1947 1481 2049 1528 Ergo
2085 1481 2192 1530 quod
2221 1488 2276 1517 est
2303 1492 2459 1518 necesse

256 1535 441 1575 convenit
468 1534 624 1595 animal,
645 1533 829 1572 convenit
847 1536 1069 1572 animatum.
1091 1535 1140 1571 Et
1156 1534 1221 1581 sic,
1242 1546 1335 1571 cum
1391 1548 1474 1574 esse
1515 1535 1709 1585 dependet
1745 1533 1794 1571 ab
1827 1533 1902 1571 alio
1935 1541 2127 1582 quantum
2160 1534 2210 1571 ad
2243 1535 2319 1571 hoc
2351 1535 2459 1582 quod

256 1590 452 1629 ambobus
470 1588 678 1640 praedictis
697 1587 926 1625 attribuatur
944 1587 1150 1625 necessitas
1169 1587 1333 1634 essendi,
1390 1597 1447 1627 est
1475 1601 1558 1626 esse
1578 1588 1617 1626 in
1636 1596 1736 1625 actu.
1767 1587 1888 1634 Quod
1916 1594 1972 1623 est
1999 1594 2133 1624 contra
2161 1586 2350 1625 rationem
2377 1587 2460 1624 eius

256 1643 477 1682 secundum
504 1642 600 1680 illud
627 1641 810 1690 distingui
834 1654 916 1679 non
944 1648 1138 1691 poterunt.
1159 1664 1185 1668 -
1205 1641 1247 1679 Si
1266 1653 1334 1679 au·
1348 1653 1374 1674 ²5
1390 1643 1499 1693 quod
1532 1650 1589 1679 est
1620 1653 1777 1679 necesse
1811 1652 1906 1677 esse.
1942 1640 2105 1689 Oportet
2137 1639 2250 1688 igitur
2281 1640 2390 1689 quod
2421 1641 2460 1678 id

255 1706 336 1736 tem
364 1697 539 1735 secundo
559 1697 694 1743 modo,
716 1697 794 1733 hoc
812 1694 953 1733 iterum
981 1707 1066 1732 esse
1094 1707 1176 1732 non
1194 1702 1331 1744 potest.
1389 1696 1497 1746 quod
1517 1703 1574 1733 est
1596 1706 1754 1732 necesse
1780 1706 1862 1731 esse
1891 1692 1937 1730 sit
1960 1704 2116 1730 necesse
2136 1705 2219 1730 esse
2243 1692 2460 1730 secundum

255 1753 362 1790 Nam
390 1750 607 1789 differentia
635 1749 864 1800 specificans
891 1761 1015 1798 genus
1052 1761 1134 1786 non
1163 1750 1333 1798 complet
1389 1751 1466 1787 hoc
1494 1749 1602 1799 quod
1630 1755 1686 1785 est
1714 1748 1790 1784 hoc
1818 1747 2025 1795 signatum.
2223 1756 2227 1759 ·
2349 1757 2353 1760 ⁴
2416 1759 2418 1762 ¹
2455 1758 2458 1769 =

253 1804 404 1856 generis
433 1803 636 1852 rationem,
658 1804 726 1841 sed
747 1815 818 1853 per
846 1815 935 1841 03111
963 1802 1175 1852 acquiritur
1201 1802 1332 1850 generi
1441 1803 1595 1840 Adhuc.
1610 1803 1760 1839 Natura
1780 1800 1991 1849 significata
2010 1801 2085 1837 hoc
2104 1799 2263 1836 nomine
2286 1800 2374 1837 deus
2395 1807 2461 1837 aut

253 1871 339 1899 esse
365 1858 407 1897 in
435 1866 539 1896 actu:
569 1858 665 1896 ratio
700 1856 807 1895 enim
842 1856 1019 1895 animalis
1054 1856 1247 1906 completa
1275 1863 1331 1893 est
1387 1864 1443 1894 est
1461 1868 1532 1906 per
1549 1854 1718 1906 seipsam
1742 1853 1981 1891 individuata
2008 1853 2048 1890 in
2077 1854 2154 1890 hoc
2181 1853 2279 1900 Deo,
2299 1860 2366 1890 aut
2392 1865 2462 1902 per

253 1921 342 1952 ante
371 1911 612 1951 additionem
645 1911 850 1958 rationalis,
880 1910 949 1948 sed
984 1922 1066 1948 non
1093 1917 1219 1960 potest
1246 1922 1330 1947 esse
1347 1923 1372 1943 ³⁰
1386 1909 1532 1959 aliquid
1560 1908 1677 1947 aliud.
1708 1907 1749 1946 Si
1777 1919 1847 1957 per
1874 1907 1990 1954 aliud,
2020 1914 2171 1956 oportet
2199 1906 2306 1955 quod
2335 1906 2381 1943 sit
2408 1906 2461 1943 ibi

253 1967 399 2005 animal
427 1972 516 2004 actu
545 1965 618 2003 nisi
642 1964 689 2002 sit
716 1964 901 2002 rationale
924 1965 988 2001 vel
1016 1963 1245 2001 irrationale.
1267 1963 1331 2001 Sic
1385 1962 1630 2013 compositio.
1662 1961 1702 1999 Si
1730 1973 1800 2010 per
1827 1960 2006 2009 seipsam,
2026 1971 2117 2008 ergo
2146 1959 2381 2008 impossibile
2405 1967 2461 1996 est

254 2032 346 2073 ergo
375 2019 522 2071 aliquid
541 2019 712 2068 complet
729 2017 997 2056 necessitatem
1025 2017 1178 2054 essendi
1206 2029 1329 2066 quan·
1386 2017 1494 2068 quod
1514 2015 1619 2053 alteri
1644 2013 1866 2052 conveniat:
1891 2013 1985 2050 illud
2010 2013 2114 2050 enim
2137 2013 2245 2062 quod
2275 2020 2330 2049 est
2362 2011 2459 2049 indi-

254 2083 341 2117 tum
368 2073 419 2113 ad
448 2085 532 2111 esse
550 2072 592 2111 in
612 2079 713 2118 actu,
737 2080 774 2110 et
802 2084 884 2110 non
912 2078 1105 2122 quantum
1129 2071 1179 2109 ad
1207 2070 1328 2108 1111011-
1385 2068 1619 2108 viduationis
1646 2067 1892 2118 principium,
1913 2078 1994 2103 non
2022 2073 2147 2116 potest
2174 2077 2256 2102 esse
2284 2065 2459 2116 pluribus

253 2128 403 2168 tionem
425 2126 660 2178 necessitatis
679 2125 844 2164 essendi.
866 2125 987 2173 Quod
1006 2132 1062 2162 est
1079 2123 1329 2174 impossibile,
1385 2135 1610 2162 commune.
1630 2120 1870 2172 Impossibile
1889 2119 2002 2168 igitur
2021 2127 2076 2157 est
2095 2132 2176 2156 esse
2200 2119 2330 2168 plures
2351 2118 2457 2156 deos.

254 2189 415 2232 propter
441 2181 535 2223 duo.
550 2180 710 2224 Primo,
739 2179 832 2230 quia
860 2179 943 2216 eius
962 2178 1071 2228 quod
1094 2186 1150 2216 est
1173 2190 1331 2216 necesse
1347 2190 1370 2211 τε
1440 2176 1631 2226 Amplius
1676 2175 1717 2212 Si
1753 2182 1843 2212 sunt
1878 2175 2008 2223 plures
2050 2172 2120 2220 dii,
2158 2180 2310 2222 oportet
2350 2172 2459 2221 quod

255 2246 351 2283 esse,
367 2247 444 2273 sua
462 2233 658 2285 quidditas
677 2241 734 2271 est
752 2245 870 2270 suum
890 2244 987 2277 esse,
1006 2239 1050 2269 ut
1073 2244 1191 2281 supra
1204 2231 1225 2254 '¹‘
1242 2243 1331 2281 pro-
1388 2238 1526 2268 natura
1553 2228 1702 2267 deitatis
1729 2240 1811 2265 non
1839 2225 1886 2264 sit
1913 2239 1993 2264 una
2020 2238 2187 2263 numero
2211 2226 2251 2263 in
2278 2233 2457 2274 utroque.

254 2288 393 2334 batum
422 2296 489 2326 est.
511 2287 707 2335 Secund0‚
728 2286 821 2337 quia
839 2286 893 2324 sic
911 2297 1067 2324 necesse
1090 2297 1173 2323 esse
1202 2285 1333 2335 acqui·
1390 2285 1555 2335 Oportet
1582 2282 1695 2332 igitur
1722 2293 1805 2318 esse
1833 2280 1978 2329 aliquid
2010 2279 2247 2327 distinguens
2280 2286 2458 2316 naturam

257 2351 357 2386 reret
375 2354 459 2381 esse
477 2354 548 2394 per
567 2340 713 2392 aliquid
732 2339 853 2379 aliud:
880 2339 987 2390 quod
1008 2346 1064 2376 est
1082 2338 1332 2390 impossibile.
1389 2337 1563 2376 divinam
1592 2336 1629 2374 in
1651 2336 1727 2373 hoc
1755 2342 1791 2371 et
1819 2333 1858 2371 in
1886 2333 1962 2371 illo.
1993 2333 2069 2370 Sed
2098 2334 2175 2369 hoc
2200 2339 2256 2369 est
2283 2327 2459 2382 impossi-

303 2398 404 2437 .Non
431 2404 490 2434 est
515 2395 629 2445 igitur
646 2394 830 2445 possibile
848 2405 994 2444 ponere
1021 2394 1135 2443 plura
1162 2405 1333 2442 quorum
1390 2391 1482 2430 bile:
1512 2390 1604 2441 quia
1632 2396 1770 2427 natura
1793 2386 1924 2425 divina
1951 2398 2033 2424 non
2062 2385 2194 2435 recipit
2221 2385 2459 2423 additionem

257 2450 461 2502 quodlibet
487 2449 535 2487 sit
562 2461 720 2487 necesse
749 2460 833 2486 esse
861 2458 932 2498 per
959 2446 1144 2496 seipsum.
1349 2459 1376 2479 ⁴⁰
1390 2457 1519 2495 neque
1535 2441 1840 2482 differentiarum
1860 2439 2120 2479 essentialium
2138 2451 2266 2488 neque
2286 2438 2459 2476 acciden-

261 2512 263 2514 ’
311 2505 466 2543 Adhuc.
497 2503 539 2541 Si
567 2510 657 2540 sunt
682 2503 763 2540 duo
783 2501 848 2548 dii,
878 2508 945 2539 aut
972 2501 1049 2537 hoc
1075 2511 1223 2537 nomen
1247 2499 1335 2536 deus
1359 2547 1361 2549 ‚
1390 2499 1500 2545 tium,
1521 2506 1564 2535 ut
1585 2495 1732 2546 supra*
1751 2502 1952 2532 ostensum
1976 2501 2046 2539 est;
2076 2505 2149 2530 nec
2180 2492 2296 2530 etiam
2323 2500 2461 2529 natura

258 2559 307 2597 de
335 2566 503 2607 utroque
530 2556 777 2607 praedicatur
803 2554 984 2602 univoce,
1014 2561 1081 2591 aut
1108 2553 1334 2603 aequivoce.
1386 2549 1522 2590 ¹divina
1541 2558 1598 2588 est
1615 2550 1741 2587 forma
1759 2547 1920 2585 alicuius
1939 2545 2171 2593 materiae&
2191 2553 2234 2583 ut
2257 2545 2377 2595 possit
2404 2545 2459 2582 di-

214 2618 219 2625 “
260 2612 301 2651 81
329 2611 555 2662 aequivoce,
584 2610 662 2647 hoc
691 2617 746 2647 est
774 2617 925 2658 praeter
943 2607 1198 2645 intentionem
1226 2617 1335 2656 prae-
1390 2605 1471 2642 vidi
1490 2604 1540 2642 ad
1554 2601 1736 2641 materiae
1751 2600 1994 2638 divisionem.
2016 2598 2255 2649 Impossibile
2275 2599 2334 2635 est'
2349 2597 2460 2647 igitur

259 2674 427 2707 sentem:
457 2676 552 2703 nam
569 2663 668 2703 nihil
684 2661 866 2713 prohibet
883 2674 968 2700 rem
996 2659 1211 2710 quamlibet
1238 2671 1335 2709 quo·
1391 2670 1474 2696 esse
1501 2659 1631 2707 plures
1659 2655 1765 2692 deos.

258 2720 351 2758 libet
369 2718 531 2756 nomine
550 2716 766 2766 aequivoce
785 2714 992 2761 nominari,
1013 2714 1044 2752 si
1058 2726 1154 2751 usus
1173 2715 1335 2762 loquen-
1350 2729 1374 2750 45
1445 2713 1551 2748 Item.
1594 2710 1690 2747 Esse
1724 2706 1930 2757 proprium
1966 2704 2273 2754 uniuscuiusque
2311 2703 2366 2740 rei
2403 2711 2460 2740 est

257 2772 359 2815 tium
374 2772 559 2817 admittat.
575 2793 602 2798 -—
617 2770 658 2808 Si
678 2777 810 2807 autem
824 2769 975 2806 dicatur
987 2767 1167 2814 univoce,
1185 2773 1337 2816 oportet
1358 2811 1361 2815 .
1391 2772 1543 2802 tantum
1571 2774 1709 2800 unum.
1736 2761 1813 2798 Sed
1842 2760 1924 2810 ipse
1943 2760 2050 2796 Deus
2074 2766 2129 2795 est
2157 2770 2239 2795 esse
2267 2769 2396 2803 suum,
2417 2763 2460 2794 ut

259 2827 370 2882 quod
399 2826 446 2864 de
478 2832 647 2874 utroque
685 2821 929 2873 praedicetur
965 2821 1186 2858 secundum
1214 2831 1336 2857 unam
1393 2817 1544 2868 supra*
1572 2824 1773 2854 ostensum
1800 2821 1867 2851 est.
1888 2811 2127 2863 Impossibile
2156 2819 2211 2848 est
2238 2811 2349 2860 igitur
2376 2821 2459 2846 esse

261 2880 464 2919 rationem.
485 2879 535 2917 Et
555 2877 610 2915 sic
629 2883 780 2927 oportet
799 2876 909 2925 quod
928 2874 968 2912 in
997 2882 1163 2924 utroque
1193 2872 1239 2910 sit
1257 2885 1337 2910 una
1393 2871 1465 2909 nisi
1493 2882 1620 2908 unum
1648 2870 1791 2917 Deum.

260 2942 400 2973 natura
427 2932 648 2971 secundum
677 2930 880 2968 rationem.
909 2929 990 2966 Aut
1007 2927 1122 2976 igitur
1148 2928 1245 2964 haec
1273 2939 1336 2963 na·
1446 2924 1600 2964 Adhuc.
1645 2921 1872 2961 Secundum
1900 2921 2007 2957 hunc
2043 2918 2210 2956 modum
2248 2929 2307 2954 res
2344 2916 2460 2954 habet

260 2996 348 3026 tura
376 2994 432 3024 est
460 2986 500 3023 in
528 2993 696 3034 utroque
733 2983 954 3020 secundum
991 2993 1119 3019 unum
1147 2993 1242 3027 esse,
1271 2987 1338 3017 aut
1353 2995 1378 3015 50
1393 2991 1477 3020 esse
1503 2990 1584 3027 quo
1603 2975 1775 3027 possidet
1793 2973 1996 3011 unitatem:
2017 2972 2122 3009 unde
2146 2970 2459 3020 unumquodque

261 3041 482 3079 secundum
515 3039 620 3077 aliud
649 3046 686 3075 et
723 3037 839 3075 aliud.
870 3035 912 3074 Si
948 3035 1168 3072 secundum
1197 3036 1359 3079 0110111,4
1394 3044 1487 3069 suae
1511 3029 1695 3068 ‘divisioni
1728 3041 1799 3078 pro
1832 3039 1947 3077 posse
1980 3033 2178 3075 repugnat,
2207 3037 2256 3062 ne
2284 3035 2354 3072 per
2384 3024 2460 3060 hoc

263 3107 354 3144 ergo
383 3106 465 3132 non
485 3100 598 3131 erunt
617 3092 698 3129 duo
727 3091 795 3128 sed
814 3101 942 3127 unum
965 3096 1135 3125 tantum:
1166 3088 1360 3137 duorum*
1394 3086 1435 3123 in
1462 3097 1543 3122 non
1571 3095 1655 3135 esse
1682 3082 1824 3119 tendat.
1856 3080 1933 3117 Sed
1953 3079 2083 3116 divina
2106 3085 2243 3115 natura
2270 3084 2326 3113 est
2344 3075 2460 3125 potis·>

262 3146 370 3191 enim
397 3159 479 3187 non
508 3154 564 3184 est
582 3157 710 3184 unum
730 3157 813 3182 esse
842 3142 873 3180 si
893 3140 1189 3180 substantialiter
1207 3138 1338 3183 distin·
1394 3139 1490 3176 sime
1506 3137 1657 3175 habens
1670 3148 1764 3183 esse.
1794 3135 1863 3177 Est
1881 3133 1994 3182 igitur
2005 3132 2049 3170 ‘in
2065 3144 2110 3169 ea
2133 3130 2302 3168 maxima
2321 3129 2458 3166 unitas.

260 3210 441 3252 guantur.
473 3200 514 3239 Si
533 3207 666 3238 autem
685 3206 742 3236 est
760 3197 866 3237 aliud
891 3204 927 3234 et
946 3195 1051 3234 aliud
1071 3207 1154 3232 esse
1174 3194 1215 3232 in
1234 3201 1338 3232 utro·
1393 3193 1514 3231 Nullo
1542 3190 1655 3240 igitur
1682 3185 1803 3227 modo
1831 3187 1871 3225 in
1899 3188 2010 3237 plura
2038 3182 2289 3233 distinguitur.

316 3324 331 3342 2
351 3324 431 3349 supra
450 3315 524 3340 dictis
543 3315 567 3339 A
584 3314 670 3347 ςοὶμες
690 3312 772 3337 dictis.
863 3318 879 3342 7
898 3310 948 3335 hoc
967 3309 1087 3334 accidens
1106 3308 1149 3334 hic
1166 3309 1191 3333 A
1208 3308 1294 3339 solus;
1310 3310 1374 3339 post
1393 3314 1447 3331 non
1465 3310 1544 3331 esset.
1637 3311 1668 3329 12
1689 3309 1730 3329 est
1755 3300 1914 3335 dependens]
1942 3300 2098 3333 dependeret
2117 3299 2171 3323 GZ.
2263 3304 2294 3321 22
2315 3294 2461 3329 includitur]

261 3353 423 3378 concluditur
441 3351 473 3381 Ν,
491 3351 584 3377 dicitur
603 3349 665 3374 αΡε.
767 3347 797 3373 35
818 3347 906 3372 Primo
924 3353 968 3371 om
987 3353 1015 3370 α.
1106 3344 1138 3377 37
1158 3351 1268 3369 necesse
1286 3342 1355 3376 esse]
1375 3342 1424 3375 ipsi
1439 3342 1510 3375 quod
1524 3346 1564 3367 est
1578 3347 1687 3366 necesse
1706 3347 1765 3364 esse
1783 3346 1798 3363 c
1816 3341 1842 3363 et
1859 3337 1917 3362 sine
1929 3344 1988 3362 esse
2002 3335 2049 3361 Pd.
2124 3333 2285 3366 -acquireret
2302 3331 2354 3362 Db3
2373 3331 2461 3364 acqui-

261 3394 334 3415 retur
352 3388 400 3418 oeZ,
418 3387 597 3420 acquireretur
615 3384 792 3411 EGNWYPc.
882 3389 914 3414 41
938 3382 972 3407 dii
991 3380 1131 3406 om'GNZ.
1221 3386 1255 3411 42
1276 3377 1328 3412 aut]
1347 3378 1389 3403 vel
1409 3377 1451 3403 cd.

318 3431 330 3450 1
353 3423 438 3450 neutri
456 3424 481 3448 A
498 3422 571 3448 solus
576 3430 584 3454 ς
603 3425 725 3446 neutrum
739 3419 834 3453 (supra
847 3425 901 3443 ras.
917 3418 960 3451 N).
1051 3414 1139 3450 suum]
1158 3415 1200 3439 vel
1214 3422 1293 3440 suum
1302 3414 1399 3444 -GYPc,
1413 3418 1439 3438 et
1453 3420 1531 3437 suum
1544 3411 1597 3443 NZ,
1610 3418 1658 3435 nec
1671 3418 1750 3435 suum
1762 3410 1808 3434 sD.
1899 3407 1915 3432 6
1934 3406 2002 3440 huic]
2022 3407 2048 3430 in
2061 3405 2111 3430 hoc
2123 3404 2176 3435 ΟΖ,
2190 3403 2240 3429 1100
2253 3402 2286 3428 Ν.
2295 3406 2311 3412 ”·
2368 3406 2392 3436 ’9
2410 3401 2460 3435 est]

262 3460 331 3486 inest
342 3459 437 3485 Nzr’d.
527 3465 560 3483 22
580 3462 620 3482 est
632 3457 654 3481 A
667 3457 753 3486 solus;
768 3455 846 3480 habet
858 3453 930 3487 (0550
941 3453 1048 3478 addunt
1061 3451 1122 3483 Pd).
1214 3457 1247 3484 ¹9
1266 3449 1326 3483 alio]
1339 3449 1429 3482 aliquo
1443 3448 1523 3473 GYP.
1615 3454 1648 3479 27
1667 3446 1718 3471 hoc
1728 3451 1773 3478 pr.
1785 3445 1843 3470 Ioco
1856 3451 1899 3469 om
1913 3443 1989 3472 DNZ,
2001 3442 2050 3467 alt.
2061 3442 2120 3466 loco
2131 3447 2174 3465 om
2187 3440 2285 3465 BGZP.
2376 3438 2417 3464 30-
2429 3439 2463 3463 sit

259 3499 325 3528 post
341 3496 376 3521 ibi
395 3495 462 3521 ZPc.
545 3500 582 3525 4⁰
601 3492 804 3518 differentiarum
823 3488 1020 3523 (YpGNW?)b;
1040 3486 1222 3512 differentiam.
1294 3483 1483 3517 accidentium]
1502 3483 1699 3508 accidentalium
1711 3480 1899 3506 CGWYZch.
1982 3477 2016 3509 45
2036 3477 2109 3502 Item.
2122 3476 2189 3501 Esse
2201 3475 2384 3509 proprium...
2402 3481 2463 3499 esse

263 3539 342 3557 auum
362 3529 576 3564 GNWYQZPQ
595 3536 655 3555 cum
675 3527 844 3553 variantibus
864 3533 930 3551 mox
949 3523 1143 3551 describendis;
1161 3522 1226 3547 Item
1246 3529 1306 3552 esse
1324 3521 1483 3546 abstractum
1502 3524 1543 3544 est
1559 3526 1643 3543 unum
1661 3523 1770 3547 tantum,
1784 3521 1813 3541 ut
1831 3515 1934 3544 albedo,
1946 3513 1968 3538 si
1981 3518 2050 3538 esset
2063 3511 2199 3542 abstracta,
2218 3516 2289 3536 esset
2306 3517 2389 3535 unum
2407 3515 2464 3535 tan-

264 3573 331 3595 tum.
348 3567 402 3592 Sed
419 3567 491 3591 Deus
516 3571 558 3592 est
582 3565 671 3598 ipsum
696 3571 756 3590 esse
775 3563 943 3591 abstractum,
963 3568 1023 3586 cum
1043 3559 1076 3584 sit
1095 3566 1172 3583 suum
1192 3565 1251 3583 esse
1271 3555 1464 3589 aDEsGaePc).
1486 3556 1527 3588 Cf.
1547 3555 1573 3580 in
1587 3553 1678 3587 Praes.
1698 3552 1766 3586 §DE
1785 3557 1931 3576 muamus
1949 3555 2025 3573 rrum
2043 3553 2207 3573 APOGRAPm.
2297 3545 2463 3577 uniuscuius-

1388 3596 1399 3616 t
1416 3592 1440 3616 Α
1457 3591 1544 3621 solun
1568 3595 1596 3615 ut
1620 3589 1745 3622 probatur
1762 3587 1795 3618 Y,
1814 3592 1843 3612 ut
1867 3585 2006 3619 probatum
2026 3588 2069 3608 est
2085 3589 2163 3615 supra
2182 3582 2273 3608 ceteri.
2293 3581 2324 3606 In
2343 3581 2364 3606 Z
2382 3584 2410 3606 et
2428 3581 2464 3606 Pc

263 3638 391 3670 occurrit,
403 3645 464 3663 cum
484 3635 654 3662 variantibus
673 3635 727 3661 iam
748 3634 857 3663 notatis,
877 3636 1019 3664 utrumque
1037 3631 1236 3664 argumentum,
1255 3629 1278 3653 Α
1290 3631 1318 3653 et
1330 3636 1357 3659 α,
1375 3627 1423 3653 sed
1440 3626 1538 3652 ordine
1555 3626 1677 3650 inverso.-
1694 3625 1719 3649 Α
1731 3631 1748 3648 α
1760 3623 1788 3653 Ζ;
1803 3630 1820 3647 α
1832 3623 1855 3647 Α
1867 3621 1912 3646 Pc.
2012 3618 2189 3653 49-habet...
2208 3617 2326 3652 possidet
2343 3618 2367 3642 Α
2378 3617 2462 3647 solun

264 3673 362 3699 habent
368 3692 375 3699 .
383 3691 390 3698 .
399 3691 407 3699 .
425 3673 572 3707 possident.

2490 415 2499 424 ·
2514 414 2571 443 Cap.
2582 421 2649 438 xviii.

2487 2492 2495 2500 “
2505 2491 2561 2518 Cap.
2570 2496 2699 2517 xxrn,xxiv.

2486 2546 2495 2554 ·
2512 2544 2568 2571 Cap.
2580 2550 2652 2565 xxvii.

2486 2810 2495 2819 ·
2511 2809 2567 2836 Cap.
2578 2813 2634 2829 xxii.
