2768 4134
784 277 973 315 SUMMA
1002 277 1225 315 CONTRA
1254 278 1529 325 GENTILES,
1558 279 1652 316 LIB.
1673 280 1715 325 II,
1746 279 1857 316 (EA-P.
1879 279 1995 316 XCV.

328 360 436 397 Patet
464 358 582 396 etiam
601 370 648 395 ex
666 355 889 408 praemissis
917 356 1037 405 quod,
1062 368 1155 393 cum
1176 357 1352 395 diversae

274 413 422 464 species
440 412 482 450 in
506 410 728 450 substantiis
747 409 931 460 separatis
957 408 1196 458 accipiantur
1216 422 1352 447 secun-

274 467 372 505 dum
390 466 500 516 quod
519 465 695 504 diversos
707 463 856 514 gradus
874 462 1103 509 sortiuntur;
1124 462 1164 500 in
1182 465 1270 500 una*
1286 475 1353 500 au-

2406 281 2480 329 569

1461 359 1536 394 Per
1563 359 1638 396 hoc
1667 366 1799 395 autem
1832 358 2047 396 excluditur
2077 359 2218 409 positio
2252 359 2430 409 Origenis
2449 359 2479 407 ³⁸,
2508 358 2723 412 fibf'ffi„‘}⁷c⁶f{¹‘}’,}z

1409 410 1477 458 qui
1496 410 1590 447 dixit
1608 424 1631 448 a
1649 411 1840 461 principio
1859 424 1998 449 omnes
2017 412 2247 450 substantias
2266 413 2481 463 spirituales
2507 418 2549 440 Ρη
2563 418 2614 440 0⁸⁹·
2625 418 2687 434 mv·

1409 465 1590 511 aequales
1618 472 1763 502 creatas
1790 465 1917 512 fuisse,
1937 466 2035 502 inter
2061 478 2159 516 quas
2186 466 2302 504 etiam
2330 466 2481 504 animas

30 530 42 540 ·
55 528 112 557 0⁸1³·
128 533 195 550 πω-
273 528 354 558 tem
372 519 501 570 specie
521 531 603 556 non
626 525 716 556 sunt
735 518 849 567 plura
867 515 1070 554 individua
1083 515 1118 553 *:
1140 516 1249 565 quod
1272 528 1354 553 non
1409 525 1683 553 connumerat:
1704 517 1903 555 diversitas
1922 526 2055 556 autem
2074 531 2175 568 quae
2194 520 2234 557 in
2254 519 2481 558 huiusmodi

275 581 366 612 sunt
384 574 424 611 in
443 571 665 610 substantiis
688 570 872 621 separatis
894 570 996 608 duae
1015 570 1199 619 aequales
1217 581 1354 606 secun·
1376 582 1386 601 ε
1411 568 1631 605 substantiis
1669 569 1873 617 invenitur,
1907 572 2015 620 quod
2052 573 2247 622 quaedam
2285 581 2341 610 est
2373 573 2481 611 unita

275 628 374 665 dum
401 627 594 674 ordinem,
623 625 692 662 sed
719 636 801 662 una
828 622 1053 661 naturaliter
1071 630 1128 660 est
1146 624 1263 660 altera
1292 635 1354 659 su·
1410 621 1576 671 corpori,
1597 622 1792 671 quaedam
1820 635 1901 660 non
1929 625 2048 671 unita,
2078 633 2114 662 et
2141 627 2335 675 quaedam
2359 627 2480 673 altior,

275 681 416 731 perior.
451 680 565 718 Unde
598 686 636 716 et
668 679 738 716 Iob
765 680 939 715 xxxvu1³³
968 675 1123 714 dicitur:
1159 677 1358 725 Numquid
1410 675 1606 724 quaedam
1640 686 1735 712 vero
1771 675 1937 722 inferior,
1971 678 2150 727 provenit
2184 691 2231 716 ex
2265 680 2481 717 differentia

277 735 374 772 nosti
405 734 580 771 ordinem
612 732 739 770 caeli?
766 731 816 769 Et
843 730 1058 781 Dionysius
1086 729 1189 777 dicit,
1218 742 1242 767 x
1271 741 1353 778 cap.
1410 727 1654 765 meritorum.
1675 728 1888 767 ostensum
1908 738 1963 766 est
1983 730 2088 768 enim
2106 732 2207 768 hanc
2225 732 2481 771 differentiam

280 788 454 826 Caelestis
472 787 739 832 Hierarchiae,
759 784 870 835 quod
898 783 996 822 sicut
1023 783 1064 821 in
1092 791 1172 821 tota
1200 784 1355 832 angelo·
1410 781 1605 829 graduum
1642 783 1858 819 naturalem
1896 794 1996 829 esse;
2030 791 2067 820 et
2098 786 2205 833 quod
2239 786 2369 823 anima
2400 798 2482 824 non

276 852 366 878 rum
394 839 642 878 multitudine
670 847 727 877 est
754 837 971 876 hierarchia
999 849 1196 888 suprema,
1225 836 1356 874 media
1371 851 1397 866 ιο
1411 842 1467 871 est
1495 834 1671 872 eiusdem
1706 835 1847 885 speciei
1876 848 1968 873 cum
1997 837 2216 875 substantiis
2244 839 2424 888 separatis
2442 840 2481 887 *3
2510 845 2518 854 ·
2533 842 2591 870 0³¹>-
2606 848 2669 865 ‘cw-

276 902 314 932 et
332 893 486 941 infima3
508 894 559 932 ita
578 893 618 931 in
637 892 808 944 qualibet
833 890 1052 929 hierarchia
1080 899 1136 928 est
1164 890 1263 928 ordo
1292 903 1355 927 su·
1411 899 1484 924 nec
1511 887 1617 937 ipsae
1646 889 1881 927 substantiae
1910 898 2108 940 separatae
2130 891 2179 928 ad
2198 890 2381 938 invicem3
2411 904 2483 930 nec

276 959 449 998 premus,
469 947 624 986 medius
643 955 680 985 et
695 945 877 992 >infimus3
908 953 944 983 et
963 945 1003 983 in
1025 944 1199 995 quolibet
1219 944 1356 982 ordine
1412 940 1527 978 etiam
1557 942 1776 980 secundum
1804 943 1983 981 ordinem
2012 951 2173 981 naturae
2201 946 2392 994 aequales.

277 1001 462 1052 supremi,
491 1001 612 1039 medii
639 1008 676 1039 et
703 999 842 1038 infimi.

330 1117 348 1141 4
366 1114 429 1135 sunt
447 1108 532 1142 plura]
552 1108 605 1134 sint
622 1108 699 1141 plura
715 1107 748 1133 Y.
839 1107 912 1140 quod
932 1107 974 1133 lta
994 1106 1155 1138 GNXsZPc;
1174 1114 1243 1140 quae
1261 1107 1354 1138 EZsG,
1374 1108 1436 1140 quia
1453 1108 1546 1134 ceteri.

333 1152 345 1170 1
367 1145 463 1179 positio
477 1148 543 1179 post
561 1144 685 1177 Origenis
703 1143 826 1175 nDWPc,
845 1150 919 1168 error
937 1142 971 1169 G.
1062 1142 1079 1168 8
1098 1141 1179 1177 enim]
1199 1147 1288 1168 autem
1308 1142 1352 1168 Pc.

1045 1231 1385 1266 commentaria
1414 1232 1725 1265 Fen-ariensis

281 1336 389 1407 Cim
412 1322 581 1363 ostensum
604 1331 644 1362 sit
671 1331 864 1362 substantias
887 1336 1049 1372 separatas
1071 1329 1223 1371 specifice
1246 1329 1359 1361 distin·
1412 1330 1611 1370 tinguantur,
1636 1336 1667 1361 et
1691 1330 1833 1362 diversae
1863 1332 1985 1372 species
2013 1333 2045 1363 in
2077 1333 2122 1363 eis
2146 1333 2343 1373 accipiantur
2369 1344 2484 1366 secun-

357 1382 424 1407 ctas
447 1385 527 1414 esse,
552 1375 725 1417 quomodo
749 1377 790 1407 sit
812 1376 847 1407 in
870 1376 917 1406 eis
939 1385 1043 1416 genus
1066 1381 1098 1406 et
1118 1375 1253 1416 species,
1282 1376 1358 1416 quia
1413 1374 1491 1405 dum
1508 1375 1651 1406 diversos
1666 1375 1793 1415 gradus.
1806 1394 1829 1399 —
1841 1376 1942 1414 Quod
1958 1377 2054 1407 etiam
2071 1376 2281 1408 confirmatur
2296 1380 2484 1410 auctoritate

9 1430 21 1463 ¹:v
35 1425 47 1437 ⁸
59 1423 98 1447 ct.
115 1423 250 1456 &finem-
278 1420 502 1453 difficultatem
524 1422 632 1458 habet,
647 1426 746 1452 restat
767 1420 1000 1462 inquirendum
1011 1421 1038 1452 ⁹.
1056 1420 1152 1452 Circa
1165 1421 1231 1451 hoc
1247 1425 1358 1451 autem
1411 1420 1471 1451 Iob
1486 1430 1614 1457 xxxvm,
1631 1420 1798 1461 Numquid
1823 1422 1908 1452 nosti
1933 1427 2010 1459 etc.;
2035 1428 2067 1453 et
2089 1422 2248 1463 Dionysii,
2270 1433 2289 1453 x
2306 1432 2376 1463 cap.
2403 1424 2485 1455 Cae-

13 1455 87 1480 ‘m‘
100 1450 233 1478 mm*
278 1466 339 1497 tria
360 1465 438 1498 facit
460 1466 598 1498 Sanctus
621 1466 783 1497 Thomas:
807 1466 926 1507 primo,
951 1465 1093 1496 ostendit
1123 1465 1212 1496 unde
1235 1465 1269 1496 in
1292 1465 1358 1496 hoc
1412 1465 1500 1496 lestis
1522 1465 1752 1496 Hierarchiae.

12 1507 19 1560 J·
34 1513 46 1525 ·
59 1512 99 1536 Cf·
111 1518 171 1537 2-11·
279 1510 451 1543 difficultas
466 1511 522 1548 sit;
538 1510 696 1548 secundo,
712 1511 920 1552 propositum
937 1510 1077 1542 declarat
1088 1511 1121 1548 ’ς
1137 1510 1244 1547 tertio,
1257 1519 1358 1551 quae-
1467 1509 1617 1541 Tertium
1640 1515 1698 1546 est,
1723 1509 1814 1551 quod
1837 1520 1926 1541 error
1950 1510 2099 1551 Origenis
2123 1511 2313 1549 excluditur,
2332 1513 2485 1553 ponentis

7 1562 20 1595 ς(
34 1560 97 1586 'ct
111 1566 182 1585 iam
279 1555 355 1587 dam
379 1556 549 1587 corollaria
571 1554 669 1587 infert
679 1556 708 1586 ².
1411 1564 1429 1584 a
1451 1555 1612 1595 principio
1637 1564 1752 1586 omnes
1775 1555 1967 1586 substantias
1990 1556 2169 1596 spirituales
2192 1557 2342 1597 aequales
2365 1562 2485 1588 creatas

335 1600 359 1631 1.
383 1600 555 1640 Quantum
577 1600 619 1631 ad
637 1601 791 1641 primum,
807 1600 886 1631 dicit
909 1609 948 1631 ex
971 1600 1036 1631 hoc
1060 1599 1284 1631 difficultatem
1307 1600 1357 1630 in—

278 1654 419 1686 surgere,
444 1645 536 1687 quod
558 1645 756 1676 substantiae
782 1650 948 1686 separatae
970 1654 1039 1676 non
1063 1650 1139 1675 sunt
1162 1654 1201 1675 ex
1224 1645 1358 1676 materia

279 1695 312 1720 et
333 1689 440 1721 forma
463 1690 677 1731 compositae,
694 1696 731 1721 ut
753 1699 857 1730 genus
872 1690 906 1720 in
921 1690 1000 1730 ipsis
1020 1690 1124 1730 possit
1139 1690 1243 1730 accipi
1258 1690 1298 1720 ab
1316 1699 1356 1720 eo

244 1746 247 1748 ·
279 1734 372 1777 quod
397 1741 446 1767 est
474 1735 650 1772 materiale,
675 1734 854 1766 differentia
881 1743 960 1766 vero
992 1735 1112 1776 speciei
1137 1735 1177 1765 ab
1201 1744 1242 1766 eo
1266 1734 1358 1775 quod

0 2143 18 2157 ⁷⁴
37 2143 252 2168 *emmenum

0 2975 22 3635 i'zy'mmwhffl',
4 2934 15 2964 x.
16 2922 17 2927 Α
14 2906 16 2916 Α,

0 3637 22 3734 »μ’μ’

60 3482 92 3532 39.

111 3482 162 3506 init.
179 3482 250 3505 Com—

279 1785 329 1812 ent
349 1779 498 1818 formale,
522 1786 559 1811 ut
585 1781 620 1811 in
648 1780 746 1812 rebus
775 1779 994 1810 materialibus
1024 1779 1156 1816 accidit;
1181 1785 1213 1810 et
1235 1779 1357 1810 idcirco

278 1833 348 1857 non
370 1831 505 1867 apparet
528 1824 711 1856 secundum
734 1824 815 1866 quid
836 1833 940 1865 genus
957 1830 989 1855 et
1004 1824 1182 1856 differentia
1206 1823 1358 1865 specifica

278 1871 313 1901 in
337 1869 384 1901 eis
405 1869 511 1911 accipi
533 1870 670 1910 possint.

334 1913 374 1946 Η.
396 1912 570 1953 Quantum
586 1914 627 1944 ad
642 1913 824 1945 secundum
836 1914 864 1950 *‚
888 1914 1064 1954 praemittit
1087 1913 1190 1954 quod,
1209 1922 1287 1944 cum
1310 1912 1358 1943 di-

278 1965 390 1991 voeae
403 1967 514 1991 rerum
529 1959 654 1999 species
667 1957 824 1999 gradatim
847 1963 995 1989 naturam
1019 1958 1101 1988 entis
1123 1957 1320 1999 possideant,
1335 1975 1359 1979 —

279 2008 416 2044 utpatet
430 2009 462 2034 et
473 2005 507 2035 in
517 2004 622 2044 prima
634 2002 792 2034 divisione
808 2003 901 2040 entis,
914 2012 999 2044 quae
1015 2009 1063 2033 est
1078 2012 1136 2044 per
1146 2003 1358 2033 substantiam

281 2054 313 2081 et
335 2048 486 2081 accidens
502 2054 534 2079 et
552 2057 612 2089 per
627 2054 736 2079 actum
753 2058 790 2079 ac
806 2048 997 2088 potentiam,
1014 2053 1046 2079 et
1065 2048 1099 2078 in
1115 2047 1185 2078 aliis
1200 2056 1358 2088 generum

280 2093 493 2125 divisionibus
522 2094 556 2124 in
586 2094 728 2134 species;
761 2098 894 2134 propter
926 2092 1018 2134 quod
1047 2092 1165 2123 dicitur
1189 2092 1263 2123 VIII
1286 2092 1358 2122 Me-

280 2138 379 2180 mph„
394 2144 471 2170 text.
488 2146 540 2175 ιο,
556 2137 648 2178 quod
663 2138 886 2169 distinctiones
897 2138 914 2155 ⁴*
930 2147 1038 2169 rerum
1054 2143 1130 2168 sunt
1144 2138 1228 2168 sicut
1242 2146 1359 2167 nume-

279 2191 404 2221 rorum,
426 2184 461 2214 in
485 2183 606 2224 quibus
635 2183 743 2214 unitas
774 2182 881 2214 addita
903 2183 955 2214 vel
978 2183 1139 2214 subtracta
1162 2182 1262 2213 variat
1285 2191 1358 2222 spe-

281 2228 376 2265 ciem,
399 2246 424 2251 —
445 2228 528 2259 ratio
551 2227 783 2259 determinatae
807 2228 927 2268 speciei
952 2228 1100 2258 consistit
1122 2228 1156 2258 in
1178 2227 1243 2258 hoc
1266 2226 1358 2267 quod

279 2278 395 2304 natura
422 2273 610 2304 communis
632 2273 666 2304 in
690 2272 904 2304 determinato
937 2272 1038 2313 gradu
1062 2272 1144 2303 entis
1168 2271 1358 2304 collocatur.

335 2317 402 2348 Isto
425 2318 608 2358 supposito,
626 2318 703 2358 quia
726 2327 765 2348 ex
787 2318 884 2348 rebus
906 2317 1125 2348 materialibus
1146 2316 1180 2347 in
1197 2317 1358 2358 cognitio-

280 2371 356 2393 nem
372 2372 480 2394 rerum
496 2362 759 2393 immaterialium
776 2361 976 2399 devenimus,
989 2362 1096 2403 primo
1113 2361 1255 2393 ostendit
1270 2361 1358 2392 unde

279 2415 384 2447 genus
399 2413 431 2438 et
449 2406 629 2438 differentia
651 2407 685 2438 in
708 2408 804 2438 rebus
827 2407 1046 2438 materialibus
1069 2407 1284 2447 accipiantur;
1307 2416 1358 2437 se-

280 2451 402 2489 cundo,
426 2452 514 2483 unde
536 2453 571 2483 in
594 2452 869 2483 immaterialibus.
898 2451 986 2482 Dicit
1015 2461 1093 2492 ergo
1122 2452 1241 2492 primo,
1265 2451 1358 2492 quod

279 2497 314 2527 in
328 2497 426 2528 rebus
443 2506 481 2528 ex
499 2497 632 2527 materia
648 2502 681 2528 et
696 2496 801 2528 forma
824 2497 1025 2538 compositis,
1049 2497 1130 2527 ratio
1153 2497 1280 2537 generis
1303 2506 1358 2527 su-

279 2541 379 2572 mitur
394 2551 433 2572 ex
448 2541 615 2578 materiali,
631 2542 713 2573 ratio
737 2551 815 2573 vero
838 2541 1036 2572 differentiae
1055 2551 1094 2572 ex
1110 2540 1252 2572 formali:
1279 2542 1357 2582 quia

279 2586 313 2616 in
329 2585 391 2616 illis
407 2586 512 2618 forma
528 2592 576 2617 est
591 2587 684 2627 quasi
707 2587 883 2623 terminus;
907 2586 940 2617 id
964 2591 1073 2617 autem
1097 2586 1188 2627 quod
1207 2595 1265 2626 per
1284 2595 1356 2616 eam

279 2630 520 2668 determinatur,
537 2636 584 2662 est
599 2631 731 2662 materia
747 2631 797 2662 vel
821 2631 995 2662 materiale.
1012 2647 1036 2652 -
1051 2631 1099 2662 Ex
1122 2631 1187 2661 hoc
1210 2631 1357 2671 sequitur

278 2676 396 2716 primo,
421 2676 512 2716 quod
543 2685 582 2707 ex
613 2685 732 2716 genere
755 2682 787 2707 et
810 2676 988 2707 differentia
1015 2675 1052 2706 fit
1081 2685 1186 2706 unum
1209 2676 1294 2706 sicut
1317 2685 1356 2706 ex

277 2721 411 2752 materia
427 2726 459 2752 et
474 2721 588 2752 forma.
601 2739 624 2743 —
639 2721 793 2761 Sequitur
808 2720 965 2757 secundo,
983 2720 1074 2761 quod
1094 2719 1272 2751 differentia
1287 2729 1356 2751 non

278 2765 367 2796 addit
393 2772 577 2796 extraneam
605 2771 754 2796 naturam
784 2775 882 2806 supra
904 2775 1018 2806 genus,
1042 2764 1099 2795 sed
1122 2771 1170 2795 est
1193 2765 1355 2805 quaedam

278 2810 505 2841 determinatio
527 2811 640 2850 ipsius,
657 2816 694 2841 ut
716 2815 805 2851 patet
819 2811 854 2841 in
869 2810 934 2841 hoc
949 2819 1068 2851 genere
1091 2810 1218 2840 animal
1241 2815 1272 2840 et
1294 2810 1355 2840 hac

278 2854 457 2886 differentia
479 2855 563 2885 duos
584 2855 705 2885 habens
723 2855 841 2896 pedes:
864 2855 948 2885 sicut
970 2864 1036 2886 una
1052 2859 1083 2885 et
1099 2854 1213 2886 eadem
1236 2860 1284 2885 est
1299 2864 1355 2885 na-

277 2905 349 2930 tura
372 2908 457 2940 quae
473 2909 512 2930 ex
530 2900 663 2930 materia
687 2905 719 2930 et
741 2899 847 2930 forma
870 2900 1088 2930 constituitur.
1104 2917 1127 2921 -
1142 2899 1191 2930 Ex
1214 2908 1282 2939 quo
1306 2900 1356 2930 ul-

277 2944 377 2974 terius
407 2945 553 2984 sequitur
582 2943 674 2984 quod
704 2943 820 2975 accidit
841 2944 952 2984 generi
976 2949 1008 2975 et
1030 2943 1229 2975 differentiae
1252 2943 1356 2975 deter-

277 2989 492 3019 minationem
522 2997 621 3029 quam
652 2987 831 3019 differentia
853 2989 1018 3029 importat,
1042 2998 1081 3019 ex
1104 2989 1168 3019 alio
1191 2989 1354 3029 principio

278 3033 401 3064 causari
426 3042 525 3074 quam
548 3038 697 3064 naturam
719 3034 860 3074 generis:
885 3043 924 3064 ex
947 3043 998 3070 eo,
1018 3034 1163 3074 inquam,
1184 3033 1275 3074 quod
1298 3043 1356 3064 na-

278 3085 348 3108 tura
365 3081 478 3119 ”quam
511 3077 670 3118 significat
701 3077 859 3114 definitio,
884 3083 932 3108 est
958 3087 997 3108 ex
1023 3078 1157 3109 materia
1183 3083 1215 3108 et
1238 3077 1353 3115 forma,

277 3124 360 3153 sicut
384 3132 423 3153 ex
445 3122 619 3153 terminato
643 3127 675 3153 et
698 3123 901 3159 terminante,
926 3123 1118 3162 composita.

333 3167 486 3198 Secundo
514 3166 656 3198 ostendit
686 3166 774 3198 unde
806 3172 975 3198 sumantur
997 3167 1031 3197 in
1054 3167 1239 3198 substantiis
1262 3176 1354 3207 sepa-

277 3213 352 3243 ratis
374 3221 478 3252 genus
502 3218 533 3242 et
557 3211 744 3242 differentia.
767 3211 809 3242 Et
831 3211 874 3242 ait
897 3211 987 3252 quod
1004 3221 1042 3242 ex
1057 3212 1127 3252 ipsa
1149 3212 1275 3242 ratione
1297 3221 1354 3242 na-

277 3263 368 3288 turae
398 3257 536 3287 sumitur
562 3257 644 3287 ratio
672 3257 813 3296 generis;
837 3265 876 3286 ex
899 3256 1128 3287 terminatione
1151 3261 1260 3287 autem
1285 3257 1354 3287 eius

278 3301 459 3332 secundum
490 3301 581 3341 quod
612 3306 659 3332 est
682 3302 716 3331 in
738 3300 794 3331 tali
816 3300 918 3341 gradu
942 3301 1077 3337 entium,
1101 3301 1240 3331 sumitur
1263 3300 1354 3331 diffe—

278 3346 389 3376 rentia.
414 3345 519 3376 Cuius
550 3346 632 3376 ratio
657 3351 704 3376 est
728 3346 803 3386 quia
832 3350 945 3376 natura
975 3345 1111 3386 simplex
1133 3355 1192 3386 per
1214 3345 1354 3385 seipsam

279 3395 326 3420 est
349 3391 528 3427 terminata,
545 3400 606 3421 nec
630 3400 758 3421 sumere
781 3396 829 3421 est
851 3390 885 3420 in
908 3391 978 3431 ipsa
1001 3395 1126 3430 partem
1149 3390 1354 3420 terminatam

279 3441 311 3465 et
333 3440 458 3474 partem
479 3436 718 3466 terminantem.
771 3440 775 3443 ⁷

335 3479 387 3511 III.
412 3478 582 3517 Quantum
604 3480 644 3511 ad
667 3479 810 3516 tertium,
833 3480 893 3510 tria
915 3478 1121 3510 deducuntur
1145 3479 1314 3509 corollaria
1325 3480 1352 3510 ἦ

278 3524 424 3554 Primum
448 3529 506 3560 est,
530 3524 622 3564 quod
644 3525 678 3555 in
702 3529 824 3555 natura
848 3523 986 3565 infinita,
1012 3528 1048 3554 ut
1070 3528 1118 3554 est
1139 3523 1261 3559 divina,
1286 3533 1352 3554 non

279 3574 326 3599 est
349 3569 496 3609 accipere
519 3578 621 3610 neque
642 3579 748 3611 genus
771 3579 874 3610 neque
897 3568 1125 3609 differentiam.

335 3612 523 3644 Secundum
546 3619 603 3651 est,
624 3613 715 3654 quod
738 3614 770 3644 in
794 3613 982 3644 substantiis
1004 3612 1165 3653 separatis
1188 3621 1254 3642 non
1277 3617 1355 3643 sunt

279 3657 364 3688 duae
386 3658 539 3698 aequales
553 3658 729 3689 secundum
746 3659 912 3689 ordinem:
931 3667 1007 3688 cum
1029 3667 1143 3688 omnes
1163 3657 1270 3697 specie
1290 3656 1353 3687 dis-

423 3721 516 3745 Summ
536 3720 646 3745 Coxm
665 3721 798 3746 Geminas
818 3721 848 3747 D.
868 3721 984 3745 Tamum
1003 3720 1072 3745 Tou.
1092 3720 1109 3745 1.

1412 1608 1491 1636 esse,
1514 1600 1598 1630 inter
1629 1609 1708 1639 quas
1739 1600 1835 1630 etiam
1866 1601 1988 1631 animas
2018 1606 2241 1637 connumerat,
2270 1601 2485 1632 diversitatem

1411 1650 1522 1675 autem
1537 1653 1650 1675 earum
1666 1654 1704 1674 ex
1721 1644 1901 1675 diversitate
1917 1646 2109 1675 meritorum
2124 1646 2321 1685 provenisse.
2334 1646 2382 1676 Ex
2393 1656 2485 1686 prae-

1412 1688 1602 1720 cedentibus
1626 1689 1715 1719 enim
1737 1689 1803 1719 hoc
1826 1688 1943 1719 falsum
1967 1699 2035 1720 esse
2059 1695 2195 1720 constat.

1468 1734 1523 1764 lv.
1546 1733 1611 1765 Sed
1627 1734 1711 1764 circa
1726 1733 1810 1764 hanc
1826 1733 2077 1764 declarationem
2101 1734 2242 1764 occurrit
2264 1733 2410 1765 dubium.
2431 1734 2487 1765 Se-

1412 1778 1559 1810 cundum
1575 1779 1664 1809 enim
1679 1779 1763 1809 hanc
1780 1778 1971 1815 doctrinam,
1988 1778 2055 1809 duo
2072 1778 2112 1809 de
2126 1788 2244 1819 genere
2261 1784 2292 1808 et
2311 1778 2488 1810 differentia

1411 1824 1446 1854 in
1469 1824 1565 1854 rebus
1589 1823 1780 1864 compositis
1804 1832 1843 1854 ex
1865 1824 1998 1854 materia
2017 1829 2049 1854 et
2071 1822 2175 1854 forma
2198 1822 2359 1854 dicuntur.
2376 1824 2488 1855 Unum

1413 1874 1470 1904 est,
1495 1867 1586 1908 quod
1609 1873 1783 1899 sumuntur
1799 1868 1838 1898 ab
1855 1868 1966 1908 aliquo
1989 1867 2118 1899 formali
2136 1874 2168 1898 et
2187 1868 2298 1908 aliquo
2322 1869 2486 1900 materiali.

1412 1913 1454 1943 Et
1483 1912 1576 1943 datur
1599 1913 1787 1953 exemplum
1811 1912 1851 1943 de
1874 1918 1988 1943 natura
2015 1913 2165 1944 sensitiva
2188 1918 2220 1943 et
2242 1913 2446 1950 intellectiva,
2470 1924 2488 1944 a

1412 1967 1551 1998 quarum
1574 1967 1639 1988 una
1662 1958 1801 1988 sumitur
1822 1966 1926 1998 genus
1949 1957 2101 1994 hominis,
2119 1957 2210 1998 quod
2229 1963 2276 1988 est
2296 1958 2430 1994 animal,
2447 1959 2486 1989 ab

1412 2002 1510 2033 altera
1532 2011 1611 2033 vero
1627 2003 1766 2033 sumitur
1782 2002 1956 2038 rationale,
1977 2002 2068 2042 quod
2087 2008 2135 2033 est
2157 2001 2346 2033 differentia.
2361 2022 2383 2025 -
2399 2003 2488 2034 Alte-

1411 2056 1485 2078 rum
1509 2053 1566 2083 est,
1591 2046 1682 2087 quod
1711 2046 1890 2078 differentia
1916 2056 1985 2078 non
2008 2046 2096 2078 addit
2128 2052 2310 2078 extraneam
2340 2054 2487 2079 naturam

1411 2101 1509 2133 supra
1531 2102 1644 2133 genus.

1469 2137 1517 2168 Ex
1540 2138 1578 2168 iis
1602 2137 1690 2168 enirn
1713 2136 1860 2177 sequitur
1889 2136 1981 2177 quod
2009 2137 2042 2167 in
2065 2137 2162 2167 rebus
2191 2137 2408 2168 materialibus
2431 2147 2488 2168 na-

1411 2187 1483 2212 tura
1506 2192 1525 2212 a
1548 2191 1614 2222 qua
1636 2182 1774 2212 sumitur
1796 2190 1910 2221 genus,
1934 2190 2018 2222 quae
2042 2190 2076 2212 se
2099 2181 2196 2212 habet
2211 2187 2247 2212 ut
2261 2182 2432 2212 materialis
2455 2188 2488 2213 et

1412 2226 1675 2263 determinabilis,
1704 2231 1736 2257 et
1758 2232 1872 2257 natura
1895 2236 1914 2256 a
1938 2235 2003 2266 qua
2029 2226 2168 2257 sumitur
2191 2225 2378 2264 differentia,
2403 2236 2486 2267 quae

1412 2281 1446 2302 se
1469 2272 1567 2302 habet
1589 2277 1626 2302 ut
1649 2271 1794 2302 formalis
1818 2276 1849 2302 et
1873 2270 2100 2307 determinans,
2129 2276 2205 2301 sunt
2228 2281 2293 2302 una
2319 2277 2350 2302 et
2373 2272 2486 2302 eadem

1411 2322 1525 2347 natura
1555 2315 1736 2347 secundum
1760 2325 1839 2352 rem,
1863 2321 1899 2346 ut
1922 2321 2036 2346 natura
2065 2316 2216 2346 sensitiva
2240 2321 2272 2347 et
2293 2317 2486 2347 intellectiva

1411 2362 1445 2391 in
1472 2361 1624 2397 homine;
1645 2360 1702 2391 sed
1725 2360 1968 2401 distinguuntur
1996 2361 2132 2397 ratione,
2156 2361 2350 2401 inquantum
2374 2361 2485 2392 eadem

1410 2411 1535 2442 natura,
1555 2412 1591 2437 ut
1614 2415 1647 2436 se
1671 2406 1768 2436 habet
1791 2414 1849 2446 per
1871 2405 2010 2436 modum
2032 2406 2217 2446 potentialis
2241 2411 2273 2436 et
2295 2405 2486 2437 determina-

1410 2451 1493 2487 bilis,
1517 2450 1725 2491 distinguitur
1747 2451 1873 2481 ratione
1892 2460 1910 2481 a
1929 2451 2033 2491 seipsa
2048 2457 2085 2481 ut
2100 2460 2134 2481 se
2150 2451 2246 2480 habet
2268 2460 2326 2491 per
2347 2450 2484 2482 modum

1411 2495 1535 2526 formae
1559 2502 1591 2526 et
1613 2495 1866 2527 determinantis.

1467 2540 1532 2572 Sed
1561 2541 1626 2571 hoc
1656 2540 1743 2571 idem
1773 2540 1936 2571 invenitur
1958 2540 1992 2569 in
2015 2539 2110 2569 rebus
2143 2539 2415 2570 immaterialibus.
2440 2539 2484 2570 Ut

1411 2586 1499 2616 enim
1522 2586 1658 2616 habetur
1682 2585 1797 2622 Prima,
1823 2594 1854 2625 q.
1871 2594 1899 2621 ι,
1917 2594 1944 2614 a.
1964 2593 1981 2614 2
2010 2583 2050 2613 ad
2071 2591 2097 2619 1,
2114 2584 2148 2613 in
2165 2584 2210 2613 eis
2228 2593 2293 2624 una
2315 2589 2346 2613 et
2369 2583 2482 2614 eadem

1409 2635 1524 2661 natura
1553 2636 1602 2661 est
1633 2629 1882 2661 determinabilis
1905 2638 1973 2659 uno
1997 2627 2098 2658 modo
2131 2627 2339 2664 considerata,
2364 2634 2395 2658 et
2417 2628 2480 2658 alio

1410 2674 1511 2706 modo
1536 2675 1739 2706 considerata
1761 2680 1809 2705 est
1832 2673 2061 2708 determinans3
2087 2678 2118 2702 et
2134 2673 2172 2702 ab
2188 2673 2258 2713 ipsa
2276 2678 2313 2702 ut
2331 2672 2480 2703 determi-

1409 2720 1524 2750 nabilis
1547 2726 1605 2757 est,
1625 2725 1658 2751 et
1675 2729 1734 2760 per
1758 2728 1961 2759 consequens
1985 2717 2179 2758 potentialis,
2203 2717 2340 2747 sumitur
2362 2726 2479 2757 genus;

1410 2765 1450 2794 ab
1472 2765 1543 2805 ipsa
1565 2774 1643 2795 vero
1668 2770 1704 2795 ut
1727 2769 1774 2795 est
1798 2763 2013 2794 determinans
2037 2768 2068 2793 et
2088 2761 2239 2798 formalis,
2259 2762 2395 2792 sumitur
2419 2761 2479 2792 dif-

1410 2808 1558 2846 ferentia;
1587 2819 1690 2850 genus
1721 2810 1819 2845 enim,
1843 2808 2043 2847 ubicumque
2070 2812 2219 2847 ponatur,
2243 2805 2400 2846 significat
2423 2806 2480 2836 ali-

1410 2853 1490 2894 quid
1505 2853 1759 2891 determinabile‚
1775 2859 1806 2883 et
1822 2852 1999 2883 differentia
2014 2851 2136 2892 aliquid
2152 2850 2374 2881 determinans.
2391 2850 2478 2891 Ergo

1409 2908 1478 2929 non
1497 2900 1729 2930 convenienter
1745 2898 1877 2939 ponitur
1893 2896 2069 2928 differentia
2085 2896 2281 2936 acceptionis
2298 2895 2423 2935 generis
2447 2900 2479 2925 et

1410 2943 1607 2975 differentiae
1630 2945 1664 2975 in
1687 2944 1783 2974 rebus
1815 2941 2032 2972 materialibus
2055 2946 2086 2971 et
2108 2941 2142 2971 in
2165 2940 2260 2970 rebus
2286 2940 2478 2970 immateria-

1409 2988 1503 3025 libus,
1528 2990 1605 3029 quia
1628 2989 1662 3019 in
1685 2988 1747 3018 illis
1770 2993 1939 3018 sumantur
1961 2986 1999 3016 ab
2024 2985 2134 3025 aliquo
2162 2984 2288 3015 formali
2312 2989 2343 3014 et
2367 2983 2476 3023 aliquo

1408 3033 1575 3070 materiali,
1591 3034 1625 3064 in
1641 3034 1709 3063 istis
1732 3038 1841 3063 autem
1864 3040 1942 3061 non.
1968 3030 2072 3060 Immo
2092 3039 2130 3060 ex
2149 3029 2364 3059 declaratione
2386 3027 2478 3058 modi

1409 3078 1533 3108 inventi
1562 3079 1596 3108 in
1629 3078 1724 3108 rebus
1754 3075 1981 3110 materialibus,
2012 3073 2163 3104 concludi
2196 3073 2332 3103 debebat
2365 3072 2478 3102 similis

1408 3122 1527 3153 modus
1549 3123 1584 3153 in
1607 3123 1703 3153 rebus
1726 3119 1997 3152 immaterialibus.

1463 3167 1503 3197 V.
1528 3167 1580 3198 Ad
1603 3166 1796 3197 evidentiam
1820 3165 1925 3200 huius,
1950 3169 1981 3194 et
2004 3172 2118 3193 eorum
2141 3170 2225 3202 quae
2248 3161 2348 3201 tangit
2365 3161 2399 3190 in
2415 3160 2476 3191 hac

1407 3211 1516 3242 subtili
1533 3211 1749 3242 declaratione
1759 3210 1894 3241 Sanctus
1906 3208 2060 3242 Thomas,
2072 3206 2240 3236 sciendum
2255 3206 2372 3245 primo,
2386 3204 2476 3244 quod

1407 3255 1448 3286 de
1464 3265 1582 3296 genere
1598 3256 1767 3296 dupliciter
1782 3254 1871 3293 loqui
1887 3260 2074 3293 possumus:
2091 3250 2212 3281 scilicet
2224 3249 2476 3290 primae-inten-

1408 3300 1587 3336 tionaliter,
1611 3310 1671 3341 pro
1694 3301 1763 3339 ipsa
1785 3303 1898 3328 natura
1921 3295 2095 3335 significata
2118 3295 2253 3325 nomine
2280 3295 2403 3334 primae
2425 3294 2476 3324 in-

1407 3346 1570 3382 tentionis,
1588 3346 1641 3375 cui
1656 3344 1836 3375 intellectus
1851 3341 1975 3381 generis
1990 3340 2204 3370 intentionem
2228 3339 2379 3374 attribuit,
2395 3343 2475 3378 puta

1407 3399 1467 3429 pro
1491 3390 1556 3420 hoc
1578 3399 1695 3429 genere
1719 3386 1808 3428 quod
1835 3385 1908 3415 dico
1935 3384 2071 3420 animal;
2094 3388 2126 3413 et
2147 3382 2475 3414 secundae-intentio—

1408 3434 1538 3470 naliter,
1562 3444 1622 3474 pro
1646 3435 1714 3473 ipsa
1737 3430 1885 3461 videlicet
1914 3428 2100 3459 habitudine
2128 3426 2304 3468 significata
2327 3428 2391 3457 hoc
2413 3436 2475 3457 no-

1407 3479 1496 3509 mine
1517 3488 1633 3520 genus,
1650 3485 1747 3517 quam
1770 3480 1901 3505 naturae
1921 3473 2042 3512 absque
2061 3471 2245 3502 differentiis
2265 3471 2475 3502 limitantibus

1407 3523 1627 3554 consideratae
1649 3521 1828 3552 intellectus
1852 3517 2002 3548 attribuit.

1463 3567 1550 3598 Cum
1581 3576 1657 3606 ergo
1688 3564 1871 3604 quaerimus
1895 3572 1912 3592 a
1936 3571 2003 3602 quo
2026 3565 2170 3591 sumatur
2199 3569 2301 3600 genus
2329 3566 2361 3590 et
2384 3559 2475 3591 diffe-

1406 3613 1519 3649 rentia,
1542 3621 1610 3642 non
1635 3609 1817 3650 quaerimus
1841 3606 1880 3637 de
1903 3615 2020 3646 genere
2044 3611 2075 3635 et
2098 3604 2276 3635 differentia
2297 3605 2474 3636 secundae-

1407 3655 1673 3690 intentionaliter,
1687 3653 1741 3684 sed
1751 3650 2167 3693 primae-intentionaliter:
2183 3650 2367 3689 quaerimus
2387 3650 2473 3680 enim

2297 3718 2329 3744 72
