2768 4134
0 667 3 703 ξ
57 672 68 682 '
82 670 118 693 Cf.
133 676 156 692 n.
171 676 218 692 xiv.

878 280 1066 317 SUMMA
1095 280 1317 318 CONTRA
1345 281 1620 328 GENTILES,
1651 281 1762 318 CAP.
1783 282 1916 318 LXVI.

296 360 414 391 habent
429 363 583 389 naturam
596 368 661 399 per
675 367 772 399 quam
789 358 854 388 illis
870 358 1100 388 assimilentur.
1125 358 1275 394 Similiter
1292 369 1368 400 ergo

298 404 422 435 dicetur
444 403 545 443 quod,
569 403 644 434 licet
668 402 846 438 aeternitas,
867 404 1026 442 quantum
1050 408 1096 433 est
1120 413 1158 433 ex
1181 413 1225 440 se,
1249 414 1368 444 aequa-

298 449 369 479 liter
381 457 414 479 se
426 448 542 479 habeat
556 446 597 478 ad
609 447 799 488 praesentia,
811 448 980 487 praeterita
993 453 1024 478 et
1039 447 1157 484 futura,
1176 458 1245 479 non
1260 455 1369 480 tamen

298 493 358 523 ista
388 493 564 533 aequaliter
587 501 622 522 se
643 492 764 522 habent
787 491 827 522 ad
850 492 1086 529 aeternitatem;
1110 493 1187 532 quia
1209 493 1263 523 illa
1286 502 1370 534 quae

299 546 369 568 non
384 543 470 573 sunt,
485 546 556 567 non
570 537 691 567 habent
710 541 859 566 naturam
882 546 939 577 per
955 546 1054 577 quam
1069 538 1247 568 coexistant
1269 543 1370 568 aeter-

299 582 400 612 nitati.
424 582 512 621 Ergo
534 590 605 611 non
628 581 714 611 entia
738 581 915 611 aeternitati
937 591 1006 611 non
1029 582 1221 612 coexistunt.

358 635 388 656 2.
411 624 602 657 Secundum
613 624 751 655 dubium
766 631 814 655 est
829 625 912 656 circa
927 626 1153 665 probationem
1168 635 1371 667 consequen-

300 671 363 701 tiae
378 671 406 700 ἕ.
430 670 508 700 Non
531 671 619 700 enim
642 669 768 700 videtur
791 671 897 710 sequi:
922 671 1107 701 Aeternitas
1133 671 1264 702 cuilibet
1279 671 1372 711 parti

300 715 455 755 temporis
477 714 578 745 adest.
601 714 697 755 Ergo
722 715 906 756 intelligere
927 716 1015 755 quod
1036 721 1246 746 mensuratur
1268 721 1372 746 aeter-

301 759 402 789 nitate
415 759 535 801 sertur
550 758 594 789 ad
610 759 720 789 omnia
739 768 823 800 quae
832 769 898 800 pro
914 769 1115 800 quacumque
1139 761 1293 801 temporis
1308 760 1372 802 dif-

290 803 442 845 ferentia
456 808 543 834 sunt.
559 803 636 834 Non
653 804 740 834 enim
756 804 856 834 valet:
875 804 1007 835 Instans
1023 813 1183 844 praesens
1206 809 1374 835 mensurat

300 848 456 879 visionem
480 858 595 879 meam.
611 848 706 890 Ergo
722 858 785 890 ego
802 848 894 879 video
912 850 1023 880 omnia
1038 849 1178 880 visibilia
1200 859 1284 890 quae
1297 849 1373 879 huic

300 893 436 924 instanti
457 898 536 924 sunt
544 893 744 934 praesentia.
762 893 879 933 Neque
898 895 994 924 etiam
1018 903 1056 924 ex
1079 899 1169 934 parte
1192 894 1373 925 intellectus

299 938 400 968 valet:
429 937 549 968 Omnia
573 938 793 979 intelligibilia
818 947 906 968 nunc
931 943 1008 969 sunt
1023 939 1215 978 praesentia
1238 938 1374 969 instanti

299 983 503 1013 mensuranti
518 992 622 1013 meam
639 982 898 1013 intellectionem.
914 983 1010 1024 Ergo
1023 992 1085 1023 ego
1100 983 1248 1024 intelligo
1262 983 1372 1013 omnia

300 1027 531 1069 intelligibilia.

355 1072 437 1103 VIII.
454 1072 517 1102 Pro
533 1072 698 1102 solutione
713 1071 809 1111 primi
825 1070 915 1102 dubii
931 1070 1163 1102 attendendum
1179 1071 1279 1111 quod,
1297 1082 1372 1102 cum

299 1116 471 1157 dupliciter
493 1116 597 1157 possit
618 1115 754 1155 intelligi
769 1125 838 1146 non
855 1116 940 1146 entia
956 1125 1024 1146 esse
1049 1116 1227 1156 praesentia
1243 1116 1314 1147 Deo
1338 1117 1372 1147 in

299 1162 496 1197 aeternitate,
520 1160 643 1191 scilicet
672 1159 852 1190 secundum
875 1160 994 1190 realem
1020 1161 1262 1191 coexistentiam
1285 1161 1372 1201 ipso-

299 1215 372 1237 rum
387 1205 429 1236 ad
444 1205 564 1241 Deum,
584 1210 616 1234 et
637 1203 819 1235 secundum
835 1213 904 1235 esse
927 1205 1095 1245 cognitum
1120 1210 1151 1235 et
1174 1205 1372 1235 obiectivum

298 1255 439 1282 tantum:
465 1248 599 1290 quidam
622 1248 867 1279 Thomistarum
882 1254 993 1279 tenent
1011 1258 1080 1280 non
1097 1249 1181 1279 entia
1197 1258 1266 1280 esse
1281 1259 1373 1289 prae-

299 1295 401 1326 sentia
423 1294 496 1325 Deo
519 1293 555 1324 in
577 1294 764 1324 aeternitate
787 1293 821 1324 in
846 1302 914 1324 esse
934 1294 1107 1330 obiectivo,
1125 1294 1201 1334 quia
1223 1293 1373 1324 videlicet

298 1339 339 1379 ab
356 1343 767 1378 ,aetemoecognoscuntur
795 1347 814 1367 a
837 1337 924 1374 De0;
950 1347 1018 1368 non
1051 1344 1159 1368 autem
1191 1338 1372 1369 secundum

277 1379 418 1414 ‘realem
441 1382 685 1413 coexistentiam
709 1391 778 1412 esse
800 1390 909 1413 rerum
932 1382 973 1413 ad
996 1392 1065 1412 esse
1089 1382 1244 1413 divinum.

354 1427 436 1458 Mihi
462 1432 573 1458 autem
595 1426 732 1462 videtur,
757 1426 848 1466 quod
876 1432 907 1457 et
935 1427 1084 1467 plerique
1112 1427 1302 1458 Thomistae
1326 1432 1374 1457 te-

297 1477 387 1509 nent,
411 1481 481 1503 esse
503 1471 544 1502 de
566 1477 676 1502 mente
700 1471 809 1502 Sancti
825 1471 974 1501 Thomae
995 1471 1086 1511 quod
1107 1476 1248 1511 utroque
1270 1471 1373 1502 modo

298 1517 420 1553 omnia,
435 1521 503 1547 tam
518 1516 688 1557 praeterita
705 1521 736 1547 et
755 1514 863 1546 futura
879 1525 978 1556 quam
1001 1516 1191 1556 praesentia,
1207 1522 1282 1546 sunt
1301 1516 1373 1546 Deo

297 1561 333 1593 in
352 1561 538 1592 aeternitate
560 1561 754 1602 praesentia:
774 1561 818 1590 ita
834 1559 925 1600 quod
944 1565 976 1590 et
989 1559 1036 1590 illi
1051 1560 1177 1590 realiter
1192 1560 1374 1590 coexistunt

297 1605 332 1638 in
346 1606 543 1642 aeternitate,
557 1611 589 1636 et
604 1604 805 1635 aeternaliter
819 1605 860 1634 ab
874 1605 948 1644 ipso
964 1609 1216 1644 cognoscuntur.
1237 1604 1375 1635 Moveor

298 1655 409 1683 autem
425 1650 519 1691 quia,
542 1650 746 1690 ubicumque
770 1648 907 1680 Sanctus
927 1648 1073 1679 Thomas
1096 1648 1138 1679 de
1159 1649 1219 1679 hac
1242 1649 1374 1679 materia

297 1695 453 1736 loquitur,
476 1704 538 1736 pro
560 1695 687 1725 ratione
703 1703 803 1734 quate
826 1693 916 1724 Deus
932 1699 1109 1733 cognoscat
1123 1692 1230 1724 futura
1246 1694 1374 1724 contin-

297 1740 406 1781 gentia
427 1739 702 1775 certitudinaliter,
721 1739 860 1779 assignat
878 1739 953 1774 hoc,
977 1739 1053 1778 quia
1072 1739 1182 1768 omnia
1203 1744 1278 1768 sunt
1301 1738 1373 1768 Deo

298 1785 533 1818 etaetemitati
554 1785 745 1825 praesentia,
774 1789 805 1814 et
828 1782 919 1823 quod
945 1783 1114 1813 aeternitas
1138 1782 1270 1813 cuilibet
1291 1788 1373 1813 tem-

297 1830 372 1871 pori
393 1829 446 1860 vel
465 1829 597 1860 instanti
619 1829 776 1869 temporis
799 1827 903 1858 adest:
929 1833 966 1858 ut
987 1833 1076 1868 patet
1104 1828 1138 1858 in
1169 1827 1234 1858 hoc
1257 1828 1372 1868 capite,

298 1879 332 1907 et
352 1873 470 1910 Prima,
494 1883 526 1914 q.
546 1883 610 1910 ω,
633 1883 662 1904 a.
685 1883 706 1914 9
734 1878 766 1903 et
792 1872 842 1909 13,
866 1878 898 1903 et
923 1872 1030 1908 Ver-it„
1054 1881 1086 1912 q.
1106 1881 1139 1908 n,
1167 1881 1195 1902 a.
1219 1881 1271 1908 12,
1295 1873 1373 1902 item

297 1918 311 1951 1
333 1918 435 1955 Sunt„
460 1918 492 1949 d.
514 1927 643 1954 xxxvm,
668 1927 696 1948 a.
721 1920 748 1948 5.
773 1916 866 1947 Esset
888 1922 998 1947 autem
1020 1917 1134 1957 petitio
1167 1917 1317 1957 principii
1347 1917 1374 1946 si

296 1963 489 2004 intelligeret
512 1962 604 2003 quod
626 1962 739 1993 omnia
753 1967 830 1992 sunt
843 1962 1022 2002 praesentia
1038 1961 1110 1991 Deo
1130 1961 1287 1997 intuitive,
1304 1970 1372 1991 non

297 2013 408 2041 ntem
437 2007 620 2038 secundum
649 2006 769 2037 realem
800 2006 1058 2036 coexistentiam:
1090 2005 1166 2046 quia
1196 2010 1373 2036 assumeret

132 2043 222 2084 ..υἷ’
255 2074 257 2078 -
298 2052 391 2094 quod
415 2052 546 2083 deberet
567 2052 715 2092 probare.
744 2050 845 2089 Quod
868 2059 944 2081 cum
968 2059 1035 2080 non
1061 2050 1100 2080 sit
1123 2055 1213 2080 tanto
1237 2050 1318 2086 viro,
1341 2055 1372 2079 et

297 2098 331 2128 in
354 2107 388 2128 re
411 2102 509 2133 tanta,
529 2095 781 2132 attribuendum,
798 2094 973 2126 dicendum
989 2101 1036 2125 est
1052 2094 1143 2134 quod
1158 2095 1227 2134 ipse
1242 2094 1372 2125 volebat

297 2150 431 2182 arguere
453 2141 562 2172 Deum
585 2140 762 2181 intelligere
786 2140 897 2170 omnia
919 2138 1027 2170 futura
1050 2139 1269 2179 contingentia
1296 2139 1372 2179 quia

296 2186 475 2226 intelligere
490 2185 637 2216 divinum
661 2194 695 2215 se
718 2184 861 2215 extendit
884 2183 923 2214 ad
947 2184 1056 2214 omnia
1079 2192 1163 2224 quae
1187 2189 1262 2213 sunt
1279 2193 1371 2224 prae—

296 2231 399 2263 santia
423 2240 501 2262 suae
529 2238 702 2261 mensurae
725 2235 756 2260 et
782 2229 829 2260 illi
860 2229 1056 2264 coexistunt;
1084 2237 1235 2258 mensura
1262 2233 1371 2258 autem

297 2275 424 2308 divinae
447 2274 676 2306 intellectionis
700 2279 748 2304 est
770 2274 949 2309 aeternitas,
977 2273 1030 2303 cui
1053 2282 1121 2303 non
1145 2272 1253 2303 solum
1275 2273 1372 2303 nobis

295 2320 486 2361 praesentia,
511 2319 568 2350 sed
591 2319 688 2350 etiam
711 2318 806 2349 nobis
829 2317 937 2348 futura
959 2317 1084 2348 realiter
1108 2317 1300 2347 coexistunt.

352 2364 406 2396 lx.
430 2363 606 2405 Sequendo
630 2364 739 2404 itaque
763 2363 846 2393 hanc
862 2368 996 2402 partem,
1013 2371 1097 2402 quae
1117 2360 1265 2402 profecto
1289 2360 1371 2392 diffi-

295 2409 450 2441 cultatem
478 2409 654 2439 maximam
681 2407 808 2438 videtur
844 2407 910 2447 pati
941 2413 1076 2447 propter
1101 2405 1370 2436 assuefactionem

294 2459 439 2487 nostram
461 2453 504 2484 ad
529 2462 581 2484 res
607 2452 813 2493 temporales,
838 2451 878 2482 ad
906 2452 976 2482 eius
1006 2450 1200 2482 evidentiam
1223 2450 1372 2481 conside-

294 2498 434 2530 randum
452 2498 571 2538 primo,
587 2507 626 2528 ex
642 2496 788 2528 doctrina
812 2496 920 2527 Sancti
944 2495 1093 2526 Thomae
1115 2495 1243 2531 lSent.,
1268 2494 1298 2525 d.
1320 2503 1370 2535 19,

296 2552 328 2584 q.
344 2544 407 2579 η’,
432 2548 464 2573 et
486 2542 604 2578 Prima,
621 2551 654 2582 q.
669 2551 700 2579 x,
725 2540 816 2582 quod
839 2541 1008 2571 aeternitas
1031 2546 1064 2571 et
1086 2545 1225 2580 tempus,
1242 2540 1318 2570 licet
1337 2540 1370 2570 in

294 2588 360 2619 hoc
378 2587 576 2618 conveniant
591 2585 682 2626 quod
696 2586 794 2616 ambo
810 2585 1014 2626 accipiuntur
1028 2590 1183 2625 tanquam
1200 2593 1371 2615 mensurae

295 2632 476 2664 durationis
498 2632 555 2667 rei,
579 2630 732 2661 differunt
753 2635 874 2666 tamen,
893 2630 971 2670 quia
993 2635 1123 2669 tempus
1146 2634 1193 2659 est
1220 2637 1371 2659 mensura

295 2677 344 2708 rei
360 2677 562 2708 successivae
573 2680 606 2706 et
621 2675 797 2710 divisibilis,
810 2674 932 2705 scilicet
942 2679 1067 2710 motus;
1081 2674 1249 2704 aeternitas
1261 2678 1370 2703 autem

296 2727 344 2753 est
365 2731 518 2752 mensura
533 2729 602 2751 esse
617 2719 820 2750 indivisibilis
839 2725 871 2750 et
885 2718 1067 2750 secundum
1087 2727 1121 2748 se
1144 2723 1251 2748 totum
1274 2717 1370 2747 simul

296 2767 460 2798 existentis
483 2775 521 2796 ac
548 2765 685 2795 omnino
701 2763 905 2800 invariabilis,
920 2763 1011 2803 quod
1027 2768 1075 2793 est
1090 2771 1159 2792 esse
1175 2761 1331 2792 divinum.
1347 2778 1372 2783 —-

295 2811 346 2842 Ex
367 2812 430 2842 hac
452 2816 561 2841 autem
582 2808 760 2840 differentia
783 2814 816 2839 et
835 2807 895 2838 alia
911 2807 1089 2838 differentia
1103 2807 1262 2846 provenit.
1284 2805 1370 2843 Quia

296 2856 385 2887 enim
407 2860 528 2891 motus,
552 2854 610 2895 qui
631 2858 837 2884 mensuratur
859 2857 1018 2892 tempore,
1039 2850 1190 2881 dividitur
1207 2851 1241 2880 in
1264 2855 1370 2890 partes

296 2901 504 2936 successivas,
528 2907 666 2939 quarum
695 2907 761 2928 una
790 2895 961 2927 recedente
988 2894 1225 2930 aliasuccedit,
1250 2899 1282 2924 et
1304 2903 1370 2924 una

296 2946 452 2976 existente
482 2945 580 2975 altera
607 2947 804 2983 expectatur,
829 2946 960 2981 oportet
989 2945 1026 2971 ut
1055 2945 1087 2970 et
1109 2945 1238 2979 tempus
1261 2939 1370 2979 ipsum

297 2989 456 3022 dividatur
477 2990 513 3019 in
537 2987 722 3019 consimiles
737 2991 852 3027 partes,
868 2986 902 3016 in
917 2985 996 3015 tales
1019 2984 1141 3014 scilicet
1156 2983 1247 3024 quod
1262 2983 1370 3023 aliqua

296 3034 337 3065 sit
351 3034 521 3074 praeterita
537 3038 569 3063 et
584 3032 692 3072 aliqua
707 3030 831 3062 futura:
849 3034 979 3070 oportet
994 3029 1082 3059 enim
1097 3028 1262 3068 propriam
1277 3036 1370 3058 rnen-

296 3087 406 3109 suram
416 3087 486 3109 esse
498 3077 779 3118 propom‘onatam
790 3079 987 3106 mensurato.
999 3073 1180 3104 Aeternitas
1191 3081 1280 3108 vero,
1293 3073 1370 3112 quia

296 3128 461 3154 mensurat
485 3132 554 3153 esse
576 3120 769 3152 indivisibile
792 3125 899 3150 totum
916 3118 1012 3149 simul
1036 3118 1184 3154 existens,
1200 3127 1268 3147 non
1290 3116 1370 3147 divi-

297 3167 384 3199 ditur
404 3168 440 3198 in
463 3167 572 3207 plures
594 3171 711 3206 partes,
728 3173 867 3205 quarum
882 3173 948 3194 una
971 3163 1012 3193 sit
1033 3162 1202 3202 praeterita
1225 3167 1257 3192 et
1273 3161 1371 3191 altera

297 3212 414 3249 fututa,
439 3211 496 3242 sed
518 3216 587 3242 tota
610 3210 707 3241 simul
730 3209 850 3244 existit;
875 3213 908 3238 et
930 3216 964 3237 se
987 3207 1083 3237 habet
1098 3206 1181 3236 sicut
1204 3205 1370 3246 quoddam

298 3267 395 3293 nunc,
412 3262 446 3287 et
467 3257 551 3287 sicut
566 3255 692 3286 duratio
707 3252 909 3284 indivisibilis
932 3260 1061 3291 semper
1082 3255 1168 3280 stans
1192 3255 1224 3280 et
1242 3259 1371 3290 semper

296 3311 459 3342 praesens,
474 3301 667 3340 nullamque
690 3298 868 3339 suscipiens
890 3295 1112 3326 variationem.
1128 3294 1265 3334 Propter
1279 3294 1370 3335 quod

297 3347 381 3378 bene
397 3345 551 3377 definitur
564 3355 582 3375 a
598 3344 725 3380 Boetio,
742 3343 771 3373 V
787 3343 841 3373 lib.
858 3341 898 3372 de
912 3340 1044 3371 Consol.
1057 3341 1084 3375 ‘‚
1101 3338 1192 3381 quod
1207 3345 1255 3369 est
1270 3339 1369 3369 inter-

297 3391 462 3422 minabilis
485 3390 572 3421 vitae
594 3394 664 3420 tota
686 3388 784 3419 simul
807 3392 839 3418 et
855 3385 1005 3427 perfecta
1023 3384 1198 3424 possessio.

355 3445 386 3468 a.
410 3433 694 3466 Considerandum
718 3431 863 3463 secundo
888 3429 989 3470 quod,
1013 3430 1096 3459 sicut
1126 3437 1195 3458 esse
1222 3427 1370 3457 divinum

298 3479 340 3511 ad
359 3488 459 3511 omne
475 3488 544 3509 esse
561 3483 705 3509 creatum
724 3481 930 3516 comparatur
947 3475 1030 3504 sicut
1045 3481 1222 3503 commune
1238 3471 1278 3502 ad
1293 3481 1370 3511 pro-

297 3525 416 3565 prium,
430 3523 665 3555 communitate
681 3522 804 3552 scilicet
814 3519 1023 3561 perfecn‘onis
1035 3522 1067 3548 et
1079 3516 1281 3552 causalitatis,
1294 3525 1370 3556 pro-

296 3574 372 3609 pter
385 3568 476 3609 quod
492 3567 647 3599 dicuntur
660 3566 772 3597 omnia
787 3575 857 3596 esse
878 3565 913 3594 in
937 3564 1008 3594 Deo
1032 3562 1115 3592 sicut
1137 3561 1171 3591 in
1195 3570 1252 3591 sua
1274 3570 1370 3591 causa

298 3618 414 3644 etsuo
430 3612 624 3652 exemplarh
648 3612 692 3642 ita
710 3610 879 3641 aeternitas
897 3609 931 3638 in
951 3608 1076 3638 ratione
1094 3614 1264 3636 mensurae
1279 3613 1370 3635 corn-

297 3663 427 3698 paratur
445 3657 487 3687 ad
509 3656 746 3698 quodcumque
769 3660 898 3694 tempus
916 3659 1106 3683 mensurans
1129 3658 1199 3680 esse
1220 3650 1265 3679 rei
1287 3654 1370 3679 tem—

2421 283 2491 331 187

1425 360 1546 400 poralis
1569 361 1652 390 sicut
1674 369 1825 390 mensura
1841 360 2024 390 communis
2040 359 2081 390 ad
2103 361 2268 400 propriam
2290 370 2493 397 mensuram;

1424 405 1468 434 ita
1492 404 1583 444 quod
1603 405 1635 434 in
1660 405 1729 444 ipsa
1749 413 1864 435 omnes
1887 405 2043 445 temporis
2060 404 2257 435 differentiae
2276 406 2493 442 continentur,

1424 449 1508 479 sicut
1523 449 1654 488 propria
1669 453 1702 478 et
1716 448 1914 488 particularis
1929 458 2080 480 mensura
2095 450 2279 479 continetur
2293 450 2327 480 in
2343 459 2494 480 mensura

1426 493 1595 523 communi
1611 498 1643 523 et
1662 492 1846 523 excedente.
1862 493 1997 534 Propter
2017 492 2107 533 quod
2121 494 2228 533 inquit
2244 493 2379 524 Sanctus
2402 494 2493 524 Tho-

1425 546 1494 567 mas
1510 536 1601 577 quod
1615 537 1792 567 aeternitas
1807 537 2050 577 comprehendit
2063 547 2158 567 omne
2176 543 2299 577 tempus
2310 540 2337 568 *.
2361 538 2402 569 Et
2417 539 2494 579 quia

1426 581 1518 622 quod
1540 581 1725 611 continetur
1753 591 1770 610 a
1800 590 1949 612 mensura
1978 582 2170 621 particulari,
2192 583 2374 613 continetur
2397 584 2493 613 etiam

1427 635 1445 656 a
1467 635 1618 656 mensura
1641 625 1810 656 communi
1839 626 1925 656 illius
1953 626 2147 662 contentiva,
2171 626 2254 656 sicut
2277 627 2366 666 quod
2390 628 2493 658 conti-

1426 676 1522 701 netur
1545 680 1563 700 a
1585 679 1660 700 vase
1684 670 1868 700 continetur
1892 671 1988 700 etiarn
2011 680 2029 700 a
2053 670 2160 706 caelo3
2185 676 2314 710 oportet
2336 677 2372 701 ut
2394 681 2493 702 omne

1428 714 1519 755 quod
1541 715 1600 745 sub
1625 715 1732 755 aliqua
1754 715 1910 754 temporis
1939 714 2116 745 differenda
2148 715 2340 751 continetur,
2365 716 2430 746 sive
2454 717 2494 746 sit

1426 765 1556 799 tempus
1578 760 1786 800 praeteritum
1801 759 1868 789 sive
1883 768 2033 799 praesens
2057 759 2122 789 sive
2146 758 2301 795 futurum,
2318 760 2413 790 etiam
2433 760 2493 790 sub

1427 804 1614 834 aeternitate
1646 803 1864 840 contineatur;
1888 809 1925 834 ut
1948 803 2031 833 sicut
2054 802 2170 833 dicitur
2198 812 2267 833 esse
2290 804 2324 833 in
2347 809 2494 844 tempore

1427 849 1538 889 aliquo
1560 849 1645 878 sicut
1667 848 1701 878 in
1724 857 1874 878 mensura
1897 847 2027 888 propria
2051 853 2082 877 et
2105 846 2291 887 adaequata,
2306 848 2350 877 ita
2372 848 2494 878 dicatur

1428 902 1497 923 esse
1520 893 1553 923 in
1576 893 1762 923 aeternitate
1778 892 1860 923 sicut
1883 893 1916 922 in
1939 901 2091 922 mensura
2113 891 2326 932 inadaequata
2349 897 2380 921 et
2403 901 2494 923 exce-

1428 937 1524 968 dente
1536 938 1568 974 *5
1591 938 1675 968 sicut
1698 938 1808 968 omnia
1824 946 1908 977 quae
1924 936 2047 966 suntin
2069 937 2207 976 propriis
2230 936 2320 972 locis,
2345 935 2495 967 dicuntur

1428 990 1497 1012 esse
1519 982 1553 1012 in
1577 990 1650 1012 aere
1666 987 1721 1012 aut
1743 982 1777 1012 in
1792 981 1883 1012 caelo
1906 981 1990 1011 sicut
2003 981 2037 1011 in
2053 980 2129 1011 loco
2145 981 2298 1011 omnibus
2316 982 2493 1012 communi.

1427 1026 1469 1056 Et
1491 1027 1538 1056 sic
1561 1026 1698 1056 dicimus
1722 1026 1813 1066 quod
1842 1026 1953 1056 omnia
1983 1034 2066 1065 quae
2090 1025 2150 1055 sub
2181 1034 2390 1065 quacumque
2413 1031 2494 1056 tem-

1428 1071 1515 1111 poris
1533 1069 1712 1101 differentia
1731 1070 1948 1106 continentur,
1961 1075 2027 1100 tam
2044 1069 2195 1100 videlicet
2213 1070 2381 1110 praeterita
2397 1076 2428 1100 et
2445 1070 2494 1101 fu-

1426 1120 1498 1145 tura
1509 1124 1608 1155 quam
1623 1115 1813 1155 praesentia,
1827 1120 1901 1145 sunt
1916 1115 1950 1145 in
1966 1115 2163 1145 aeternitate.
2180 1114 2221 1144 Et
2236 1115 2312 1154 quia
2327 1115 2494 1145 aeternitas

1426 1169 1495 1189 non
1524 1160 1620 1190 habet
1646 1165 1761 1199 partes,
1786 1164 1822 1189 ut
1851 1160 1953 1199 possit
1979 1158 2043 1190 dici
2066 1168 2131 1189 una
2153 1168 2202 1189 res
2229 1160 2288 1189 sub
2316 1169 2380 1189 una
2404 1165 2494 1199 parte

1427 1204 1620 1234 aeternitatis
1637 1213 1705 1234 esse
1721 1209 1752 1234 et
1768 1204 1828 1234 alia
1843 1213 1892 1234 res
1909 1204 1967 1234 sub
1984 1204 2045 1234 alia
2060 1209 2159 1243 parte,
2174 1203 2231 1234 sed
2247 1209 2294 1234 est
2309 1208 2376 1234 tota
2398 1204 2494 1234 simul

1428 1249 1574 1285 existens,
1597 1247 1671 1278 ideo
1703 1248 2004 1279 convenientissime
2031 1248 2146 1278 dicitur
2169 1247 2260 1287 quod
2282 1248 2392 1279 omnia
2415 1257 2493 1278 con-

1426 1293 1569 1323 tinentur
1592 1298 1624 1323 et
1646 1298 1720 1322 sunt
1743 1293 1776 1322 in
1799 1298 1867 1322 tota
1889 1293 2084 1322 aeternitate.

1486 1338 1514 1367 3.
1528 1336 1810 1367 Considerandum
1821 1338 1927 1373 tertio,
1941 1346 1979 1367 ex
1994 1336 2176 1372 Aristotele,
2193 1336 2236 1366 IV
2247 1336 2345 1376 Phys.
2358 1337 2385 1373 *,
2403 1336 2493 1377 quod

1428 1381 1518 1412 aliter
1541 1381 1691 1412 dicuntur
1706 1381 1788 1411 duae
1811 1391 1871 1417 res,
1889 1390 1972 1421 quae
1995 1381 2114 1411 habent
2133 1381 2292 1411 rationem
2307 1382 2491 1417 mensurati,

1428 1426 1618 1456 coexistere:
1636 1431 1668 1456 et
1683 1425 1772 1456 aliter
1788 1425 1871 1456 duae
1887 1425 2082 1456 durationes.
2102 1425 2178 1455 Duo
2202 1426 2289 1455 enim
2311 1431 2493 1456 mensurata

1428 1470 1608 1500 secundum
1632 1470 1835 1500 durationem
1865 1471 1914 1500 sui
1938 1479 2007 1500 esse
2031 1469 2181 1500 dicuntur
2207 1470 2392 1506 coexistere,
2417 1470 2493 1510 quia

1429 1523 1544 1544 eorum
1567 1514 1751 1544 existentiae
1774 1515 1807 1544 in
1832 1514 1945 1544 eadem
1968 1523 2118 1544 mensura
2135 1513 2312 1544 durationis
2334 1514 2493 1554 praesenti

1429 1559 1649 1589 continentur:
1675 1559 1757 1589 sicut
1783 1558 1850 1588 duo
1878 1559 2028 1588 homines
2057 1559 2091 1588 in
2119 1557 2232 1588 eadem
2259 1557 2311 1588 die
2338 1558 2492 1589 habentes

1429 1612 1508 1639 esse,
1533 1608 1589 1633 aut
1610 1603 1643 1632 in
1668 1602 1785 1633 eodem
1809 1603 1938 1633 instanti
1960 1602 2126 1642 temporis,
2143 1602 2293 1632 dicuntur
2308 1603 2493 1632 coexistere.

1429 1647 1521 1678 Duae
1543 1651 1653 1677 autem
1683 1655 1864 1683 mensurae,
1887 1647 2018 1687 proprie
2048 1646 2225 1686 loquendo,
2250 1647 2424 1677 coexistere
2447 1646 2495 1676 di—

1429 1697 1547 1722 cuntur
1569 1692 1646 1731 quia
1668 1701 1734 1722 una
1756 1692 1789 1721 in
1814 1691 1910 1721 altera
1931 1691 2128 1721 continetur:
2146 1691 2228 1720 sicut
2248 1689 2315 1720 dies
2337 1691 2433 1721 simul
2449 1695 2496 1720 est

1429 1745 1505 1767 cum
1528 1745 1651 1771 mense,
1676 1736 1752 1776 quia
1775 1736 1959 1766 continetur
1982 1745 2000 1765 a
2023 1744 2144 1765 mense.
2170 1734 2256 1765 Cum
2281 1743 2357 1774 ergo
2381 1734 2496 1765 dicitur

1428 1780 1606 1821 temporale
1638 1780 1814 1811 coexistere
1845 1785 1986 1815 aeterno,
2017 1788 2129 1810 sensus
2157 1784 2204 1809 est
2231 1778 2321 1819 quod
2352 1788 2419 1809 esse
2450 1779 2496 1809 rei

1428 1825 1614 1865 temporalis
1647 1830 1679 1855 et
1707 1833 1776 1854 esse
1806 1825 1851 1855 rei
1880 1830 2027 1855 aeternae
2053 1833 2118 1854 una
2140 1832 2290 1854 mensura
2320 1823 2496 1854 durationis

1427 1870 1587 1910 praesenti
1610 1874 1846 1900 mensurantur.
1863 1868 1963 1907 Quod
1980 1878 2055 1899 cum
2078 1877 2147 1898 non
2162 1868 2264 1908 possit
2281 1867 2436 1898 verificari
2455 1867 2496 1898 de

1427 1920 1586 1954 tempore,
1611 1913 1701 1954 quod
1728 1919 1775 1944 est
1802 1914 1932 1954 propria
1958 1922 2108 1944 mensura
2131 1913 2177 1943 rei
2199 1912 2394 1952 temporalis,
2420 1913 2495 1952 quia

1427 1964 1595 1989 aeternum
1617 1958 1706 1988 nulla
1734 1959 1891 1998 temporis
1919 1957 2095 1988 differentia
2124 1962 2337 1992 mensuratur,
2361 1956 2418 1986 sed
2447 1961 2495 1986 est

1427 2012 1524 2043 supra
1539 2012 1639 2033 omne
1653 2007 1797 2042 tempus;
1815 2007 1945 2043 oportet
1966 2007 2003 2032 ut
2025 2002 2219 2041 intelligatur
2239 2001 2278 2031 de
2298 2001 2492 2037 aeternitate,

1427 2056 1511 2088 quae
1527 2053 1575 2077 est
1585 2056 1736 2078 mensura
1747 2047 1877 2087 propria
1889 2052 1921 2076 et
1932 2046 2109 2086 adaequata
2121 2054 2190 2076 esse
2201 2045 2330 2081 aeterni,
2343 2054 2494 2075 mensura

1426 2101 1503 2123 vero
1528 2091 1687 2122 excedens
1710 2097 1742 2122 et
1763 2091 1976 2131 inadaequata
2000 2100 2068 2121 esse
2095 2091 2140 2120 rei
2162 2090 2358 2130 temporalis.
2383 2089 2424 2119 Et
2447 2089 2492 2119 sic

1427 2136 1564 2167 dicimus
1586 2146 1636 2167 res
1659 2141 1780 2167 creatas
1805 2141 1836 2166 et
1864 2136 2058 2176 temporales
2089 2135 2264 2165 coexistere
2287 2134 2370 2170 Deo,
2395 2134 2491 2164 etiam

1427 2190 1510 2221 quae
1533 2181 1682 2211 nondum
1712 2186 1787 2211 sunt
1813 2181 1847 2210 in
1874 2186 2020 2220 tempore
2050 2179 2219 2220 praesenti,
2243 2180 2438 2218 inquantum
2462 2184 2493 2208 et

1426 2235 1495 2256 esse
1519 2225 1580 2256 Dei
1603 2231 1635 2256 et
1658 2234 1727 2256 esse
1749 2234 1857 2255 rerum
1884 2224 2114 2265 temporalium
2144 2225 2204 2254 hac
2227 2232 2378 2253 mensura
2401 2232 2491 2262 prae-

1425 2270 1518 2306 senti,
1535 2275 1566 2300 et
1588 2279 1658 2300 non
1673 2269 1774 2300 divisa
1789 2270 1822 2299 in
1838 2270 2045 2309 praeteritum
2061 2274 2093 2299 et
2107 2267 2264 2304 futurum,
2280 2272 2492 2303 mensuratur,

1425 2324 1530 2345 unum
1545 2315 1628 2345 sicut
1649 2323 1800 2344 mensura
1823 2313 2010 2354 adaequata,
2026 2313 2162 2344 alterum
2177 2313 2260 2343 sicut
2274 2321 2424 2342 mensura
2440 2320 2493 2342 ex-

1427 2359 1571 2390 cedente.

1481 2413 1512 2444 4.
1538 2403 1625 2434 Cum
1648 2411 1725 2443 ergo
1748 2403 1855 2443 inquit
1878 2402 2013 2433 Sanctus
2036 2402 2180 2432 Thomas
2203 2400 2293 2440 quod
2314 2409 2366 2431 res
2385 2399 2493 2430 coexi-

1425 2453 1516 2479 stunt
1536 2448 1609 2478 Deo
1633 2447 1729 2478 etiam
1751 2457 1836 2488 quae
1863 2457 1929 2477 non
1953 2452 2030 2477 sunt
2055 2447 2088 2476 in
2116 2451 2259 2486 tempore
2282 2445 2374 2475 nobis
2394 2453 2494 2484 prae-

1425 2493 1518 2528 senti,
1545 2492 1602 2523 sed
1629 2497 1707 2523 sunt
1730 2492 1914 2532 praeterita
1945 2496 2005 2522 aut
2023 2492 2148 2533 sutura
2179 2489 2280 2524 nobis,
2308 2489 2494 2529 intelligitur

1426 2537 1517 2578 quod
1540 2546 1610 2567 esse
1632 2537 1800 2576 utriusque
1823 2541 2026 2566 mensuratur
2052 2545 2117 2565 una
2146 2543 2297 2564 mensura
2322 2534 2491 2573 praesenti,

1426 2591 1510 2622 quae
1527 2586 1575 2611 est
1588 2581 1770 2611 aeternitas:
1794 2589 1863 2610 non
1887 2585 1995 2610 autem
2019 2579 2110 2619 quod
2133 2588 2201 2609 esse
2225 2578 2393 2618 utriusque
2411 2583 2493 2608 tem-

1424 2635 1506 2667 pore
1531 2626 1626 2655 nobis
1655 2625 1814 2665 praesenti
1840 2629 2052 2659 mensuretur,
2080 2628 2117 2653 ut
2141 2622 2291 2653 videntur
2315 2621 2491 2661 intelligere

1425 2671 1481 2711 qui
1504 2670 1587 2700 hanc
1611 2669 1719 2699 Sancti
1734 2668 1883 2698 Thomae
1905 2668 2102 2708 positionem
2125 2667 2325 2706 impugnant.

1480 2714 1642 2749 Similiter,
1655 2722 1732 2743 cum
1743 2712 1859 2743 dicitur
1871 2712 1962 2752 quod
1977 2711 2153 2742 aeternitas
2167 2711 2260 2741 adest
2269 2709 2398 2740 cuilibet
2413 2715 2490 2740 tem-

1418 2759 1509 2799 pori,
1526 2768 1594 2789 non
1611 2763 1658 2788 est
1673 2766 1785 2788 sensus
1801 2756 1891 2798 quod
1914 2757 1947 2787 in
1970 2762 2117 2796 tempore
2141 2756 2234 2786 nobis
2251 2755 2410 2794 praesenti
2428 2754 2491 2784 sint

1425 2809 1456 2834 et
1479 2803 1647 2833 aeternitas
1670 2807 1702 2832 et
1725 2810 1823 2832 omne
1846 2807 1986 2842 tempus,
2006 2801 2070 2831 hoc
2093 2801 2180 2830 enim
2203 2798 2490 2830 contradictionem

1424 2847 1616 2887 implicaret:
1646 2846 1702 2876 sed
1725 2845 1815 2886 quod
1839 2855 1938 2876 omne
1967 2851 2096 2886 tempus
2127 2845 2312 2874 continetur
2333 2843 2366 2872 in
2390 2847 2490 2873 aeter-

1423 2893 1533 2928 nitate,
1558 2900 1643 2932 quae
1665 2895 1713 2921 est
1735 2899 1887 2921 mensura
1915 2899 2042 2930 semper
2071 2898 2232 2929 praesens,
2257 2888 2339 2918 sicut
2361 2887 2490 2928 propria

1425 2942 1457 2967 et
1478 2936 1677 2977 particularis
1692 2945 1846 2966 mensura
1861 2936 1894 2965 in
1918 2943 2069 2965 mensura
2085 2933 2253 2964 communi
2269 2937 2301 2962 et
2317 2932 2490 2962 excedente

1425 2982 1619 3012 continetur.
2360 2971 2367 2979 ⁸

1481 3026 1510 3056 5.
1536 3025 1599 3056 Sed
1621 3030 1731 3055 tamen
1754 3023 1986 3054 advertendum
2014 3022 2104 3063 quod
2132 3021 2351 3052 difficultatem
2373 3021 2407 3050 in
2429 3020 2489 3050 hac

1424 3080 1458 3101 re
1473 3071 1568 3101 nobis
1585 3069 1674 3101 affert
1690 3069 1776 3109 quia,
1789 3077 1866 3099 cum
1882 3068 2025 3108 cognitio
2046 3071 2154 3097 nostra
2170 3066 2210 3096 sit
2221 3076 2239 3096 a
2254 3066 2348 3095 rebus
2363 3070 2490 3104 tempo-

1423 3115 1542 3146 ralibus
1566 3114 1732 3154 originata,
1748 3113 1845 3143 verba
1864 3112 2016 3153 imposita
2032 3121 2049 3142 a
2071 3111 2165 3142 nobis
2189 3110 2228 3140 ad
2251 3108 2372 3149 aliquid
2395 3109 2490 3148 signi—

1424 3159 1599 3196 ficandum,
1616 3168 1685 3189 rem
1708 3158 1830 3188 scilicet
1852 3162 1907 3188 aut
1930 3157 2103 3191 actionem,
2120 3155 2260 3194 aliquam
2280 3153 2490 3184 differentiam

1424 3204 1579 3244 temporis
1603 3201 1858 3243 consignificant.
1876 3201 1918 3232 Et
1931 3201 2017 3237 ideo,
2035 3209 2110 3230 cum
2126 3199 2272 3234 dicimuS,
2289 3197 2366 3228 Hoc
2381 3197 2490 3228 coexi-

1423 3249 1480 3279 stit
1500 3249 1583 3284 Deo,
1599 3247 1726 3278 videtur
1741 3245 1977 3286 consignificari
1994 3244 2191 3275 existentiam
2207 3243 2302 3273 huius
2326 3251 2401 3272 cum
2416 3241 2489 3272 Deo

1425 3303 1494 3324 esse
1516 3294 1550 3323 in
1573 3299 1721 3332 tempore
1745 3292 1839 3322 nobis
1862 3290 2030 3331 praesenti.
2051 3288 2151 3326 Quod
2167 3287 2309 3327 quidem,
2329 3287 2374 3316 sic
2397 3286 2490 3316 intel·

1423 3337 1565 3378 ligendo,
1589 3346 1657 3367 non
1681 3340 1789 3376 potest
1811 3335 1851 3366 de
1874 3344 1908 3365 re
1930 3343 1998 3364 non
2022 3333 2216 3363 coexistente
2238 3330 2402 3361 verificari.
2427 3329 2491 3361 Sed

1424 3383 1451 3412 si
1473 3381 1741 3422 significationem
1763 3380 1852 3410 verbi
1874 3378 2048 3419 praesentis
2063 3376 2216 3416 temporis
2239 3375 2456 3405 abstrahamus
2473 3384 2491 3404 a

1424 3425 1723 3466 consignificatione
1739 3425 1835 3454 huius
1851 3423 2027 3453 durationis
2042 3421 2216 3462 praesenu's
2237 3429 2320 3459 quae
2343 3426 2390 3450 est
2409 3424 2491 3450 tem-

1423 3480 1495 3511 pus,
1520 3470 1577 3501 sed
1599 3475 1725 3500 tanturn
1749 3466 2032 3508 consignificemus
2059 3465 2200 3505 aliquam
2222 3473 2407 3494 mensuram
2431 3463 2491 3494 du-

1423 3516 1556 3545 rationis
1579 3518 1782 3554 praesentem
1804 3521 1872 3543 non
1896 3509 2121 3541 descendendo
2149 3509 2188 3539 ad
2210 3509 2294 3539 hanc
2316 3508 2368 3538 vel
2390 3508 2490 3544 illam,

1423 3559 1556 3590 tolletur
1571 3558 1740 3589 difficultas
1756 3563 1788 3587 et
1803 3555 2050 3596 impossibilitas.
2064 3554 2097 3584 Si
2114 3554 2201 3584 enim
2213 3561 2289 3583 cum
2301 3552 2386 3588 dico,
2399 3552 2490 3583 Anti-

1424 3604 1564 3634 christus
1582 3602 1733 3633 coexistit
1746 3602 1828 3636 Deo,
1840 3599 1920 3630 nihil
1932 3598 2019 3630 aliud
2033 3598 2228 3638 intelligatur
2240 3606 2338 3637 quam
2354 3596 2444 3637 quod
2460 3601 2492 3627 et

1424 3657 1493 3678 esse
1509 3648 1570 3678 Dei
1586 3652 1618 3677 et
1633 3656 1702 3677 esse
1718 3644 1902 3676 Antichristi
1919 3648 1994 3674 sunt
2009 3643 2041 3673 in
2058 3651 2122 3673 una
2138 3651 2288 3672 mensura
2304 3641 2490 3677 durationis,

2522 537 2661 564 ‘11³.,x,2,
2672 537 2699 558 ad
2710 546 2732 564 4.

2522 939 2529 947 ·
2535 937 2570 959 Cf.
2577 937 2637 959 s.Th.
2645 938 2653 959 1
2659 938 2730 966 Sent„

2523 965 2535 985 Ι.
2547 970 2576 990 c.,
2587 970 2608 986 a.
2619 971 2638 991 2,
2650 965 2678 986 ad
2690 973 2708 987 ι.

2520 1336 2528 1343 ·
2544 1335 2598 1363 Cap.
2611 1342 2633 1362 x,
2649 1344 2671 1363 4,
2683 1337 2704 1358 ί).
