2768 4134
45 2025 51 2032 “
68 2023 105 2044 Cf.
124 2023 255 2044 Comment.

44 2055 95 2077 cap.
117 2055 180 2075 xxix,
205 2049 254 2071 init.

55 2082 255 2102 xxviii—xxix,

62 2105 177 2130 ostquam,
184 2106 256 2131 337²!-

45 2201 52 2208 '
68 2198 104 2220 Cf.
121 2205 184 2220 n.1v.

303 302 378 351 340

299 382 526 425 subiectum,
547 379 631 415 licet
655 377 701 414 sit
724 376 915 414 contraria
937 376 1085 413 formae
1110 374 1365 420 abiiciendae3

298 447 378 472 non
407 433 510 470 enim
539 430 698 468 materia
726 430 799 466 sub
826 429 951 466 forma
980 427 1170 466 contraria
1202 428 1367 465 existens

298 495 353 524 est
379 483 635 534 generationis
663 483 894 520 subiectum.

349 540 407 576 Ex
426 536 629 587 praedictis
648 536 762 584 igitur
779 543 882 585 patet
901 535 1009 584 quod
1033 533 1237 571 necessitas
1265 544 1366 582 quae

296 600 351 629 est
379 604 426 628 ex
449 602 566 627 causa
594 597 740 638 agente,
770 589 809 626 in
833 588 1070 638 quibusdam
1094 586 1289 635 dependet
1319 597 1366 622 ex

295 643 545 694 dispositione
575 642 720 692 agentis
748 650 918 687 tantum;
945 641 983 678 in
1008 639 1246 689 quibusdam
1271 650 1365 677 vero

295 711 341 735 ex
364 696 617 746 dispositione
642 695 786 744 agentis
810 703 846 732 et
869 693 1056 744 patientis.
1084 692 1124 730 Si
1148 692 1262 741 igitur
1283 691 1367 730 talis

294 750 492 800 dispositio
513 750 731 787 secundum
747 761 867 798 quam
882 748 930 784 de
950 745 1173 783 necessitate
1194 745 1368 794 sequitur

293 804 463 850 effectus,
492 803 604 840 fuerit
636 801 851 839 necessaria
887 800 1061 837 absolute
1091 806 1127 835 et
1159 798 1199 835 in
1232 806 1367 847 agente

294 865 330 894 et
358 857 397 893 in
425 856 603 906 patiente,
634 855 704 892 erit
740 853 944 891 necessitas
977 852 1155 889 absoluta
1182 852 1222 889 in
1251 864 1367 889 causa

293 918 442 958 agente:
471 909 567 947 sicut
595 909 634 945 in
663 908 722 945 his
751 919 850 956 quae
879 913 998 954 agunt
1021 917 1068 942 ex
1086 904 1311 943 necessitate
1332 913 1367 942 et

293 975 458 1012 semper.
489 962 529 1000 Si
557 970 688 999 autem
708 972 788 996 non
808 958 919 996 fuerit
947 958 1123 996 absolute
1151 958 1367 996 necessaria

289 1017 360 1053 sed
397 1015 588 1065 possibilis
625 1012 830 1057 removeri,
859 1024 940 1049 non
975 1011 1044 1048 erit
1081 1012 1286 1049 necessitas
1320 1023 1366 1048 ex

293 1082 408 1106 causa
445 1076 577 1116 agente
616 1066 687 1103 nisi
725 1078 771 1103 ex
809 1064 1076 1115 suppositione
1105 1064 1366 1116 dispositionis

292 1122 492 1170 utriusque
521 1119 670 1157 debitae
693 1119 742 1156 ad
762 1119 977 1167 agendum:
1007 1118 1106 1156 sicut
1125 1118 1164 1156 in
1184 1118 1244 1155 his
1264 1130 1365 1167 quae

293 1174 556 1223 impediuntur
574 1172 770 1209 interdum
790 1171 830 1209 in
857 1184 928 1210 sua
947 1171 1173 1221 operatione
1195 1173 1258 1209 vel
1277 1183 1365 1221 pro-

290 1236 374 1277 pter
401 1227 593 1264 defectum
612 1225 773 1271 virtutis,
794 1227 856 1262 vel
876 1233 1035 1276 propter
1053 1224 1280 1262 violentiam
1299 1224 1364 1262 ali-

290 1281 399 1318 cuius
427 1278 624 1323 contrarii;
661 1279 766 1316 unde
795 1291 876 1316 non
913 1286 1031 1327 agunt
1066 1290 1221 1329 semper
1249 1285 1285 1315 et
1317 1290 1364 1315 ex

290 1333 521 1377 necessitate,
551 1332 618 1369 sed
648 1339 690 1369 ut
718 1331 757 1369 in
786 1332 975 1382 pluribus

343 1387 399 1423 Ex
437 1398 553 1423 causa
585 1393 717 1422 autem
754 1385 861 1423 finali
898 1385 1151 1434 consequitur
1178 1385 1217 1422 in
1247 1385 1363 1422 rebus

290 1439 491 1477 necessitas
519 1438 732 1488 dupliciter.
771 1440 859 1476 Uno
889 1438 1050 1488 quidem
1084 1438 1217 1484 modo,
1246 1446 1364 1488 prout

339 1562 355 1587 9
375 1553 494 1578 absolute
512 1552 547 1585 et]
567 1557 593 1577 et
611 1552 731 1577 absolute
751 1552 825 1583 αΧΥ,
845 1557 870 1576 et
889 1551 1009 1577 absoluta
1028 1552 1095 1578 DPc.

288 1591 308 1613 A
327 1589 412 1618 solus;
433 1589 560 1622 sequitur.
939 1596 945 1602 ·

340 1624 353 1649 3
373 1623 536 1658 inquantum]
556 1628 683 1656 quantum
703 1623 752 1648 au.

288 1668 320 1691 ¹4
339 1665 465 1693 quantum
484 1659 581 1692 appetit
599 1658 678 1684 finem
698 1658 724 1684 A
741 1659 826 1690 solu-§5
846 1666 927 1692 quem
940 1658 1046 1692 appetit.

1184 1559 1216 1576 10
1236 1557 1261 1577 et
1279 1552 1306 1576 in
1324 1551 1445 1585 patiente}
1465 1557 1491 1578 et
1509 1553 1622 1585 patiente
1641 1552 1751 1578 «EYPc.

852 1623 866 1648 5
887 1623 957 1648 enim
976 1623 1100 1654 GNWY;
1125 1630 1168 1648 om
1187 1623 1216 1653 Z,
1236 1627 1323 1648 autem
1342 1623 1434 1648 ceteri.

1139 1665 1171 1690 ¹7
1191 1659 1333 1683 necessitas
1346 1658 1417 1690 DW;
1432 1658 1604 1685 necessitatis.

792 298 980 336 SUMMA
1010 297 1232 334 CONTRA
1261 297 1536 342 GENTILES,
1565 298 1660 334 LIB.
1682 299 1723 342 ΙΙ,
1754 297 1866 334 CAP.
1886 299 2008 336 XXX.

1423 382 1479 411 est
1506 375 1680 423 primum
1709 375 1748 412 in
1775 375 1988 413 intentione
2025 378 2182 427 agentis,
2220 379 2269 416 Et
2306 387 2498 428 quantum

1422 427 1472 464 ad
1501 428 1588 473 hoc,
1609 428 1752 465 eodem
1779 429 1902 466 modo
1924 436 1980 466 est
2006 430 2210 467 necessitas
2229 443 2277 468 ex
2295 431 2375 469 fine
2393 441 2431 470 et
2449 433 2498 470 ab

1422 488 1575 528 agente:
1606 493 1723 529 agens
1751 481 1858 519 enirn
1885 481 1925 519 in
1953 490 2105 520 tantum
2133 483 2208 531 agit
2235 483 2276 520 in
2306 493 2499 533 quantum

1421 533 1546 570 finem
1574 533 1747 580 intendit,
1776 542 1857 572 tam
1885 534 1925 572 in
1952 535 2192 573 naturalibus
2221 549 2343 586 quam
2370 537 2411 574 in
2429 550 2499 575 vo-

1390 604 1399 624 ς
1422 586 1606 624 luntariis.
1634 588 1677 624 In
1696 587 1812 624 rebus
1831 587 1938 625 enirn
1957 589 2208 635 naturalibus,
2231 589 2391 627 intentio
2410 590 2499 628 finis

1423 639 1608 690 competit
1645 641 1770 689 agenti
1808 642 2028 679 secundum
2061 655 2175 680 suam
2212 643 2391 688 formam,
2430 655 2500 693 per

1422 704 1543 742 quam
1558 692 1647 730 finis
1667 701 1723 730 est
1738 693 1810 730 sibi
1823 695 2077 732 conveniens:
2098 696 2204 733 unde
2220 703 2371 745 oportet
2390 697 2498 745 quod

1423 746 1641 783 secundum
1661 746 1844 784 virtutem
1861 747 2010 785 formae
2029 749 2161 786 tendat
2179 761 2239 787 res
2257 749 2441 787 naturalis
2458 749 2498 786 in

1423 798 1564 844 finem;
1595 799 1694 837 sicut
1719 812 1836 849 grave
1865 801 2085 838 secundum
2120 814 2348 840 mensuram
2374 802 2498 851 gravi-

1383 870 1409 885 ιο
1421 852 1507 890 tatis
1534 852 1656 890 tendit
1683 853 1733 890 ad
1761 853 1951 891 medium.
1982 855 2025 891 ln
2053 854 2170 892 rebus
2197 863 2331 893 autem
2358 856 2498 893 volun-

1421 905 1536 951 tariis,
1562 914 1714 943 tantum
1733 908 1915 944 voluntas
1942 907 2099 945 inclinat
2117 908 2167 945 ad
2193 909 2389 957 agendum
2408 921 2497 958 pro-

1421 966 1507 1008 pter
1537 957 1660 997 finem
1688 967 1881 1009 quantum
1918 959 2080 998 intendit
2115 960 2257 998 finem:
2294 961 2380 999 licet
2415 974 2497 1000 non

1422 1024 1578 1062 semper
1605 1020 1756 1050 tantum
1785 1013 1990 1051 inclinetur
2017 1014 2066 1051 ad
2094 1014 2291 1063 agendum
2320 1015 2417 1052 haec
2435 1016 2498 1052 vel

1421 1065 1483 1103 illa
1516 1078 1618 1115 quae
1655 1074 1745 1104 sunt
1782 1074 1941 1116 propter
1975 1067 2099 1105 finem
2127 1075 2320 1117 quantum
2353 1067 2498 1117 appetit

1382 1141 1404 1160 ις
1421 1118 1554 1165 finem,
1583 1119 1744 1169 quando
1773 1119 1863 1157 finis
1890 1132 1972 1157 non
2001 1122 2130 1158 solum
2149 1133 2221 1170 per
2237 1121 2335 1158 haee
2353 1122 2416 1158 vel
2436 1120 2498 1158 illa

1421 1172 1555 1210 haberi
1583 1180 1720 1222 potest,
1750 1173 1818 1211 sed
1851 1173 2029 1223 pluribus
2061 1173 2201 1211 modis.
2231 1195 2258 1201 -
2287 1173 2373 1211 Alio
2401 1185 2496 1211 vero

1420 1226 1543 1263 modo
1571 1234 1628 1263 est
1656 1238 1703 1263 ex
1730 1225 1811 1264 fine
1839 1226 2045 1264 necessitas
2073 1227 2293 1265 secundum
2313 1227 2421 1276 quod
2440 1234 2497 1264 est

1419 1275 1612 1327 posterius
1631 1278 1670 1317 in
1690 1291 1786 1316 esse.
1817 1280 1866 1317 Et
1892 1280 1990 1317 haec
2018 1288 2075 1318 est
2102 1280 2309 1318 necessitas
2328 1292 2409 1318 non
2429 1279 2496 1317 ab·

1419 1332 1555 1378 soluta,
1585 1332 1654 1369 sed
1682 1332 1963 1371 conditionata:
1978 1364 1983 1371 .
2000 1332 2098 1370 sicut
2134 1333 2301 1372 dicimus
2337 1344 2495 1371 necesse

1378 1407 1405 1421 ,ο
1418 1384 1499 1422 fore
1528 1393 1571 1422 ut
1599 1397 1703 1423 serra
1739 1385 1787 1423 sit
1822 1386 1944 1424 ferrea
1979 1386 2010 1423 si
2043 1386 2158 1424 debet
2192 1386 2335 1424 habere
2368 1398 2495 1424 serrae

1418 1450 1530 1488 opus.

1838 1551 1871 1578 18
1890 1558 1917 1578 et
1933 1560 1965 1578 ex
1983 1553 2130 1584 EGwa;
2149 1561 2188 1579 ex.
2275 1561 2309 1579 ιο
2327 1553 2498 1588 consequimu-

1527 1629 1558 1648 12
1579 1628 1707 1656 quantum
1732 1623 1842 1665 intendit
1865 1622 1946 1649 finem
1971 1625 1993 1649 Α
2011 1625 2097 1655 solun
2117 1632 2197 1658 quem
2221 1623 2302 1686 §quae
2319 1623 2355 1659 X)
2378 1624 2495 1651 intendit.

1698 1665 1731 1692 ¹9
1750 1659 1861 1684 dicimus
1876 1666 1986 1685 neeesse
1998 1659 2063 1694 fore}
2083 1660 2116 1685 de
2130 1667 2224 1686 necess
2233 1665 2286 1686 nte
2299 1660 2400 1686 formae
2412 1665 2455 1686 est
2465 1660 2494 1686 Ζ.

1047 1746 1387 1780 Commenta-ia
1416 1747 1731 1780 Ferrariensis

327 1841 451 1862 acuuno
476 1831 551 1861 loco
577 1829 719 1861 ostendit
750 1829 887 1861 Sanctus
915 1829 1061 1860 Thomas
1085 1829 1268 1870 quomodo,
1290 1829 1364 1860 licet

287 1844 446 1907 Somnia
479 1886 520 1906 ex
546 1875 658 1905 divina
681 1875 849 1905 voluntate
878 1874 1088 1915 dependeant,
1113 1883 1198 1915 quae
1227 1874 1363 1905 necessi·

285 1927 381 1952 tatem
406 1931 470 1951 non
495 1920 590 1950 habet
613 1920 676 1950 nisi
705 1929 747 1950 ex
775 1919 828 1949 sui
852 1919 1017 1959 propositi
1039 1919 1271 1959 suppositione,
1297 1928 1362 1949 non

284 1972 390 1997 tamen
416 1970 555 2006 propter
578 1965 639 1994 hoc
670 1964 799 1994 tollitur
822 1964 996 1994 necessitas
1025 1964 1174 1994 absoluta
1205 1973 1226 1994 a
1257 1963 1362 1998 rebus,

284 2011 377 2051 quasi
401 2014 551 2051 oporteat
575 2019 634 2039 nos
649 2009 759 2050 fateri
783 2008 893 2038 omnia
917 2008 1142 2049 contingentia
1167 2017 1236 2039 esse
1250 2009 1277 2038 *.

340 2054 435 2086 Circa
458 2055 522 2084 hoc
546 2059 655 2084 autem
680 2053 746 2084 duo
771 2052 863 2083 facit:
889 2054 995 2093 primo
1019 2053 1107 2083 enim
1131 2053 1247 2093 probat
1263 2061 1362 2093 quae-

285 2100 358 2130 dam
374 2100 407 2129 in
424 2099 519 2129 rebus
535 2098 648 2129 creatis
673 2107 742 2128 esse
766 2107 850 2138 quae
875 2097 1064 2138 simpliciter
1088 2103 1119 2128 et
1143 2097 1291 2128 absolute
1307 2106 1364 2128 ne-

285 2153 372 2175 cesse
389 2149 436 2174 est
458 2152 543 2179 esse;
568 2142 723 2179 secundo,
749 2141 888 2172 declarat
912 2141 1084 2182 quomodo
1109 2142 1168 2172 ista
1190 2142 1365 2172 necessitas

284 2190 317 2219 in
341 2189 436 2219 rebus
460 2187 642 2217 inveniatur
657 2188 684 2216 *.

341 2233 363 2263 l.
389 2232 558 2270 Quantum
589 2231 629 2262 ad
661 2231 814 2271 primum,
838 2230 1072 2261 advertendum
1101 2230 1192 2271 quod
1220 2231 1363 2271 aliquam

285 2286 354 2308 rem
377 2276 566 2316 simpliciter
590 2281 621 2305 et
645 2275 791 2305 absolute
815 2284 947 2305 necesse
972 2284 1051 2311 esse,
1069 2274 1240 2316 dupliciter
1255 2280 1364 2315 potest

286 2321 430 2360 intelligi.
455 2320 531 2351 Uno
555 2319 668 2355 modo,
685 2328 743 2359 per
766 2319 1046 2359 comparationem
1069 2319 1109 2350 ad
1133 2329 1263 2350 causam
1287 2328 1363 2359 pro-

287 2364 460 2395 ductivam.
485 2363 526 2394 Et
549 2369 627 2394 tunc
652 2363 769 2393 dicitur
791 2372 841 2393 res
865 2372 997 2393 necesse
1021 2372 1100 2400 esse,
1117 2363 1250 2403 quando
1272 2373 1290 2393 a
1306 2373 1363 2393 sua

286 2419 382 2439 causa
405 2408 587 2439 necessario
611 2407 811 2448 producitur.
837 2407 877 2437 Et
893 2407 938 2437 sic
953 2416 1010 2447 per
1027 2408 1306 2448 comparationem
1323 2407 1363 2438 ad

286 2453 394 2485 Deum
413 2453 536 2483 nullam
561 2461 628 2482 rem
652 2461 784 2482 necesse
801 2457 848 2481 est
864 2460 949 2481 esse:
974 2451 1050 2482 licet
1073 2452 1215 2491 aliquam
1231 2461 1363 2482 necesse

286 2498 326 2528 sit
342 2507 410 2528 esse
427 2506 484 2537 per
500 2497 779 2537 comparationem
795 2495 835 2526 ad
851 2504 943 2526 suam
967 2505 1097 2526 causam
1122 2502 1271 2526 creatam.
1288 2496 1363 2526 Hoc

286 2541 388 2573 modo
411 2550 479 2572 non
503 2541 620 2581 accipit
643 2539 779 2571 Sanctus
804 2539 949 2570 Thomas
980 2549 1048 2570 rem
1077 2550 1208 2571 necesse
1237 2550 1316 2571 esse.
1341 2558 1364 2562 -

286 2587 362 2617 Alio
386 2584 497 2621 modo,
514 2585 598 2615 utin
619 2585 667 2614 sui
691 2590 804 2615 natura
829 2584 1060 2615 consideratur.
1085 2585 1126 2615 Et
1149 2590 1227 2615 tunc
1247 2584 1364 2615 dicitur

286 2640 335 2661 res
351 2639 483 2661 necesse
500 2639 569 2659 esse
586 2638 680 2669 quae,
698 2629 803 2669 posita
819 2629 851 2659 in
869 2634 953 2665 actu,
970 2638 1037 2659 non
1054 2629 1151 2660 habet
1166 2630 1199 2659 in
1221 2638 1254 2659 se
1274 2628 1362 2660 unde

286 2675 387 2715 possit
411 2683 479 2704 non
504 2683 583 2704 esse.
608 2673 649 2703 Et
673 2674 736 2703 hoc
760 2673 862 2703 modo
886 2673 1094 2713 intelligenda
1118 2679 1165 2704 est
1181 2674 1361 2704 conclusio.

342 2719 505 2749 Probatur
521 2723 627 2748 autem
640 2718 751 2758 primo
767 2718 823 2748 sic.
846 2717 928 2748 Sunt
945 2717 1105 2758 quaedam
1126 2727 1175 2748 res
1191 2719 1224 2748 in
1244 2718 1362 2758 quibus

286 2773 352 2794 non
378 2769 424 2793 est
448 2762 643 2803 possibilitas
666 2762 706 2792 ad
730 2771 797 2794 non
822 2771 901 2792 esse.
926 2762 1013 2802 Ergo
1037 2768 1098 2793 etc.
1124 2780 1146 2784 —
1168 2762 1259 2793 Patet
1283 2771 1362 2793 con-

286 2801 464 2848 sequentia.
489 2806 576 2845 Quia
592 2806 661 2836 illas
678 2816 727 2836 res
743 2806 931 2846 simpliciter
948 2811 979 2836 et
995 2806 1142 2837 absolute
1166 2816 1299 2838 necesse
1315 2813 1363 2838 est

287 2862 355 2883 esse
378 2853 411 2882 in
437 2851 556 2892 quibus
579 2860 647 2881 non
672 2856 718 2881 est
743 2850 938 2891 possibilitas
961 2850 1001 2881 ad
1025 2860 1092 2881 non
1117 2860 1196 2882 esse.
1222 2869 1243 2874 —
1262 2851 1364 2882 Ante-

287 2897 404 2928 cedens
427 2905 504 2926 vero
529 2895 693 2936 probatur.
719 2894 805 2932 Quia
828 2900 903 2925 sunt
928 2895 1088 2935 quaedam
1112 2895 1145 2926 in
1170 2896 1288 2936 quibus
1308 2901 1363 2927 aut

285 2951 353 2972 non
383 2946 430 2971 est
460 2940 609 2975 materia;
637 2939 696 2975 vel,
721 2940 747 2969 si
774 2945 832 2975 est,
855 2949 923 2969 non
948 2945 995 2969 est
1018 2940 1180 2979 possibilis
1204 2939 1244 2970 ad
1267 2941 1362 2971 aliam

286 2986 435 3016 formam.
460 2984 551 3014 Talia
574 2989 684 3014 autem
708 2992 776 3014 non
800 2983 919 3014 habent
935 2984 1115 3023 potentiam
1131 2984 1172 3015 ad
1187 2994 1255 3015 non
1276 2993 1361 3016 esse:

286 3031 368 3061 sicut
391 3039 409 3060 e
433 3028 595 3059 contrario
627 3037 665 3058 ea
694 3028 727 3057 in
752 3027 870 3067 quibus
901 3033 947 3058 est
977 3029 1109 3059 materia
1140 3038 1223 3069 quac
1254 3035 1301 3060 est
1329 3030 1362 3060 in

287 3074 432 3115 potentia
455 3072 496 3104 ad
519 3072 614 3103 aliam
638 3071 788 3108 formam,
812 3078 950 3112 possunt
973 3082 1041 3103 non
1066 3082 1145 3104 esse.

342 3117 482 3148 Adverte
505 3116 596 3156 quod
620 3116 748 3147 nullum
764 3125 862 3156 agens
877 3125 935 3147 sua
952 3117 1079 3147 actione
1102 3117 1241 3148 intendit
1256 3118 1363 3158 primo

288 3172 354 3193 non
379 3171 465 3193 esse:
491 3160 557 3197 sed,
581 3161 607 3191 si
631 3160 725 3191 faciat
749 3160 870 3200 aliquid
894 3170 962 3191 non
982 3171 1061 3197 esse,
1079 3162 1142 3192 hoc
1160 3168 1207 3193 est
1223 3162 1299 3202 quia
1315 3163 1363 3193 in-

288 3206 389 3237 tendit
413 3205 547 3246 aliquod
575 3214 643 3236 esse
675 3214 751 3236 cum
782 3214 849 3245 quo
874 3205 1069 3244 praecedens
1097 3215 1165 3236 esse
1189 3212 1270 3237 stare
1294 3216 1362 3237 non

289 3257 404 3291 potest.
430 3250 507 3281 ldeo
532 3249 622 3290 quod
646 3249 767 3289 aliquid
797 3250 828 3279 in
862 3250 968 3289 seipso
1000 3250 1115 3280 habeat
1139 3256 1174 3280 ut
1198 3251 1300 3291 possit
1324 3251 1363 3281 ab

290 3296 398 3335 aliquo
423 3300 538 3334 agente
562 3303 628 3324 non
655 3303 734 3329 esse,
751 3303 818 3323 non
838 3299 946 3333 potest
970 3295 1140 3334 provenire
1160 3295 1221 3325 nisi
1238 3295 1314 3335 quia
1330 3295 1363 3326 in

289 3340 361 3379 ipso
385 3345 432 3370 est
456 3339 563 3379 aliqua
593 3339 739 3378 potentia
769 3338 930 3378 receptiva
961 3338 1089 3368 alterius
1113 3348 1192 3369 esse.
1224 3339 1265 3370 Et
1288 3340 1364 3379 quia

291 3393 388 3414 omne
405 3393 473 3413 esse
499 3389 545 3413 est
569 3383 608 3412 ab
632 3382 739 3422 aliqua
755 3381 870 3419 forma,
886 3382 962 3412 ideo
978 3391 1110 3413 necesse
1127 3388 1174 3413 est
1190 3388 1226 3413 ut
1241 3384 1275 3414 in
1291 3384 1363 3423 ipso

291 3429 330 3457 sit
353 3428 496 3467 potentia
520 3427 680 3468 receptiva
705 3427 834 3457 alterius
857 3425 990 3457 formae.
1016 3427 1080 3458 Ubi
1104 3436 1181 3467 ergo
1208 3427 1272 3458 hoc
1295 3438 1362 3458 non

292 3470 396 3507 fuerit,
420 3471 499 3501 illud
523 3481 591 3502 non
615 3471 711 3502 habet
733 3471 766 3502 in
784 3480 816 3501 se
834 3470 920 3501 unde
946 3471 1046 3511 possit
1062 3480 1130 3501 non
1147 3480 1225 3502 esse.
1244 3471 1284 3502 Et
1300 3472 1363 3502 hoc

293 3521 340 3545 est
362 3515 609 3546 fundamentum
633 3516 729 3546 huius
754 3515 895 3545 rationis.

348 3559 379 3589 Si
405 3560 476 3599 quis
500 3565 609 3590 autem
632 3558 751 3590 diceret
774 3559 890 3590 falsum
916 3569 984 3590 esse
1008 3559 1104 3590 huius
1128 3559 1260 3590 rationis
1275 3565 1364 3590 ante-

295 3602 427 3633 cedens:
453 3604 529 3643 quia
553 3613 589 3634 ea
613 3612 696 3644 quae
720 3610 795 3634 sunt
819 3613 857 3634 ex
881 3603 993 3639 nihilo,
1019 3609 1178 3644 quantum
1202 3608 1250 3634 est
1270 3603 1309 3634 de
1330 3613 1363 3635 se

294 3647 325 3676 in
350 3647 487 3677 nihilum
511 3647 663 3683 tendunt;
689 3649 798 3678 omnia
818 3653 926 3678 autern
943 3653 1047 3679 creata
1062 3652 1137 3678 sunt
1153 3657 1191 3678 ex
1208 3647 1324 3678 nihilo:
1342 3667 1364 3671 -

1417 1829 1592 1871 respondet
1615 1829 1753 1862 Sanctus
1765 1830 1913 1862 Thomas
1937 1830 2027 1872 quod
2050 1832 2114 1863 hoc
2138 1841 2206 1863 non
2229 1831 2314 1864 tollit
2328 1833 2495 1864 veritatem

1416 1874 1646 1906 antecedentis.
1664 1874 1761 1913 Quia,
1777 1875 1862 1906 sicut
1876 1885 1926 1906 res
1946 1885 2014 1906 non
2038 1881 2115 1907 sunt
2129 1885 2169 1907 ex
2183 1877 2287 1908 nihilo
2302 1878 2364 1908 nisi
2378 1886 2496 1909 secun-

1416 1918 1495 1950 dum
1511 1920 1693 1960 potentiam
1708 1920 1842 1960 agentis,
1857 1920 1901 1950 ita
1923 1920 2020 1951 rebus
2036 1921 2149 1951 creatis
2167 1930 2235 1952 non
2250 1922 2335 1952 inest
2349 1923 2496 1963 potentia

1416 1963 1456 1994 ad
1473 1973 1540 1994 non
1557 1973 1626 1994 esse
1655 1964 1792 2004 (scilicet
1808 1964 1952 2000 omnino,
1969 1964 2060 2005 quod
2076 1970 2124 1996 est
2141 1965 2251 2006 nihil),
2271 1965 2330 1997 sed
2349 1965 2496 1999 Creatori

1415 2007 1499 2038 inest
1522 2008 1668 2048 potentia
1691 2014 1727 2039 ut
1750 2008 1797 2039 eis
1821 2008 1876 2039 det
1891 2018 1961 2040 esse
1984 2015 2040 2040 aut
2064 2009 2188 2041 desinat
2211 2020 2281 2042 esse
2303 2009 2450 2043 influere.

1472 2052 1510 2083 11.
1535 2052 1695 2083 Secundo.
1720 2053 1784 2084 Res
1807 2052 1991 2093 procedunt
2021 2054 2054 2084 in
2078 2063 2148 2086 esse
2176 2063 2215 2086 ex
2241 2054 2350 2086 divina
2378 2055 2496 2087 volun-

1415 2102 1490 2127 tate.
1515 2096 1602 2137 Ergo
1626 2097 1706 2128 tales
1730 2102 1805 2129 sunt
1834 2097 1946 2138 quales
1974 2098 2063 2129 Deus
2094 2108 2146 2130 eas
2177 2108 2246 2130 esse
2269 2099 2383 2131 voluit.
2406 2098 2495 2141 Ergo

1416 2150 1455 2171 ex
1478 2150 1519 2172 eo
1543 2141 1634 2182 quod
1657 2151 1707 2172 res
1731 2151 1748 2172 a
1772 2142 1844 2173 Deo
1868 2142 2096 2182 producuntur
2118 2152 2176 2184 per
2197 2143 2411 2181 voluntatem,
2425 2152 2496 2176 non

1415 2194 1474 2226 per
1496 2186 1722 2217 necessitatem
1745 2192 1888 2223 naturae,
1912 2196 1981 2218 non
2012 2187 2137 2218 tollitur
2159 2188 2240 2228 quin
2269 2188 2410 2220 voluerit
2438 2188 2495 2222 sli-

1416 2239 1496 2270 quas
1519 2230 1560 2261 de
1583 2231 1773 2262 necessitate
1797 2241 1867 2262 esse
1891 2237 1923 2262 et
1945 2231 2070 2272 aliquas
2093 2233 2329 2274 contingenter,
2345 2237 2383 2264 ut
2405 2233 2494 2265 sitin

1415 2274 1512 2305 rebus
1535 2273 1700 2306 diversitas
1723 2275 1879 2306 ordinata.
1903 2275 1991 2317 Ergo
2015 2281 2076 2307 etc.

1473 2328 1503 2348 2.
1524 2319 1644 2350 Tertio.
1665 2319 1804 2351 Necesse
1821 2329 1890 2351 esse
1905 2320 2094 2361 simpliciter
2108 2329 2177 2352 non
2197 2326 2357 2362 repugnat
2382 2320 2423 2352 ad
2445 2330 2495 2353 ra-

1415 2363 1541 2393 tionem
1557 2373 1626 2394 esse
1642 2364 1757 2395 creati:
1777 2373 1854 2395 cum
1869 2373 1938 2395 non
1953 2370 2113 2405 repugnet
2127 2364 2262 2406 aliquod
2277 2366 2495 2398 necessarium

1416 2416 1485 2437 esse
1501 2407 1592 2447 quod
1608 2417 1686 2438 suae
1701 2409 1899 2440 necessitatis
1915 2418 2047 2440 causam
2067 2409 2192 2446 habeat,
2209 2414 2246 2440 ut
2266 2409 2494 2441 conclusiones

1416 2450 1742 2484 demonstrationum.
1758 2453 1846 2493 Ergo
1858 2458 1919 2484 etc.
1935 2470 1957 2476 -
1973 2453 2132 2484 Probatur
2147 2455 2391 2494 consequentia.
2407 2454 2495 2493 Quia

1416 2494 1456 2526 ad
1472 2495 1614 2526 divinam
1637 2496 1874 2536 perfectionem
1898 2498 2039 2537 pertinet
2053 2498 2144 2539 quod
2160 2499 2258 2529 rebus
2273 2499 2386 2530 creatis
2401 2508 2494 2530 suam

1417 2539 1662 2571 similitudinem
1685 2540 1836 2572 indiderit
1862 2541 1924 2572 nisi
1953 2547 2114 2582 quantum
2144 2541 2185 2573 ad
2209 2542 2262 2573 illa
2290 2552 2374 2583 quae
2397 2552 2494 2584 repu-

1415 2590 1515 2624 gnant
1546 2585 1575 2615 ei
1607 2585 1698 2625 quod
1729 2591 1775 2615 est
1805 2595 1874 2616 esse
1906 2592 2060 2617 creatum.
2092 2586 2193 2624 Quod
2223 2587 2392 2627 probatur:
2417 2587 2493 2628 quia

1416 2629 1538 2668 agentis
1562 2628 1695 2669 perfecti
1720 2635 1768 2660 est
1791 2629 1972 2670 producere
1995 2631 2057 2661 sibi
2080 2631 2184 2662 simile
2207 2636 2367 2672 quantum
2390 2632 2494 2672 possi-

1417 2672 1479 2703 bile
1503 2678 1561 2703 est.

1471 2716 1535 2748 Sed
1559 2717 1685 2749 videtur
1708 2718 1799 2758 quod
1822 2718 1881 2748 ista
1903 2719 1985 2749 ratio
2009 2728 2078 2749 non
2101 2718 2286 2751 concludat.
2311 2720 2372 2751 Per
2389 2721 2493 2761 ipsam

1416 2762 1503 2792 enim
1519 2762 1649 2802 probari
1672 2768 1783 2802 posset
1798 2762 1906 2806 Deum
1922 2762 2113 2804 produxisse
2129 2764 2228 2795 alium
2243 2764 2406 2796 mundum
2421 2773 2494 2806 pet-

1416 2805 1586 2837 fectiorem
1610 2806 1690 2837 isto:
1717 2816 1755 2838 ex
1779 2816 1830 2843 eo,
1855 2807 2000 2848 inquam,
2024 2807 2115 2848 quod
2139 2809 2262 2848 agentis
2288 2807 2423 2849 perfecti
2446 2813 2494 2840 est

1416 2849 1597 2890 producere
1621 2851 1681 2881 sibi
1705 2851 1809 2882 simile
1833 2856 1994 2892 quantum
2017 2857 2134 2893 potest.

1470 2894 1701 2936 Respondetur
1723 2894 1814 2936 quod
1837 2905 1895 2936 per
1917 2895 2000 2926 hanc
2023 2896 2182 2927 rationem
2198 2906 2266 2927 non
2282 2896 2438 2937 probatur
2453 2896 2493 2928 de

1416 2939 1605 2970 necessitate
1629 2949 1698 2970 esse
1729 2939 1888 2980 producta
1919 2941 2005 2971 entia
2033 2941 2227 2972 necessaria:
2258 2941 2316 2972 sed
2345 2940 2386 2972 de
2414 2949 2493 2972 con-

1415 2984 1563 3024 gruentia
1586 2989 1617 3014 et
1640 2993 1709 3015 non
1732 2985 1946 3025 repugnantia
1969 2984 2010 3015 ad
2032 2985 2240 3016 creationem.
2265 2984 2351 3023 Quia
2374 2985 2494 3017 decens

1417 3033 1464 3059 est
1480 3033 1515 3058 ut
1531 3028 1631 3065 Deus,
1649 3029 1707 3069 qui
1729 3034 1777 3059 est
1799 3037 1898 3069 agens
1921 3028 2114 3070 perfectum,
2138 3029 2298 3070 producat
2313 3029 2373 3061 sibi
2388 3029 2492 3062 simile

1416 3078 1576 3113 quantum
1600 3071 1641 3104 ad
1664 3072 1783 3104 modos
1807 3073 1890 3104 entis
1913 3073 2119 3111 universales,
2135 3073 2192 3115 qui
2208 3079 2283 3105 sunt
2299 3074 2493 3116 contingens

1417 3122 1449 3147 et
1472 3117 1690 3148 necessarium
1715 3117 1866 3158 (uterque
1891 3118 1978 3148 enim
2001 3117 2120 3149 modus
2135 3117 2232 3149 habet
2246 3117 2389 3159 aliquam
2400 3117 2492 3151 simt-

1417 3160 1588 3192 litudinem
1612 3171 1688 3193 curn
1711 3161 1814 3201 Deo):
1838 3166 1885 3198 ut,
1908 3162 1992 3192 sicut
2014 3163 2083 3203 ipse
2107 3168 2155 3193 est
2178 3171 2247 3194 esse
2262 3158 2491 3193 universalissi-

1416 3214 1509 3236 mum
1525 3205 1707 3236 secundum
1722 3205 1969 3247 perfectionem,
1986 3207 2029 3237 ita
2044 3207 2079 3237 in
2093 3207 2190 3238 rebus
2205 3206 2318 3237 creatis
2333 3204 2491 3246 producat

1417 3259 1532 3280 omnes
1555 3249 1673 3281 modos
1697 3251 1778 3281 entis
1807 3250 2096 3281 universalissimos
2125 3249 2304 3281 secundum
2328 3248 2491 3290 praedica-

1417 3295 1552 3325 tionem.
1577 3295 1652 3325 Non
1677 3295 1721 3325 sic
1745 3300 1854 3325 autem
1881 3294 2000 3325 decens
2027 3300 2074 3326 est
2100 3294 2140 3325 de
2167 3292 2382 3334 productione
2413 3293 2490 3324 alte-

1417 3339 1482 3369 rius
1505 3339 1630 3370 mundi.

1473 3382 1567 3414 Unde
1595 3383 1778 3424 propositio
1809 3389 1983 3423 assumpta,
2007 3381 2099 3423 quod
2126 3381 2262 3423 Agentis
2280 3382 2421 3423 perfecti
2444 3387 2491 3413 est

1411 3427 1598 3468 producere
1620 3428 1680 3458 sibi
1702 3427 1808 3459 simile
1830 3432 1986 3468 quantum
2007 3430 2122 3467 potest,
2146 3425 2342 3465 intelligitur,
2359 3435 2426 3457 non
2449 3426 2490 3457 de

1416 3472 1615 3509 necessitate,
1640 3473 1666 3503 si
1680 3472 1910 3503 'universaliter
1932 3474 2086 3506 sumatur,
2109 3469 2166 3500 sed
2196 3469 2235 3500 de
2267 3470 2488 3511 congruentia.

1418 3515 1512 3547 Unde
1536 3526 1604 3547 non
1627 3515 1792 3547 inducitur
1807 3515 1899 3556 quasi
1921 3523 2052 3545 necesse
2067 3513 2107 3544 sit
2123 3513 2240 3550 Deum,
2257 3514 2314 3554 qui
2330 3520 2377 3545 est
2392 3524 2489 3555 agens

1417 3559 1608 3600 perfectum,
1625 3559 1805 3601 producere
1829 3559 1889 3590 sibi
1912 3558 2016 3588 simile
2040 3566 2252 3598 quocumque
2268 3558 2370 3589 modo
2386 3567 2488 3600 quan-

1417 3609 1488 3635 tum
1511 3609 1633 3645 potest:
1659 3603 1715 3635 sed
1738 3609 1775 3635 ut
1798 3601 1984 3634 ostendatur
2007 3601 2108 3642 quod,
2132 3602 2215 3633 sicut
2242 3603 2368 3643 agentia
2395 3608 2488 3634 natu-

1417 3648 1502 3684 ralia,
1527 3653 1650 3689 quanto
1674 3653 1749 3679 sunt
1772 3646 1972 3687 perfectiora,
1989 3650 2079 3677 tanto
2102 3647 2203 3687 magis
2227 3646 2413 3687 producunt
2428 3647 2488 3678 sibi
