2768 4134
14 102 32 124 ᾗ.

23 290 29 307 ⁴*

4 2593 8 2603 ²
61 2605 73 2617 ·
86 2604 125 2629 cr.
138 2605 150 2628 1
159 2605 194 2633 1²„
204 2611 237 2633 m,
253 2605 277 2629 s.

12 3463 13 3466 ’
57 3458 69 3470 ·
81 3459 142 3482 ibid.

828 268 1018 305 SUMMA
1047 269 1270 308 CONTRA
1298 272 1574 322 GENTILES,
1605 275 1716 313 CAP.
1738 277 1857 325 XXV,
1878 278 2012 315 XXVI.

321 348 481 389 passionis
504 348 545 379 ad
568 348 751 379 subiectum
774 346 814 378 de
837 356 905 387 quo
930 346 1176 379 demonstratur.
1194 349 1268 380 Alio
1284 350 1396 387 modo,

323 392 363 423 de
387 402 424 423 ea
448 393 541 423 cuius
563 392 709 424 medium
732 401 801 423 non
825 396 873 422 est
894 400 969 421 vere
993 397 1025 422 et
1052 392 1177 422 realiter
1207 403 1302 424 causa
1326 405 1397 435 pas-

322 438 432 474 sionis,
457 436 514 468 sed
538 443 585 468 est
611 443 739 468 tantum
767 435 914 466 medium
944 435 1125 466 secundum
1155 437 1325 475 rationem,
1349 440 1397 469 in-

322 487 483 522 quantum
512 481 589 512 dicit
618 482 778 512 rationem
810 479 975 520 quandam
1007 480 1149 521 priorem
1182 482 1305 512 ratione
1330 483 1398 513 eius

322 526 414 567 quod
436 526 594 566 accipitur
615 531 653 557 ut
674 525 793 566 passio,
817 530 849 555 et
872 529 920 554 est
942 525 1024 555 ratio
1047 530 1084 555 ut
1107 525 1178 555 talis
1200 526 1308 565 passio
1324 527 1399 557 insit

322 571 480 602 subiecto.
503 571 611 601 Prima
634 569 867 600 demonstratio
891 569 1026 609 requirit
1048 575 1085 600 ut
1107 569 1254 600 medium
1270 571 1309 600 sit
1323 580 1398 601 vera

322 614 469 646 definitio
493 619 646 646 constans
670 624 708 645 ex
731 622 849 654 genere
873 618 905 643 et
928 612 1119 644 differentia:
1145 614 1222 654 quia
1239 615 1398 655 passionis

322 659 551 691 determinatae
574 668 650 690 vera
673 667 770 694 causa
793 663 841 688 est
864 657 1024 698 quidditas
1048 664 1079 689 et
1103 659 1240 690 essentia
1269 659 1315 689 rei
1338 660 1398 690 sub

320 713 449 744 genere,
480 713 564 744 quae
594 712 653 744 per
681 712 792 733 veram
822 701 1047 734 definitionem
1077 703 1288 744 significatur;
1321 713 1398 734 narn

320 748 533 789 proprietates
555 748 681 788 generis
704 757 774 778 non
797 747 970 778 substantis
993 747 1046 778 alii
1068 748 1179 788 generi
1201 757 1270 779 non
1290 754 1365 779 sunt
1380 758 1398 779 a

319 798 434 824 natura
448 792 534 823 illius
549 792 676 833 generis
691 792 818 823 realiter
837 797 995 829 causatae,
1012 801 1089 823 cum
1104 793 1215 833 generi
1233 802 1302 824 non
1319 802 1398 824 con-

319 837 427 868 veniat
442 846 512 868 esse
526 837 588 868 nisi
604 836 786 868 secundum
798 836 889 877 quod
904 846 963 878 per
978 835 1171 868 differentias
1186 837 1341 868 limitatur
1357 837 1398 869 ad

320 882 472 923 speciem.
488 900 512 905 —
527 881 677 913 Secunda
700 887 810 913 autem
833 881 1066 912 demonstratio
1088 891 1158 912 non
1180 882 1314 922 requirit
1336 891 1397 923 pro

319 926 429 958 medio
453 936 563 958 veram
586 926 822 963 definitionem,
846 926 903 957 sed
926 925 1044 957 sufficit
1067 932 1103 957 ut
1126 927 1166 957 sit
1189 927 1298 967 aliqua
1317 936 1397 958 con-

320 971 428 1012 ceptio
452 971 635 1003 intellectus
657 972 747 1013 prior
771 970 884 1002 ordine
909 970 1054 1012 quodam
1083 971 1243 1002 essentiali
1272 972 1397 1003 ratione

318 1017 488 1057 passionis,
513 1022 545 1047 et
568 1016 732 1058 complete
756 1015 919 1056 explicans
942 1021 1090 1046 naturam
1115 1016 1261 1047 subiecti.

375 1061 502 1092 Dicitur
525 1070 604 1102 ergo
627 1061 746 1102 primo,
771 1059 862 1101 quod
886 1059 927 1091 de
950 1060 1023 1091 Deo
1046 1060 1138 1091 nullo
1162 1059 1265 1091 modo
1288 1066 1397 1102 potest

319 1114 388 1136 esse
412 1105 645 1137 demonstratio
668 1106 776 1146 primo
799 1104 902 1135 modo
918 1110 1065 1145 accepta:
1086 1114 1163 1136 cum
1178 1105 1212 1136 in
1228 1105 1300 1136 Deo
1316 1106 1396 1136 nihil

318 1151 358 1181 sit
379 1159 455 1181 vere
479 1155 657 1181 causatum.
682 1150 724 1181 Et
746 1150 811 1180 hoc
836 1150 1067 1180 convenienter
1085 1151 1260 1190 probatum
1276 1156 1323 1181 est
1338 1160 1396 1191 per

317 1195 382 1226 hoc
405 1194 497 1235 quod
520 1195 610 1226 Deus
633 1193 859 1226 definitionem
881 1203 950 1224 non
973 1194 1080 1225 habet.

373 1239 499 1270 Dicitur
522 1238 679 1276 secundo,
697 1238 788 1280 quod
804 1239 917 1279 utique
941 1248 1049 1279 neque
1071 1239 1152 1269 entis
1171 1248 1280 1279 neque
1297 1248 1396 1280 gene-

315 1293 389 1314 rum
405 1283 722 1325 generalissimorum
738 1289 785 1314 est
801 1282 1033 1325 demonstratio
1049 1283 1112 1314 isto
1128 1283 1245 1314 modo:
1262 1289 1396 1325 propter

258 1355 269 1357 ,
312 1327 454 1360 eandem
468 1324 646 1359 rationem.

371 1373 499 1404 Dicitur
521 1373 628 1410 tertio,
645 1372 736 1413 quod
750 1381 820 1403 non
836 1373 982 1412 sequitur
1004 1372 1260 1414 metaphysicam
1277 1379 1308 1404 et
1326 1382 1394 1404 ma-

315 1417 522 1449 thematicam
552 1427 622 1448 non
651 1426 721 1448 esse
750 1417 909 1448 scientias.
940 1416 1037 1455 Quia,
1061 1417 1137 1448 licet
1166 1426 1224 1458 per
1250 1418 1394 1458 primum

314 1471 418 1503 genus
441 1462 725 1494 demonstrationis
747 1471 817 1492 non
841 1461 944 1502 possit
962 1461 1086 1502 aliquid
1102 1461 1142 1492 de
1159 1467 1232 1493 ente
1249 1467 1281 1493 et
1296 1472 1394 1503 gene-

313 1507 476 1538 ralissimis
498 1507 671 1548 generibus
695 1505 918 1542 demonstrari,
934 1511 1043 1547 potest
1063 1511 1173 1537 tamen
1190 1506 1229 1537 de
1244 1507 1322 1548 ipsis
1337 1507 1394 1538 ali-

314 1550 394 1593 quid
422 1551 634 1583 demonstrari
663 1560 722 1592 per
752 1550 935 1582 secundum
966 1550 1251 1582 demonstrationis
1278 1560 1392 1592 genus.

313 1595 409 1633 Nam,
433 1595 509 1627 licet
530 1596 590 1627 ista
612 1605 683 1627 non
705 1596 845 1626 habeant
868 1593 1103 1632 definitionem,
1126 1595 1247 1626 habent
1272 1601 1392 1634 tamen,

305 1685 427 1727 plicent
451 1686 694 1726 conceptionem
717 1685 910 1721 intellectus,
927 1694 1011 1726 quae
1034 1685 1121 1715 ratio
1145 1685 1211 1716 dici
1228 1690 1347 1726 potest.

368 1730 495 1761 Dicitur
511 1736 638 1772 quarto,
655 1729 747 1771 quod
761 1739 871 1770 neque
886 1729 983 1760 etiam
999 1729 1145 1761 secundo
1161 1729 1264 1760 modo
1285 1736 1393 1771 potest

313 1784 382 1806 esse
405 1774 446 1806 de
469 1775 542 1806 Deo
565 1774 800 1806 demonstratio
830 1773 976 1815 perfecto
1007 1774 1121 1812 modo,
1144 1783 1254 1815 neque
1282 1774 1393 1815 quoad

310 1828 373 1851 nos
394 1828 506 1860 neque
529 1819 711 1851 secundum
734 1828 779 1850 se.
803 1818 890 1858 Quia
909 1828 971 1850 nos
993 1819 1111 1850 habere
1126 1828 1196 1850 non
1215 1829 1392 1860 possumus

310 1864 471 1895 rationem
486 1864 630 1905 aliquam
645 1864 829 1895 intellectus
846 1873 930 1904 quae
945 1862 1088 1904 perfecte
1105 1863 1243 1904 explicet
1263 1863 1392 1905 quiddi-

309 1913 410 1940 tatem
425 1909 498 1940 Dei.
515 1909 557 1940 Et
573 1909 635 1940 Dei
650 1908 832 1940 secundum
848 1918 882 1939 se
898 1914 947 1940 est
961 1918 1027 1939 una
1042 1908 1123 1939 ratio
1140 1908 1223 1939 sola:
1241 1918 1282 1939 eo
1299 1908 1391 1949 quod

311 1954 422 1985 omnia
445 1963 531 1994 quae
552 1954 588 1984 in
609 1954 683 1994 ipso
707 1958 792 1990 sunt,
817 1953 964 1984 absolute
980 1952 1075 1990 dicta,
1090 1953 1154 1984 sint
1169 1952 1210 1984 de
1225 1953 1326 1994 ipsius
1342 1963 1391 1984 ra-

309 1998 415 2035 tione;
439 2004 471 2029 et
494 1999 539 2029 sic
557 2007 627 2029 non
647 2003 778 2039 oportet
794 2007 833 2028 ex
848 2003 938 2038 parte
953 1998 1000 2028 rei
1019 1997 1215 2038 distinguere
1230 1998 1391 2029 rationem

308 2043 526 2083 pertinentem
550 2042 591 2074 ad
613 2042 675 2073 Dei
699 2041 924 2084 quidditatem,
942 2047 973 2073 et
990 2042 1151 2073 rationem
1173 2043 1390 2083 pertinentem

2471 283 2515 319 81

1453 352 1492 382 ad
1515 354 1711 393 passionem,
1734 361 1770 385 ut
1793 366 1858 386 una
1885 357 1965 387 ratio
1996 357 2232 390 demonstretur
2255 365 2286 391 et
2309 360 2370 391 alia
2392 361 2431 391 sit
2453 371 2522 392 me-

1453 396 1543 427 dium
1556 397 1847 430 demonstrationis.
1864 401 1906 431 Et
1920 401 1994 432 ideo
2011 403 2117 443 inquit
2129 403 2264 435 Sanctus
2274 404 2418 436 Thomas
2431 406 2521 446 quod

1453 439 1492 470 de
1509 440 1577 480 ipso
1595 451 1659 472 non
1678 449 1786 482 potest
1802 454 1869 474 esse
1884 445 2116 478 demonstratio
2135 448 2198 478 nisi
2215 459 2278 489 per
2294 450 2453 490 effectum.

1508 484 1592 515 XIV.
1610 485 1778 523 Quantum
1790 487 1829 518 ad
1841 490 1970 519 tertium
1979 491 2005 525 ἦ
2018 498 2163 522 removet
2175 493 2237 523 tale
2250 493 2396 525 dubium.
2408 494 2521 526 Posset

1454 527 1541 558 enim
1554 529 1668 569 aliquis
1681 529 1786 561 dicere
1798 532 1899 571 quod,
1910 534 2055 572 quamvis
2071 536 2245 567 substantia
2257 547 2340 578 quae
2357 544 2403 569 est
2418 549 2520 579 genus

1453 580 1522 601 non
1539 574 1710 603 conveniat
1723 574 1793 605 Deo
1810 581 1968 615 quantum
1984 577 2023 607 ad
2035 577 2068 607 id
2080 588 2098 608 a
2110 589 2177 619 quo
2193 581 2371 621 imponitur
2386 593 2518 620 nomen,

1454 615 1545 655 quod
1569 622 1616 646 est
1639 617 1858 649 accidentibus
1886 620 2042 657 substare,
2068 629 2226 662 quantum
2254 631 2361 657 tamen
2388 627 2429 658 ad
2450 638 2519 662 rem

1453 659 1664 700 significatam
1681 662 1753 692 Deo
1770 665 1936 694 convenit:
1961 670 2007 695 est
2028 667 2114 696 enirn
2130 667 2218 698 Deus
2235 679 2291 700 ens
2300 681 2363 710 per
2378 681 2422 709 se,
2436 682 2520 713 quae

1454 709 1501 734 est
1524 705 1605 735 ratio
1631 706 1834 738 substantiae.

1508 748 1697 789 Respondet
1720 756 1829 781 autern
1853 752 1943 792 quod
1967 763 2022 784 ens
2040 764 2103 794 per
2125 765 2159 786 se
2181 766 2248 787 non
2272 763 2318 788 est
2343 759 2377 789 in
2408 760 2519 791 defini-

1453 792 1542 823 tione
1566 794 1761 826 substantiae
1786 805 1870 836 quae
1894 802 1941 827 est
1963 806 2075 837 genus.
2106 799 2155 829 Ex
2179 809 2218 830 eo
2250 802 2336 832 enim
2363 804 2451 843 quod
2474 805 2519 835 di-

1454 837 1536 868 citur
1551 847 1617 874 ens,
1634 848 1703 869 non
1718 845 1826 880 potest
1841 850 1910 871 esse
1933 850 2049 881 genus:
2075 852 2149 874 curn
2174 853 2230 874 ens
2253 854 2354 885 genus
2370 856 2438 878 esse
2453 858 2520 880 non

1452 882 1565 922 possit.
1589 883 1659 913 Nec
1683 893 1721 914 ex
1746 893 1785 914 eo
1811 884 1901 925 quod
1925 885 2040 916 dicitur
2057 897 2120 927 per
2142 896 2194 919 se:
2217 890 2292 929 quia
2319 890 2399 922 illud
2425 902 2520 933 nega-

1452 927 1576 957 tionem
1602 927 1687 964 dicit,
1713 929 1833 959 scilicet
1856 939 1924 960 non
1941 939 2009 961 esse
2025 931 2058 961 in
2075 932 2137 962 alio
2145 942 2153 969 ;
2177 934 2304 973 negatio
2328 940 2436 966 autem
2453 947 2521 968 non

1451 976 1560 1012 potest
1582 972 1740 1003 rationem
1763 974 1888 1013 generis
1904 974 2031 1012 habere,
2049 976 2124 1015 quia
2141 977 2186 1007 sic
2201 986 2302 1017 genus
2318 988 2385 1009 non
2403 979 2520 1012 diceret

1452 1015 1532 1056 quid
1556 1021 1603 1046 est
1626 1026 1686 1053 res,
1711 1017 1767 1048 sed
1791 1017 1870 1058 quid
1892 1028 1961 1049 non
1985 1025 2041 1050 est.
2070 1019 2133 1051 Sed
2155 1022 2235 1052 ratio
2259 1023 2452 1055 substantiae
2475 1031 2522 1056 est

1451 1060 1542 1101 quod
1565 1061 1606 1091 sit
1629 1071 1682 1092 res
1705 1062 1758 1092 cui
1781 1063 1931 1093 convenit
1954 1073 2022 1094 esse
2045 1074 2110 1094 non
2140 1065 2172 1095 in
2200 1066 2350 1098 subiecta
2382 1068 2423 1099 Et
2446 1079 2521 1101 curn

1450 1114 1574 1136 nomen
1598 1106 1647 1136 rei
1670 1116 1688 1136 a
1712 1106 1888 1146 quidditate
1912 1108 2107 1148 imponatur,
2132 1110 2214 1140 sicut
2235 1120 2357 1142 nomen
2380 1114 2462 1144 entis
2481 1115 2520 1145 ab

1452 1159 1531 1186 esse,
1555 1151 1588 1181 in
1612 1151 1737 1181 ratione
1761 1151 1955 1183 substantiae
1978 1153 2163 1194 intelligitur
2187 1155 2277 1195 quod
2299 1156 2412 1188 habeat
2428 1159 2520 1198 quid-

1451 1194 1585 1225 ditatem
1609 1196 1662 1226 cui
1686 1196 1858 1226 conveniat
1882 1206 1950 1227 esse
1973 1207 2041 1228 non
2057 1198 2091 1228 in
2107 1198 2180 1235 alio,
2198 1205 2351 1240 tanquam
2374 1202 2520 1234 videlicet

1451 1239 1573 1280 aliquid
1597 1239 1784 1270 distinctum
1803 1250 1821 1271 a
1838 1241 2024 1281 quidditate.
2048 1242 2124 1273 Non
2149 1253 2224 1284 ergo
2248 1245 2422 1277 substantia
2438 1256 2520 1287 quae

1450 1289 1498 1315 est
1520 1293 1623 1325 genus
1647 1285 1800 1315 convenit
1823 1285 1910 1316 Deo:
1936 1296 2011 1316 cum
2035 1287 2102 1317 eius
2125 1288 2205 1318 ratio
2230 1289 2289 1319 sibi
2311 1299 2379 1321 non
2402 1300 2519 1323 conve-

1448 1328 1531 1366 niat;
1556 1338 1625 1359 non
1649 1330 1737 1359 enim
1761 1329 1850 1360 Deus
1873 1331 1970 1361 habet
1994 1331 2203 1371 quidditatem
2228 1342 2311 1373 quae
2334 1335 2373 1365 sit
2396 1335 2456 1366 alia
2479 1337 2517 1367 ab

1449 1383 1529 1404 esse.
1553 1373 1763 1414 Negaturque
1788 1374 1879 1414 quod
1903 1384 1971 1405 esse
1995 1385 2052 1406 ens
2064 1386 2127 1416 per
2149 1386 2183 1407 se
2205 1378 2245 1408 sit
2271 1379 2351 1409 ratio
2375 1380 2519 1412 substan-

1448 1418 1521 1455 tiae,
1546 1424 1583 1449 ut
1605 1419 1836 1449 assumebatur.

1505 1462 1601 1494 Circa
1623 1463 1689 1494 hoc
1712 1463 1803 1503 quod
1831 1464 1937 1504 inquit
1961 1463 2096 1495 Sanctus
2120 1465 2274 1503 Thomas,
2299 1468 2454 1508 quoniam
2484 1470 2518 1500 in

1449 1506 1638 1538 definitione
1662 1508 1857 1538 substantiae
1881 1518 1949 1539 non
1973 1514 2020 1539 est
2043 1519 2100 1540 ens
2109 1519 2172 1550 per
2187 1520 2230 1547 se,
2248 1512 2414 1543 sciendum
2429 1513 2519 1553 quod

1449 1551 1582 1592 quidam
1595 1551 1839 1583 Thomistarum
1857 1553 1902 1583 sic
1918 1553 2102 1594 intelligunt
2121 1554 2200 1585 haec
2222 1556 2318 1586 verba
2336 1558 2425 1597 quasi
2443 1558 2520 1588 velit

1449 1596 1555 1627 dicere
1579 1596 1670 1637 quod
1693 1606 1750 1628 ens
1773 1607 1842 1628 non
1867 1596 1958 1628 cadat
1980 1598 2014 1628 in
2039 1604 2200 1639 conceptu
2223 1600 2415 1632 substantiae
2436 1611 2519 1642 quae

1449 1646 1496 1672 est
1519 1651 1632 1682 genus.
1664 1641 1728 1673 Sed
1758 1642 1818 1672 ista
1848 1642 2068 1682 interpretatio
2099 1653 2167 1674 non
2198 1643 2284 1675 vadit
2314 1645 2353 1675 ad
2375 1652 2518 1677 mentem

1448 1685 1557 1716 Sancti
1573 1686 1733 1717 Thomae.
1758 1686 1835 1717 Non
1859 1687 1946 1717 enim
1969 1687 2076 1727 inquit
2099 1688 2244 1719 absolute
2268 1689 2358 1729 quod
2381 1699 2436 1721 ens
2451 1700 2518 1721 non

1446 1735 1588 1771 ponatur
1610 1731 1645 1761 in
1669 1729 1858 1762 definitione
1882 1732 2088 1768 substantiae,
2113 1732 2169 1763 sed
2193 1733 2283 1773 quod
2309 1734 2372 1765 hoc
2402 1739 2517 1772 totum,

1446 1784 1504 1806 ens
1520 1785 1586 1816 per
1606 1784 1651 1811 se,
1675 1785 1744 1806 non
1767 1775 1901 1816 ponitur
1923 1776 1957 1806 in
1981 1775 2170 1808 definitione
2200 1778 2403 1815 substantiae,
2427 1779 2517 1816 idest,

1445 1829 1515 1850 non
1538 1817 1586 1851 est
1609 1820 1806 1851 substantiae
1830 1819 1987 1857 definitio,
2012 1822 2088 1861 quia
2111 1831 2129 1852 a
2151 1822 2240 1853 nulla
2262 1828 2351 1863 parte
2370 1823 2455 1854 illius
2470 1834 2518 1855 ra-

1445 1864 1543 1895 tionis
1567 1870 1678 1905 posset
1702 1865 1878 1896 substantia
1900 1865 2059 1896 rationem
2082 1867 2207 1906 generis
2221 1867 2347 1898 habere.
2372 1867 2434 1899 Sed
2450 1869 2518 1899 eius

1446 1908 1593 1940 definitio
1617 1910 1683 1940 sive
1706 1910 1798 1946 ratio,
1823 1909 2004 1940 secundum
2027 1911 2227 1942 Avicennam
2239 1913 2266 1948 *,
2288 1917 2334 1943 est
2349 1913 2412 1943 hoc
2428 1913 2517 1953 quod

1446 1953 1532 1990 dico,
1555 1953 1620 1985 Res
1642 1954 1697 1985 cui
1719 1954 1853 1985 debetur
1875 1964 1944 1985 esse
1967 1964 2033 1985 non
2058 1955 2091 1986 in
2116 1956 2192 1986 alio.
2218 1956 2403 1988 Secundum
2420 1967 2517 1998 quam

1444 2003 1553 2039 potest
1576 1999 1637 2029 sibi
1654 1998 1741 2029 'ratio
1757 1999 1883 2039 generis
1899 2000 2089 2030 convenire:
2115 2010 2189 2031 curn
2207 2002 2361 2042 exprimat
2376 2002 2516 2042 aliquem

1445 2043 1619 2083 specialem
1642 2042 1782 2074 modum
1806 2044 1887 2074 entis
1911 2044 2100 2084 positivum.

724 2255 1213 2313 CAPITULUM
1249 2255 1724 2313 VIGESIMUM
1762 2257 2110 2314 SEXTUM

573 2374 768 2427 QUOD
812 2374 995 2417 DEUS
1037 2374 1180 2416 NON
1225 2375 1352 2417 EST
1397 2375 1565 2417 ESSE
1608 2376 1937 2418 FORMALE
1982 2377 2251 2419 OMNIUM

495 2521 499 2539 2
516 2509 541 2534 x
555 2496 615 2534 his
629 2505 761 2534 autern
776 2497 997 2535 confutatur
1010 2498 1264 2546 quorundam
1278 2509 1387 2535 error

334 2576 336 2578 v
379 2569 479 2600 ,7-
496 2547 503 2555 ⁴
530 2549 599 2600 qui
609 2549 790 2588 dixerunt
799 2551 931 2588 Deum
941 2550 1038 2590 nihil
1048 2551 1154 2588 aliud
1164 2563 1248 2588 esse
1263 2563 1382 2601 quam

330 2612 348 2648 z,
386 2598 501 2654 [⁶5:⁴32
532 2616 615 2642 esse
633 2604 796 2642 formale
815 2604 1126 2654 uniuscuiusque
1146 2604 1201 2642 rei
1215 2605 1246 2642 *.

411 2671 418 2677 ⁵
433 2648 501 2678 *λ
584 2658 691 2696 Nam
706 2670 789 2695 esse
804 2658 882 2695 hoc
895 2658 1083 2697 dividitur
1099 2671 1171 2709 per
1189 2670 1273 2696 esse
1294 2659 1384 2696 sub-

305 2710 465 2748 stantiae
494 2718 531 2748 et
556 2723 640 2754 esse
669 2710 888 2749 accidentis.
918 2712 1110 2751 Divinum
1138 2720 1271 2750 autem
1300 2724 1383 2750 esse

304 2775 434 2814 neque
460 2772 517 2802 est
541 2777 625 2802 esse
654 2764 889 2802 substantiae
908 2777 1040 2816 neque
1059 2778 1142 2804 esse
1162 2765 1382 2812 accidentis,

304 2825 347 2855 ut
373 2817 586 2868 probatum
614 2826 671 2855 est
688 2818 720 2855 *.
750 2818 992 2868 Impossibile
1020 2829 1077 2858 est
1104 2819 1217 2868 igitur
1251 2819 1383 2856 Deum

304 2883 388 2908 esse
407 2871 502 2910 illud
523 2884 606 2909 esse
626 2884 707 2921 quo
722 2871 934 2910 formaliter
951 2885 1215 2924 unaquaeque
1235 2885 1295 2909 res
1313 2881 1381 2910 est.

357 2925 465 2962 Item.
496 2926 574 2963 Res
602 2926 652 2963 ad
680 2925 851 2962 invicem
885 2938 968 2964 non
1002 2927 1294 2975 distinguuntur
1324 2939 1382 2964 se-

388 2527 407 2547 «Ῐ
415 2528 417 2530 “
428 2528 449 2556 'f‘

1440 2510 1572 2535 versas
1609 2506 1778 2543 naturas,
1808 2498 1952 2548 quibus
1989 2498 2198 2548 acquiritur
2235 2511 2317 2536 esse
2356 2498 2510 2537 diversi-

1440 2552 1571 2589 mode.
1602 2552 1698 2589 Esse
1726 2559 1859 2589 autem
1887 2551 2065 2589 divinum
2091 2564 2172 2589 non
2191 2551 2347 2589 advenit
2365 2552 2425 2589 alii
2444 2565 2509 2590 na-

1439 2613 1560 2652 turae,
1592 2606 1660 2642 sed
1689 2613 1745 2642 est
1773 2605 1857 2655 ipsa
1884 2613 2032 2651 natura,
2053 2613 2095 2642 ut
2114 2613 2313 2642 ostensum
2343 2613 2398 2643 est
2416 2605 2446 2642 ²¹⁸.
2469 2606 2508 2643 Si

1439 2658 1665 2708 igitur-esse
1693 2658 1874 2696 divinum
1903 2666 2000 2696 esset
2026 2659 2186 2695 formale
2214 2670 2296 2695 esse
2316 2658 2505 2706 omnium,

1406 2727 1416 2748 5
1440 2720 1636 2762 oporteret
1663 2712 1798 2750 omnia
1825 2711 2046 2762 simpliciter
2073 2724 2154 2749 esse
2184 2724 2320 2748 unum.

1492 2765 1684 2816 Amplius.
1714 2765 1954 2816 Principium
1982 2765 2201 2803 naturaliter
2233 2764 2339 2814 prius
2375 2772 2430 2801 est
2458 2777 2505 2802 eo

1438 2819 1550 2857 cuius
1578 2827 1635 2856 est
1662 2819 1910 2869 principium.
1941 2820 2034 2856 Esse
2063 2826 2193 2856 autem
2212 2817 2251 2854 in
2270 2817 2505 2867 quibusdam

1437 2873 1555 2910 rebus
1569 2873 1686 2911 habet
1701 2873 1846 2923 aliquid
1861 2872 1971 2922 quasi
1989 2871 2237 2922 principium:
2258 2871 2381 2908 forma
2400 2870 2504 2908 enim

1437 2926 1576 2964 dicitur
1595 2939 1678 2964 esse
1697 2926 1932 2977 principium
1952 2925 2119 2971 essendi3
2140 2933 2176 2962 et
2194 2924 2364 2962 similiter
2377 2935 2502 2972 agens,

304 2978 481 3015 cundum
509 2979 618 3028 quod
647 2978 793 3016 habent
820 2991 920 3017 esse:
950 2980 1043 3030 quia
1071 2980 1111 3018 in
1138 2981 1216 3017 hoc
1248 2979 1383 3018 omnia
1398 2996 1423 3011 ιο
1437 2981 1546 3030 quod
1565 2980 1653 3018 facit
1671 2980 1800 3030 aliqua
1819 2992 1901 3017 esse
1921 2987 2019 3017 actu.
2042 2978 2082 3017 Si
2100 2978 2212 3027 igitur
2231 2990 2312 3015 esse
2327 2977 2503 3014 divinum

304 3031 556 3069 conveniunt.
593 3031 635 3070 Si
670 3044 762 3081 ergo
797 3044 858 3069 res
893 3032 1079 3071 differunt
1115 3034 1164 3071 ad
1197 3033 1379 3080 invicem,

303 3093 456 3135 oportet
475 3085 584 3135 quod
602 3086 666 3122 vel
690 3085 822 3136 ipsum
850 3098 934 3124 esse
962 3087 1208 3137 specificetur
1225 3099 1297 3137 per
1315 3087 1380 3125 ali-

303 3150 401 3188 quas
429 3138 665 3176 differentias
694 3139 854 3186 additas,
875 3139 927 3178 ita
945 3141 1054 3191 quod
1082 3141 1199 3178 rebus
1218 3140 1380 3178 diversis

303 3191 350 3229 sit
377 3192 578 3230 diversum
607 3205 691 3230 esse
719 3193 939 3231 secundum
968 3194 1155 3244 speciem:
1182 3195 1245 3231 vel
1271 3195 1380 3244 quod

302 3257 363 3283 res
391 3245 571 3284 differant
597 3258 670 3296 per
696 3247 774 3284 hoc
801 3247 910 3296 quod
937 3247 1069 3298 ipsum
1102 3260 1186 3285 esse
1218 3247 1380 3286 diversis
1396 3269 1404 3283 ι

302 3299 448 3336 naturis
468 3300 688 3337 secundum
707 3300 878 3350 speciem
897 3301 1090 3339 convenit.
1113 3302 1190 3339 Sed
1205 3301 1379 3351 primum

302 3353 448 3390 horum
476 3361 532 3391 est
559 3353 814 3404 impossibile:
842 3354 934 3404 quia
953 3355 1031 3392 enti
1049 3367 1131 3392 non
1150 3363 1277 3404 potest
1294 3354 1380 3392 fieri

302 3405 432 3455 aliqua
459 3407 604 3444 additio
634 3408 853 3445 secundum
873 3409 1040 3445 modum
1061 3421 1142 3458 quo
1163 3408 1378 3446 differentia

301 3459 456 3497 additur
483 3459 625 3509 generi,
646 3469 689 3498 ut
707 3461 856 3499 dictum
885 3469 941 3499 est
959 3461 990 3499 ²¹⁶.
1020 3461 1268 3512 Relinquitur
1287 3474 1378 3511 ergo

261 3547 264 3549 .
301 3513 410 3562 quod
438 3525 499 3550 res
526 3522 686 3571 propter
713 3515 790 3552 hoc
818 3515 998 3553 differant
1025 3516 1133 3565 quod
1159 3515 1303 3553 habent
1323 3515 1377 3552 di-
1393 3537 1420 3551 ,ο

357 3634 367 3652 1
391 3635 478 3654 autem
497 3636 539 3654 om
560 3629 609 3654 Pa.
700 3628 716 3653 6
736 3637 824 3662 neque
838 3637 885 3662 pr.
903 3629 971 3663 Ioco]
991 3638 1043 3654 non
1064 3630 1132 3655 GPc.

356 3663 370 3688 3
390 3663 491 3697 natura]
511 3671 559 3689 seu
579 3665 691 3689 essentia
711 3665 796 3690 divina
814 3666 922 3691 addunt
941 3665 1100 3691 «sGWZPc.

444 3719 538 3743 Summa
558 3718 669 3743 CONTRA
689 3718 824 3744 Gmmmzs
844 3719 875 3745 D.
895 3719 1011 3744 Tnomx
1030 3719 1100 3745 Tou.
1120 3719 1137 3744 1.

1437 3033 1483 3071 sit
1511 3046 1594 3071 esse
1623 3033 1931 3082 uniuscuiusque
1960 3032 2025 3079 rei,
2056 3039 2238 3081 sequetur
2257 3031 2363 3080 quod
2382 3031 2500 3075 Deus,

1436 3087 1504 3137 qui
1532 3095 1588 3124 est
1616 3100 1734 3124 suum
1768 3099 1862 3133 esse,
1891 3086 2031 3123 habeat
2062 3085 2231 3134 aliquam
2263 3095 2436 3129 causam;
2466 3091 2502 3119 et

1436 3141 1491 3178 sic
1510 3153 1591 3178 non
1611 3141 1657 3178 sit
1674 3152 1831 3178 necesse
1851 3152 1933 3176 esse
1951 3151 2022 3189 per
2040 3151 2090 3175 se.
2122 3137 2243 3175 Cuius
2266 3135 2500 3173 contrarium

1436 3194 1589 3244 supra*
1618 3201 1818 3231 ostensum
1847 3201 1913 3230 est.

1489 3248 1642 3285 Adhuc.
1673 3247 1793 3294 Quod
1823 3254 1878 3283 est
1912 3256 2122 3282 commune
2158 3242 2299 3288 multis,
2328 3254 2409 3279 non
2444 3249 2500 3279 est

1435 3301 1580 3351 aliquid
1596 3309 1747 3351 praeter
1761 3301 1882 3336 multa
1891 3298 1963 3335 nisi
1979 3299 2058 3335 sola
2073 3296 2233 3333 ratione:
2251 3295 2347 3332 sicut
2356 3296 2500 3332 animal

1434 3367 1517 3393 non
1533 3363 1588 3392 est
1607 3354 1711 3392 aliud
1726 3361 1875 3403 praeter
1891 3353 2086 3389 Socratem
2107 3357 2142 3386 et
2156 3350 2357 3386 Platonem
2372 3356 2408 3385 et
2426 3348 2499 3385 alia

1434 3408 1616 3446 animalia
1635 3407 1707 3444 nisi
1727 3407 1928 3449 intellectu,
1958 3403 2024 3453 qui
2053 3401 2305 3451 apprehendit
2331 3401 2498 3438 formam

1434 3461 1610 3499 animalis
1630 3459 1879 3510 exspoliatam
1899 3457 1946 3494 ab
1966 3455 2147 3494 omnibus
2167 3454 2498 3492 individuantibus

1434 3524 1471 3552 et
1495 3513 1819 3564 specificantibu53
1846 3512 1966 3548 homo
1993 3508 2096 3546 enim
2123 3516 2178 3544 est
2197 3508 2304 3557 quod
2328 3520 2418 3545 vere
2443 3516 2498 3545 est

1208 3636 1241 3654 10
1258 3630 1356 3655 habent
1370 3634 1435 3662 post
1453 3638 1513 3655 esse
1533 3629 1593 3654 aPc.

1192 3665 1224 3691 13
1244 3665 1286 3699 sit]
1307 3667 1356 3691 erit
1373 3666 1440 3691 BPc.

2319 3717 2347 3735 11

2549 497 2558 506 '¹
2573 495 2609 518 cf.
2625 496 2678 518 init.
2688 496 2760 518 Com-

2547 526 2619 545 ment.

2543 1916 2569 1966 :5¹
2574 1917 2686 1966 ι,Μειαρὴυ
2694 1919 2753 1947 ῐῐᾙ,

2536 2611 2545 2620 ·
2560 2610 2616 2637 Cap.
2628 2615 2685 2631 xxn.

2527 3199 2536 3207 '
2552 3197 2610 3225 Cap.
2622 3204 2660 3220 xv.
