2768 4134
50 2652 269 2710 203¹&ae-

812 288 1001 324 SUMMA
1031 289 1251 328 CONTRA
1280 292 1553 340 GENTILES,
1582 297 1676 333 LlB.
1698 298 1737 342 11,
1769 298 1879 335 CAP.
1901 299 1962 335 lX.

346 368 576 410 Respondetur
592 368 683 410 quod
699 368 882 408 propositio
899 367 959 397 ista
974 367 1165 408 Philosophi
1179 370 1366 411 intelligitur

290 415 346 445 sic.
371 414 610 454 Quaecumque
632 419 707 444 sunt
731 411 845 443 eadem
865 412 923 442 uni
939 413 1043 448 tertio,
1061 419 1135 443 sunt
1152 414 1265 444 eadem
1283 416 1366 446 inter

289 468 324 489 se
348 464 508 499 quantum
540 458 580 489 ad
607 457 687 489 illud
717 457 751 487 in
780 466 848 497 quo
879 455 1118 487 identificantur
1148 458 1273 489 medio:
1298 470 1365 490 non

289 509 401 535 autem
425 509 586 544 quantum
601 501 642 533 ad
656 501 738 533 illud
753 502 787 532 in
806 510 874 541 quo
899 511 917 531 a
939 500 1050 532 medio
1067 500 1318 541 distinguuntur,
1335 510 1366 535 et

290 548 383 589 quod
405 558 474 579 non
494 553 542 579 est
565 547 626 578 illis
648 546 730 577 ratio
754 544 1018 577 identificationis
1042 545 1163 576 medio.
1189 546 1242 577 Sic
1267 549 1365 584 enim,

290 594 368 634 quia
390 594 476 624 actio
501 598 534 623 et
555 592 674 632 passio,
699 596 859 631 quantum
884 590 924 621 ad
946 590 980 621 id
1011 589 1102 631 quod
1132 597 1180 621 est
1203 593 1365 623 materiale

290 639 324 668 in
347 638 436 679 ipsis,
451 635 693 669 identificantur
707 636 824 672 motui,
840 645 909 666 non
925 641 1035 666 autem
1051 641 1211 675 quantum
1227 636 1267 666 ad
1287 646 1366 667 con-

290 687 411 718 notata,
434 681 510 712 ideo
534 681 742 712 materialiter
764 686 840 711 sunt
862 679 976 711 eadem
999 680 1084 710 inter
1105 689 1149 716 se,
1166 689 1233 711 non
1257 688 1366 712 autem

290 726 477 758 formaliter.
508 726 557 756 Ex
587 734 656 766 quo
687 726 833 766 sequitur
859 725 966 766 glossa
996 724 1105 755 Sancti
1132 724 1282 756 Thomae
1312 726 1366 757 ad-

289 771 387 802 ducta
402 771 436 801 in
447 769 649 801 obiiciendo:
667 770 760 811 quod
775 771 802 800 si
817 770 926 810 aliqua
941 779 980 800 ex
996 769 1120 800 unione
1136 770 1170 800 in
1186 769 1295 800 medio
1311 770 1366 802 de-

289 816 387 847 beant
401 815 590 856 simpliciter
605 814 668 846 dici
684 814 799 846 eadem
815 816 905 846 inter-
913 824 958 851 se,
970 823 1104 845 necesse
1122 819 1170 844 est
1181 820 1218 844 ut
1229 816 1366 846 omnino

289 861 354 891 sint
368 859 483 891 eadem
505 861 611 897 tertio,
628 860 751 891 scilicet
771 869 841 890 non
863 864 991 890 tanturn
1016 858 1198 890 secundum
1214 869 1293 896 rem,
1311 860 1366 891 sed

289 906 388 936 etiam
412 904 593 936 secundum
616 905 787 937 rationem.

347 950 377 981 3.
401 949 648 982 Attendendum
671 955 779 980 tamen
805 948 896 989 quod
923 948 1032 989 aliqua
1058 947 1214 989 distingui
1241 949 1366 980 ratione

288 995 461 1036 dupliciter
484 995 654 1035 contingit.
678 994 754 1025 Uno
779 993 892 1030 modo,
909 1003 948 1024 ex
971 993 1043 1023 solo
1061 1002 1160 1033 opere
1184 993 1366 1025 intellectus

288 1040 330 1071 de
354 1050 419 1071 una
443 1045 474 1071 et
490 1039 604 1071 eadem
628 1049 661 1070 re
678 1039 818 1070 diversas
834 1039 1068 1079 conceptiones
1085 1037 1267 1068 formantis:
1285 1039 1366 1069 sicut

289 1084 496 1126 distinguitur
519 1085 677 1125 sapientia
700 1083 808 1114 divina
824 1084 863 1113 ab
887 1083 1035 1115 essentia.
1051 1082 1086 1114 Si
1109 1083 1196 1114 enim
1213 1084 1366 1124 concipe-

290 1135 378 1161 retur
393 1130 531 1160 essentia
546 1130 629 1160 sicut
645 1134 693 1159 est
716 1129 750 1159 in
769 1138 813 1164 se,
830 1129 862 1158 in
887 1138 948 1158 suo
965 1133 1130 1168 conceptu
1145 1127 1367 1159 includeretur

289 1175 371 1206 ratio
395 1174 587 1215 sapientiae:
611 1172 668 1204 sed
699 1173 775 1213 quia
805 1173 988 1204 intellectus
1018 1178 1129 1203 noster
1158 1182 1228 1203 non
1259 1178 1366 1213 potest

289 1219 395 1261 ipsam
410 1217 592 1250 secundum
608 1217 699 1258 quod
715 1218 748 1247 in
764 1227 798 1248 se
819 1223 866 1248 est
882 1218 1067 1258 concipere,
1083 1216 1158 1248 ideo
1171 1217 1271 1248 alium
1287 1227 1367 1248 con-

289 1269 424 1306 ceptum
447 1262 566 1294 format
589 1261 629 1293 de
653 1261 781 1298 deitate,
811 1268 843 1292 et
871 1262 972 1293 aliurn
1002 1261 1043 1292 de
1066 1262 1223 1303 sapientia
1248 1262 1366 1293 divina.

288 1308 444 1340 Similiter
467 1308 493 1338 si
516 1307 746 1348 conciperetur
768 1307 924 1347 sapientia
946 1306 1054 1338 divina
1074 1306 1256 1338 secundum
1277 1307 1368 1348 quod

290 1350 645 1389 iassesryincluderet
660 1352 694 1382 in
710 1361 768 1382 sua
791 1351 916 1382 ratione
941 1357 973 1383 et
996 1353 1170 1383 essentiam
1186 1357 1218 1383 et
1233 1362 1367 1383 omnem

289 1396 537 1440 perfectionem.
553 1414 575 1418 —
591 1396 667 1427 Alio
691 1394 804 1432 modo,
822 1406 860 1427 ex
881 1402 972 1437 parte
987 1397 1131 1437 ipsarum
1147 1406 1266 1433 rerum,
1283 1407 1368 1438 quae

289 1442 411 1477 liabent
427 1447 474 1478 ut,
498 1442 525 1473 si
548 1441 776 1481 concipiantur
790 1441 973 1473 secundum
989 1441 1081 1482 quod
1096 1442 1130 1472 in
1145 1442 1260 1483 seipsis
1282 1447 1369 1479 sunt,

289 1487 423 1521 diversis
445 1486 659 1527 conceptibus
684 1486 920 1526 concipiantur,
944 1487 1029 1518 sicut
1051 1492 1100 1518 est
1122 1486 1162 1518 de
1185 1488 1314 1518 actione
1337 1492 1370 1518 et

289 1537 400 1567 motu:
431 1531 602 1573 requirunt
634 1531 722 1562 enim
756 1540 794 1561 ex
826 1531 940 1572 seipsis
971 1537 1007 1562 ut
1039 1531 1140 1562 alium
1170 1538 1369 1574 conceptum

290 1576 411 1609 formet
429 1575 470 1608 de
492 1576 571 1617 ipsis
593 1574 787 1612 intellectus,
803 1575 987 1607 secundum
1003 1576 1094 1617 quod
1110 1577 1195 1608 actio
1212 1582 1370 1608 connotat

290 1626 476 1664 respectum
498 1621 533 1652 in
556 1625 682 1662 agente,
707 1629 807 1661 quem
838 1630 906 1651 non
935 1620 1013 1652 dicit
1043 1627 1168 1658 motus;
1194 1627 1369 1662 quantum-

289 1664 435 1708 cumque
451 1666 541 1697 enim
559 1664 703 1706 perfecte
727 1665 1024 1706 comprehendatur
1039 1671 1159 1702 motus,
1176 1675 1244 1697 non
1260 1672 1368 1697 tamen

289 1710 546 1755 apprehenditur
567 1715 676 1742 totum
699 1709 791 1750 quod
814 1715 862 1741 est
885 1709 925 1741 de
949 1711 1075 1742 ratione
1098 1712 1245 1742 actionis.

347 1755 437 1788 Cum
452 1765 529 1797 ergo
553 1755 661 1796 inquit
679 1754 817 1786 Sanctus
833 1755 980 1786 Thomas
998 1755 1086 1787 illam
1108 1756 1370 1797 propositionem

289 1811 360 1833 non
382 1806 493 1832 tenere
516 1801 550 1831 in
572 1800 611 1831 iis
634 1809 719 1841 quae
742 1810 760 1830 a
784 1801 879 1831 tertio
903 1801 1028 1831 ratione
1051 1800 1304 1842 distinguuntur,
1321 1801 1369 1832 lo-

289 1846 403 1889 quitur
425 1845 465 1877 de
489 1844 698 1876 distinctione
722 1845 855 1875 rationis
878 1846 1091 1886 proveniente
1115 1855 1153 1876 ex
1173 1852 1263 1887 parte
1286 1846 1370 1886 ipsa-

291 1890 366 1923 rum
388 1900 507 1922 rerum.
531 1889 619 1929 Quia
649 1890 675 1920 si
705 1890 891 1930 proveniret
913 1895 1040 1921 tantum
1069 1900 1107 1921 ex
1131 1896 1220 1931 parte
1244 1891 1369 1922 intelle-

291 1941 374 1973 ems,
397 1941 477 1967 tunc
500 1935 581 1966 unio
604 1934 698 1965 realis
721 1935 755 1965 in
777 1935 874 1966 tertio
891 1934 1010 1966 faceret
1032 1934 1234 1966 identitatem
1250 1935 1369 1966 realem

292 1987 523 2017 extremorum,
547 1989 616 2011 non
647 1980 796 2011 obstante
827 1979 1034 2011 distinctione
1061 1981 1194 2011 rationis
1222 1981 1370 2021 ipsorum

292 2036 312 2058 a
334 2026 446 2059 tertio:
471 2026 555 2056 sicut
584 2030 632 2056 est
661 2024 701 2056 de
732 2025 957 2066 principio-et
983 2024 1048 2057 fine
1078 2031 1115 2056 ut
1147 2024 1300 2056 dicuntur
1329 2025 1370 2057 de

292 2076 418 2113 puncto
441 2071 475 2102 in
498 2070 593 2102 linea.
611 2069 663 2101 sic
680 2074 790 2100 autem
806 2075 854 2100 est
868 2070 902 2100 in
919 2071 1101 2111 proposito.
1118 2070 1266 2102 Potentia
1282 2071 1370 2102 enim

293 2122 326 2148 et
349 2116 433 2147 actio
457 2124 526 2146 non
549 2113 792 2155 distinguuntur
814 2115 940 2146 ratione
970 2115 1009 2146 ab
1039 2115 1177 2146 essentia
1200 2114 1307 2146 divina
1332 2125 1370 2146 ex

293 2159 482 2193 conditione
504 2160 649 2201 ipsarum
672 2169 791 2196 rerum,
819 2159 875 2190 sed
905 2164 1032 2191 tantum
1060 2169 1098 2190 ex
1122 2159 1370 2200 imperfectione

293 2205 475 2238 intellectus
497 2205 613 2236 nostri:
643 2204 669 2235 si
692 2205 780 2235 enim
804 2205 1032 2245 conciperetur
1060 2204 1161 2236 deitas
1188 2205 1370 2236 secundum

293 2261 338 2288 se,
361 2251 395 2282 in
419 2249 586 2281 intellectu
610 2250 680 2280 eius
704 2255 787 2281 esset
817 2250 964 2290 potentia
990 2250 1094 2281 activa
1117 2255 1149 2280 et
1172 2250 1268 2286 actio,
1287 2251 1371 2281 sicut

294 2302 327 2328 et
349 2295 456 2327 omnis
480 2294 541 2325 alia
565 2293 737 2335 perfectio;
763 2304 838 2325 cum
862 2295 902 2325 sit
925 2294 1083 2335 perfectio
1100 2294 1225 2326 infinita
1249 2300 1281 2325 et
1296 2294 1370 2326 fons

294 2341 402 2372 omnis
424 2339 644 2381 perfectionis.
669 2339 746 2370 Ideo
771 2349 810 2370 ex
833 2340 897 2371 hoc
921 2339 1013 2380 quod
1036 2346 1111 2370 sunt
1134 2339 1260 2370 realiter
1284 2339 1370 2371 idern

294 2386 462 2422 essentiae,
485 2385 633 2426 sequitur
656 2389 692 2415 ut
714 2385 798 2414 inter
821 2394 855 2414 se
878 2386 942 2415 sint
964 2385 1091 2415 realiter
1114 2384 1215 2415 idem:
1241 2385 1323 2415 sicut
1339 2391 1371 2415 et

295 2431 336 2462 de
359 2430 515 2471 sapientia
539 2435 571 2460 et
593 2429 713 2460 iustitia
737 2429 856 2460 divina.

350 2485 382 2515 4.
398 2475 476 2506 Non
491 2475 538 2506 sic
555 2479 664 2506 autem
688 2480 736 2504 est
759 2473 799 2505 de
823 2475 1014 2514 paternitate
1038 2480 1070 2505 et
1092 2473 1260 2505 filiatione.
1285 2474 1370 2512 Quia

295 2521 478 2562 paternitas,
495 2525 532 2550 ut
547 2519 659 2550 relatio
677 2525 734 2556 est,
751 2529 819 2550 non
837 2525 920 2550 esset
935 2518 975 2550 de
988 2520 1113 2550 ratione
1130 2518 1256 2550 deitatis
1274 2519 1371 2549 etiam

295 2566 323 2597 si
345 2564 527 2597 secundum
551 2563 642 2606 quod
666 2569 713 2595 est
736 2565 973 2604 conciperetur.
989 2564 1076 2602 Quia
1099 2565 1131 2594 in
1156 2564 1279 2594 ratione
1304 2563 1370 2594 dei-

295 2610 369 2642 tatis
390 2609 568 2641 includitur
582 2614 709 2641 tantum
725 2610 806 2640 ratio
823 2609 996 2641 cuiuslibet
1010 2608 1232 2650 perfectionis:
1258 2608 1369 2639 relatio

296 2661 417 2691 autem,
441 2660 477 2686 ut
506 2654 641 2686 inferius
667 2653 859 2685 ostendetur
873 2655 900 2690 ³,
931 2654 1114 2685 secundum
1145 2653 1236 2694 quod
1259 2653 1369 2683 relatio

296 2705 355 2737 eet,
377 2709 447 2732 non
471 2698 549 2731 dicit
571 2699 707 2740 aliquid,
735 2708 798 2730 nec
820 2699 1067 2740 perfectionem,
1091 2698 1148 2730 sed
1179 2704 1304 2729 tantum
1327 2697 1371 2727 ad

296 2745 432 2787 aliquid.
461 2744 539 2776 Ideo
567 2743 660 2785 quod
686 2743 901 2785 distinguatur
928 2745 1054 2775 ratione
1081 2745 1121 2774 ab
1152 2743 1298 2778 essentia,
1323 2747 1370 2772 est
1396 2751 1398 2770 1=

296 2800 366 2823 non
380 2795 509 2822 tantum
525 2799 563 2820 ex
580 2794 671 2830 parte
686 2789 880 2826 intellectus,
896 2788 953 2820 sed
969 2790 1066 2820 etiam
1083 2798 1121 2819 ex
1138 2794 1251 2819 natura
1269 2787 1369 2827 ipsius

296 2836 354 2866 rei.
376 2835 514 2876 Propter
536 2835 601 2866 hoc
624 2843 693 2865 non
717 2840 848 2874 oportet
870 2835 1095 2874 paternitatem
1120 2839 1151 2864 et
1181 2832 1370 2863 filiationem
1396 2852 1398 2877 2

297 2889 367 2911 esse
389 2881 473 2911 inter
499 2889 534 2911 se
562 2878 689 2910 realiter
719 2878 844 2916 eadem,
868 2880 1017 2919 quamvis
1046 2878 1171 2909 realiter
1192 2878 1255 2907 sint
1284 2876 1369 2906 idem

297 2925 464 2957 essentiae.
488 2923 664 2965 Oporteret
687 2925 786 2961 enim,
811 2925 838 2955 si
861 2924 993 2955 deberet
1016 2934 1053 2954 ex
1077 2923 1242 2954 identitate
1266 2922 1297 2951 in
1322 2930 1370 2950 es-
1396 2949 1398 2962 ἱ

297 2970 400 3001 sentia
411 2968 565 3000 concludi
580 2968 730 3000 identitas
744 2969 838 3000 realis
850 2978 966 2999 eorum
982 2969 1065 2999 inter
1080 2978 1124 3003 se,
1141 2965 1231 3007 quod
1247 2971 1371 2996 utrum·
1396 2977 1398 2980 ·

298 3023 364 3056 que
378 3014 511 3046 illorum
527 3019 611 3045 esset
625 3014 722 3045 etiam
738 3013 919 3045 secundum
932 3014 1090 3044 rationem
1102 3011 1188 3042 idem
1206 3010 1369 3044 essentiae,
1397 3041 1398 3045 ,

298 3064 459 3100 quantum
482 3064 531 3090 est
554 3068 592 3090 ex
616 3064 706 3099 parte
729 3059 872 3100 ipsarum
895 3068 1014 3089 rerum.

354 3104 392 3135 ΙΙ.
417 3103 577 3135 Secundo.
601 3103 719 3134 Divina
741 3104 888 3144 potentia
911 3113 978 3134 non
995 3101 1178 3142 completur
1193 3099 1255 3130 alio
1272 3107 1370 3138 quam

299 3149 416 3190 seipsa:
442 3158 519 3180 cum
542 3149 583 3179 sit
605 3149 675 3188 ipsa
697 3149 835 3180 essentia
859 3148 976 3179 divina.
994 3147 1080 3187 Ergo
1102 3151 1162 3176 etc.
1178 3163 1201 3167 —
1216 3143 1372 3174 Probatur

299 3194 545 3235 consequentia.
568 3193 670 3224 Actus
693 3198 742 3224 est
764 3194 1045 3234 complementum
1069 3190 1242 3230 potentiae.
1274 3187 1369 3226 Ergo,

299 3240 325 3269 si
349 3238 556 3280 distinguitur
579 3248 598 3268 a
620 3238 788 3278 potentia,.
801 3238 947 3278 potentia
971 3235 1137 3277 perficitur
1159 3243 1216 3273 per
1239 3229 1370 3271 aliquod
1397 3254 1398 3261 ,

300 3283 388 3315 aliud
411 3294 430 3314 a
452 3293 498 3315 se.
523 3282 624 3322 Quod
647 3288 695 3313 est
718 3284 909 3324 oppositum
933 3279 1162 3312 antecedentis.
1324 3319 1330 3325 ·

354 3328 600 3360 Advertendum
624 3327 716 3368 quod
738 3328 829 3358 aliter
844 3334 891 3358 est
914 3325 1192 3366 complementum
1208 3325 1370 3361 potentiae

300 3373 386 3404 actio
409 3373 602 3410 immanens,
618 3378 651 3403 et
665 3372 757 3403 aliter
779 3373 864 3403 actio
888 3371 1053 3401 transiens.
1079 3369 1261 3398 Immanens
1284 3363 1370 3394 enim
1397 3377 1399 3394 :

301 3423 348 3448 est
361 3418 642 3459 complementum
653 3427 711 3458 per
728 3417 867 3448 modum
879 3415 951 3446 finis
964 3420 995 3444 et
1011 3423 1068 3453 per
1080 3410 1215 3442 modum
1232 3409 1369 3438 formae:
1397 3423 1399 3442 =

300 3462 380 3494 dum
408 3463 496 3493 enim
526 3463 673 3503 potentia
703 3462 912 3501 coniungitur
942 3468 1017 3489 suae
1046 3454 1227 3496 operationi
1242 3454 1372 3503 'imma-

299 3508 400 3543 nenti,
417 3507 630 3548 consequitur
645 3506 746 3538 finem
768 3506 809 3536 ad
825 3514 924 3546 quem
940 3502 1114 3536 ordinatur,
1135 3505 1182 3529 est
1199 3507 1285 3548 enim
1301 3496 1371 3547 talis

300 3553 447 3593 potentia
470 3557 603 3593 propter
626 3552 869 3592 operationem:
899 3554 939 3584 et,
970 3547 1045 3587 quia
1074 3547 1218 3575 remanet
1247 3550 1279 3571 in
1303 3549 1372 3591 ipsa

300 3597 457 3638 potentia,
481 3607 539 3638 per
561 3597 666 3637 ipsam
682 3594 847 3636 perficitur
862 3599 1017 3632 tanquam
1041 3598 1098 3630 per
1114 3587 1262 3621 formam,
1280 3590 1312 3615 et
1326 3593 1372 3614 sic

302 3641 486 3682 completur
509 3642 579 3672 eius
607 3639 834 3681 potentialitas‚
860 3647 924 3678 qua
953 3641 1017 3667 erat
1041 3633 1200 3672 receptiva
1223 3637 1372 3702 propria}
1398 3663 1400 3687 2
1426 3668 1644 3709 propoeitum:
1677 3666 1759 3695 actio
1795 3664 1881 3694 enim
1915 3663 2094 3691 immanens
2125 3669 2193 3690 non
2224 3665 2271 3690 eSt
2301 3658 2341 3690 de
2372 3668 2490 3699 genere

299 3686 448 3717 actionis.
462 3686 637 3716 Transiens
653 3690 773 3719 autem,
787 3692 863 3714 cum
879 3691 947 3712 non
964 3682 1126 3710 remaneat
1141 3677 1173 3705 in
1187 3678 1300 3714 agente
1316 3682 1349 3702 se

2407 302 2480 339 285

1419 373 1453 403 in
1476 375 1616 413 patiente
1639 377 1818 416 recipiatur,
1834 387 1902 408 non
1918 379 2060 419 complet
2083 385 2137 410 aut
2159 380 2284 420 perficit
2306 391 2402 422 agens
2424 392 2483 423 per

1420 417 1557 448 modum
1581 418 1713 456 formae,
1737 420 1793 451 sed
1815 426 1940 453 tantum
1956 432 2013 463 per
2035 424 2171 455 modum
2187 424 2274 456 finis:
2298 425 2372 457 licet
2395 427 2481 457 enim

1420 461 1454 510 in
1477 461 1666 494 huiusmodi
1685 465 1864 495 actionibus
1880 467 1987 506 ipsum
2003 474 2171 507 operatum
2186 470 2226 500 sit
2241 469 2314 500 finis
2338 471 2479 508 ultimus,

1421 513 1490 544 1psa
1511 511 1620 536 tamen
1642 509 1788 547 operatio
1812 518 1879 539 non
1895 516 1942 540 est
1962 517 2047 541 extra
2063 513 2219 544 rationem
2235 513 2308 545 finis
2331 516 2479 556 proximi,

1421 554 1457 578 ut
1481 548 1596 580 dicitur
1612 550 1655 580 IX
1672 552 1914 593 Metaphysicae
1929 555 1956 584 ἦ
1980 555 2067 586 Deus
2083 562 2190 588 autem
2204 568 2222 588 a
2237 559 2328 590 nullo
2344 560 2407 590 alio
2423 569 2480 600 per

1421 592 1558 624 modum
1581 593 1703 625 formae
1727 601 1782 626 aut
1804 606 1861 636 per
1883 598 2018 629 modum
2041 599 2112 631 finis
2128 601 2238 642 perfici
2261 609 2377 643 potest.
2402 604 2478 635 Ideo

1421 636 1509 686 nulla
1533 638 1601 668 eius
1624 640 1718 676 actio,
1742 641 1807 671 sive
1831 651 1888 681 per
1909 642 2045 674 modurn
2061 645 2263 677 immanentis
2279 649 2479 689 concipiatur

1421 690 1488 711 sive
1510 691 1568 721 per
1590 683 1726 714 modum
1749 687 1939 717 transeuntis
1963 687 2166 728 significetur,
2183 691 2222 721 ab
2245 692 2314 722 eius
2337 694 2479 733 potentia

1422 724 1574 766 distingui
1597 733 1712 767 potest.
1737 729 1778 759 Et
1800 730 1862 760 hoc
1886 737 1933 761 est
1955 731 2200 765 fundamentum
2218 736 2314 767 huius
2336 738 2478 768 rationis.

1478 769 1530 800 ΙΙΙ.
1559 772 1676 802 Tertio.
1701 773 1804 813 Agere
1828 774 1972 806 divinum
1988 783 2034 807 est
2058 779 2126 808 eius
2149 788 2227 809 esse.
2249 779 2312 811 Sed
2334 781 2479 812 divinum

1422 823 1490 844 esse
1515 821 1561 845 est
1585 816 1645 846 Dei
1669 818 1852 849 substantia.
1877 820 1961 860 Ergo
1986 827 2045 852 etc.
2062 822 2255 854 -Probatur
2278 825 2478 856 antecedens.

1422 858 1569 889 Potentia
1591 862 1691 891 activa
1716 862 1775 892 Dei
1792 869 1838 893 est
1862 865 1929 894 eius
1945 867 2089 896 essentia.
2106 867 2192 907 Ergo
2217 873 2247 898 et
2271 878 2362 908 agere
2385 879 2479 900 suum

1423 909 1469 933 est
1492 913 1587 934 suum
1607 915 1685 936 esse.

1477 948 1661 989 Antequam
1685 951 1837 990 probetur
1861 955 2101 993 consequentia,
2118 954 2246 986 adverte
2270 957 2359 996 quod
2382 958 2479 998 aliqui

1422 997 1525 1022 textus
1538 994 1554 1009 ἕ
1578 995 1622 1024 sic
1645 995 1772 1031 habent,
1790 1002 1819 1026 et
1836 997 1934 1027 male:
1952 998 2042 1028 Sicut
2059 999 2205 1038 potentia
2227 1001 2332 1031 activa
2356 1007 2403 1032 est
2421 1003 2481 1032 ali-

1421 1036 1499 1076 quid
1522 1039 1658 1078 agentis,
1676 1039 1720 1069 ita
1744 1041 1879 1071 essentia
1895 1042 1964 1072 eius
1979 1048 2027 1072 est
2040 1043 2164 1084 aliquid
2178 1044 2256 1075 eius.
2277 1045 2380 1076 Debet
2395 1048 2480 1077 enim

1422 1082 1466 1111 sic
1479 1082 1605 1118 habere,
1624 1089 1657 1114 ut
1673 1086 1807 1115 correcti
1823 1085 1950 1116 codices
1965 1087 2097 1118 habent:
2114 1088 2205 1118 Sicut
2214 1090 2360 1129 potentia
2376 1091 2481 1121 activa

1423 1131 1469 1156 est
1492 1126 1616 1167 aliquid
1638 1138 1749 1169 agens,
1766 1129 1812 1160 ita
1827 1131 1962 1161 essentia
1979 1137 2026 1162 est
2047 1132 2171 1173 aliquid
2191 1143 2256 1169 ens,
2273 1133 2368 1165 idest:
2394 1135 2481 1166 Sicut

1423 1176 1511 1200 actus
1543 1173 1705 1211 potentiae
1736 1179 1782 1204 est
1809 1184 1910 1214 agere,
1938 1185 2012 1206 cum
2044 1178 2187 1216 potentia
2214 1179 2253 1208 sit
2283 1188 2379 1219 agens
2403 1189 2480 1219 quo,

1422 1224 1519 1255 agens
1536 1222 1643 1247 autem
1659 1218 1698 1247 sit
1714 1227 1810 1258 agens
1826 1229 1883 1258 per
1898 1220 2005 1259 ipsum
2024 1230 2129 1261 agere;
2151 1223 2193 1252 ita
2217 1224 2369 1254 essentiae
2394 1230 2481 1255 actus

1423 1266 1470 1290 est
1486 1270 1565 1296 esse,
1582 1270 1657 1291 curn
1673 1271 1770 1293 omne
1792 1263 1881 1303 quod
1905 1271 1951 1294 est
1975 1274 2030 1295 ens
2053 1266 2093 1295 sit
2116 1275 2172 1296 ens
2194 1276 2251 1307 per
2273 1268 2379 1308 ipsum
2403 1278 2481 1299 esse.

1423 1305 1471 1335 Ex
1495 1314 1563 1345 quo
1590 1307 1731 1346 arguitur
1763 1308 1818 1338 sic.
1849 1307 1938 1338 Sicut
1965 1319 1998 1339 se
2026 1310 2119 1340 habet
2146 1312 2290 1350 potentia
2313 1312 2352 1342 ad
2378 1322 2481 1353 agere,

1423 1350 1467 1379 ita
1490 1351 1626 1380 essentia
1649 1351 1688 1381 ad
1713 1361 1790 1382 esse.
1808 1352 1903 1392 Ergo,
1920 1354 2000 1384 sicut
2016 1355 2159 1394 potentia
2175 1354 2214 1385 ad
2238 1357 2416 1393 essentiam,
2440 1358 2483 1387 ita

1425 1404 1517 1434 agere
1542 1394 1581 1425 ad
1605 1405 1683 1426 esse.
1708 1397 1805 1436 Ergo,
1829 1397 1855 1427 si
1877 1399 2021 1437 potentia
2045 1405 2092 1429 est
2113 1399 2199 1430 idem
2223 1400 2313 1440 quod
2336 1403 2481 1438 essentia,

1424 1448 1518 1480 agere
1542 1441 1600 1470 erit
1622 1440 1707 1471 idern
1732 1441 1821 1481 quod
1845 1451 1923 1472 esse.
1946 1461 1969 1465 -
1992 1442 2033 1473 Et
2055 1444 2080 1473 si
2105 1443 2262 1475 diceretur
2284 1445 2374 1486 quod
2397 1455 2482 1477 com-

1424 1489 1548 1515 mutata
1567 1486 1739 1525 proportio
1769 1491 1852 1516 tenet
1879 1491 2002 1517 tantum
2031 1488 2063 1518 in
2096 1489 2238 1519 numeris
2264 1495 2295 1520 et
2322 1491 2484 1532 magnitu-

1425 1529 1562 1564 dinibus,
1587 1535 1622 1560 ut
1645 1530 1760 1561 dicitur
1777 1531 1899 1567 Tertio,
1923 1531 1953 1561 d.
1971 1541 2073 1568 xxx1v,
2090 1542 2121 1572 q.
2141 1543 2173 1569 11,
2190 1543 2217 1563 a.
2235 1533 2252 1564 3
2270 1535 2296 1570 ’ζ
2318 1540 2349 1564 et
2376 1535 2482 1571 Verit.,

1425 1583 1456 1614 q.
1474 1584 1557 1610 xx1x,
1575 1574 1593 1604 8
1610 1575 1641 1604 *z
1666 1592 1686 1596 —
1707 1574 1919 1615 respondetur
1942 1576 2031 1616 quod
2054 1577 2165 1617 utique
2194 1587 2306 1608 verum
2325 1584 2373 1610 est
2395 1571 2483 1610 com-¹

1424 1623 1581 1650 mutatam
1605 1620 1850 1660 proportionem
1866 1620 2050 1660 regulariter
2064 1626 2172 1652 tenere
2188 1627 2312 1653 tantum
2334 1623 2368 1653 in
2384 1632 2484 1663 quan-

1424 1664 1578 1700 titatibus,
1602 1664 1677 1703 quia
1701 1664 1733 1694 in
1758 1664 1825 1694 aliis
1849 1663 2024 1694 formaliter
2050 1675 2116 1695 non
2140 1671 2242 1702 tenet;
2265 1667 2299 1697 in
2326 1667 2485 1707 aliquibus

1424 1714 1533 1739 tamen
1557 1708 1627 1739 aliis
1650 1713 1738 1739 tenet
1759 1710 1859 1749 gratia
1882 1710 2042 1739 materiae.
2066 1710 2106 1740 Et
2129 1711 2173 1740 sic
2196 1716 2283 1741 tenet
2310 1711 2343 1741 in
2366 1721 2486 1752 propo-

1424 1754 1497 1784 sito.
1523 1753 1661 1793 Oportet
1677 1754 1774 1790 enim,
1799 1754 1825 1783 si
1849 1763 1941 1794 agere
1958 1759 2005 1784 est
2027 1760 2118 1785 actus
2132 1756 2296 1795 potentiae
2320 1756 2402 1786 sicut
2418 1766 2485 1787 esse

1425 1804 1473 1829 est
1496 1803 1586 1829 actus
1609 1799 1774 1834 essentiae,
1799 1798 1899 1838 quod,
1923 1799 1950 1828 si
1972 1799 2117 1839 potentia
2139 1799 2225 1830 idem
2249 1806 2296 1831 est
2319 1800 2408 1840 quod
2439 1811 2488 1831 es-

1425 1843 1537 1879 sentia,
1562 1842 1652 1884 quod
1675 1843 1782 1883 ipsum
1806 1852 1898 1883 agere
1922 1844 1960 1873 sit
1984 1844 2078 1874 etiam
2094 1849 2183 1874 actus
2199 1845 2364 1875 essentiae.
2388 1846 2488 1876 Actus

1426 1894 1534 1919 autem
1551 1888 1705 1918 essentiae
1722 1893 1859 1918 estesse.
1876 1887 1985 1928 Ipsum
2001 1889 2097 1928 igitur
2108 1898 2200 1928 agere
2217 1890 2273 1919 erit
2289 1890 2395 1929 ipsum
2408 1899 2486 1920 esse.

1482 1933 1545 1964 Ubi
1568 1931 1798 1963 advertendum
1822 1931 1912 1972 quod
1928 1932 2063 1963 eandem
2080 1934 2353 1973 comparationem
2373 1933 2488 1964 dicitur

1425 1978 1543 2008 habere
1567 1987 1660 2018 agere
1683 1977 1723 2007 ad
1742 1978 1920 2017 potentiam
1936 1987 2034 2017 quam
2050 1978 2145 2008 habet
2160 1987 2228 2008 esse
2251 1978 2289 2008 ad
2306 1979 2484 2014 essentiam,

1426 2024 1503 2063 quia
1526 2023 1609 2053 sicut
1632 2031 1699 2052 esse
1724 2028 1770 2052 est
1794 2027 1882 2052 actus
1912 2021 2054 2052 formalis
2084 2032 2122 2052 ex
2151 2032 2217 2062 quo
2249 2032 2305 2052 ens
2332 2023 2427 2053 habet
2449 2028 2486 2053 ut

1426 2068 1465 2098 sit
1489 2077 1556 2104 ens,
1579 2068 1623 2097 ita
1645 2076 1737 2107 agere
1762 2072 1809 2097 est
1831 2071 1920 2096 actus
1944 2066 2086 2096 formalis
2110 2076 2148 2096 ex
2174 2076 2240 2107 quo
2270 2076 2367 2107 agens
2390 2067 2486 2097 habet

1426 2111 1518 2154 quod
1541 2113 1580 2142 sit
1603 2121 1709 2151 agens.
1734 2111 1789 2141 Est
1812 2117 1919 2141 tamen
1943 2110 2119 2142 differentia
2142 2111 2174 2141 in
2206 2111 2279 2147 hoc,
2303 2110 2393 2151 quod
2416 2121 2483 2142 esse

1427 2163 1474 2188 est
1496 2157 1703 2188 intrinsecum
1724 2156 1805 2186 enti:
1831 2165 1922 2195 agere
1939 2160 2045 2186 autem
2062 2155 2151 2195 quod
2167 2161 2214 2185 est
2235 2155 2400 2191 transiens,
2417 2165 2483 2186 non

1427 2208 1474 2233 est
1496 2202 1704 2232 intrinsecum
1728 2201 1843 2240 agenti,
1867 2199 1922 2230 sed
1946 2205 1992 2230 est
2015 2205 2104 2230 actus
2121 2200 2159 2229 ab
2183 2205 2296 2240 agente
2319 2200 2485 2230 actualiter

1426 2246 1622 2287 dependens.
1646 2246 1730 2284 Quia
1746 2254 1822 2275 vero
1845 2254 1937 2285 agere
1961 2244 2106 2275 divinum
2129 2244 2168 2274 ad
2191 2250 2277 2275 extra
2292 2253 2359 2274 non
2375 2244 2484 2274 distin-

1425 2293 1534 2333 guitur
1550 2292 1588 2321 ab
1605 2292 1672 2321 eius
1692 2290 1817 2320 actione
1833 2290 2038 2324 immanente,
2056 2289 2140 2325 ideo,
2157 2289 2239 2319 sicut
2254 2298 2322 2319 esse
2339 2288 2483 2319 divinum

1426 2343 1473 2368 est
1496 2337 1715 2371 intrinsecum,
1739 2335 1780 2364 ita
1805 2340 1835 2364 et
1860 2334 1927 2364 eius
1951 2343 2053 2373 agere.
2077 2333 2219 2371 Quando
2243 2339 2350 2364 autem
2377 2333 2484 2373 aliqua

1425 2387 1499 2412 sunt
1527 2380 1613 2411 idem
1637 2380 1769 2414 realiter,
1793 2388 1922 2408 necesse
1946 2384 1992 2408 est
2016 2384 2052 2408 ut
2074 2383 2164 2408 actus
2194 2377 2344 2408 formales
2366 2378 2484 2408 consti-

1426 2431 1552 2457 tuentes
1575 2425 1627 2455 illa
1651 2425 1683 2454 in
1708 2433 1764 2454 sua
1787 2424 1909 2453 ratione
1934 2428 1964 2452 et
1994 2423 2111 2463 specie,
2142 2421 2229 2453 idem
2258 2423 2321 2452 sint
2342 2422 2482 2452 realiter:

1425 2481 1492 2502 non
1516 2470 1602 2501 enim
1626 2469 1720 2499 unius
1736 2474 1767 2498 et
1790 2467 1933 2498 eiusdem
1950 2468 1994 2497 rei
2017 2473 2092 2497 sunt
2107 2467 2215 2507 plures
2231 2472 2320 2497 actus
2336 2466 2483 2497 formales

1424 2525 1493 2546 rem
1508 2513 1727 2555 specificantes
1750 2512 1874 2542 realiter
1889 2511 2041 2547 distincti;
2063 2511 2147 2547 licet,
2163 2512 2246 2541 sicut
2264 2511 2332 2551 ipsa
2348 2520 2396 2541 res
2412 2511 2484 2550 plu-

1424 2561 1511 2591 ribus
1534 2558 1709 2589 rationibus
1733 2556 1944 2596 distinguitur,
1961 2556 2003 2585 ita
2026 2556 2127 2596 possit
2143 2556 2257 2585 habere
2273 2555 2380 2595 plures
2395 2561 2483 2585 actus

1424 2605 1547 2635 ratione
1570 2602 1746 2632 distinctos.
2272 2620 2275 2621 γ

1480 2649 1532 2678 IV.
1560 2647 1696 2683 Quarto.
1722 2646 1756 2676 ln
1781 2645 1851 2675 Deo
1874 2654 1942 2674 non
1965 2648 2073 2684 potest
2096 2653 2164 2673 esse
2188 2642 2310 2682 aliquid
2332 2652 2389 2682 per
2411 2652 2482 2672 mo—

1424 2693 1502 2724 dum
1526 2691 1708 2722 accidentis.
1726 2690 1811 2729 Ergo
1836 2694 1895 2719 etc.
1919 2706 1942 2710 -
1964 2688 2121 2718 Probatur
2140 2687 2381 2726 consequentia.
2397 2687 2483 2724 Quia

1425 2739 1508 2768 actio
1532 2745 1615 2776 quae
1638 2744 1704 2765 non
1729 2740 1777 2765 est
1798 2733 1973 2763 substantia
1995 2733 2050 2768 rei,
2074 2732 2156 2762 inest
2179 2732 2208 2762 ei
2232 2732 2314 2761 sicut
2336 2730 2482 2761 accidens

1424 2783 1582 2813 subiecto:
1608 2784 1814 2819 computatur
1837 2779 1923 2808 enim
1946 2778 2031 2807 actio
2056 2777 2138 2806 inter
2152 2785 2270 2806 novem
2293 2784 2409 2815 genera
2431 2784 2483 2805 ac-

1425 2826 1610 2858 cidentium.

1480 2871 1573 2901 Circa
1601 2869 1688 2899 illam
1719 2867 1987 2907 propositionem,
2019 2866 2058 2895 In
2088 2865 2159 2895 Deo
2191 2873 2255 2894 non
2281 2868 2388 2903 potest
2416 2873 2483 2894 esse

1396 2914 1398 2942 ἰ
1424 2914 1548 2956 aliquid
1565 2923 1628 2954 per
1649 2911 1778 2942 modum
1794 2910 1978 2946 accidentis,
1995 2908 2174 2940 notandum
2191 2907 2281 2948 quod
2295 2907 2412 2938 modus
2432 2917 2483 2937 ac-

1425 2960 1558 2991 cidentis
1580 2962 1687 2998 potest
1709 2955 1812 2995 accipi
1835 2961 1891 2985 aut
1914 2964 1952 2985 ex
1975 2959 2063 2994 parte
2087 2954 2146 2989 rei;
2180 2958 2235 2983 aut
2258 2961 2295 2982 ex
2323 2957 2410 2991 parte
2433 2952 2483 2981 in-

1424 3005 1579 3035 tellectus.
1604 3000 1722 3032 Modus
1745 3009 1778 3030 se
1801 3005 1914 3029 tenens
1938 3008 1975 3029 ex
1998 3004 2087 3038 parte
2109 2998 2154 3027 rei
2181 3003 2227 3027 est
2249 2996 2372 3026 realiter
2394 2995 2483 3026 alteri

1396 3056 1399 3080 6
1423 3049 1598 3080 inhaerere.
1623 3044 1740 3076 Modus
1763 3049 1871 3074 autem
1887 3044 1943 3083 qui
1966 3052 2000 3073 se
2019 3047 2107 3072 tenet
2130 3051 2167 3072 ex
2183 3046 2271 3081 parte
2293 3039 2482 3075 intellectus,

1396 3083 1398 3129 Q
1425 3098 1472 3124 est
1495 3091 1623 3130 concipi
1639 3095 1792 3129 tanquam
1808 3088 1975 3118 inhaerens
1991 3092 2023 3117 et
2045 3092 2198 3125 tanquam
2214 3090 2299 3115 extra
2314 3085 2482 3114 essentiam

1396 3133 1398 3147 ²
1425 3138 1469 3168 rei
1494 3138 1643 3166 existens:
1669 3133 1747 3164 dum
1770 3133 1890 3163 scilicet
1912 3131 2091 3162 intellectus
2107 3130 2223 3160 format
2242 3128 2383 3159 diversos
2406 3138 2484 3158 con-

1397 3195 1398 3198 *
1425 3186 1537 3222 ceptus
1561 3179 1600 3210 de
1623 3188 1688 3210 una
1711 3177 1895 3212 substantia,
1919 3185 2060 3215 quorum
2083 3183 2167 3205 unus
2183 3173 2270 3204 alteri
2294 3173 2482 3208 attribuitur,

1397 3243 1398 3248 =
1424 3227 1498 3256 licet
1521 3226 1554 3255 in
1577 3233 1610 3254 re
1634 3232 1737 3253 unum
1761 3222 1848 3252 alteri
1871 3230 1939 3250 non
1963 3220 2133 3254 inhaereat,
2158 3217 2223 3248 sed'
2243 3217 2282 3247 sit
2311 3217 2397 3247 idem
2427 3216 2483 3247 illi.

1397 3283 1398 3297 π
1424 3270 1607 3310 Propositio
1632 3277 1708 3307 ergo
1733 3266 1840 3297 Sancti
1864 3265 2011 3294 Thomae
2041 3263 2226 3302 intelligitur
2256 3260 2295 3291 de
2325 3261 2426 3291 modo
2450 3270 2483 3291 se

1397 3307 1399 3332 ἶ
1424 3319 1554 3345 tenente
1579 3323 1616 3343 ex
1639 3318 1728 3352 parte
1751 3311 1806 3346 rei,
1827 3319 1895 3339 non
1919 3314 2026 3338 autern
2049 3307 2089 3338 de
2112 3306 2212 3337 modo
2237 3314 2270 3335 se
2293 3310 2422 3336 tenente
2447 3314 2485 3335 ex

1397 3357 1399 3361 ’
1425 3365 1513 3399 parte
1537 3357 1752 3396 intelligentis.
1783 3355 1887 3385 Immo
1911 3363 1949 3383 ex
1977 3357 2066 3392 parte
2095 3351 2276 3381 intellectus
2306 3350 2485 3390 apprehen-

1397 3419 1399 3422 ·
1426 3403 1531 3434 dimus
1554 3401 1702 3432 attributa
1722 3399 1828 3430 divina
1843 3404 1996 3437 tanquam
2013 3396 2167 3426 essentiae
2182 3393 2395 3434 superaddita,
2411 3393 2486 3424 licet

1397 3452 1399 3486 1
1425 3449 1488 3478 sint
1511 3446 1597 3477 idem
1621 3444 1711 3485 quod
1734 3443 1908 3474 substantia
1930 3442 1985 3471 rei.

1398 3487 1399 3522 ἶ
1484 3501 1514 3521 2.
1535 3490 1598 3521 Sed
1622 3491 1703 3520 circa
1719 3490 1811 3518 istam
1827 3487 1984 3517 rationem
1999 3484 2133 3514 dubium
2151 3483 2299 3513 occurrit.
2317 3482 2384 3512 Aut
2399 3482 2486 3512 enim

1398 3532 1400 3571 ἓ
1426 3535 1573 3577 procedit
1602 3534 1641 3564 de
1672 3534 1798 3564 actione
1829 3531 2039 3564 immanente;
2075 3533 2130 3558 aut
2160 3526 2199 3557 de
2230 3527 2356 3557 actione
2386 3531 2486 3557 trans-

1398 3574 1400 3605 l
1427 3586 1534 3611 eunte.
1551 3579 1583 3609 Si
1608 3578 1647 3608 de
1671 3579 1875 3609 immanente,
1893 3573 2041 3614 probatio
2064 3572 2127 3607 illa,
2148 3571 2223 3611 quia
2238 3570 2387 3601 videlicet
2401 3571 2486 3601 actio

1398 3615 1400 3641 V
1428 3629 1634 3664 computatur
1657 3622 1738 3652 inter
1760 3628 1878 3650 novem
1901 3626 2016 3658 genera
2039 3615 2264 3651 accidentium,
2286 3624 2355 3645 non
2379 3619 2427 3645 est
2449 3614 2488 3644 ad

2507 564 2516 573 ·
2525 563 2655 589 s.·1·h.1.8;
2665 564 2718 586 Did.

2509 589 2569 616 vni,
2580 596 2630 615 vm,
2641 597 2664 618 9.

2508 1001 2716 1030 ·Ed.v0net.15m.

2510 1536 2519 1544 ·
2535 1535 2681 1562 Qu⁸1,adi.

2511 1580 2519 1588 '¹
2533 1579 2571 1600 Ad
2585 1585 2606 1606 7.
