2768 4134
790 279 978 316 SUMMA
1007 266 1229 316 CoNTRA
1257 279 1532 325 GENTlLEs,
1559 279 1655 315 ΜΒ.
1676 279 1718 324 11,
1748 265 1859 315 cAp.
1880 278 2051 315 LXXVI.

316 358 588 407 phantasmata
601 366 692 394 sunt
710 357 751 394 in
765 357 950 406 utrisque.
968 357 1149 396 Similiter
1167 357 1279 405 igitur
1297 357 1390 394 fient

316 409 564 458 intelligibilia
589 410 638 447 ab
658 410 851 448 intellectu
871 418 1017 458 agente.
1039 412 1210 459 Uterque
1230 422 1320 459 ergo
1343 410 1390 447 si-

317 463 459 500 militer
485 463 676 511 intelliget.

370 517 504 554 Potest
516 524 649 553 autern
664 516 739 554 dici
753 516 862 565 quod
877 516 1089 554 intellectus
1105 528 1221 564 agens
1236 528 1392 565 semper

318 569 393 617 agit
419 577 612 619 quantum
630 569 671 606 in
690 581 731 606 se
760 577 826 615 est,
847 570 916 607 sed
934 582 1016 606 non
1036 581 1192 618 semper
1209 570 1391 618 phantas-

318 631 423 660 rnata
450 623 551 660 fiunt
578 622 824 670 intelligibilia
852 631 951 669 actu,
976 623 1045 660 sed
1073 625 1202 660 solum
1231 623 1391 672 quando

318 684 409 713 sunt
427 676 477 713 ad
496 677 574 712 hoc
592 675 788 725 disposita.
809 675 1083 725 Disponuntur
1100 683 1231 713 autem
1246 676 1296 712 ad
1315 676 1392 712 hoc

317 741 389 778 per
415 736 546 766 actum
574 728 799 777 cogitativae
818 729 980 775 virtutis,
1005 729 1116 766 cuius
1144 742 1239 766 usus
1268 737 1324 765 est
1352 728 1392 766 in

318 789 450 819 nostra
476 789 676 831 potestate.
711 783 759 819 Et
791 782 879 820 ideo
913 782 1120 831 intelligere
1149 789 1237 819 actu
1265 790 1321 819 est
1352 781 1392 819 in

318 842 450 872 nostra
477 843 675 884 potestate.
697 836 746 872 Et
765 836 817 872 ob
846 837 923 873 hoc
946 836 1062 873 etiam
1081 835 1265 884 contingit
1283 835 1392 884 quod
1407 852 1416 866 ι

317 900 400 925 non
428 900 567 926 omnes
596 889 777 926 homines
810 889 1022 937 intelligunt
1050 901 1096 926 ea
1124 901 1297 938 quorum
1325 889 1392 926 ha-

317 941 410 979 bent
429 943 713 991 phantasmata:
735 941 828 991 quia
842 955 924 979 non
943 954 1082 980 omnes
1102 942 1247 979 habent
1261 949 1391 978 actum

317 995 467 1032 virtutis
495 995 721 1044 cogitativae
745 996 1058 1042 convenientem,
1079 996 1147 1032 sed
1175 997 1305 1033 solum
1324 995 1392 1044 qui

317 1057 408 1086 sunt
435 1048 608 1086 instructi
637 1056 674 1086 et
702 1049 889 1086 consueti.

370 1102 535 1139 Videtur
562 1110 695 1139 autem
728 1103 837 1151 quod
871 1103 969 1140 haec
997 1101 1199 1151 responsio
1232 1106 1314 1138 non
1347 1101 1393 1138 sit
1408 1119 1431 1139 ις

317 1155 481 1193 omnino
510 1155 718 1192 sufficiens.
739 1156 847 1193 Haec
866 1155 972 1193 enim
991 1154 1192 1204 dispositio
1221 1166 1322 1204 quae
1349 1154 1393 1191 fit

315 1221 387 1259 per
400 1208 645 1258 cogitativam
662 1209 712 1246 ad
731 1208 1032 1257 intelligendum,
1048 1216 1200 1258 oportet
1219 1208 1328 1257 quod
1347 1208 1393 1245 sit

315 1264 378 1299 vel
399 1261 599 1312 dispositio
615 1261 827 1300 intellectus
846 1262 1037 1312 possibilis
1056 1262 1106 1299 ad
1124 1261 1392 1311 recipiendum

315 1315 465 1362 formas
487 1315 738 1364 intelligibiles
758 1317 807 1354 ab
835 1316 1029 1353 intellectu
1051 1322 1186 1364 agente
1213 1314 1391 1361 fluentes,

315 1377 359 1407 ut
386 1369 588 1407 Avicenna
616 1369 722 1406 dicit:
752 1371 814 1406 vel
848 1369 940 1419 quia
975 1369 1237 1418 disponuntur
1268 1369 1391 1417 phan-
1407 1383 1434 1398 20

315 1430 479 1460 tasmata
499 1430 543 1460 ut
560 1422 656 1460 fiant
675 1422 922 1471 intelligibilia
950 1430 1049 1468 actu,
1074 1422 1172 1459 sicut
1199 1423 1391 1458 Averroes

316 1483 353 1513 et
380 1476 599 1514 Alexander
625 1476 770 1513 dicunt.
791 1476 971 1513 Primum
990 1483 1123 1513 autem
1146 1475 1291 1511 horum
1310 1487 1391 1512 non

314 1529 469 1567 videtur
501 1541 584 1566 esse
613 1529 863 1567 conveniens.
894 1528 999 1576 Quia
1030 1528 1243 1565 intellectus
1270 1528 1392 1576 possi-

314 1582 399 1620 bilis
427 1582 646 1620 secundum
675 1595 788 1619 suam
812 1590 992 1619 naturam
1018 1589 1075 1619 est
1092 1581 1133 1618 in
1152 1580 1323 1630 potentia
1342 1581 1392 1618 ad

314 1635 462 1684 species
493 1635 744 1683 intelligibiles
776 1643 883 1672 actu:
917 1635 1024 1672 unde
1061 1641 1311 1683 comparatur
1342 1634 1392 1671 ad
1407 1654 1418 1668 2

314 1700 381 1726 eas
408 1688 506 1726 sicut
539 1688 783 1737 diaphanum
816 1688 865 1725 ad
898 1689 1028 1724 lucem
1060 1688 1124 1724 vel
1155 1687 1205 1723 ad
1243 1687 1391 1736 species

313 1741 466 1779 coloris.
496 1742 591 1779 Non
619 1749 751 1779 autern
780 1741 924 1790 indiget
950 1740 1096 1789 aliquid
1120 1739 1160 1777 in
1184 1739 1296 1777 cuius
1323 1752 1390 1777 na-

314 1802 402 1833 tura
430 1802 486 1832 est
513 1794 683 1844 recipere
712 1795 881 1832 formam
907 1794 1090 1843 aliquam,
1112 1792 1267 1843 disponi
1295 1794 1390 1831 ulte-

314 1847 396 1887 rius
414 1848 464 1887 ad
483 1848 652 1885 formam
671 1848 794 1885 illam:
815 1847 888 1885 nisi
907 1847 1004 1884 forte
1023 1846 1098 1885 sint
1118 1846 1157 1884 in
1177 1859 1224 1883 eo
1240 1854 1390 1884 contra-

314 1901 394 1941 riae
422 1901 706 1951 dispositiones,
726 1901 824 1939 sicut
846 1900 1008 1938 materia
1026 1912 1152 1949 aquae
1172 1899 1391 1949 disponitur

315 1955 366 1992 ad
397 1955 566 1992 formam
594 1955 693 1992 aeris
725 1967 797 2004 per
823 1954 1084 1991 remotionem
1112 1952 1322 2000 frigiditatis
1354 1960 1391 1989 et

314 2007 523 2045 densitatis.
558 2007 666 2045 Nihil
698 2015 830 2045 autern
863 2007 1102 2044 contrarium
1130 2014 1186 2043 est
1214 2006 1254 2043 in
1283 2006 1389 2043 intel-

314 2062 417 2099 lectu
434 2060 608 2110 possibili
629 2061 739 2110 quod
757 2060 878 2110 possit
896 2060 1086 2110 impedire
1105 2059 1389 2108 cuiuscumque

315 2113 458 2164 speciei
493 2113 735 2162 intelligibilis
768 2113 1077 2163 susceptionem:
1114 2125 1207 2150 nam
1243 2112 1390 2162 species

315 2167 567 2216 intelligibiles
586 2167 703 2204 etiarn
721 2167 1007 2205 contrariorum
1035 2166 1075 2203 in
1096 2165 1289 2203 intellectu
1308 2178 1390 2203 non

315 2228 406 2258 sunt
431 2219 657 2266 contrariae,
681 2228 724 2257 ut
751 2220 891 2270 probat
910 2220 1132 2257 Aristoteles
1156 2219 1196 2256 in
1215 2220 1284 2256 Vll
1303 2221 1389 2256 Me-

157 2326 164 2338 ,
187 2298 223 2311 ·‚
255 2283 285 2305 ·-
314 2275 532 2324 taphysicae
549 2273 588 2319 ²⁸,
621 2286 715 2311 cum
751 2286 880 2311 unum
917 2273 963 2310 sit
999 2272 1096 2310 ratio
1129 2272 1389 2320 cognoscendi

208 2326 215 2339 ,
239 2325 246 2332 .

314 2327 432 2364 aliud.
462 2326 622 2364 Falsitas
650 2335 782 2364 autem
802 2339 903 2376 quae
931 2325 1068 2364 accidit
1095 2325 1136 2362 in
1159 2325 1303 2363 iudicio
1331 2325 1389 2362 in-

313 2381 485 2418 tellectus
504 2380 777 2429 componentis
796 2387 834 2417 et
852 2379 1070 2425 dividentis,
1094 2378 1286 2429 provenit,
1307 2383 1389 2415 non

315 2445 363 2471 ex
391 2446 438 2471 eo
467 2434 576 2483 quod
604 2433 645 2470 in
672 2434 867 2471 intellectu
889 2433 1063 2482 possibili
1082 2432 1157 2470 sint
1184 2432 1314 2481 aliqua
1333 2431 1389 2468 in-

313 2488 472 2532 tellecta,
502 2487 570 2523 sed
599 2498 646 2524 ex
675 2499 723 2524 eo
752 2487 860 2536 quod
889 2486 924 2523 ei
952 2486 1081 2535 aliqua
1113 2486 1265 2523 desunt.
1295 2486 1390 2522 Non

314 2539 438 2588 igitur,
471 2547 665 2588 quantum
698 2539 738 2576 in
770 2552 811 2577 se
848 2548 914 2586 est,
948 2540 1160 2577 intellectus
1197 2538 1389 2588 possibilis

315 2592 459 2641 indiget
487 2592 617 2642 aliqua
643 2593 938 2643 praeparatione
966 2601 1009 2630 ut
1030 2592 1213 2642 suscipiat
1241 2591 1389 2642 species

315 2645 567 2695 intelligibiles
593 2645 643 2683 ab
671 2645 864 2684 intellectu
892 2654 1028 2695 agente
1055 2646 1233 2684 fluentes.

368 2700 582 2737 Praeterea.
603 2699 764 2737 Colores
782 2700 869 2737 facti
887 2699 1055 2737 visibiles
1074 2707 1162 2736 actu
1176 2711 1247 2748 per
1261 2700 1386 2736 lucem

314 2765 387 2802 pro
407 2759 512 2790 certo
539 2751 772 2802 imprimunt
790 2765 904 2791 suam
923 2752 1215 2790 similitudinem
1244 2751 1284 2789 in
1308 2751 1388 2789 dia-

314 2807 460 2855 phano,
481 2813 518 2842 et
535 2817 607 2854 per
624 2817 870 2855 consequens
890 2806 930 2843 in
948 2805 1090 2843 visum.
1113 2805 1154 2843 Si
1173 2805 1286 2853 igitur
1304 2805 1387 2854 ipsa

314 2859 586 2908 phantasmata
613 2858 797 2896 illustrata
831 2859 880 2896 ab
918 2859 1114 2896 intellectu
1138 2866 1274 2906 agente
1305 2870 1387 2895 non

314 2911 583 2962 imprimerent
597 2924 686 2948 suas
702 2911 970 2949 similitudines
988 2912 1029 2949 in
1043 2911 1279 2948 intellectum
1297 2924 1386 2960 pos-

314 2965 477 3012 sibilem,
496 2965 565 3002 sed
593 2965 723 3002 solum
741 2965 955 3014 disponunt
973 2963 1104 3014 ipsum
1123 2964 1172 3002 ad
1200 2964 1386 3014 recipien-

314 3019 428 3064 dum;
448 3030 530 3055 non
550 3025 649 3055 esset
667 3018 907 3068 comparatio
926 3018 1245 3067 phantasmatum
1259 3018 1309 3055 ad
1329 3017 1386 3054 in-

313 3073 507 3110 tellectum
535 3071 762 3120 possibilem
790 3071 888 3108 sicut
915 3072 1094 3108 colorum
1113 3071 1162 3108 ad
1181 3070 1323 3116 visum,
1343 3078 1386 3107 ut

273 3137 286 3153 ·-
313 3125 535 3162 Aristoteles
563 3124 673 3174 ponit
685 3124 717 3161 ²¹⁸.
1072 3130 1074 3132 '

279 3179 286 3185 “
367 3179 474 3215 Item.
505 3177 735 3218 Secundum
762 3177 839 3214 hoc
866 3177 1137 3226 phantasmata
1157 3188 1239 3214 non
1258 3184 1384 3213 essent

2438 278 2511 324 481

1446 357 1495 394 ad
1523 356 1801 406 recipiendum.
1832 357 1953 403 Quod
1982 365 2037 394 est
2065 356 2259 406 opinionis
2287 356 2517 403 Platonicae,

1446 418 1483 447 et
1510 417 1642 447 contra
1671 410 1849 447 ordinem
1877 410 2133 458 generationis
2157 410 2245 447 artis
2274 407 2310 446 et
2338 409 2517 447 scientiae

1445 475 1566 512 quem
1585 462 1695 512 ponit
1714 463 1946 509 Aristoteles,
1967 463 2006 500 in
2025 464 2040 500 Ι
2059 465 2228 512 Metaph.
2245 463 2265 484 '³‘
2285 470 2321 499 et
2348 458 2414 500 ult.
2444 465 2516 500 Po-

1444 521 1530 552 ster.
1541 515 1572 561 ²⁸,
1589 515 1721 552 dicens
1740 516 1849 564 quod
1864 528 1914 553 ex
1927 529 2035 553 sensu
2044 518 2096 564 fit
2114 518 2316 560 memoria;
2331 528 2381 553 ex
2394 517 2516 553 multis

1446 570 1637 605 memoriis
1659 581 1775 605 unum
1798 571 2114 617 experimentum,·
2142 582 2192 606 ex
2219 570 2342 606 multis
2370 572 2517 619 experi-

1446 623 1578 658 mentis
1605 622 1826 659 universalis
1861 624 2036 670 acceptio,
2074 635 2169 671 quae
2205 629 2257 659 est
2285 624 2515 672 principium

1445 676 1621 712 scientiae
1648 680 1681 711 et
1709 676 1810 711 artis.
1832 695 1857 700 -
1878 675 1946 710 Est
1973 682 2104 711 autem
2133 676 2228 712 haec
2257 675 2395 724 positio
2424 676 2515 713 Avi-

1446 739 1594 765 cennae
1620 739 1795 764 consona
1823 726 1883 763 his
1911 739 2012 775 quae
2038 728 2087 764 de
2115 728 2359 775 generatione
2384 741 2515 766 rerum

1446 780 1681 818 naturalium
1697 780 1787 817 dicit
1796 779 1827 816 ³¹⁸.
1844 779 1959 816 Ponit
1978 780 2082 816 enim
2098 781 2205 829 quod
2221 781 2353 818 omnia
2367 782 2516 830 agentia

1446 833 1626 871 inferiora
1653 835 1783 870 solum
1801 845 1872 882 per
1890 845 1980 870 suas
1999 832 2168 870 actiones
2187 843 2415 883 praeparant
2434 848 2516 873 ma-

1446 887 1580 924 teriam
1611 887 1660 924 ad
1689 886 1954 935 suscipiendas
1981 886 2127 922 formas
2155 898 2256 935 quae
2285 887 2447 924 effluunt
2474 889 2515 926 in

1446 940 1626 978 materias
1646 940 1695 977 ab
1714 939 1959 987 intelligentia
1979 947 2113 987 agente
2134 947 2318 988 separata.
2340 941 2452 977 Unde
2467 949 2514 987 et,

1447 994 1586 1031 eadem
1605 993 1765 1039 ratione,
1793 992 1903 1042 ponit
1931 992 2038 1041 quod
2068 993 2338 1041 phantasmata
2356 1005 2516 1042 praepa-

1447 1054 1532 1084 rant
1559 1046 1796 1084 intellectum
1824 1045 2065 1095 possibilem,
2084 1045 2231 1082 formae
2251 1053 2382 1083 autem
2410 1046 2517 1084 intel-

1447 1100 1605 1149 ligibiles
1633 1099 1762 1137 fluunt
1790 1111 1813 1136 a
1840 1098 2052 1136 substantia
2079 1107 2263 1148 separata.

1502 1152 1684 1191 Similiter
1711 1159 1842 1190 autem
1871 1152 1979 1201 quod
2013 1164 2083 1201 per
2116 1152 2359 1200 cogitativam
2387 1152 2517 1202 dispo-

1448 1214 1596 1244 nuntur
1621 1207 1892 1255 phantasmata
1929 1205 1978 1242 ad
2006 1205 2083 1242 hoc
2111 1206 2218 1254 quod
2256 1205 2350 1242 fiant
2382 1204 2516 1242 intelli-

1447 1259 1575 1308 gibilia
1602 1267 1690 1297 actu
1720 1267 1756 1296 et
1783 1258 1983 1296 moventia
2011 1257 2246 1295 intellectum
2279 1258 2515 1307 possibilem,

1447 1312 1686 1350 conveniens
1714 1324 1796 1350 non
1823 1311 1978 1349 videtur
2001 1311 2032 1348 si
2061 1311 2271 1348 intellectus
2304 1323 2420 1359 agens
2448 1324 2516 1361 po-

1446 1373 1561 1404 natur
1588 1365 1800 1403 substantia
1823 1372 2009 1414 separata.
2030 1365 2119 1401 Hoc
2138 1364 2243 1401 enim
2262 1364 2416 1401 videtur
2435 1377 2517 1402 esse

1447 1419 1647 1456 conforme
1662 1418 1844 1468 positioni
1858 1417 2070 1455 dicentium
2086 1418 2194 1467 quod
2208 1417 2386 1454 inferiora
2405 1429 2518 1466 agen-

1446 1473 1498 1510 tia
1517 1480 1607 1510 sunt
1625 1474 1754 1510 solum
1777 1470 2022 1521 disponentia
2049 1471 2098 1508 ad
2124 1471 2302 1507 ultimam
2321 1470 2518 1520 perfectio-

1447 1538 1551 1572 nem,
1561 1525 1697 1563 ultima
1712 1533 1843 1563 autem
1854 1524 2036 1574 perfectio
2051 1531 2107 1561 est
2122 1524 2170 1560 ab
2186 1531 2319 1572 agente
2329 1532 2516 1573 separato:

1447 1579 1556 1628 quod
1575 1587 1632 1616 est
1654 1587 1790 1616 contra
1809 1578 2039 1615 sententiam
2057 1577 2268 1614 Aristotelis
2288 1576 2328 1613 in
2347 1578 2412 1614 Vll
2431 1580 2517 1615 Me-

1446 1634 1664 1682 taphysicae
1682 1632 1712 1670 ²¹².
1742 1633 1837 1669 Non
1870 1631 1976 1669 enim
2004 1630 2158 1668 videtur
2185 1630 2444 1679 imperfectius
2476 1642 2518 1668 se

1446 1685 1590 1722 habere
1619 1685 1751 1723 anima
1779 1686 1954 1722 humana
1981 1684 2031 1721 ad
2063 1683 2364 1731 intelligendum,
2397 1696 2519 1732 quam

1446 1738 1627 1776 inferiora
1654 1746 1814 1775 naturae
1844 1738 1892 1775 ad
1921 1737 2097 1787 proprias
2125 1736 2380 1786 operationes.

1499 1791 1691 1842 Amplius.
1707 1792 1880 1829 Effectus
1895 1790 2105 1829 nobiliores
2124 1790 2164 1827 in
2180 1790 2257 1827 istis
2276 1789 2519 1827 inferioribus

1446 1846 1720 1894 producuntur
1747 1857 1828 1882 non
1864 1845 1992 1881 solum
2028 1844 2077 1881 ab
2111 1843 2311 1892 agentibus
2345 1843 2518 1892 superio-

1445 1898 1564 1944 ribus,
1584 1899 1653 1936 sed
1672 1897 1874 1947 requirunt
1894 1896 2043 1945 agentia
2062 1897 2122 1934 sui
2140 1896 2305 1945 generis:
2327 1898 2517 1934 hominem

1446 1954 1544 1988 enim
1563 1957 1722 2001 generat
1739 1951 1796 1988 sol
1814 1957 1847 1987 et
1874 1952 1987 1987 homo
2006 1950 2037 1986 ³¹⁵.
2067 1951 2116 1987 Et
2144 1949 2315 1986 similiter
2338 1949 2518 1986 videmus

1444 2004 1485 2041 in
1513 2004 1594 2042 aliis
1622 2004 1854 2051 animalibus
1874 2002 2048 2052 perfectis
2068 2003 2176 2052 quod
2196 2002 2390 2051 quaedam
2410 2002 2517 2050 igno-

1444 2057 1535 2095 bilia
1555 2056 1736 2095 animalia
1755 2069 1802 2094 ex
1822 2057 1912 2094 solis
1930 2063 2082 2093 tantum
2101 2055 2251 2092 actione
2270 2063 2513 2103 generantur,

1445 2111 1592 2160 absque
1620 2110 1810 2160 principio
1840 2109 1965 2146 activo
1999 2109 2059 2146 sui
2087 2108 2251 2157 generis:
2277 2108 2379 2145 vsicut
2413 2115 2516 2157 patet

1444 2163 1485 2201 in
1513 2163 1745 2201 animalibus
1773 2162 1961 2211 generatis
1989 2174 2037 2199 ex
2064 2161 2352 2211 putrefactione.
2379 2161 2516 2198 Intelli-

1443 2229 1532 2265 gere
1561 2225 1693 2254 autem
1721 2224 1778 2253 est
1806 2215 2069 2253 nobilissimus
2098 2215 2258 2252 effectus
2291 2215 2357 2263 qui
2391 2222 2446 2251 est
2475 2214 2515 2251 in

1445 2270 1523 2307 istis
1552 2269 1808 2307 inferioribus.
1838 2270 1932 2306 Non
1960 2268 2074 2316 igitur
2111 2267 2250 2305 sufficit
2284 2279 2431 2317 ponere
2464 2268 2514 2304 ad

1444 2324 1574 2373 ipsum
1604 2335 1721 2371 agens
1741 2330 1948 2367 remotum,
1968 2321 2041 2358 nisi
2069 2321 2185 2358 etiam
2204 2329 2374 2370 ponatur
2400 2331 2517 2368 agens

1444 2376 1682 2426 proximum.
1699 2398 1724 2403 —
1740 2376 1848 2413 Haec
1862 2383 1994 2412 tamen
2013 2374 2109 2412 ratio
2124 2382 2258 2411 contra
2272 2373 2515 2411 Avicennarn

1445 2442 1527 2467 non
1545 2429 1735 2479 procedit:
1757 2441 1850 2466 nam
1869 2428 1952 2477 ipse
1971 2427 2082 2477 ponit
2101 2439 2219 2465 omne
2239 2427 2383 2464 animal
2401 2438 2516 2476 posse

1444 2483 1618 2532 generari
1647 2482 1795 2531 absque
1825 2481 1973 2519 semine
1987 2481 2018 2518 *.

1498 2536 1651 2573 Adhuc.
1681 2535 1844 2572 Intentio
1875 2535 2034 2572 effectus
2063 2534 2301 2570 demonstrat
2325 2540 2513 2580 agentem.

1444 2589 1558 2627 Unde
1573 2589 1753 2626 animalia
1769 2596 1949 2636 generata
1964 2600 2011 2625 ex
2029 2586 2306 2636 putrefactione
2326 2598 2406 2622 non
2426 2593 2515 2622 sunt

1445 2654 1492 2679 ex
1524 2641 1736 2679 intentione
1771 2649 1932 2679 naturae
1968 2639 2166 2685 inferioris,
2203 2640 2270 2676 sed
2306 2639 2514 2688 superioris

1443 2703 1608 2742 tantum,
1637 2694 1728 2744 quia
1763 2695 2035 2744 producuntur
2069 2692 2118 2730 ab
2155 2700 2289 2740 agente
2324 2691 2515 2741 superiori

1443 2756 1610 2786 tantum:
1627 2756 1786 2798 propter
1800 2749 1908 2798 quod
1918 2747 2150 2791 Aristoteles,
2166 2745 2206 2782 in
2220 2747 2286 2782 VII
2300 2747 2469 2794 Metaph.
2481 2745 2512 2791 ³¹²,

1443 2801 1533 2839 dicit
1561 2814 1610 2852 ea
1635 2801 1719 2838 fieri
1739 2814 1843 2839 casu.
1867 2800 2057 2838 Animalia
2076 2807 2206 2836 autem
2227 2811 2326 2848 quae
2346 2798 2446 2835 fiunt
2465 2811 2511 2835 ex

1443 2855 1603 2901 semine,
1632 2862 1722 2892 sunt
1750 2867 1797 2892 ex
1824 2854 2035 2892 intentione
2064 2860 2223 2889 naturae
2246 2851 2452 2900 superioris
2477 2859 2513 2888 et

1442 2908 1642 2945 inferioris.
1672 2907 1747 2945 Hic
1775 2916 1907 2945 autem
1936 2907 2094 2944 effectus
2113 2905 2180 2955 qui
2209 2913 2264 2941 est
2292 2905 2511 2941 abstrahere

1414 2961 1586 2999 „formas
1614 2961 1852 2998 universales
1881 2974 1904 2998 a
1930 2958 2275 3010 phantasmatibus,
2304 2965 2359 2994 est
2386 2957 2426 2994 in
2454 2957 2510 2994 in—

1441 3014 1612 3052 tentione
1640 3022 1782 3061 nostra,
1811 3027 1893 3051 non
1914 3015 2041 3051 solum
2061 3013 2101 3049 in
2129 3010 2338 3048 intentione
2367 3010 2510 3058 agentis

1441 3068 1590 3104 remoti.
1620 3067 1737 3116 Igitur
1764 3075 1916 3117 oportet
1950 3067 1990 3103 in
2025 3065 2138 3102 nobis
2172 3076 2318 3113 ponere
2353 3063 2511 3112 aliquod

1440 3120 1666 3170 proximum
1694 3120 1931 3170 principium
1958 3118 2041 3156 talis
2065 3118 2234 3155 effectus.
2265 3117 2352 3153 Hoc
2380 3123 2508 3153 autem

1441 3181 1499 3211 est
1525 3173 1736 3211 intellectus
1757 3186 1883 3222 agens.
1904 3173 1998 3209 Non
2020 3179 2076 3208 est
2094 3170 2207 3219 igitur
2226 3169 2434 3206 substantia
2453 3181 2510 3206 se-

312 3243 383 3281 per
402 3244 443 3269 se
462 3230 679 3269 necessaria
706 3231 757 3268 ad
778 3229 1081 3278 intelligendum,
1107 3237 1144 3266 et
1161 3242 1232 3278 per
1250 3241 1384 3266 conse·
1401 3248 1423 3268 55
1439 3235 1582 3276 parata,
1612 3227 1681 3264 sed
1709 3227 1838 3276 aliqua
1866 3225 1987 3263 virtus
2015 3224 2168 3262 animae
2196 3230 2360 3260 nostrae.

313 3297 439 3334 quens
458 3297 531 3323 nec
549 3297 701 3322 sensus:
732 3284 800 3320 sed
820 3285 949 3320 solum
967 3295 1038 3332 per
1060 3282 1249 3328 accidens,
1274 3282 1384 3331 quasi

313 3338 515 3375 excitantia
538 3346 576 3375 et
601 3336 870 3387 praeparantia
899 3336 1134 3373 intellectum
1161 3335 1385 3385 possibilem

367 3443 382 3468 3
400 3442 535 3476 intelliget]
555 3442 673 3474 intelligit
690 3442 783 3467 EGZb.

311 3487 347 3511 40
365 3479 484 3512 possibili
503 3486 545 3503 om
565 3478 650 3503 «DW.

367 3522 381 3539 2
401 3514 463 3539 artis
483 3514 526 3538 Ita
546 3521 594 3539 nos
611 3513 675 3543 soli5
693 3517 719 3538 et
736 3513 882 3538 intellectus
900 3513 929 3543 Z,
948 3512 1093 3536 intellectus
1111 3511 1209 3539 ceter1';
1227 3512 1262 3543 cf.
1275 3518 1334 3538 var.
1347 3518 1402 3543 seq.

878 3449 907 3474 17
927 3440 1089 3474 cogitativam
1108 3440 1151 3464 Ita
1169 3447 1219 3464 nos
1236 3440 1288 3465 soli
1294 3447 1303 3468 ,·
1320 3440 1495 3473 cognitionem
1513 3439 1564 3472 pG,
1583 3439 1766 3471 cogitationem
1785 3437 1875 3463 ceteri.

740 3485 775 3510 49
793 3476 981 3509 imprimerent]
1001 3476 1152 3508 impriment
1169 3475 1286 3506 EGWX,
1303 3475 1456 3507 imprimunt
1473 3475 1533 3500 ch.

1493 3281 1600 3318 Item.
1629 3282 1672 3317 In
1700 3288 1838 3317 natura
1856 3278 2059 3316 cuiuslibet
2081 3275 2274 3314 moventis
2298 3283 2353 3311 est
2371 3274 2511 3324 princi-

1439 3333 1551 3383 pium
1570 3333 1766 3370 sufficiens
1795 3333 1843 3369 ad
1873 3330 2140 3380 operationem
2167 3329 2382 3366 naturalem
2411 3327 2510 3364 eius-

1966 3443 1999 3468 29
2018 3436 2044 3459 in
2064 3434 2104 3467 eo]
2124 3434 2149 3459 in
2168 3434 2213 3458 illo
2232 3434 2292 3463 «Pe,
2313 3433 2337 3457 in
2357 3433 2400 3458 illa
2417 3433 2510 3459 Dwx.

1626 3474 1658 3499 56
1678 3472 1782 3506 sensus]
1802 3480 1911 3497 sensum
1931 3471 2038 3496 aEch.

1475 3518 1490 3543 7
1509 3511 1664 3542 principium
1683 3509 1805 3533 scientiae
1824 3513 1850 3532 et
1867 3507 1928 3532 artis
1942 3507 1985 3531 Ita
2000 3513 2047 3530 nos
2061 3506 2126 3533 8011'5
2145 3505 2299 3537 principium
2312 3503 2435 3529 scientiae
2448 3504 2510 3529 artis

313 3556 339 3576 et
351 3550 499 3575 intellectus
512 3549 565 3580 NZ,
581 3550 702 3574 scientiae
720 3554 746 3574 et
764 3549 909 3573 intellectus
919 3547 1002 3573 ceteri
1006 3554 1015 3576 ,⁴
1033 3547 1067 3580 cf.
1086 3546 1150 3572 locis
1168 3547 1258 3571 citatis
1276 3546 1456 3575 Aristotelem,
1469 3549 1495 3571 et
1505 3546 1579 3578 infra
1597 3553 1654 3578 cap.
1669 3543 1711 3573 83,
1729 3543 1778 3568 522
1793 3551 1807 3567 a
1821 3542 1854 3567 58
1867 3550 1935 3574 sqq„
1955 3545 1981 3566 et
1999 3541 2089 3573 quoad
2107 3540 2253 3565 intellectus
2264 3547 2316 3572 pro
2330 3547 2382 3570 ars,
2394 3547 2478 3571 supra
2491 3539 2509 3564 l.

312 3594 368 3619 cap.
393 3584 437 3619 93,
459 3583 510 3616 254
529 3592 543 3608 a
563 3583 591 3614 53
610 3585 646 3618 cs.
663 3584 743 3609 etiam
763 3584 781 3608 Ι.
801 3591 856 3616 cap.
876 3583 919 3615 82,
939 3582 990 3607 228
1010 3590 1023 3606 a
1043 3581 1075 3606 33
1103 3581 1196 3615 aliquis
1211 3589 1266 3613 pro
1282 3589 1334 3606 ars.

312 3621 482 3653 disponantur
499 3619 586 3644 WZP.
667 3619 695 3644 31
719 3620 752 3644 Et
770 3627 813 3644 om
832 3620 882 3645 ΖΡ.

312 3661 375 3688 tem,
393 3654 561 3681 intentionem
580 3656 680 3688 agentis
697 3656 727 3680 Z.
817 3655 850 3687 45
871 3654 976 3688 quia...
994 3659 1094 3678 tantum
1113 3653 1173 3677 hom
1193 3659 1237 3677 om
1256 3652 1365 3677 oewa.

457 3710 550 3734 Summi
570 3709 680 3733 Coum
699 3708 832 3733 Gan-runs
851 3708 882 3733 D.
902 3707 1017 3731 Tuomnss
1036 3706 1105 3731 Tou.
1124 3705 1141 3730 1.

1425 3580 1458 3606 16
1478 3579 1648 3614 cogitativam]
1669 3579 1842 3611 cognitionem
1861 3577 1927 3610 pr,
1948 3577 2127 3609 cogitationem
2147 3575 2236 3600 ceteri.

965 3617 997 3643 36
1017 3618 1062 3650 qui
1081 3617 1129 3650 est]
1149 3617 1193 3649 qui
1211 3615 1240 3641 fit
1259 3616 1310 3646 EZ,
1329 3617 1374 3649 qui
1391 3616 1426 3641 sit
1444 3616 1525 3641 GNY.

2327 3574 2510 3608 disponuntur]

1609 3615 1641 3648 39
1660 3613 1756 3647 tamen]
1784 3618 1870 3638 autem
1890 3613 1982 3637 GNPc.
2006 3622 2011 3626 ¹
2060 3618 2094 3643 42
2116 3611 2224 3636 lntentio
2242 3617 2285 3635 om
2306 3610 2341 3640 D;
2359 3618 2413 3642 pro
2431 3617 2510 3642 agen-

1457 3651 1490 3677 53
1510 3652 1568 3676 Hoc
1587 3651 1630 3675 Ita
1648 3650 1744 3680 NXPc;
1764 3649 1812 3673 Hic
1829 3649 1920 3674 ceteri.

2331 3698 2362 3724 61

2544 463 2757 512 ;({ap.1,4;s.Th.

2544 522 2646 549 ¹Lib.11‚
2655 528 2706 550 cap.
2716 528 2757 549 xv,

2543 555 2567 577 5;
2582 555 2602 571 s.
2611 548 2657 571 Th.
2673 549 2689 570 l.
2698 555 2736 571 20.

2542 788 2551 797 '¹
2562 787 2599 809 Cf.
2610 787 2754 815 Μείαρὴγε.)

2542 818 2609 836 tract.
2624 813 2663 841 IX,
2674 819 2724 840 cap.
2734 820 2754 835 v.

2546 1637 2555 1646 ·
2571 1636 2608 1658 Cf.
2618 1643 2637 1658 Β.
2647 1636 2692 1658 Th.
2704 1636 2718 1658 l.
2730 1642 2756 1663 7;

2545 1662 2600 1717 gig.
2609 1663 2649 1685 lib.
2657 1662 2698 1690 VI,
2706 1669 2758 1690 vm,

2546 1961 2555 1969 ⁸
2564 1959 2585 1980 11
2595 1959 2675 1987 Phys„
2685 1965 2712 1986 u,
2724 1966 2756 1981 u.

2544 2480 2553 2489 ·
2567 2479 2603 2501 De
2616 2479 2710 2501 Natura
2726 2480 2756 2501 Α-

2543 2505 2633 2532 nimal„
2649 2506 2689 2527 lib.
2702 2505 2755 2533 XV,

2544 2538 2594 2560 cap.
2608 2540 2626 2554 1.

2540 2744 2550 2752 ·
2559 2742 2583 2764 S.
2590 2742 2753 2769 Th.1.6;Did.

2540 2769 2581 2790 lib.
2592 2768 2632 2796 VI,
2645 2775 2684 2796 vn,
2694 2775 2717 2795 4.
