2814 4290
62 533 119 576 Cap.
131 555 149 574 ¹,
165 553 209 575 p.3
224 553 236 567 a
252 546 272 566 6·

62 659 75 674 R
90 659 124 675 ¹0.

60 854 74 875 b
89 859 122 875 22.

58 967 80 988 p.
95 967 110 987 4
125 966 137 980 a
152 965 195 987 2-3.

57 1211 70 1232 b
87 1218 122 1234 ιο.

54 1416 111 1443 Cap.
134 1422 154 1441 2,
177 1421 198 1442 p.
224 1415 237 1435 ὁ
253 1415 265 1435 b

55 1449 127 1471 ¹9·²²·

55 1864 146 1883 Αυτοο.
158 1860 216 1882 Vn.
233 1867 243 1881 2
255 1867 265 1881 r

55 1895 66 1908 a
93 1895 108 1909 ι.
134 1900 141 1903 -
163 1888 216 1914 l‘ag.
241 1894 264 1915 3²¹

57 1921 70 1936 ΣΙ
80 1920 110 1936 12.

71 3824 100 3838 ’Σι-
116 3818 157 3839 br.

73 3866 104 3887 lb.
123 3872 168 3889 nia.
185 3872 235 3893 sup.

908 274 1115 316 PRIMAE
1147 269 1548 314 REDACTIONES
1581 268 1723 312 LIBRI
1755 268 1907 311 PRIMI

777 357 845 398 EX
874 352 1226 397 TRADITIONE
1259 349 1672 393 MANUSCRIPTA
1708 349 2041 392 COLLECTAE

1216 436 1291 466 Vide
1316 436 1426 477 Praes.
1445 445 1480 475 p.
1506 435 1596 465 XVI.

357 546 531 579 Philosophus
550 546 575 571 in
595 545 680 577 primo
700 542 891 575 Metaphysicae
911 541 973 566 illud
993 540 1066 573 ponit
1108 534 1138 576 (a
1173 533 1375 572 Philosopbo
1402 535 1404 566 i

301 594 444 637 ponitur)
465 593 554 634 quod
579 593 730 632 sapientis
751 597 782 622 et
807 589 954 620 ordinare
980 588 1045 618 NZ.

356 657 404 676 res
421 646 543 686 optime
561 644 742 684 disponitur
759 652 834 672 cum
852 641 891 671 ad
909 649 1005 671 suum
1025 639 1124 669 finem
1142 649 1156 666 a
1168 648 1222 673 quo
1235 639 1301 665 ratio
1313 639 1376 664 boni

301 702 429 726 derivatur
448 695 680 726 convenienter
704 693 871 723 ordinatur
894 691 948 721 NZ
975 690 1044 720 Can
1071 687 1155 718 Cim.
1402 720 1404 734 y

356 748 441 779 unde
465 745 646 777 secundum
668 744 904 784 Philosophum
926 746 950 770 in
970 744 1096 778 principio
1116 741 1310 776 metaphysicae
1329 748 1376 768 sa·
1400 737 1405 760 ἒ

302 799 418 838 pientis
443 805 488 828 est
513 806 623 827 causas
649 795 815 825 altissimas
841 792 1043 823 considerare
1067 791 1122 820 NZ
1148 790 1218 821 Can
1241 789 1302 820 Ch.
1403 831 1404 836 1

355 851 494 880 Primam
510 848 754 887 Philosophiam
772 845 990 884 Philosophus
1008 843 1200 873 determinat
1219 846 1244 870 in
1257 845 1278 871 ll
1297 846 1378 871 Meta·
1402 861 1404 876 ⁴

299 906 421 940 physicae
442 911 510 932 esse
534 900 699 930 scientiam
725 898 863 928 veritatis
888 896 952 926 NZ.

354 954 398 984 sic
423 953 509 984 enim
539 957 586 981 est
610 950 778 990 dispositio
804 957 910 978 rerum
931 949 963 977 in
980 947 1112 977 veritate
1130 947 1212 976 sicut
1235 946 1269 976 in
1295 955 1375 976 esse.
1403 955 1405 958 ’

299 1009 345 1034 (Συὶ
365 1008 470 1040 quidem
484 1005 678 1039 philosophicae
696 1003 839 1028 sententiae
853 1003 994 1027 concordat
1007 1002 1106 1027 dictum
1121 1001 1259 1034 Augustini
1271 1001 1296 1026 X
1308 1000 1377 1026 Con·
1402 974 1405 988 ν

298 1060 450 1085 sessionum.
465 1058 535 1090 quod
546 1056 676 1081 beatitudo
691 1060 731 1079 est
741 1055 863 1087 gaudium
878 1054 909 1078 de
924 1054 1039 1084 veritate,
1053 1061 1114 1078 cum
1127 1058 1216 1078 tamen
1230 1053 1377 1086 sapientem

298 1112 322 1136 in
342 1111 361 1135 Π
381 1110 459 1134 Libro
480 1109 511 1133 de
531 1108 625 1132 Libero
646 1107 758 1131 Arbitrio
778 1105 883 1131 definiat
903 1113 964 1130 eum
983 1105 1028 1138 qui
1054 1105 1087 1130 de
1113 1105 1274 1130 beatitudine
1293 1110 1319 1130 et
1337 1104 1378 1129 his
1403 1113 1405 1137 q

298 1169 364 1194 quae
384 1161 415 1184 ad
435 1167 491 1184 eam
512 1159 639 1192 pertinent
658 1163 727 1182 recte
743 1157 820 1182 sentit
838 1154 862 1184 Z
891 1152 1012 1194 (tamen
1034 1153 1205 1184 delendum
1223 1153 1376 1193 videtur).
1403 1180 1405 1191 ι

351 1207 492 1237 assumit.
514 1210 583 1234 Haec
603 1214 690 1233 autem
711 1209 763 1233 duo
786 1207 869 1233 officia
891 1208 1017 1240 sapientis
1037 1208 1212 1242 philosophus
1230 1209 1306 1241 ponit
1324 1208 1349 1232 in
1367 1208 1377 1232 l

295 1263 479 1293 memborum,
498 1263 595 1287 scilicet
610 1269 664 1289 ,non
679 1261 780 1286 mentiri
801 1261 833 1285 de
853 1260 950 1293 quibus
970 1261 1042 1286 novit
1061 1266 1087 1286 et
1105 1260 1276 1286 mentientem
1295 1260 1378 1285 mani·
1403 1247 1405 1293 i

296 1314 390 1339 festare
409 1321 489 1347 posse
510 1309 533 1340 Z
559 1315 590 1339 et
613 1308 831 1338 Bononiensis
861 1307 955 1346 1655,
983 1318 1014 1348 9.
1040 1307 1076 1349 (Z
1102 1307 1232 1338 titulum
1257 1305 1328 1348 caps
1347 1316 1376 1338 2.
1403 1306 1405 1338 l

291 1366 368 1402 post
391 1361 409 1391 6
427 1371 443 1391 a
459 1369 492 1390 21
517 1360 591 1400 Sap.
611 1360 680 1390 VIII
701 1360 798 1400 ponit
821 1359 913 1390 solus
930 1359 963 1390 in
989 1365 1058 1390 tota
1083 1357 1286 1399 traditione).
1403 1354 1405 1406 Ι

351 1412 444 1443 Unde
468 1421 599 1442 necesse
624 1417 671 1442 est
696 1411 735 1441 ad
759 1411 941 1442 naturalem
966 1412 1126 1442 rationem
1151 1420 1377 1442 recurrere...
1403 1414 1405 1456 j

295 1464 386 1502 Quae
411 1470 518 1494 tamen
543 1464 575 1493 in
601 1464 696 1493 rebus
728 1462 845 1493 divinis
878 1462 1033 1494 deficiens
1058 1468 1106 1494 est
1137 1466 1208 1492 unde
1227 1474 1281 1491 non
1302 1466 1377 1492 facile
1404 1490 1405 1495 ,

1431 543 1478 569 per
1498 543 1556 561 eam
1578 536 1764 569 impugnantur
1791 543 1902 567 errores,
1925 537 2064 569 praecipue
2089 542 2178 562 contra
2204 535 2283 562 fidem
2308 533 2461 570 NZst‚
2486 539 2518 565 et

1431 583 1482 614 Ch
1506 585 1577 615 sine
1602 584 1698 621 unde,
1724 594 1780 625 per
1805 594 1876 614 eam
1901 589 1932 615 et
1955 583 2064 616 fidem.

1487 635 1539 666 Ad
1555 636 1779 676 cognitionem
1796 636 1884 666 enim
1901 645 2017 667 eorum
2034 646 2118 677 quae
2135 636 2175 668 de
2199 638 2272 669 Deo
2290 638 2370 678 ratio
2386 638 2517 669 investi·
2545 637 2692 665 C·r-⁴·r·n
2703 635 2760 660 ¹28-

1402 685 1404 702 ³
1430 697 1506 728 gare
1524 693 1632 728 potest
1649 687 1751 718 multa
1770 697 2048 728 praecognoscere
2068 695 2208 729 oportet,
2234 699 2308 720 cum
2335 689 2401 720 fere
2418 690 2520 720 totius
2759 691 2762 693 ’

1431 738 1662 779 philosophiae
1692 737 1910 769 consideratio
1939 738 1979 770 ad
2003 739 2066 770 Dei
2090 740 2314 781 cognitionem
2340 740 2518 771 ordinetur.

1402 807 1405 828 ᾗ
1431 794 1508 820 Unde
1529 795 1584 820 eius
1598 794 1712 827 cognitio
1726 795 1758 819 ad
1771 794 1978 828 metaphysicam
1992 796 2105 828 pertinet
2117 804 2185 829 quae
2197 801 2324 829 tanquam
2337 797 2444 822 aliarum
2458 795 2517 821 finis

1430 848 1499 872 imer
1516 855 1611 872 omnes
1634 847 1756 872 scientias
1781 841 1928 884 (propter
1952 843 2044 884 quod
2067 845 2301 886 metaphysica,
2326 855 2411 885 quae
2435 846 2518 876 circa

1403 897 1405 904 '
1432 895 1542 926 divina
1558 901 1711 931 versatur,
1737 895 1821 925 inter
1846 895 2074 936 philosophiae
2091 895 2210 937 partes)
2237 897 2351 927 ultima
2374 903 2519 927 remanet

1431 946 1637 982 addiscenda,
1673 955 1697 973 et
1725 950 1762 973 sic
1799 943 1866 987 (Sic
1890 945 1982 986 ergo]
2015 946 2056 982 Ζ;
2085 947 2256 988 exemplar
2285 947 2458 988 scriptoris
2489 948 2519 978 N

1432 999 1605 1029 lectionem
1629 999 1682 1038 pA
1707 999 1738 1028 in
1765 1003 1857 1029 textu
1882 1003 1914 1029 et
1939 999 1984 1029 sA
2015 1009 2117 1040 supra
2151 999 2336 1041 marginem
2363 999 2519 1036 habebat,·

1432 1050 1516 1091 legit
1539 1051 1624 1080 enim
1649 1050 1689 1086 N,
1715 1049 1766 1080 vel
1789 1050 1835 1080 sic
1867 1055 2002 1090 propter
2035 1050 2125 1090 quod
2157 1051 2377 1092 metaphysica
2396 1075 2403 1081 .
2419 1073 2446 1081 ..
2463 1049 2519 1082 ad-

1432 1101 1586 1132 discenda
1611 1101 1698 1131 unde
1723 1101 1793 1131 eius
1817 1101 1963 1141 cognitio
1981 1124 1988 1131 .
2004 1125 2032 1131 ..
2052 1101 2256 1138 addiscenda,
2282 1108 2314 1132 et
2337 1103 2392 1133 sic.

1490 1152 1680 1183 Secundum
1706 1152 1875 1182 Platonem
1901 1157 2011 1183 autem
2041 1162 2180 1183 movens
2211 1150 2354 1193 seipsum
2378 1163 2446 1184 non
2471 1158 2520 1184 est

1403 1206 1405 1246 ζ
1433 1214 1566 1245 corpus:
1593 1204 1772 1244 accipiebat
1796 1203 1884 1233 enirn
1909 1209 2038 1234 motum
2061 1214 2123 1245 pro
2147 1204 2292 1245 qualibet
2316 1205 2518 1245 operatione,

1431 1257 1475 1286 ita
1511 1255 1602 1296 quod
1631 1255 1810 1295 intelligere
1844 1260 1875 1284 et
1911 1255 2039 1295 operari
2076 1253 2217 1297 <opinari
2254 1253 2442 1297 legendum)
2479 1255 2520 1286 sit

1432 1307 1599 1348 quoddam
1632 1307 1774 1343 moveri;
1807 1318 1860 1343 quo
1878 1311 1956 1336 etiam
1976 1310 2057 1336 modo
2091 1306 2204 1348 (quem
2237 1307 2333 1338 etiam
2365 1306 2515 1347 modum)

1432 1358 1590 1399 loquendi
1616 1358 1806 1388 Aristoteles
1832 1362 1912 1387 utitur
1942 1356 2069 1400 (tangit)
2096 1359 2130 1388 in
2155 1357 2196 1388 111
2222 1357 2262 1388 de
2287 1357 2405 1388 Anima
2429 1357 2464 1393 Z,
2489 1361 2523 1388 et

1431 1411 1581 1451 loquitur
1601 1420 1665 1451 pro
1691 1411 1792 1440 utitur
1815 1410 1845 1440 N
1873 1409 1938 1450 (Cf.
1955 1410 2165 1440 Aristotelem
2181 1409 2226 1440 ibi
2243 1418 2309 1449 429
2327 1419 2344 1439 a
2359 1407 2427 1449 23).
2545 1399 2549 1403 ⁴

539 1600 745 1642 PRIMAE
778 1599 1182 1642 REDACTIONES
1214 1600 1368 1642 PRIMI
1406 1599 1546 1642 LIBRI
1581 1599 1965 1642 AUTOGRAPHI
1999 1599 2278 1642 VATICANI

392 1705 472 1745 Cap.
497 1704 580 1735 XIII.
606 1705 768 1734 Rartonss
793 1714 835 1734 AD
858 1714 1052 1734 PROBANDUM
1076 1704 1172 1734 Danu
1196 1714 1276 1734 essa.

479 1771 717 1812 Fragmentum
744 1771 776 1800 in
802 1775 964 1811 quaterno
989 1770 1185 1801 auxiliario.

345 1860 527 1900 §Secunda
551 1861 602 1890 via
633 1861 703 1890 talis
735 1866 782 1891 est
801 1884 807 1891 .
823 1883 829 1890 .
845 1884 852 1890 .
870 1861 949 1891 nihil
975 1866 1135 1891 movetur.
1170 1860 1243 1890 Hoc
1268 1865 1377 1890 autem

294 1914 389 1944 habet
405 1912 623 1954 (Aristoteles)
641 1921 701 1952 pro
718 1911 923 1952 impossibiII‚
949 1911 1040 1952 quod
1061 1912 1184 1942 scilicet
1201 1910 1378 1950 aliquando
1402 1922 1409 1940 ς

294 1964 401 1995 nullus
426 1969 536 1994 motus
552 1964 602 1993 sit.
629 1962 716 2003 Ergo
742 1963 885 2003 primum
905 1987 910 1992 .
927 1986 933 1993 .
950 1986 956 1993 .
974 1972 1042 1993 non
1068 1962 1128 1993 fuit
1154 1972 1210 2002 per
1227 1960 1379 1992 accidens

294 2027 378 2047 vera.
403 2017 494 2052 Item,
519 2016 545 2046 si
570 2015 678 2055 aliqua
703 2015 770 2046 duo
795 2021 871 2046 sunt
896 2015 1073 2046 coniuncta
1097 2024 1154 2055 per
1182 2013 1334 2044 accidens
1353 2019 1380 2042 et

294 2069 325 2098 in
352 2068 472 2108 aliquo,
498 2072 530 2097 et
554 2075 658 2097 unum
683 2066 814 2096 illorum
841 2067 1005 2096 invenitur
1029 2066 1098 2096 sine
1123 2066 1236 2102 altero,
1262 2066 1378 2106 proba-

295 2120 358 2150 bile
375 2125 422 2150 est
447 2117 536 2159 quod
553 2118 689 2148 alterum
707 2118 829 2158 absque
849 2117 906 2148 illo
924 2118 1061 2148 inveniri
1085 2117 1196 2158 possit.
1221 2117 1312 2148 Sicut
1325 2139 1332 2147 .
1348 2140 1354 2147 .
1371 2140 1377 2147 .

296 2171 432 2202 musico.
458 2170 490 2201 Si
515 2170 613 2210 igitur
630 2182 706 2201 move
722 2178 859 2200 movens
877 2175 907 2200 et
929 2175 1058 2199 motum
1083 2169 1330 2208 coniunguntur
1346 2169 1379 2199 in
1396 2181 1420 2195 ιο

296 2223 404 2263 aliquo
430 2232 487 2263 per
511 2221 671 2258 accidens,
696 2226 824 2251 motum
851 2219 988 2259 (autern)
1015 2221 1179 2251 invenitur
1207 2221 1238 2250 in
1267 2219 1379 2260 aliquo

297 2275 417 2315 absque
446 2284 486 2305 eo
515 2274 606 2314 quod
634 2278 775 2309 moveat,
805 2272 973 2313 probabile
1000 2276 1094 2308 (immo
1114 2275 1304 2309 necessarium)
1333 2278 1380 2302 est

300 2326 388 2366 quod
413 2336 548 2356 movens
573 2325 755 2356 inveniatur
778 2325 902 2365 absque
927 2334 967 2355 eo
992 2323 1084 2365 quod
1110 2330 1292 2356 moveatur.
1310 2324 1379 2355 Nec

299 2385 410 2408 contra
429 2402 435 2407 .
452 2402 458 2408 .
474 2402 480 2408 .
499 2388 554 2418 per
572 2377 732 2408 accidens.
759 2376 791 2407 Si
809 2382 918 2407 autem
935 2375 1101 2417 praedicta
1125 2377 1308 2417 propositio
1333 2383 1380 2407 est

298 2440 370 2461 vera
395 2440 451 2471 per
475 2440 518 2466 sc,
540 2438 582 2458 aut
602 2429 747 2460 similiter
763 2429 911 2468 sequitur
930 2427 1132 2468 impossibile
1150 2427 1199 2458 vel
1224 2429 1380 2459 inconve-
1398 2441 1418 2459 ις

296 2483 397 2512 niens
431 2482 516 2519 Quia
541 2481 590 2512 vel
619 2486 750 2521 oportet
777 2479 867 2520 quod
895 2489 1033 2510 movens
1064 2486 1236 2510 moveatur
1266 2479 1379 2510 eadem

297 2534 402 2573 specie
420 2539 527 2564 motus
546 2539 624 2573 (qua
641 2532 765 2571 movet)
783 2531 833 2562 vel
860 2531 930 2561 alia.
949 2530 981 2562 Si
999 2530 1113 2562 eadem
1128 2554 1135 2561 .
1151 2554 1158 2561 .
1174 2555 1179 2561 .
1199 2530 1380 2562 secundum

297 2584 431 2615 eandem
449 2586 626 2615 scientiam.
647 2588 726 2619 Quod
744 2590 785 2613 est
803 2583 878 2614 Hoc
892 2588 1001 2613 autem
1015 2588 1063 2613 est
1079 2582 1292 2623 impossibile,
1306 2593 1380 2614 nam

297 2636 414 2666 docens
427 2635 599 2667 docentem
616 2645 748 2666 necesse
765 2641 812 2665 est
828 2634 947 2664 habere
963 2634 1143 2669 scientiam,
1161 2633 1380 2665 addiScentem

298 2698 373 2718 vero
391 2699 442 2716 non
462 2695 501 2717 est
520 2697 652 2718 necesse
669 2693 714 2717 est
732 2696 799 2717 non
816 2686 946 2716 habere.
964 2685 1004 2716 Et
1021 2685 1067 2716 sic
1084 2685 1170 2716 idem
1189 2709 1195 2716 .
1212 2709 1218 2716 .
1234 2710 1241 2716 .
1260 2687 1382 2727 impos-

298 2741 397 2771 sibile.
415 2740 447 2771 Si
464 2747 571 2771 autem
589 2739 771 2771 secundum
796 2739 890 2770 aliam
911 2738 1068 2779 (speciem
1088 2744 1198 2768 motus
1217 2738 1383 2781 movetur)

297 2794 339 2823 ita
363 2793 482 2823 scilicet
514 2792 604 2833 quod
633 2793 768 2823 alterans
792 2796 962 2822 moveatur
989 2789 1172 2821 secundum
1196 2790 1318 2827 locum,
1353 2796 1383 2820 et

299 2853 433 2874 movens
464 2844 642 2874 secundum
675 2843 786 2873 iocum
811 2847 975 2882 augeatur,
1001 2847 1032 2872 et
1063 2842 1107 2872 sic
1136 2841 1175 2872 de
1199 2835 1289 2878 aliis,'
1307 2851 1383 2872 cum

298 2895 360 2925 sint
378 2899 476 2930 νῆνιίταε
494 2899 592 2931 species
626 2894 714 2925 finita
739 2903 856 2934 genera
881 2899 912 2923 et
936 2893 1061 2933 species
1084 2899 1205 2929 motuS‚
1230 2899 1385 2933 sequetur

300 2946 389 2985 quod
414 2956 479 2976 non
510 2947 547 2976 sit
572 2947 657 2976 abire
690 2947 720 2975 in
747 2944 921 2980 infinitum,
947 2947 995 2973 sed
1031 2948 1061 2974 et
1094 2945 1139 2974 sic
1167 2944 1225 2974 erit
1249 2944 1383 2984 aliquod
1400 2961 1422 2980 ,ς

301 2998 438 3037 primum
469 3008 602 3028 movens
635 2997 723 3037 quod
755 3007 820 3027 non
853 3003 1004 3027 movetur
1028 2997 1068 3026 ab
1093 2995 1167 3026 alio.
1200 2995 1268 3025 Nisi
1301 2995 1383 3027 forte

301 3050 415 3089 aliquis
448 3050 530 3081 dicat
563 3050 651 3090 quod
685 3049 737 3080 fiat
767 3048 898 3079 reflexio
931 3048 995 3079 hoc
1028 3047 1130 3078 modo
1163 3047 1264 3087 quod,
1293 3057 1383 3078 com-

303 3102 395 3141 pletis
431 3103 583 3132 omnibus
619 3102 790 3141 generibus
829 3107 858 3131 ct
895 3100 1075 3140 speciebus·
1101 3105 1226 3135 motus,
1267 3100 1382 3131 iterum

303 3159 448 3191 oporteat
475 3153 576 3183 redire
602 3153 639 3182 ad
666 3153 817 3192 primum,
844 3157 888 3184 ut,
915 3152 940 3180 si
966 3160 1104 3180 movens
1129 3150 1309 3180 secundum
1335 3150 1383 3180 Io-

303 3213 376 3233 cum
395 3204 543 3234 alteretur
562 3210 590 3234 ct
610 3205 743 3234 alterans
762 3209 927 3243 augeatur,
942 3203 1057 3233 iterum
1076 3211 1197 3242 augens
1215 3209 1384 3232 moveatur

307 3255 486 3285 secundum
512 3255 632 3285 locum.
659 3259 708 3284 sed
729 3267 786 3283 cum
808 3259 921 3290 primum
943 3265 1055 3283 movens
1076 3257 1160 3290 magis
1180 3262 1285 3282 movent
1302 3265 1382 3290 quam

305 3309 407 3341 aliquod
428 3309 571 3334 secundum
594 3306 670 3343 (Sed
696 3316 732 3335 ex
766 3306 842 3340 lioc‘)
874 3303 1029 3345 sequetur
1059 3304 1143 3335 idem
1169 3304 1259 3344 quod
1284 3306 1382 3344 prim,

305 3356 423 3385 scilicet
446 3355 534 3395 quod
561 3356 591 3386 id
613 3356 701 3396 quod
728 3366 846 3385 moveret
870 3359 1007 3393 (movet)
1034 3355 1216 3387 secundum
1240 3355 1383 3396 aIIquam

305 3407 445 3444 speciem
470 3414 577 3436 motus
602 3407 780 3437 secundum
807 3408 942 3438 candem
967 3414 1138 3438 moveatur
1162 3411 1225 3443 quia
1245 3417 1288 3435 mo
1309 3407 1383 3437 licet

307 3466 371 3486 non
393 3458 590 3494 (immediate
612 3459 664 3489 sed
687 3459 862 3495 immediate,
881 3471 939 3487 cum
962 3463 1067 3496 aliquod
1087 3462 1254 3495 superiorum
1274 3469 1383 3487 moven-
1399 3478 1421 3498 ,ς

309 3512 369 3535 tium
391 3513 479 3537 cadem
500 3515 585 3546 specie
605 3519 691 3538 motus
718 3520 828 3542 moveat.
855 3516 916 3547 quia
941 3523 1000 3539 cum
1027 3515 1143 3547 primum
1169 3522 1279 3540 movens
1300 3514 1383 3547 magis

310 3568 410 3587 moveat
434 3571 512 3595 quam
537 3566 689 3594 secundum,
715 3566 922 3598 unumquodque
949 3572 1082 3591 motorum
1108 3574 1161 3591 non
1186 3566 1274 3591 solum
1293 3572 1383 3591 mave·

311 3613 376 3636 bitur
397 3620 466 3637 moto
486 3623 563 3646 quem
585 3616 716 3647 proximu<
737 3622 823 3640 motor
843 3623 938 3645 movet.
959 3618 1004 3642 sed
1025 3618 1103 3642 etiam
1123 3616 1248 3642 omnibus
1268 3616 1383 3642 motibus

311 3663 403 3694 quibus·
431 3666 578 3696 superiores
606 3672 719 3691 motorcs
744 3673 859 3691 movent.
886 3668 956 3692 tinec
981 3675 1074 3704 auteur
1094 3670 1184 3694 omnia
1212 3673 1273 3694 sunt
1298 3666 1384 3693 fictitia

312 3715 351 3738 vel
372 3714 548 3747 impossibilia.
575 3713 660 3751 Ergo
687 3714 876 3754 relinquitur
898 3717 987 3754 quod
1014 3723 1142 3756 oportet
1166 3725 1288 3757 ponere
1313 3720 1386 3753 quod

312 3761 444 3801 aliquod
478 3762 615 3800 primum
650 3764 738 3802 quod
770 3775 836 3794 non
871 3773 1020 3811 movetur
1053 3767 1163 3808 aliquo
1195 3766 1384 3810 (exteriori).

313 3818 325 3830 ⁴
342 3818 357 3846 ,ὅ
371 3815 459 3841 Tertia
473 3817 511 3841 via
531 3817 587 3842 talis
608 3822 655 3842 est.
676 3818 739 3843 Illud
755 3820 825 3850 quod
845 3826 884 3844 ent
904 3828 950 3852 per
971 3829 999 3846 se
1012 3823 1084 3854 prius
1098 3828 1137 3847 cst
1156 3831 1188 3848 eo
1201 3823 1273 3856 quod
1286 3828 1327 3848 eat
1340 3830 1386 3855 pel·

313 3867 388 3891 aliud.
410 3867 464 3891 Hoc
490 3873 575 3892 autem
595 3873 680 3900 potest
705 3867 762 3892 esse
789 3870 921 3901 dupliciter
945 3869 960 3884 *⁴
977 3870 1006 3905 (ξ
1031 3870 1116 3906 Quia
1142 3879 1217 3900 vero
1242 3870 1305 3900 hoc
1330 3869 1385 3900 ha-

314 3915 379 3943 bito
405 3913 494 3954 quod
519 3915 557 3945 sit
583 3915 721 3955 primum
748 3926 882 3946 movens
901 3919 989 3958 quod
1015 3930 1080 3949 non
1099 3927 1249 3951 movetur
1265 3922 1304 3951 ab
1321 3921 1386 3952 alio

1399 2701 1424 2716 20

1400 3219 1425 3240 5⁰

1434 1701 1620 1744 dupliciter)
1644 1704 1661 1720 ⁴*
1678 1713 1746 1734 uno
1763 1703 1866 1734 modo
1883 1703 1926 1733 ita
1951 1703 2042 1743 quod
2065 1703 2146 1734 illud
2166 1703 2308 1743 primum
2326 1703 2366 1733 sit
2390 1702 2520 1743 penih'is
2546 1703 2579 1723 ²⁸⁵
2592 1697 2637 1742 ¹3².-

1435 1755 1618 1791 immobile,
1635 1764 1703 1795 quo
1720 1755 1829 1796 posito
1846 1755 1982 1786 habetur
1994 1755 2202 1795 propositum
2221 1750 2357 1795 (scilicet
2374 1753 2465 1794 quod
2480 1753 2521 1785 sit

1435 1807 1570 1847 aliquod
1587 1808 1730 1847 primum
1748 1816 1886 1838 movens
1905 1806 2088 1847 immobile)
2116 1806 2180 1837 alio
2197 1805 2300 1837 modo
2325 1805 2417 1846 quod
2441 1804 2522 1837 illud

1435 1859 1580 1898 primurn
1597 1862 1769 1888 moveatur
1791 1867 1808 1887 a
1833 1858 1952 1898 seipso.
1981 1858 2023 1888 Et
2046 1858 2111 1888 hoc
2136 1857 2263 1888 videtur
2286 1856 2476 1898 probabile.

1435 1920 1502 1941 non
1529 1911 1568 1940 ab
1599 1910 1675 1940 alio.
1708 1909 1772 1941 Sed
1801 1910 1866 1940 hoc
1898 1909 1974 1940 dato
2005 1910 2122 1940 iterum
2148 1909 2234 1941 idem
2263 1910 2420 1950 sequitur.
2442 1908 2522 1941 Non

1437 1963 1526 1994 enim
1555 1968 1664 2004 potest
1688 1961 1751 1993 dici
1779 1961 1870 2002 quod
1901 1961 2052 2001 (movens
2082 1959 2239 2004 seipsum)
2269 1967 2376 1993 totum
2404 1964 2523 1998 :cipum

1436 2021 1609 2045 moveatur
1633 2024 1651 2045 a
1675 2020 1758 2051 toto,
1783 2014 1859 2055 quia
1879 2014 1925 2045 sic
1949 2020 2164 2055 sequerentur
2187 2013 2351 2056 praedicta
2367 2008 2527 2045 incon-lvii>-

1436 2066 1572 2102 nientia,
1589 2066 1712 2096 scilicet
1730 2065 1820 2106 quod
1831 2074 1834 2077 ·
1845 2065 1962 2106 aliquis
1978 2065 2074 2097 simul
2092 2065 2226 2097 doceret
2241 2070 2271 2096 et
2289 2064 2463 2096 doceretur
2478 2059 2527 2102 (et

1437 2117 1586 2148 similiter
1609 2118 1642 2148 in
1673 2117 1742 2148 aliis
1771 2117 1942 2157 motibus.)
1966 2117 2008 2148 Et
2031 2117 2149 2149 iterum
2234 2123 2363 2149 motum
2387 2122 2468 2149 vero
2489 2116 2524 2149 in

1437 2169 1596 2209 potentia.
1615 2169 1824 2209 Relinquitur
1840 2169 1937 2209 igitur
1953 2168 2044 2210 quod
2061 2179 2127 2200 una
2143 2179 2216 2210 pars
2233 2169 2302 2200 eius
2323 2174 2372 2200 est
2385 2163 2525 2200 moveri&

1437 2226 1562 2251 tantum
1581 2227 1612 2251 et
1629 2219 1726 2251 altera
1743 2226 1844 2251 mota.
1861 2220 1903 2251 Et
1919 2221 1964 2252 sic
1979 2221 2117 2252 habetur
2132 2221 2219 2253 idem
2237 2220 2328 2262 quod
2345 2219 2524 2264 priumsci-
2555 2230 2558 2234 ’

1436 2273 1510 2303 licet
1523 2273 1613 2313 quod
1631 2272 1754 2313 aliquid
1771 2273 1810 2304 sit
1822 2282 1961 2304 movens
1975 2273 2147 2305 immobile
2162 2273 2283 2315 (ipsum
2301 2273 2389 2304 enim
2405 2273 2525 2304 habere

1437 2331 1562 2365 partem
1581 2325 1801 2356 necessarium
1819 2331 1877 2361 est,
1891 2335 1967 2356 cum
1984 2335 2084 2357 omne
2099 2328 2238 2357 movens
2254 2323 2294 2357 sit
2310 2324 2470 2356 divisibile
2481 2322 2526 2366 ⁶.)
2548 2334 2557 2359 Ι

1436 2381 1462 2406 Si
1481 2386 1571 2406 autem
1591 2381 1686 2414 aliquis
1706 2381 1842 2407 cavilletur
1860 2381 1950 2407 dicens
1962 2382 2035 2415 quod
2047 2386 2160 2415 utraque
2178 2389 2240 2416 pare
2258 2386 2390 2413 movetur,
2408 2387 2461 2407 una
2473 2380 2524 2407 ed-

1437 2433 1498 2459 licet
1518 2433 1550 2459 ab
1570 2434 1661 2463 altera.
1679 2433 1731 2459 hoc
1754 2441 1807 2459 non
1832 2438 1921 2468 potest
1939 2441 2000 2460 ease
2024 2439 2133 2468 propter
2153 2439 2277 2468 quatuor.
2297 2433 2387 2459 Primo
2405 2429 2468 2467 qus·
2487 2431 2527 2459 de

1438 2484 1549 2510 tolletur
1566 2484 1682 2518 primum
1703 2492 1823 2515 movens,
1844 2492 1906 2510 nam
1925 2492 1976 2510 una
2000 2492 2062 2519 pars
2081 2493 2134 2511 non
2160 2485 2209 2511 erit
2230 2484 2399 2519 principalior
2420 2484 2448 2510 in
2469 2471 2528 2510 Ιῖὅ-

1439 2538 1530 2563 vendo
1549 2545 1628 2570 quam
1649 2537 1696 2562 alia
1719 2537 1796 2569 <cum
1815 2542 1908 2562 neutra
1926 2537 1961 2562 ait
1978 2537 2152 2570 propinquior
2170 2536 2270 2566 mobili.
2283 2536 2356 2570 quod
2374 2540 2416 2561 eut
2434 2528 2468 2567 de
2484 2527 2528 2561 ἢ·

1439 2589 1509 2614 tione
1532 2588 1640 2614 secundi
1660 2588 1809 2620 moventis>
1837 2587 1909 2620 (cum
1931 2594 2044 2622 utraque
2065 2594 2173 2614 moveat
2193 2593 2220 2614 et
2241 2586 2404 2622 moveamr):
2422 2589 2529 2614 taneto

1440 2647 1527 2668 autem
1542 2641 1678 2676 principali
1693 2646 1805 2674 motor-e,
1815 2642 1914 2668 tollitur
1926 2647 1997 2668 totus
2012 2648 2110 2672 motus.
2119 2647 2149 2668 ut
2158 2650 2189 2668 ex
2207 2641 2362 2676 praemissis
2375 2645 2456 2675 patet.
2467 2640 2530 2674 quia

1440 2695 1647 2721 instrumentum
1667 2703 1720 2720 non
1740 2700 1831 2720 movet
1845 2694 1902 2721 aine
1919 2695 2053 2729 principali
2067 2700 2180 2721 motore.
2193 2694 2316 2720 Secundo
2329 2693 2400 2728 quin.
2419 2700 2480 2719 cum
2495 2691 2529 2721 ὀᾶ

1442 2747 1543 2772 mione
1562 2747 1693 2772 moventia
1713 2746 1790 2780 primi
1809 2746 1844 2773 sit
1863 2747 1937 2780 quod
1954 2750 2015 2773 eun
2034 2752 2146 2780 ponatur
2164 2747 2238 2780 quod
2257 2750 2397 2772 moveatur
2414 2753 2430 2771 ι
2447 2751 2488 2776 ιο,
2505 2743 2529 2770 d

1443 2803 1582 2823 moveatur
1600 2798 1632 2824 ab
1653 2798 1712 2827 alio.
1731 2797 1782 2824 hoc
1801 2803 1843 2824 est
1861 2806 1909 2832 pet¹
1927 2798 2062 2829 meldens:
2082 2806 2130 2832 per
2150 2798 2272 2824 accidens
2294 2805 2359 2831 ergo
2383 2801 2425 2823 eut
2446 2802 2528 2823 unm

1440 2849 1544 2875 illarum
1563 2850 1665 2875 moveri
1685 2849 1718 2875 ab
1737 2849 1800 2881 aliu
1819 2850 1892 2883 quod
1909 2853 2000 2876 aurem
2020 2850 2092 2883 quod
2112 2854 2200 2884 potent
2218 2857 2271 2875 non
2290 2856 2359 2879 eene,
2378 2848 2440 2882 quia
2457 2853 2528 2881 qun

1443 2906 1504 2926 sunt
1524 2909 1572 2934 pet·
1590 2901 1711 2927 accidens
1730 2909 1783 2927 non
1803 2907 1866 2927 sunt
1881 2901 2042 2929 necessaria:
2056 2909 2121 2935 ergo
2133 2906 2222 2927 motus
2235 2905 2307 2926 totus
2321 2899 2443 2930 censebit,
2455 2898 2529 2933 quod

1441 2958 1546 2985 reputat
1569 2951 1757 2987 (im)posaibile
1781 2953 1847 2985 <nisi
1872 2958 1985 2987 ponatur
2008 2952 2081 2987 quod
2104 2953 2147 2978 illa
2172 2960 2234 2986 pars
2258 2959 2369 2978 movens
2392 2958 2445 2976 non
2469 2957 2528 2976 mo-

1441 3005 1559 3037 veatur).
1589 3005 1680 3030 Tertio
1699 3005 1760 3038 quia
1780 3004 1928 3038 specialiter
1952 3004 2002 3030 hoc
2020 3010 2061 3030 est
2080 3004 2259 3030 necessarium
2286 3008 2316 3029 ut
2343 3009 2455 3029 movent
2474 3009 2528 3028 non

1443 3061 1581 3081 movemur
1599 3063 1614 3081 a
1633 3063 1684 3081 nuo
1703 3055 1803 3087 mobili,
1822 3056 1878 3086 sed,
1897 3056 1966 3082 sicut
1983 3061 2122 3082 ostensum
2141 3061 2183 3082 eat
2201 3062 2290 3088 supra,
2314 3058 2420 3089 oportet
2437 3053 2527 3080 reduci

1442 3106 1550 3131 mobilia
1568 3107 1610 3132 vel
1631 3107 1656 3131 in
1677 3106 1783 3140 aliquod
1803 3107 1917 3140 primum
1937 3107 2040 3141 penitus
2054 3106 2190 3134 immobile
2201 3107 2243 3133 vel
2255 3106 2282 3133 in
2295 3106 2403 3140 aliquod
2415 3100 2528 3133 itm-'fi

1441 3157 1573 3191 seipsum.
1593 3156 1695 3186 Quarto
1708 3157 1770 3191 quia
1783 3163 1929 3191 sequentur
1946 3157 2078 3192 praedicta
2096 3157 2313 3188 inconvenientia.
2339 3156 2412 3191 quod
2429 3145 2532 3184 tani&

1440 3207 1539 3233 docens
1560 3209 1684 3234 doceatur
1699 3208 1762 3234 dum
1776 3209 1861 3239 docet.
1880 3213 1906 3235 et
1918 3209 1968 3234 alin
1986 3207 2148 3235 huiusmodi.
2167 3208 2301 3235 Similiter
2314 3215 2368 3235 non
2386 3207 2414 3234 Si
2430 3207 2527 3234 iterum

1441 3258 1537 3292 uliquis
1557 3259 1625 3284 dicat
1637 3261 1710 3292 quod
1725 3260 1809 3292 prima
1822 3267 1884 3293 pars
1897 3261 2028 3286 moventis
2041 3260 2159 3293 seipsum
2172 3267 2225 3285 non
2238 3256 2360 3286 movetur
2378 3266 2393 3284 ι
2411 3258 2528 3284 ιεωηάι

1443 3315 1489 3340 sed
1509 3323 1522 3340 a
1543 3315 1638 3348 seipsa.
1651 3315 1702 3341 hoc
1716 3323 1769 3341 non
1783 3319 1871 3349 potest
1883 3322 1944 3341 esse
1957 3319 2065 3348 propter
2079 3314 2142 3341 duo.
2154 3312 2268 3347 (Primo)
2281 3313 2341 3346 qui·
2354 3312 2426 3346 quod
2439 3311 2528 3346 ipsum

1442 3371 1531 3391 totum
1546 3366 1644 3391 dicutur
1657 3366 1774 3400 seipsum
1789 3373 1905 3395 movere.
1914 3371 1959 3391 aut
1971 3365 2074 3391 dicitur
2085 3363 2208 3391 convenit
2225 3364 2248 3389 ei
2261 3363 2361 3389 ratione
2375 3363 2415 3389 sui
2434 3363 2526 3397 ipaius,

1440 3422 1486 3442 aut
1511 3418 1611 3446 ratione
1629 3417 1719 3451 partis.
1748 3417 1774 3443 Si
1794 3418 1912 3443 secundo
1929 3417 2019 3449 modo,
2037 3423 2102 3450 ergo
2119 3423 2173 3442 non
2198 3420 2239 3441 est
2254 3415 2375 3447 primum
2394 3420 2423 3440 ut
2445 3422 2526 3449 pono-
2554 3443 2556 3445 v

1440 3469 1517 3493 batur
1537 3469 1651 3501 primum
1673 3476 1719 3501 per
1738 3476 1768 3493 se
1787 3473 1898 3498 motum,
1911 3467 1958 3493 sed
1971 3475 2033 3501 pm
2053 3466 2127 3499 (eat)
2147 3466 2213 3497 eius,
2231 3467 2303 3500 quod
2316 3467 2386 3492 enim
2406 3471 2526 3492 movetur

1440 3520 1539 3544 ratione
1558 3519 1638 3552 partis
1658 3527 1710 3544 non
1731 3524 1771 3544 est
1790 3519 2007 3552 primotmomm.
2031 3517 2058 3543 si
2081 3522 2169 3558 nutem
2190 3517 2276 3550 primo
2295 3518 2385 3548 modo,
2408 3516 2526 3552 pnru'bue

1441 3571 1517 3603 igitur
1531 3571 1622 3596 accidit
1634 3579 1653 3603 p
1667 3578 1775 3596 movere
1789 3569 1940 3603 (seipsum)
1950 3567 2090 3602 (seipsaalz
2105 3576 2168 3600 ergo
2181 3577 2233 3595 non
2247 3574 2288 3595 est
2300 3570 2487 3601 neceesarium,
2501 3574 2528 3596 et

1441 3622 1477 3647 sic
1489 3622 1559 3646 idem
1571 3622 1642 3655 quod
1653 3622 1735 3655 prius.
1747 3620 1788 3655 (ᾖ)
1801 3621 1923 3647 Secundo
1935 3621 2005 3653 quia,
2018 3620 2040 3645 ai
2053 3625 2136 3645 totum
2151 3625 2240 3645 movet
2253 3625 2346 3651 toturn,
2359 3627 2423 3654 ωηο
2436 3625 2528 3647 movet

1441 3673 1586 3707 quamlibet
1607 3679 1721 3707 partem:
1741 3678 1768 3698 et
1786 3680 1838 3698 una
1858 3679 1918 3706 para
1937 3672 1993 3697 eius
2013 3676 2133 3696 movetur
2151 3679 2166 3696 a
2186 3672 2286 3705 neipmu
2306 3672 2384 3704 igitur
2399 3670 2446 3697 tlt·
2465 3678 2527 3705 pm

1442 3725 1588 3750 movebitur
1608 3730 1631 3750 et
1652 3734 1666 3750 u
1686 3733 1715 3750 ae
1734 3730 1761 3750 et
1773 3732 1788 3750 a
1807 3729 1871 3753 toto.
1890 3728 1918 3749 et
1930 3723 1968 3748 sic
1980 3723 2049 3748 idem
2063 3723 2211 3749 movebitur
2225 3731 2240 3748 a
2253 3722 2356 3748 duobus
2369 3721 2526 3759 motorlbus,

1442 3776 1517 3806 quod
1537 3779 1577 3798 est
1597 3773 1770 3806 impossibile.
1784 3773 1815 3798 Et
1835 3779 1882 3805 per
1894 3771 1944 3797 hoc
1957 3771 2034 3797 etiam
2048 3777 2118 3804 patet
2130 3772 2202 3805 quod
2216 3779 2268 3797 non
2287 3776 2376 3805 potent
2393 3770 2442 3797 dici
2455 3771 2526 3805 quod

1442 3830 1531 3850 totum
1551 3830 1656 3850 moveat
1671 3832 1740 3858 pare
1758 3829 1858 3857 partem
1871 3823 1911 3848 vel
1932 3830 1994 3856 para
2013 3828 2106 3853 totum.
2119 3824 2179 3856 quia
2197 3822 2234 3848 sic
2253 3828 2325 3848 enez
2342 3829 2390 3856 per
2407 3822 2527 3848 aoeldem

1445 3882 1561 3900 movens
1581 3874 1708 3908 seipsum.
1736 3873 1902 3907 Relinquitur
1930 3874 2006 3906 igitur
2033 3874 2105 3907 quod
2130 3878 2234 3906 oportet
2252 3880 2331 3899 unam
2351 3878 2451 3906 partem
2470 3879 2527 3898 mo-

1443 3926 1530 3952 ventis
1549 3926 1668 3959 seipsum
1689 3933 1748 3950 esse
1767 3924 1939 3950 immobilem.
1962 3926 1976 3941 θ
1990 3923 2004 3958 fi
2017 3924 2106 3950 Tertia
2120 3925 2159 3950 via
2179 3929 2220 3950 est
2232 3931 2285 3958 qua
2297 3924 2445 3950 ostenditur
2456 3923 2530 3957 quod

314 3966 473 3996 exteriori.
492 3976 557 3996 non
576 3967 720 4006 sequitur
738 3967 826 4006 quod
845 3969 881 3998 sit
901 3971 1028 4008 penitus
1050 3972 1228 4007 immobile,
1246 3972 1320 4003 ideo
1338 3972 1386 4003 ul·
1403 3989 1426 4010 ,ς
1446 3983 1523 4003 move
1550 3975 1602 4009 (eut
1627 3975 1733 4009 aliquia)
1759 3975 1860 4008 primus
1886 3980 1973 4000 motor
1997 3974 2064 4008 (qui)
2091 3983 2143 4001 non
2158 3980 2294 4001 .movetur
2319 3981 2406 4009 neque
2429 3981 2476 4008 per
2499 3981 2530 4000 ιο

314 4018 411 4047 terius
437 4017 582 4057 procedit
609 4018 794 4048 Aristotcles
820 4019 959 4049 dicendo
985 4022 1072 4060 quod
1099 4023 1160 4052 hoc
1187 4029 1293 4063 potest
1318 4034 1387 4054 esse

1444 4034 1533 4060 neque
1552 4034 1599 4060 per
1617 4025 1747 4052 accidens.
1774 4026 1839 4051 Cum
1865 4025 1935 4050 enim
1955 4025 2119 4051 inveniantur
2137 4026 2162 4051 ln
2181 4025 2232 4051 hoc
2250 4025 2350 4051 mundo
2368 4024 2451 4051 multa
2469 4031 2528 4050 mo-

2546 1147 2665 1203 523325’·
2684 1149 2713 1186 Ψ·
2735 1151 2760 1176 ³¹
2804 1187 2814 1194 .

2554 3924 2587 3942 'V
2603 3925 2645 3942 ΙΙ.
