2768 4134
281 313 357 349 402

279 389 428 420 sequens,
451 378 513 408 nisi
537 377 624 417 prius
648 375 804 415 probetur
819 373 1012 414 possibilitas
1029 373 1063 402 in
1078 377 1192 402 natura
1207 371 1248 402 ad
1264 370 1354 401 illud.

279 426 320 456 Et
343 423 427 459 ideo,
452 427 489 452 ut
512 422 600 461 prius
617 419 819 460 arguebatur,
837 418 974 458 probare
990 417 1238 458 possibilitatem
1261 421 1355 446 natu-

278 469 378 499 ralem
401 468 434 497 in
457 470 571 496 natura
594 464 635 495 ad
658 463 738 494 illud
762 473 800 493 ex
825 463 961 493 naturali
989 461 1148 493 desiderio
1174 467 1221 492 est
1244 466 1355 501 petere

278 512 484 554 principium.

333 556 403 586 XX.
420 554 472 586 Ad
488 555 626 594 primam
643 553 757 583 harum
774 553 999 583 obiectionum
1016 550 1133 582 dicitur
1149 550 1241 591 quod
1256 559 1356 591 appe-

277 602 353 632 titus
377 610 411 631 se
434 599 530 630 habet
554 598 594 629 ad
610 597 834 628 conditionem
858 597 977 628 obiecti
994 596 1176 637 appetibilis
1196 596 1256 626 sibi
1279 604 1355 635 pro-

276 646 374 687 positi
399 654 438 675 eo
463 643 565 674 modo
590 652 657 683 quo
682 641 723 673 ad
753 643 857 683 ipsam
881 652 916 672 se
942 641 1038 672 habet
1067 640 1293 681 apprehensio.
1323 639 1356 670 Si

277 691 364 721 enim
388 687 648 730 apprehendatur
670 693 827 728 tanquam
850 687 986 723 bonurn,
1012 691 1067 716 aut
1090 691 1247 725 tanquam
1274 684 1354 715 ratio
1380 665 1383 743 Ι

277 735 438 770 bonitatis,
456 739 534 764 tunc
551 733 714 773 appetitus
737 731 837 763 fertur
852 732 885 762 in
907 732 1010 772 ipsam
1027 739 1085 771 per
1100 739 1144 766 se,
1169 735 1206 760 ut
1229 730 1262 760 in
1286 738 1355 760 rem

277 780 453 821 appetitam
469 783 525 809 aut
539 778 700 808 rationem
716 778 762 807 rei
785 777 957 817 appetitae.
975 775 1009 806 Si
1025 780 1135 805 autem
1154 783 1223 805 non
1240 783 1354 815 appre-

276 824 445 860 hendatur,
462 822 518 854 sed
543 823 783 853 concomitetur
799 822 965 852 obiectum
981 820 1222 860 apprehensum
1246 824 1282 849 ut
1298 820 1354 855 sic,

277 870 439 910 appetitur
467 868 564 898 etiam
595 867 862 903 concomitanter,
895 871 926 896 et
959 871 1115 905 tanquam
1139 863 1286 894 conditio
1309 864 1355 894 rei

277 914 448 955 appetitae,
474 918 506 944 et
528 922 586 953 per
613 911 709 943 aliud.
735 911 834 947 Sicut,
866 911 892 940 si
919 909 1102 940 intellectus
1133 908 1356 949 apprehendat

276 960 403 990 bonum
426 957 606 989 universale
629 962 785 996 tanquam
813 956 938 986 bonum
972 959 1004 985 et
1031 954 1216 995 appetibile,
1241 963 1355 994 appre-

276 1003 450 1035 hendendo
463 1004 571 1043 ipsum
588 1007 624 1032 ut
640 1011 774 1032 omnem
789 1000 1024 1040 perfectionem
1041 998 1187 1035 includit,
1203 999 1248 1028 ita
1264 997 1356 1039 quod

276 1048 442 1079 includere
458 1056 593 1078 omnem
609 1045 844 1086 perfectionem
860 1045 900 1075 sit
918 1054 992 1085 pars
1013 1044 1133 1074 obiecti
1149 1043 1282 1083 cogniti,
1299 1052 1355 1083 ap-

277 1094 397 1134 petitus
420 1093 503 1123 hanc
528 1091 750 1132 cognitionem
767 1099 907 1131 sequens
930 1089 1031 1120 fertur
1047 1098 1105 1130 per
1120 1097 1155 1119 se
1178 1088 1212 1118 in
1229 1088 1355 1118 bonum

276 1137 454 1169 universale
472 1142 503 1167 et
518 1136 552 1166 in
568 1137 671 1176 ipsam
688 1135 923 1166 continentiam
940 1134 1047 1165 omnis
1064 1132 1274 1174 perfectionis
1285 1138 1355 1163 tan-

277 1191 375 1222 quam
391 1183 423 1212 in
440 1191 509 1212 rem
525 1181 715 1221 appetitam:
737 1181 763 1210 si
779 1186 889 1211 autem
905 1178 1126 1220 apprehendat
1142 1186 1354 1209 communem

276 1228 435 1257 rationem
459 1226 537 1256 boni
562 1235 619 1266 per
642 1226 890 1256 abstractionem
906 1225 945 1255 ab
970 1225 1062 1255 omni
1085 1223 1247 1264 principio
1271 1222 1355 1253 limi-

276 1277 363 1302 tante
387 1271 427 1302 ad
450 1270 676 1311 particularem
700 1270 842 1310 aliquam
866 1270 945 1300 boni
969 1270 1139 1305 rationem,
1163 1267 1243 1298 nihil
1267 1266 1354 1298 aliud

277 1317 317 1347 de
341 1317 413 1357 ipso
437 1317 527 1346 bono
551 1316 720 1346 communi
744 1314 1030 1355 apprehendendo,
1050 1320 1130 1344 tunc
1155 1313 1355 1343 continentia

278 1362 384 1392 omnis
407 1361 559 1392 bonitatis
584 1366 615 1390 et
648 1359 855 1400 perfectionis
883 1370 951 1391 non
985 1365 1032 1391 est
1056 1368 1129 1399 pars
1153 1357 1273 1388 obiecti
1297 1366 1354 1388 co—

277 1407 367 1446 gniti,
391 1406 447 1437 sed
477 1405 622 1436 conditio
655 1406 881 1436 concomitans
914 1406 1081 1436 obiectum
1108 1404 1294 1443 cognitum3
1323 1407 1355 1432 et

277 1451 439 1492 appetitus
463 1451 551 1481 illam
575 1451 870 1491 apprehensionem
898 1459 1038 1491 sequens
1061 1449 1162 1479 fertur
1192 1449 1226 1478 in
1251 1447 1354 1478 conti·

277 1497 420 1527 nentiam
444 1497 550 1526 omnis
573 1495 791 1536 perfectionis,
816 1504 883 1526 non
908 1505 967 1536 per
989 1505 1033 1532 se,
1051 1493 1107 1524 sed
1130 1502 1188 1534 per
1211 1491 1299 1523 aliud
1323 1497 1355 1522 et

278 1541 545 1577 concomitanter,
569 1541 766 1581 inquantum
795 1540 848 1571 illa
876 1546 923 1571 est
954 1539 1100 1571 conditio
1129 1538 1355 1569 concomitans
1393 1546 1395 1548 ·

278 1587 444 1617 obiectum
468 1586 660 1626 appetitum.

333 1631 385 1662 Sic
409 1640 486 1671 ergo
510 1631 543 1661 in
560 1631 741 1671 proposito,
759 1630 836 1670 quia
851 1630 1145 1670 apprehensionem
1168 1637 1237 1658 esse
1260 1627 1354 1657 abso-

278 1676 344 1707 lute
368 1677 490 1716 absque
513 1675 706 1706 limitatione
731 1674 771 1705 ad
802 1674 937 1715 aliquod
959 1680 1089 1715 tempus
1117 1672 1356 1703 concomitatur

278 1722 475 1761 perpetuitas
499 1719 624 1751 essendi
648 1721 795 1761 negative
811 1725 968 1760 tanquam
993 1719 1139 1751 conditio
1164 1717 1283 1748 obiecti
1300 1725 1356 1747 co-

278 1766 358 1806 gniti
381 1771 417 1796 ut
441 1766 495 1801 sic,
520 1765 595 1796 ideo
620 1770 651 1796 et
674 1765 836 1805 appetitus
862 1765 964 1805 ipsius
988 1774 1057 1795 esse
1085 1762 1232 1796 absolute
1255 1760 1356 1792 fertur

278 1811 535 1842 concomitanter
557 1815 684 1841 tantum
699 1811 733 1840 in
756 1811 860 1850 ipsam
877 1810 1125 1850 perpetuitatem
1149 1806 1276 1838 essendi
1298 1815 1355 1836 ne-

278 1857 382 1897 gative
410 1861 584 1896 sumptam.
616 1855 657 1886 Et
680 1855 755 1896 quia
779 1855 812 1885 in
837 1863 905 1885 esse
937 1855 983 1885 sic
1014 1860 1174 1895 perpetuo
1207 1851 1355 1891 negative

278 1900 454 1932 includitur
476 1901 674 1941 perpetuitas
705 1899 892 1930 affirmative
923 1905 1052 1940 sumpta
1076 1899 1242 1940 implicite,
1267 1896 1353 1936 quia,

278 1947 303 1977 si
327 1951 504 1986 poneretur
519 1946 553 1975 in
577 1954 685 1975 rerum
709 1950 822 1974 natura
839 1953 908 1974 esse
924 1943 1072 1974 absolute
1095 1949 1133 1974 ut
1155 1943 1353 1983 intelligitur,

278 1991 357 2022 illud
380 1995 540 2031 perpetuo
564 1989 701 2025 duraret,
720 1999 758 2019 ex
775 1998 842 2029 quo
860 1988 988 2020 nullum
1006 1989 1066 2019 sibi
1083 1994 1208 2019 certum
1224 1993 1354 2028 tempus

278 2036 520 2071 determinaret;
546 2034 621 2064 ideo
645 2034 678 2064 in
702 2034 962 2074 apprehensione
990 2042 1060 2063 esse
1083 2033 1233 2074 perpetui
1257 2041 1354 2072 nega-

278 2082 342 2111 tive
366 2078 618 2121 apprehenditur
641 2079 798 2119 implicite
828 2087 897 2109 esse
921 2083 1117 2118 perpetuum
1149 2077 1353 2114 affirmative;

278 2131 309 2157 et
325 2126 486 2166 appetitus
503 2134 571 2155 esse
595 2124 742 2154 absolute
759 2124 882 2164 appetit
901 2123 1057 2163 implicite
1074 2132 1142 2154 esse
1159 2128 1355 2163 perpetuum

279 2170 475 2202 affirmative.
500 2169 541 2200 Et
564 2169 610 2199 sic
634 2174 723 2210 patet
740 2167 830 2209 quod
847 2177 887 2199 eo
903 2167 1005 2199 modo
1023 2177 1091 2208 quo
1108 2167 1270 2208 appetitur
1286 2176 1355 2198 esse

279 2221 484 2257 perpetuum,
510 2214 607 2245 etiam
631 2214 670 2244 ab
693 2213 861 2244 intellectu
885 2212 1152 2254 apprehenditur:
1179 2217 1210 2243 et
1234 2222 1251 2243 e
1276 2221 1356 2243 con-

279 2271 382 2297 verso,
407 2261 490 2291 sicut
513 2258 777 2300 apprehenditur,
801 2259 844 2288 ita
869 2258 1040 2299 appetitur.

337 2315 366 2336 2.
391 2305 442 2336 Ad
466 2304 661 2336 evidentiam
678 2302 812 2334 secundi
829 2302 929 2339 dubii,
947 2301 1180 2333 consideranda
1198 2307 1245 2332 est
1268 2302 1356 2332 simi-

280 2350 383 2381 litudo
408 2359 507 2390 quam
530 2350 624 2390 ponit
647 2348 784 2379 Sanctus
811 2347 956 2378 Thomas
979 2348 1062 2378 inter
1082 2347 1241 2388 principia
1263 2352 1357 2377 natu-

280 2396 355 2426 ralia
379 2395 434 2432 rei,
456 2399 487 2425 et
503 2394 725 2434 cognitionem
749 2393 842 2423 boni:
860 2393 937 2432 quia
953 2392 1084 2428 scilicet,
1107 2392 1191 2423 sicut
1214 2391 1254 2422 ad
1269 2392 1357 2432 prin-

281 2441 364 2481 cipia
387 2439 543 2470 naturalia
567 2439 778 2479 consequitur
794 2437 955 2478 appetitus
979 2436 1106 2468 essendi
1128 2437 1290 2473 naturalis,
1315 2437 1358 2466 ita

281 2490 313 2516 et
343 2484 383 2515 ad
413 2484 706 2525 apprehensionem
736 2483 838 2523 ipsius
862 2491 942 2512 esse.
975 2481 1078 2513 Cuius
1108 2482 1238 2522 signum
1264 2482 1359 2522 ponit

282 2530 357 2570 quia
382 2534 413 2560 et
436 2538 473 2560 ea
497 2538 581 2569 quae
605 2528 829 2568 cognitionem
857 2532 975 2563 carent,
1004 2532 1036 2557 et
1064 2536 1102 2557 ea
1130 2536 1215 2567 quae
1246 2526 1359 2567 cogni-

281 2575 405 2605 tionem
428 2573 557 2610 habent,
581 2573 732 2604 resistunt
753 2572 1050 2612 corrumpentibus:
1075 2571 1129 2602 illa
1153 2570 1287 2612 quidem
1310 2580 1360 2601 se-

282 2618 426 2650 cundum
450 2618 601 2649 virtutem
629 2627 764 2648 suorum
794 2617 1030 2658 principiorum
1060 2616 1276 2652 naturalium3
1300 2615 1359 2646 ista

282 2670 390 2694 autem
415 2662 596 2694 secundum
620 2661 758 2694 modum
781 2672 859 2693 suae
883 2661 1089 2703 cognitionis
1115 2661 1163 2692 Ex
1187 2661 1247 2692 hac
1271 2661 1359 2691 enim

281 2707 490 2739 similitudine
504 2714 535 2739 et
551 2708 795 2748 comparatione
812 2712 944 2748 apparet
961 2705 1061 2748 quod,
1079 2707 1162 2737 sicut
1177 2705 1359 2736 secundum

282 2753 503 2784 conditionem
528 2753 764 2794 principiorum
788 2752 983 2783 naturalium
1010 2751 1172 2792 appetitus
1196 2751 1249 2782 illa
1272 2751 1360 2792 prin-

282 2799 365 2839 cipia
388 2807 593 2838 consequens
617 2797 803 2828 naturaliter
826 2797 949 2838 appetit
972 2806 1052 2833 esse,
1075 2814 1098 2818 -
1117 2797 1194 2837 quia
1217 2805 1359 2837 quorum

283 2844 439 2884 principia
462 2843 581 2874 habent
604 2843 756 2873 virtutem
779 2841 818 2872 ad
841 2851 909 2873 esse
926 2847 1131 2882 perpetuum,
1155 2841 1209 2871 illa
1233 2846 1360 2872 natura-

283 2889 352 2919 liter
372 2893 530 2928 appetunt
549 2897 618 2918 esse
631 2893 841 2927 perpetuum;
866 2886 919 2917 illa
942 2896 1020 2917 vero
1044 2895 1187 2926 quorum
1203 2886 1362 2926 principia

283 2942 349 2964 non
373 2933 493 2963 habent
523 2933 674 2963 virtutem
706 2931 747 2962 ad
777 2930 1036 2962 conservandum
1068 2940 1136 2961 esse
1166 2936 1362 2971 perpetuum

283 2977 339 3008 sed
362 2987 465 3019 usque
483 2977 523 3008 ad
539 2977 747 3008 terminatum
763 2982 902 3017 tempus,
919 2985 987 3006 non
1004 2981 1162 3016 appetunt
1177 2975 1363 3006 naturaliter

284 3031 352 3053 esse
367 3022 428 3053 nisi
443 3027 535 3053 tanto
556 3027 705 3063 ternpore
725 3039 747 3043 —
762 3022 805 3051 ita
823 3020 1005 3052 secundum
1021 3019 1159 3051 modum
1183 3021 1364 3061 apprehen·

284 3067 382 3098 sionis
416 3067 518 3108 ipsius
552 3076 619 3098 esse
653 3071 783 3107 oportet
814 3075 882 3097 esse
913 3065 1052 3096 modum
1087 3065 1261 3106 appetendi
1294 3074 1362 3096 esse

285 3112 486 3149 naturaliter;
520 3117 556 3142 ut
587 3112 639 3142 illa
674 3111 795 3142 scilicet
826 3119 909 3151 quae
945 3109 1192 3152 apprehendunt
1225 3119 1294 3141 esse
1327 3115 1364 3141 ut

285 3166 386 3194 nunc,
420 3155 601 3188 desiderent
632 3156 818 3187 naturaliter
845 3164 914 3186 esse
935 3160 971 3186 ut
1002 3164 1107 3191 nunc;
1141 3164 1223 3195 quae
1255 3159 1364 3186 autem

286 3200 533 3242 apprehendunt
557 3210 625 3232 esse
650 3206 855 3242 perpetuum,
882 3199 1064 3231 desiderent
1087 3200 1273 3231 naturaliter
1297 3209 1365 3230 esse

287 3252 492 3287 perpetuum.

343 3290 430 3322 Cum
453 3300 530 3331 ergo
556 3290 715 3326 obiicitur,
734 3290 809 3330 quia
827 3290 885 3320 ista
902 3295 949 3320 est
972 3294 1098 3319 tantum
1123 3288 1283 3329 quaedam
1304 3289 1365 3319 im-

288 3335 428 3375 perfecta
444 3335 607 3366 voluntas:
627 3335 689 3365 hoc
703 3340 847 3375 negatur.
865 3334 933 3364 Nec
951 3339 998 3364 est
1014 3333 1118 3364 simile
1136 3333 1175 3364 de
1193 3343 1260 3364 esse
1277 3339 1308 3364 et
1325 3333 1364 3364 de

290 3380 355 3410 aliis
379 3380 633 3421 perfectionibus
665 3379 799 3410 aliarum
824 3388 942 3410 rerum.
973 3378 1059 3417 Quia
1083 3387 1151 3409 esse
1180 3379 1365 3409 naturaliter

795 295 984 332 SUMMA
1014 293 1237 331 CONTRA
1266 291 1542 337 GENTILES,
1571 292 1729 337 LIB.11‚
1761 292 1872 329 CAP.
1893 294 1974 330 LV.

1411 372 1573 412 appetitur
1596 372 1635 401 ab
1659 380 1866 411 unoquoque
1889 380 1950 401 suo
1981 371 2099 403 modo:
2123 383 2192 404 non
2219 381 2328 408 autem
2353 378 2487 409 aliarum

1410 426 1518 447 rerum
1542 415 1759 456 perfectiones
1778 415 1964 446 naturaliter
1987 422 2185 457 appetuntur
2208 420 2247 449 ab
2270 430 2486 464 unoquoque.

1410 461 1487 492 Ideo
1501 466 1532 491 et
1548 460 1734 491 naturaliter
1749 461 1912 501 appetitur
1927 461 2036 501 ipsum
2053 471 2132 499 esse,
2153 464 2334 496 secundum
2349 468 2487 499 modum

1411 516 1478 546 quo
1503 505 1766 546 apprehenditur.

1466 550 1518 581 Ad
1534 549 1819 581 confirmationem
1831 550 1947 581 dicitur
1959 550 2051 591 quod
2063 554 2298 593 consequentia
2309 563 2377 585 non
2388 560 2487 587 tenet.

1410 595 1496 633 Quia
1519 595 1736 636 apprehensio
1760 604 1825 634 qua
1848 595 1950 625 homo
1967 597 2180 636 apprehendit
2196 607 2266 628 esse
2281 605 2487 640 perpetuum,

1409 650 1477 671 non
1503 646 1550 671 est
1566 641 1713 680 operatio
1736 640 1837 670 totius
1853 641 2039 680 compositi,
2056 642 2149 682 quasi
2172 652 2190 672 a
2214 644 2400 684 composito
2428 645 2489 675 im-

1410 685 1549 715 mediate
1573 685 1687 721 elicita,
1712 684 1770 714 sed
1793 689 1840 714 est
1856 685 2003 724 operatio
2019 686 2119 718 solius
2138 688 2281 719 animae:
2306 688 2488 721 secundum

1410 739 1509 770 quam
1527 730 1624 760 etiam
1641 729 1758 760 dicitur
1773 729 1875 759 homo
1891 730 2080 770 intelligere,
2097 732 2224 768 sicutet
2240 734 2279 764 ab
2297 735 2488 774 operatione

1409 775 1507 815 partis
1531 780 1639 805 totum
1663 773 1893 805 denominatur
1908 775 1935 804 ''-
1961 774 2038 806 ldeo
2065 785 2134 807 non
2157 783 2288 817 oportet
2315 784 2352 809 ut
2378 780 2487 820 ipsum

1410 820 1633 860 compositum
1661 818 1848 849 naturaliter
1874 824 2005 860 appetat
2036 829 2105 851 esse
2132 828 2342 862 perpetuum:
2371 824 2428 855 sed
2451 829 2488 855 ut

1410 865 1479 895 sola
1491 865 1598 895 anima
1610 864 1753 894 hominis
1769 864 2019 903 perpetuitatem
2035 866 2221 897 naturaliter
2236 874 2376 909 appetat,
2394 870 2487 900 cuius

1410 909 1510 940 solius
1543 914 1590 940 est
1622 909 1872 949 perpetuitatem
1902 909 2155 950 apprehendere.
2190 911 2286 944 Unde
2316 913 2449 945 inferius
2471 916 2488 931 ¹*

1410 954 1546 985 Sanctus
1570 954 1727 990 Thomas,
1752 953 1870 984 eodem
1893 961 2086 995 argumento
2114 956 2255 996 probans
2278 958 2404 989 animae
2427 960 2487 990 hu-

1409 1008 1524 1030 manae
1547 1000 1808 1039 perpetuitatem,
1832 999 2016 1030 concludit:
2043 1000 2263 1042 Consequitur
2285 1011 2369 1044 ergo
2391 1003 2488 1035 homo

1403 1044 1656 1084 perpetuitatem
1679 1043 1857 1074 secundum
1884 1045 2039 1079 animam,
2063 1055 2129 1086 qua
2152 1055 2221 1077 esse
2246 1047 2437 1088 simpliciter
2458 1054 2491 1080 et

1409 1089 1586 1119 secundum
1611 1098 1706 1119 omne
1730 1094 1854 1130 tempus
1876 1089 2099 1130 apprehendit.

1467 1133 1497 1164 3.
1522 1133 1575 1164 Ad
1597 1135 1724 1164 tertiam
1741 1134 1972 1172 obtectionem,
1990 1144 2074 1176 quae
2090 1136 2229 1166 sumitur
2252 1145 2291 1166 ex
2307 1136 2419 1173 Scuto,
2441 1136 2490 1169 di-

1410 1178 1494 1209 citur
1516 1177 1608 1219 quod
1628 1179 1786 1219 accipitur
1808 1179 1873 1209 hoc
1896 1180 1972 1211 loco
1989 1181 2153 1221 appetitus
2176 1181 2329 1212 naturalis
2353 1187 2390 1212 ut
2412 1182 2491 1213 dicit

1410 1228 1519 1253 actum
1536 1223 1681 1254 elicitum
1704 1224 1886 1255 necessario
1904 1226 2128 1265 cognitionem
2149 1231 2181 1256 et
2195 1227 2490 1267 apprehensionem

1409 1268 1488 1298 boni
1513 1274 1780 1309 consequentem.
1799 1268 1887 1299 Cum
1902 1279 1979 1301 vero
1995 1272 2140 1311 arguitur
2155 1271 2246 1312 quod
2269 1277 2352 1303 esset
2375 1273 2490 1312 petitio

1409 1313 1575 1353 principii:
1599 1319 1746 1354 negatur.
1782 1313 1869 1351 Quia
1900 1315 1992 1356 quod
2021 1316 2085 1347 tale
2115 1315 2311 1347 desiderium
2344 1317 2490 1348 naturale

1409 1358 1595 1388 substantiis
1618 1358 1891 1389 intellectualibus
1915 1361 2000 1397 insit,
2025 1361 2182 1401 probatur
2198 1371 2237 1392 ex
2253 1371 2294 1393 eo
2318 1361 2410 1402 quod
2433 1371 2490 1402 ap-

1409 1402 1616 1444 prehendunt
1640 1413 1710 1434 esse
1733 1409 1941 1445 perpetuum.
1973 1405 2021 1436 Ex
2045 1406 2110 1436 hoc
2134 1411 2244 1437 autem
2273 1407 2410 1438 naturali
2433 1416 2490 1448 ap-

1408 1448 1513 1488 petitu
1545 1458 1564 1478 a
1593 1449 1766 1488 posteriori
1798 1449 2006 1481 concluditur
2036 1452 2122 1492 ipsas
2152 1461 2222 1482 esse
2253 1457 2427 1492 perpetuas
2458 1457 2490 1482 et

1407 1493 1680 1533 incorruptibiles.

1464 1537 1549 1568 XXI.
1577 1538 1814 1569 Tertiodecimo
1824 1539 1850 1569 *.
1875 1539 1951 1570 Non
1975 1545 2154 1580 potuerunt
2180 1541 2324 1582 incipere
2347 1541 2409 1571 nisi
2431 1549 2490 1582 per

1408 1583 1590 1623 potentiam
1614 1584 1710 1624 primi
1734 1584 1867 1625 agentiS.
1889 1584 1976 1625 Ergo
1999 1594 2068 1616 non
2089 1591 2227 1626 possunt
2250 1586 2396 1617 desinere
2420 1594 2491 1616 esse

1408 1628 1469 1658 nisi
1493 1637 1551 1668 per
1574 1629 1755 1668 potentiam
1778 1630 1875 1670 primi
1899 1631 2033 1669 agentis.
2056 1649 2080 1653 —
2102 1630 2260 1661 Probatur
2283 1629 2488 1662 antecedens.

1409 1672 1495 1710 Quia
1511 1682 1580 1703 non
1596 1679 1671 1704 sunt
1688 1683 1726 1704 ex
1742 1674 1875 1704 materia
1892 1683 1976 1715 quae
1993 1675 2137 1715 potuerit
2155 1674 2342 1716 praefuisse.
2358 1693 2382 1698 -
2398 1674 2490 1706 Con-

1409 1717 1577 1758 sequentia
1594 1718 1691 1749 etiam
1707 1719 1872 1759 probatur.
1897 1719 1984 1757 Quia
2000 1729 2084 1760 quae
2099 1720 2260 1760 incipiunt
2282 1726 2315 1751 et
2337 1719 2490 1751 desinunt

1410 1771 1489 1798 esse,
1514 1771 1571 1803 per
1594 1762 1731 1794 eandem
1755 1765 1935 1804 potentiam
1959 1765 2079 1795 habent
2102 1770 2288 1806 utrumque.

1467 1807 1579 1838 Posset
1602 1814 1712 1839 autem
1728 1809 1854 1850 aliquis,
1870 1809 1931 1840 hac
1949 1811 2075 1840 ratione
2090 1815 2211 1846 motus,
2236 1819 2385 1850 arguere:
2409 1809 2490 1840 Pos-

1411 1857 1486 1882 sunt
1509 1852 1587 1882 tales
1616 1854 1812 1884 substantiae
1837 1853 1983 1885 desinere
2008 1864 2079 1885 esse
2102 1863 2160 1895 per
2187 1855 2369 1895 potentiam
2393 1855 2490 1895 primi

1410 1897 1544 1971 agectlitis.
1565 1897 1652 1937 Ergo
1676 1903 1752 1928 sunt
1775 1898 2012 1938 corruptibiles.
2030 1898 2134 1930 Cuius
2150 1899 2342 1939 oppositum
2364 1899 2418 1930 hic
2441 1899 2490 1930 in-

1409 1947 1464 1972 ten
1489 1942 1562 1971 itur.

1465 1985 1655 2026 Respondet
1685 1985 1822 2018 Sanctus
1849 1986 1996 2018 Thomas
2026 1987 2178 2028 negando
2209 1987 2490 2029 consequentiam.

1410 2030 1499 2061 Tum
1523 2031 1600 2071 quia
1626 2039 1677 2062 res
1700 2030 1853 2062 dicuntur
1874 2032 2076 2063 necessariae
2099 2037 2132 2063 et
2157 2033 2394 2074 contingentes,
2421 2040 2491 2064 non

1410 2085 1468 2116 per
1491 2076 1671 2116 potentiam
1703 2077 1925 2114 extrinsecam,
1950 2076 2007 2108 sed
2022 2086 2080 2117 per
2106 2077 2324 2109 intrinsecam.
2351 2095 2375 2100 —
2401 2077 2491 2108 Tum

1411 2121 1497 2161 quia,
1522 2129 1599 2151 cum
1623 2121 1663 2151 sit
1686 2121 1732 2152 eis
1756 2122 1928 2162 proprium
1951 2121 2044 2162 quod
2059 2122 2122 2153 sint
2137 2127 2324 2164 perpetuae,
2341 2132 2410 2154 non
2426 2122 2491 2154 hoc

1410 2165 1568 2196 subtrahit
1595 2166 1635 2196 ab
1660 2166 1705 2196 eis
1732 2166 1836 2197 Deus:
1862 2166 1938 2197 licet
1963 2167 2111 2198 absolute
2138 2176 2193 2198 eas
2216 2167 2393 2199 annihilare
2415 2175 2492 2209 pos—

1411 2215 1468 2242 set.
1489 2209 1577 2241 Cum
1601 2210 1690 2241 enim
1713 2211 1803 2242 Deus
1826 2211 1867 2242 sit
1889 2216 2022 2242 naturae
2043 2212 2218 2250 institutor,
2241 2221 2310 2243 non
2334 2212 2493 2245 subtrahit

1411 2266 1429 2286 a
1452 2255 1549 2286 rebus
1569 2255 1660 2296 quod
1684 2262 1732 2286 est
1754 2257 1925 2297 proprium
1948 2257 2071 2287 naturis
2093 2265 2217 2288 earum.

1470 2309 1499 2331 2.
1524 2299 1588 2331 Sed
1612 2301 1755 2332 occurrit
1777 2300 1916 2332 dubium
1939 2301 2003 2332 hoc
2026 2301 2114 2332 loco.
2131 2301 2268 2333 Videtur
2288 2303 2376 2333 enim
2400 2300 2492 2342 quod

1412 2345 1465 2375 hic
1489 2344 1606 2376 dicitur
1629 2345 1787 2376 adversari
1811 2346 1850 2376 iis
1874 2355 1959 2387 quae
1974 2347 2124 2387 superius
2141 2346 2176 2377 in
2200 2346 2343 2378 secunda
2365 2347 2492 2378 ratione

1413 2389 1497 2420 dicta
1515 2395 1601 2421 sunt.
1627 2390 1673 2421 lbi
1698 2391 1785 2422 enim
1809 2396 1977 2422 ostensum
2002 2396 2050 2422 est
2072 2390 2163 2431 quod
2185 2391 2387 2423 substantiae
2408 2400 2493 2432 quae

1412 2439 1490 2466 sunt
1512 2435 1602 2475 ipsae
1607 2435 1756 2477 formae,
1775 2445 1941 2477 nunquam
1953 2441 2095 2477 possunt
2103 2436 2236 2477 privari
2251 2445 2329 2473 esse,
2346 2442 2380 2467 et
2401 2435 2492 2477 quod

1414 2480 1611 2520 impossibile
1625 2485 1674 2511 est
1696 2486 1732 2511 ut
1746 2490 1816 2511 esse
1830 2481 1991 2517 desinant,
2010 2490 2051 2512 eo
2067 2480 2159 2522 quod
2175 2489 2244 2512 esse
2252 2490 2318 2522 per
2330 2490 2366 2512 se
2379 2489 2493 2512 conse-

1413 2529 1535 2566 quatur
1548 2525 1711 2566 sormam.
1737 2525 1800 2556 Hic
1817 2531 1927 2557 autem
1944 2525 2061 2557 dicitur
2084 2525 2175 2567 quod
2191 2530 2330 2567 possunt
2345 2525 2492 2557 desinere

1415 2578 1484 2600 esse
1507 2578 1566 2610 per
1588 2570 1770 2610 potentiam
1794 2570 1891 2611 primi
1914 2571 2047 2611 agentis.

1471 2613 1523 2645 Ad
1546 2615 1610 2645 hoc
1634 2614 1806 2656 dupliciter
1829 2614 2019 2656 responderi
2042 2620 2159 2655 potest.
2184 2615 2305 2652 Primo,
2325 2614 2416 2656 quod
2438 2621 2494 2646 su-

1415 2659 1524 2700 perius
1546 2659 1703 2690 intellexit
1729 2669 1782 2691 eas
1805 2669 1873 2691 non
1901 2669 1998 2701 posse
2027 2659 2175 2691 desinere
2202 2669 2272 2691 esse
2295 2669 2354 2701 per
2375 2664 2494 2701 poten·-

1414 2704 1493 2734 tiam
1525 2703 1667 2744 aliquam
1695 2705 1914 2742 intrinsecam,
1942 2713 2011 2746 quo
2040 2703 2142 2735 modo
2173 2703 2356 2736 dicerentur
2383 2713 2494 2735 corru-

1415 2748 1553 2790 ptibiles.
1579 2749 1665 2780 Huic
1690 2755 1799 2781 autem
1823 2759 1889 2780 non
1914 2754 2074 2791 repugnat
2089 2749 2181 2790 quod
2200 2749 2347 2780 desinere
2369 2749 2496 2790 possint

1415 2803 1473 2834 per
1497 2795 1678 2834 potentiam
1694 2795 1906 2826 extrinsecam
1921 2795 2018 2835 primi
2041 2794 2214 2831 moventis,
2230 2799 2268 2826 ut
2290 2795 2343 2825 hic
2366 2792 2494 2825 dicitur.

1473 2837 1626 2870 Secundo
1650 2845 1759 2880 potest
1782 2838 1971 2880 responderi
1988 2838 2080 2880 quod
2098 2840 2247 2880 superius
2270 2839 2426 2870 intellexit
2442 2847 2496 2870 eas

1416 2893 1485 2914 non
1509 2893 1605 2924 posse
1621 2894 1738 2926 privari
1754 2893 1833 2921 esse,
1858 2884 1936 2925 ipsis
1951 2889 2011 2915 aut
2024 2884 2136 2926 aliquo
2153 2884 2299 2925 ipsarum
2316 2884 2349 2915 in
2374 2888 2496 2915 natura

1417 2929 1631 2965 manentibus,
1648 2929 1739 2970 quod
1756 2934 1804 2960 est
1819 2930 2139 2971 percorruptionem
2155 2928 2302 2960 desinere
2318 2937 2402 2960 esse:
2426 2937 2496 2959 non

1417 2979 1526 3014 potest
1542 2975 1630 3005 enim
1646 2973 1770 3015 aliquid
1792 2975 1936 3015 ipsarum
1959 2983 2127 3005 remanere
2142 2974 2202 3005 sub
2226 2983 2294 3005 non
2320 2982 2389 3005 esse
2412 2973 2496 3014 ipsa-

1418 3028 1501 3055 rum,
1531 3028 1606 3050 cum
1631 3019 1694 3050 sint
1717 3020 1856 3050 omnino
1880 3018 2062 3050 secundum
2085 3019 2299 3050 substantiam
2321 3018 2495 3060 simplices.

1418 3064 1482 3094 Hic
1506 3069 1615 3095 autem
1639 3064 1709 3095 vult
1732 3063 1823 3105 quod
1847 3064 1973 3104 possint
1995 3063 2143 3095 desinere
2165 3073 2236 3095 esse
2259 3073 2317 3105 per
2340 3062 2496 3095 annihila*-

1418 3109 1553 3145 tionem,
1577 3109 1611 3139 in
1635 3118 1701 3150 qua
1726 3109 1807 3140 nihil
1830 3110 1876 3140 rei
1907 3108 2102 3140 annihilatae
2133 3113 2279 3140 remanet
2308 3108 2343 3139 in
2372 3111 2495 3138 natura.

1420 3153 1558 3185 Constat
1569 3158 1679 3184 autem
1690 3154 1770 3185 haec
1783 3154 1907 3185 nullam
1918 3154 2002 3185 inter
2013 3162 2048 3184 se
2060 3152 2352 3184 contradictionem
2366 3151 2494 3182 habere.

1475 3197 1708 3229 Conrmmwn
1725 3198 1894 3229 conclusio
1911 3199 2102 3230 auctoritate
2118 3198 2247 3234 Psalmi,
2264 3195 2412 3228 Laudaee
2426 3195 2496 3226 Do-

1419 3243 1542 3273 minum
1559 3243 1598 3274 de
1614 3243 1722 3279 caelis,
1737 3249 1797 3274 etc.
1809 3253 1816 3273 τ
1830 3243 1896 3279 ubi,
1913 3243 2109 3274 enumeratis
2121 3242 2244 3283 angelis
2259 3246 2291 3272 et
2306 3239 2497 3271 caelestibus

1420 3288 1622 3328 corporibus,
1647 3288 1861 3329 subiungitur,
1886 3287 2009 3318 Statuit
2028 3297 2067 3318 ea
2091 3287 2124 3318 in
2147 3291 2316 3317 aeternum
2340 3289 2400 3315 etc.
2417 3302 2440 3306 -
2456 3283 2498 3315 Et

1420 3332 1597 3373 Dionysius
1614 3333 1721 3369 etiarn,
1738 3343 1773 3363 m
1798 3341 1868 3374 cap.
1886 3332 1925 3364 de
1940 3332 2015 3364 Div.
2033 3332 2129 3363 Nom.
2143 3331 2170 3367 “,
2186 3330 2230 3360 ait
2249 3329 2341 3370 quod
2358 3334 2498 3370 propter

1421 3377 1552 3408 divinae
1574 3377 1729 3408 bonitatis
1753 3377 1867 3408 radios
1890 3383 1951 3408 etc.

2515 784 2524 793 ·
2533 782 2570 805 Cf.
2581 788 2651 811 supra
2660 782 2730 806 Com-

2515 813 2586 832 ment.
2603 815 2654 838 cap.
2668 815 2691 837 1.,
2705 815 2729 832 n.

2514 842 2541 862 ιι,
2551 842 2572 865 3.

2515 919 2524 929 ·
2539 918 2598 945 Cap.
2613 923 2694 940 uxta.

2516 1550 2526 1560 ·
2541 1548 2578 1571 Cf.
2593 1554 2615 1570 n.
2626 1553 2684 1570 πει.

2524 3342 2534 3352 ·
2550 3341 2589 3363 ΑΙ.
2599 3346 2623 3363 tv
2632 3346 2685 3368 oap-
