2742 4152
889 265 1079 304 SUMMA
1108 267 1330 306 CONTRA
1358 269 1634 317 GENTILES,
1666 269 1776 307 CAP.
1797 271 1879 308 XV.

287 346 446 386 expositio
470 346 637 377 intendere
659 346 795 383 videtur,
819 347 941 377 scilicet
964 347 1054 387 quod
1072 348 1153 378 ratio
1170 349 1361 379 aeternitatis

288 396 336 422 est
358 399 427 421 esse
449 390 705 422 uniformitatem
727 392 774 422 rei
797 391 934 422 omnino
957 392 1176 423 immutabilis.

344 434 375 465 3.
398 434 462 465 Pro
478 435 624 466 secundo
640 435 753 472 modo,
770 435 1002 466 advertendum
1019 437 1118 477 quod,
1136 438 1212 477 quia
1225 437 1360 468 Sanctus

287 479 433 510 Thomas
454 479 525 510 vult
547 480 707 510 rationem
725 480 918 510 aeternitatis
934 490 973 511 ex
989 482 1112 512 ratione
1128 483 1283 522 temporis
1299 491 1359 512 no-

285 522 422 560 tificare;
447 529 479 554 et
501 524 584 555 sicut
607 523 684 554 dicit
709 525 868 555 rationem
894 527 1049 566 temporis
1075 527 1109 556 in
1135 527 1360 557 numeratione

285 568 472 605 consistere,
484 568 527 599 ita
543 568 620 599 dicit
634 569 794 599 rationem
809 570 1002 600 aeternitatis
1014 571 1188 601 consistere
1200 571 1233 601 in
1246 579 1360 611 appre-

285 612 458 644 hensione:
475 612 551 643 ideo
565 613 726 643 rationem
737 615 930 644 aeternitatis
942 615 1116 646 consistere
1132 616 1165 645 in
1181 615 1360 656 apprehen-

285 657 378 688 sione
404 657 691 697 proportionaliter
721 658 952 698 exponendum
982 665 1029 690 est
1058 659 1098 690 ad
1127 659 1265 690 modum
1292 667 1360 699 quo

285 701 403 732 dicitur
424 702 582 732 rationem
605 703 762 742 temporis
785 703 818 733 in
841 705 1066 735 numeratione
1085 704 1270 735 consistere.

342 745 406 776 Ubi
429 745 599 776 sciendum
623 752 671 776 est
694 746 794 787 quod,
820 757 896 778 cum
919 754 1049 789 tempus
1069 749 1109 778 sit
1128 748 1238 788 aliquo
1258 746 1360 778 modo

285 790 482 821 continuum
505 795 537 821 et
560 790 670 830 aliquo
700 791 802 822 modo
827 792 1010 829 discretum,
1036 793 1112 832 quia
1133 792 1284 822 videlicet
1315 795 1362 821 est

285 843 441 865 numerus
463 844 572 865 rerum
595 836 834 873 continuarum,
851 837 972 868 scilicet
994 837 1109 877 prioris
1126 841 1158 867 et
1175 836 1362 876 posterioris

284 879 320 910 in
341 884 447 915 motu,
472 878 643 920 dupliciter
665 889 841 920 possumus
859 881 951 921 loqui
976 880 1017 911 de
1041 885 1205 920 tempore:
1230 880 1361 916 scilicet,

286 928 447 964 quantum
462 923 504 955 ad
518 924 587 954 eius
604 926 868 962 continuitatem;
885 930 917 956 et
932 930 1092 965 quantum
1108 924 1148 955 ad
1164 925 1233 955 eius
1245 924 1362 956 discre-

285 968 411 998 tionem
442 973 474 999 et
503 970 740 1009 separationem
769 970 919 1010 partium.
951 969 1097 999 Primum
1121 970 1273 1000 convenit
1302 970 1362 1000 sibi

286 1012 411 1043 realiter
434 1012 615 1044 secundum
639 1022 707 1044 esse
731 1013 822 1054 quod
845 1014 941 1044 habet
964 1019 1051 1044 extra
1074 1013 1290 1044 intellectum:
1315 1019 1362 1045 est

287 1057 375 1088 enim
398 1066 473 1088 vere
497 1058 702 1094 continuum,
726 1058 809 1088 sicut
832 1063 864 1088 et
886 1063 996 1088 motus
1021 1067 1120 1098 quem
1143 1064 1307 1089 mensurat
1331 1064 1362 1089 et

285 1101 320 1132 in
337 1111 405 1142 quo
422 1107 479 1133 est.
501 1101 689 1133 Secundum
704 1107 814 1133 autem
829 1102 890 1132 sibi
905 1103 1059 1133 convenit
1074 1103 1255 1134 secundum
1271 1103 1362 1143 quod

285 1146 539 1187 apprehenditur
562 1146 601 1176 ab
624 1147 731 1177 anima
754 1152 920 1187 separante
952 1152 983 1177 et
1016 1147 1231 1188 distinguente
1254 1149 1362 1188 ipsum

286 1191 321 1221 in
343 1195 460 1231 partes,
483 1195 564 1231 puta
585 1190 620 1220 in
643 1190 721 1227 dies,
745 1200 884 1227 menses,
909 1201 1012 1222 annos
1036 1197 1068 1222 et
1095 1192 1297 1229 huiusmodi;
1331 1198 1362 1223 et

284 1235 432 1266 similiter
453 1240 620 1275 separante
643 1235 786 1276 primurn
804 1241 933 1266 motum
952 1237 986 1267 in
1002 1242 1108 1277 partes
1123 1238 1265 1277 partibus
1281 1243 1362 1268 tem-

285 1279 376 1320 poris
399 1279 699 1320 correspondentes.
724 1280 785 1311 Ista
809 1281 896 1311 enim
919 1282 1078 1321 separatio
1101 1291 1170 1312 non
1194 1287 1241 1313 est
1263 1283 1296 1312 in
1317 1291 1361 1319 re,

285 1328 454 1356 enrn'tam
476 1330 582 1365 partes
604 1324 762 1365 temporis
785 1333 883 1365 quarn
906 1331 1012 1365 partes
1034 1331 1145 1357 motus
1169 1332 1255 1357 extra
1270 1327 1363 1358 intel—

287 1369 409 1400 lectum
431 1369 496 1400 sint
518 1370 711 1401 continuae:
735 1369 791 1400 sed
813 1375 941 1400 tantum
965 1376 1012 1401 est
1040 1371 1075 1401 in
1105 1372 1363 1412 apprehensione

287 1413 481 1445 intellectus.
504 1412 546 1445 Et
568 1420 618 1446 est
638 1413 743 1445 simsse
766 1423 803 1445 ac
831 1415 857 1445 si
885 1414 1066 1446 diceremus
1094 1415 1185 1456 quod
1214 1416 1363 1447 denarius

285 1467 443 1490 numerus
465 1467 534 1500 quo
556 1459 730 1490 intrinsece
753 1458 869 1490 decem
890 1459 988 1490 ulnae
1011 1461 1110 1501 panni
1141 1466 1362 1498 numerantur,

287 1507 375 1534 extra
396 1503 598 1535 intellectum
621 1509 670 1534 est
693 1504 853 1544 quantitas
877 1504 1042 1541 continua,
1071 1505 1147 1545 quia
1168 1506 1248 1536 nihil
1277 1505 1364 1536 aliud

288 1553 336 1579 est
359 1557 460 1589 quam
482 1548 552 1590 ipsa
575 1549 735 1590 quantitas
758 1549 868 1588 panni,
886 1558 970 1590 quae
990 1550 1146 1580 continua
1169 1556 1233 1586 est3
1257 1550 1290 1580 in
1313 1550 1363 1580 in-

443 1599 554 1624 autem
577 1598 625 1624 est
647 1597 807 1633 quantum
823 1592 865 1624 ad
879 1594 983 1634 ipsam
1006 1595 1243 1634 separationem
1258 1594 1291 1624 in
1309 1594 1364 1625 de-

284 1645 362 1668 cem
376 1638 526 1675 unitates,
546 1647 586 1669 ex
604 1638 724 1678 quibus
743 1637 815 1668 talis
836 1646 993 1669 numerus
1011 1637 1160 1670 denarius
1177 1639 1363 1680 integratur.

287 1696 297 1703 π
343 1682 470 1714 Dicitur
491 1691 570 1723 ergo
592 1682 674 1713 ratio
697 1682 854 1722 temporis
877 1683 1052 1714 consistere
1074 1684 1108 1714 in
1138 1686 1365 1716 numeratione

285 1727 405 1768 prioris
419 1732 459 1758 *et
480 1726 668 1768 posterioris
689 1727 724 1757 in
747 1731 853 1763 motu,
877 1728 954 1767 quia
977 1728 1257 1769 complementum
1284 1731 1364 1765 eius,

287 1770 380 1812 quod
395 1777 444 1803 est
457 1770 594 1802 formale
609 1772 643 1802 in
659 1777 818 1812 tempore,
834 1772 956 1803 scilicet
969 1773 1039 1813 ipsa
1058 1772 1207 1804 discretio
1224 1779 1256 1804 et
1274 1784 1365 1815 sepa—

285 1816 370 1847 ratio
393 1817 533 1857 partium
555 1816 723 1856 temporis,
740 1824 824 1856 quae
847 1816 1023 1848 includitur
1037 1817 1071 1848 in
1085 1818 1210 1849 ratione
1225 1819 1364 1856 numeri,

286 1862 443 1892 convenit
456 1861 597 1902 tempori
612 1869 670 1901 per
685 1869 770 1901 opus
785 1861 912 1892 animae
925 1862 1136 1897 numerantis,
1149 1862 1241 1898 idest,
1254 1863 1366 1895 distin-

284 1906 415 1946 guentis
439 1911 471 1936 et
493 1906 670 1946 separantis
684 1906 793 1945 ipsum
816 1906 850 1936 in
873 1905 982 1946 plures
997 1911 1102 1946 partes
1118 1911 1151 1937 et
1165 1907 1273 1948 plures
1292 1909 1365 1939 uni-

286 1955 378 1981 ures.
403 1949 509 1986 Unde,
532 1955 662 1980 remoto
685 1958 785 1990 opere
808 1950 945 1987 animae,
970 1956 1018 1981 est
1040 1951 1174 1991 quidem
1196 1952 1231 1982 in
1254 1962 1288 1983 re
1311 1953 1365 1983 illa

288 1995 405 2026 entitas
420 2003 506 2035 quae
521 2000 569 2025 est
583 1999 727 2035 tempus:
752 1993 809 2025 sed
823 2003 891 2025 non
907 1995 1005 2026 habet
1020 1995 1183 2036 complete
1206 1998 1365 2028 rationem

287 2039 455 2080 temporis,
480 2039 557 2080 quia
578 2047 647 2069 non
670 2039 767 2069 habet
789 2039 948 2070 actualem
971 2039 1164 2071 divisionem
1188 2046 1220 2071 et
1239 2051 1365 2082 separa-

287 2084 424 2121 tionem,
448 2089 481 2114 et
503 2089 742 2124 consequenter
762 2092 832 2114 non
856 2089 904 2114 est
926 2084 1092 2115 actualiter
1113 2094 1279 2117 numerus

346 2127 408 2159 Ista
422 2127 550 2159 videtur
564 2137 634 2159 esse
649 2127 786 2158 intentio
799 2127 1258 2171 Commentatoris,1VPhys.,
1275 2141 1365 2162 com-

289 2178 390 2204 ment.
410 2181 423 2203 1
433 2173 484 2209 31,
501 2173 558 2203 ubi
573 2173 617 2203 ait
632 2172 723 2213 quod
738 2178 868 2212 tempus
884 2173 917 2203 in
933 2179 1007 2204 actu
1022 2183 1091 2204 non
1108 2175 1166 2205 erit
1181 2175 1243 2205 nisi
1259 2177 1366 2206 anima

289 2217 340 2253 sit,
360 2217 394 2248 in
414 2218 561 2258 potentia
575 2227 654 2248 vero
671 2218 729 2248 erit
744 2217 820 2247 licet
835 2218 942 2248 anima
957 2227 1026 2249 non
1041 2219 1090 2249 sit.
1113 2218 1250 2250 videtur
1269 2221 1367 2251 etiam

290 2270 360 2292 esse
383 2262 497 2303 opinio
529 2261 638 2293 Sancti
665 2261 815 2292 Thomae
842 2262 854 2292 1
877 2262 975 2298 Sent„
1001 2262 1031 2293 d.
1049 2273 1115 2294 xxx:
1139 2273 1215 2294 nam
1245 2264 1367 2296 ibidem

291 2315 323 2347 q.
336 2315 370 2343 n,
387 2316 415 2338 a.
432 2315 460 2343 1,
478 2312 509 2338 et
525 2315 557 2347 q.
570 2316 601 2342 v,
618 2316 646 2337 a.
664 2315 691 2342 ι,
716 2307 759 2337 ait
782 2306 874 2347 quod
887 2307 1040 2349 formale
1063 2308 1096 2338 in
1122 2313 1265 2349 tempore
1280 2319 1367 2340 com-

284 2351 400 2392 pletur
431 2351 464 2382 in
498 2352 689 2391 operatione
721 2351 853 2382 animae
885 2352 1106 2389 numerantis;
1135 2358 1168 2384 et
1201 2360 1368 2394 comparat

289 2401 420 2436 tempus
442 2396 625 2432 universali,
650 2402 681 2426 et
704 2396 883 2426 universale
906 2396 983 2427 dicit
1005 2403 1153 2428 naturam
1176 2398 1236 2428 sub
1262 2399 1367 2430 inten-

290 2440 381 2472 tione
404 2441 659 2472 universalitatis.
690 2439 782 2471 Idem
805 2441 904 2471 etiam
924 2442 1020 2482 ponit
1043 2441 1086 2472 1v
1101 2442 1198 2484 Plgrs.
1216 2444 1243 2479 ³,
1268 2453 1368 2484 expo-

290 2484 401 2516 nendo
424 2485 518 2516 illum
541 2491 666 2517 textum
689 2485 871 2516 Aristotelis
894 2485 927 2515 in
951 2495 1019 2526 quo
1043 2487 1086 2517 ait
1110 2487 1199 2527 quod
1227 2493 1367 2529 tempus,

290 2539 360 2560 non
384 2530 539 2560 existente
563 2530 680 2566 anima,
704 2535 753 2560 est
776 2534 957 2571 utcumque.

346 2583 378 2613 4.
403 2574 691 2616 proportionaliter
713 2583 791 2614 ergo
813 2574 848 2605 in
871 2575 1057 2606 aeternitate
1076 2575 1143 2607 duo
1167 2577 1368 2608 considerare

291 2628 482 2660 possumus:
506 2620 628 2650 scilicet
650 2619 754 2659 ipsam
777 2620 934 2650 unitatem
954 2619 1054 2650 divini
1069 2629 1139 2651 esse
1155 2622 1291 2652 omnino
1307 2622 1368 2652 im-

290 2663 470 2700 mutabilis3
494 2669 528 2694 et
549 2664 827 2695 mensurationem
851 2665 921 2695 eius
943 2664 1123 2696 secundum
1147 2665 1238 2705 quod
1260 2667 1368 2706 ipsum

292 2707 440 2740 divinum
463 2717 532 2739 esse
555 2714 730 2740 mensurat.
760 2708 906 2740 Primum
930 2710 1082 2741 convenit
1105 2710 1165 2740 sibi
1187 2710 1368 2741 secundum

293 2752 384 2794 quod
400 2758 447 2784 est
461 2753 497 2783 in
512 2763 561 2784 re:
586 2759 634 2784 est
654 2753 742 2783 enim
762 2752 908 2784 divinum
925 2763 994 2784 esse
1009 2753 1135 2784 realiter
1158 2763 1262 2785 unum
1283 2760 1369 2785 extra

291 2797 503 2828 intellectum.
520 2796 710 2828 Secundum
724 2805 803 2828 vero
821 2798 975 2829 convenit
993 2798 1052 2828 sibi
1069 2807 1128 2839 per
1144 2799 1368 2839 operationem

292 2842 420 2873 animae
442 2841 667 2882 distinguentis
689 2841 847 2872 unitatem
866 2841 966 2873 divini
982 2851 1050 2873 esse
1074 2843 1113 2872 ab
1136 2843 1208 2883 ipso
1233 2853 1312 2879 esse,
1337 2849 1368 2874 et

292 2885 563 2927 apprehendentis
573 2887 678 2926 ipsam
689 2891 726 2916 ut
737 2895 922 2917 mensuram
935 2886 1098 2927 quandam
1110 2892 1142 2917 et
1153 2886 1366 2918 durationem.

349 2930 436 2969 Quia
458 2940 535 2970 ergo
555 2931 636 2961 ratio
653 2930 846 2961 aeternitatis
862 2929 939 2961 dicit
954 2932 1111 2962 unitatem
1126 2937 1368 2964 mensurantem

294 2984 364 3006 esse
387 2975 524 3006 omnino
547 2974 764 3010 immutabile;
788 2979 820 3005 et
842 2984 1027 3006 mensurare
1050 2985 1118 3006 non
1139 2977 1292 3007 convenit
1307 2977 1367 3007 sibi

292 3019 355 3050 nisi
377 3028 435 3059 per
458 3028 543 3059 opus
564 3019 691 3050 animae
707 3018 931 3059 distinguentis
946 3020 1049 3060 ipsam
1065 3020 1104 3050 ab
1121 3029 1190 3050 esse
1206 3026 1238 3051 et
1253 3030 1367 3062 appre-

292 3063 463 3094 hendentis
479 3072 551 3094 eam
566 3063 626 3094 sub
641 3063 766 3094 ratione
781 3072 967 3094 mensurae:
987 3063 1062 3094 ideo
1077 3064 1159 3094 ratio
1175 3066 1368 3096 aeternitatis

292 3117 362 3139 non
385 3108 569 3148 completur
590 3107 653 3138 nisi
675 3116 733 3148 per
755 3115 840 3147 opus
855 3107 990 3138 animae.
1015 3108 1120 3145 Unde,
1135 3117 1204 3139 non
1220 3109 1368 3141 conside-

292 3158 383 3184 rante
406 3153 524 3189 anima,
548 3158 596 3183 est
618 3151 751 3192 quidem
773 3152 808 3182 in
831 3161 865 3181 re
887 3151 942 3182 illa
965 3153 1079 3183 entitas
1102 3162 1186 3193 quae
1205 3159 1252 3184 est
1267 3159 1367 3185 aeter-

293 3198 390 3229 nitas:
415 3197 472 3228 sed
493 3207 563 3228 non
585 3197 682 3227 habet
704 3196 867 3236 complete
890 3197 1049 3227 rationem
1073 3198 1274 3234 aeternitatis,
1292 3199 1368 3239 quia

293 3251 363 3273 non
379 3247 426 3273 est
441 3251 594 3272 mensura
608 3239 789 3272 secundum
805 3249 874 3271 esse
890 3240 980 3280 quod
995 3241 1091 3272 habet
1113 3247 1200 3272 extra
1215 3243 1366 3280 animam,

293 3285 351 3317 sed
372 3291 500 3317 tantum
523 3285 703 3317 secundum
719 3284 809 3325 quod
825 3290 872 3314 est
893 3284 928 3315 in
951 3286 1077 3316 animae
1099 3286 1367 3326 apprehensione.

294 3330 420 3361 Dicitur
429 3340 506 3371 ergo
518 3331 599 3361 ratio
611 3330 804 3360 aeternitatis
814 3329 988 3360 consistere
1000 3330 1195 3370 completive
1207 3330 1240 3361 in
1252 3341 1368 3372 appre-

294 3375 450 3406 hensione
472 3374 711 3417 uniformitatis
726 3374 796 3404 eius
818 3373 906 3414 quod
929 3379 977 3404 est
999 3374 1132 3404 omnino
1157 3375 1366 3414 immutabile,

295 3420 373 3459 quia
396 3420 676 3460 complementum
698 3418 830 3450 rationis
853 3419 933 3454 eiuS‚
952 3418 1072 3449 scilicet
1087 3428 1156 3449 esse
1171 3428 1367 3457 mensuram,

294 3469 344 3494 est
369 3469 496 3495 tantum
525 3463 707 3495 secundum
737 3463 863 3493 animae
890 3463 1198 3503 apprehensionem:
1227 3465 1310 3495 sicut
1337 3470 1368 3496 et

295 3509 377 3539 ratio
400 3509 556 3549 temporis
583 3508 779 3548 completive
809 3507 924 3538 dicitur
952 3507 1125 3538 consistere
1154 3508 1188 3538 in
1218 3518 1368 3539 numera-

295 3553 384 3583 tione
408 3553 523 3593 prioris
547 3558 578 3583 et
601 3553 787 3593 posterioris
810 3552 844 3582 in
867 3557 971 3588 motu,
988 3552 1063 3592 quia
1083 3552 1151 3592 ipsa
1172 3551 1320 3583 discretio
1337 3558 1369 3584 et

296 3595 458 3629 distinctio
487 3598 637 3638 partium,
662 3606 745 3637 quae
774 3596 917 3636 complet
947 3596 1101 3636 temporis
1128 3596 1297 3633 rationem,
1322 3603 1369 3628 est

295 3646 422 3672 tantum
446 3641 626 3672 secundum
650 3641 941 3682 apprehensionem
963 3641 1090 3671 animae
1113 3642 1311 3672 numerantis
1338 3647 1369 3672 et

2431 272 2481 319 43

1415 350 1589 389 separantis
1619 355 1685 380 tam
1715 355 1844 390 tempus
1871 359 1970 390 quam
1998 356 2127 382 motum
2156 352 2190 382 in
2212 357 2327 392 partes.
2350 369 2374 374 —
2396 352 2484 383 Istud

1413 393 1540 423 videtur
1563 402 1631 424 esse
1655 393 1695 424 de
1717 399 1827 424 mente
1855 394 1963 425 Sancti
1986 395 2134 426 Thomae
2162 396 2278 432 Prima,
2303 406 2334 437 q.
2352 406 2381 433 x,
2406 406 2434 427 a.
2453 406 2483 433 2,

1415 436 1455 467 ad
1479 437 1509 473 3,
1533 438 1590 467 ubi
1613 438 1656 467 ait
1679 437 1768 477 quod
1799 448 1864 468 non
1896 439 2017 470 dicitur
2041 440 2130 471 Deus
2153 446 2304 471 aeternus
2327 442 2421 482 quasi
2443 442 2485 472 sit

1415 481 1525 521 aliquo
1549 481 1646 511 modo
1670 487 1885 518 mensuratus,
1900 483 1957 513 sed
1972 485 2131 524 accipitur
2146 485 2189 515 ibi
2204 486 2289 516 ratio
2313 495 2484 517 mensurae

1414 525 1590 556 secundum
1615 531 1761 556 nostram
1785 527 2069 567 apprehensionem
2093 534 2227 559 tantum.

1474 570 1503 599 5.
1526 569 1770 600 Advertendum
1781 571 1924 608 ulterius,
1940 573 2096 612 quoniam
2111 573 2235 604 videtur
2246 574 2380 605 Sanctus
2393 574 2484 605 Tho-

1415 622 1485 643 mas
1507 613 1643 644 innuere
1658 615 1692 644 in
1708 623 1777 645 esse
1792 615 1838 645 rei
1862 625 1946 656 quae
1966 622 2111 657 tempore
2134 624 2336 649 mensuratur
2358 628 2484 650 succes·

1416 658 1544 688 sionem
1572 658 1718 695 inveniri,
1743 658 1822 689 dum
1846 660 2011 691 concludit
2032 662 2156 692 nullam
2185 663 2423 694 successionem
2450 664 2484 694 in

1417 711 1486 732 esse
1509 701 1619 732 divino
1642 703 1778 733 inveniri
1802 705 1877 744 quia
1901 710 2047 745 tempore
2069 715 2138 736 non
2156 713 2367 743 mensuratur,
2384 708 2483 748 quod,

1417 746 1443 776 si
1458 745 1631 787 loquamur
1655 747 1694 778 de
1715 747 1783 778 ess’e
1799 749 1996 780 substantiali
2012 750 2056 780 rei
2072 751 2267 790 temporalis,
2285 752 2364 782 illud
2380 752 2484 792 dupli—

1417 791 1495 820 citer
1516 791 1650 831 intelligi
1673 797 1789 832 potest.
1814 793 1889 824 Uno
1913 794 2025 831 modo,
2043 795 2133 834 quod
2147 795 2227 826 illud
2241 805 2308 826 non
2325 797 2364 827 sit
2379 802 2485 827 totum

1417 835 1523 871 simul,
1548 836 1603 867 sed
1626 846 1684 876 per
1706 842 1830 877 partem
1854 844 1928 878 post
1947 845 2070 879 partem
2086 841 2276 880 acquiratur.
2302 840 2343 870 Et
2358 841 2402 871 sic
2418 850 2485 871 non

1417 884 1464 910 est
1487 889 1600 911 verum
1624 881 1714 921 quod
1737 883 1976 914 successionem
2003 885 2037 914 in
2066 893 2099 914 se
2122 885 2253 915 habeat:
2282 894 2342 914 nec
2370 885 2415 915 sic
2437 886 2485 915 in-

1416 924 1529 964 telligit
1553 925 1688 956 Sanctus
1712 926 1866 958 Thomas.
1891 946 1914 949 —
1936 928 2011 959 Alio
2035 928 2136 959 modo
2160 928 2260 969 quod,
2284 929 2358 959 licet
2381 934 2486 960 totum

1417 969 1514 999 simul
1536 970 1576 1000 sit
1600 975 1632 1001 et
1653 970 1855 1008 indivisibile,
1879 977 1988 1003 tamen
2011 974 2268 1003 transmutationi
2292 973 2486 1010 subiiciatur,

1417 1012 1496 1044 dum
1519 1013 1556 1044 fit
1579 1015 1686 1055 aliqua
1708 1017 1845 1047 mutatio
1870 1016 1910 1047 ad
1932 1017 2033 1057 ipsius
2057 1023 2111 1048 aut
2135 1018 2412 1049 conservationem
2433 1024 2487 1049 aut

1418 1057 1627 1096 desitionem;
1653 1065 1684 1090 et
1706 1061 1830 1091 ratione
1860 1061 1956 1092 huius
1986 1071 2043 1102 per
2073 1062 2221 1093 accidens
2250 1064 2487 1094 successionem

1419 1108 1450 1133 et
1478 1103 1726 1135 divisibilitatem
1753 1105 1878 1142 habeat,
1903 1115 1944 1136 eo
1975 1106 2066 1146 quod
2088 1107 2141 1137 illa
2167 1108 2389 1138 transmutatio
2419 1117 2487 1138 non

1418 1148 1457 1178 sit
1480 1153 1548 1178 tota
1572 1149 1677 1179 simul.
1702 1149 1744 1180 Et
1766 1151 1811 1180 sic
1835 1156 1883 1181 est
1905 1160 2018 1182 verum
2041 1152 2148 1192 ipsum
2172 1152 2289 1182 habere
2311 1153 2487 1183 successio-

1418 1201 1504 1223 nem.
1536 1193 1577 1223 Et
1606 1194 1694 1224 hunc
1726 1203 1856 1225 sensum
1887 1195 2022 1226 Sanctus
2045 1195 2190 1226 Thomas
2213 1195 2365 1227 intendit:
2390 1202 2426 1227 ut
2449 1206 2487 1228 ex

1418 1237 1430 1267 1
1447 1237 1547 1274 Sent„
1565 1237 1595 1268 d.
1612 1248 1675 1274 xrx,
1692 1247 1723 1279 q.
1740 1249 1773 1275 11,
1794 1247 1821 1276 1,
1846 1239 1885 1270 ad
1901 1249 1932 1279 4,
1958 1246 1989 1271 et
2012 1240 2115 1277 1²11·²‚
2140 1250 2171 1281 q.
2187 1250 2270 1277 xxxx,
2289 1250 2319 1277 2,
2336 1250 2436 1281 corp.,
2457 1247 2488 1272 et

1417 1281 1488 1312 Pot.
1506 1292 1536 1322 q.
1552 1292 1583 1318 v,
1601 1292 1628 1313 a.
1650 1291 1661 1312 ι
1702 1283 1741 1314 ad
1759 1293 1788 1320 2,
1813 1289 1845 1314 et
1867 1294 1894 1314 a.
1912 1294 1944 1324 4,
1961 1284 2001 1315 ad
2021 1293 2047 1321 1,
2072 1290 2104 1316 et
2127 1294 2166 1315 ex
2189 1291 2323 1316 tractatu
2339 1286 2378 1316 de
2397 1287 2487 1317 Tem—

1413 1336 1498 1366 pore
1511 1327 1539 1363 *,
1563 1328 1666 1367 accipi
1689 1333 1806 1368 potest.

1474 1371 1527 1401 1v.
1551 1372 1675 1404 Tertio.
1701 1372 1734 1403 Si
1758 1372 1846 1403 Deus
1869 1382 1936 1403 non
1960 1382 2088 1414 semper
2110 1373 2180 1410 fuit,
2198 1383 2274 1414 ergo
2291 1379 2338 1404 est
2353 1373 2488 1405 eductus

1418 1415 1459 1447 de
1481 1425 1550 1446 non
1574 1425 1643 1447 esse
1670 1416 1710 1447 ad
1733 1426 1802 1448 esse
1826 1417 1865 1448 ab
1892 1418 1966 1448 alio.
1991 1418 2077 1458 Ergo
2105 1418 2193 1449 Deus
2218 1427 2287 1448 non
2313 1423 2360 1448 est
2385 1420 2489 1458 prima

1419 1470 1525 1492 causa.
1549 1461 1623 1491 Hoc
1647 1466 1695 1491 est
1717 1460 1843 1492 falsum.
1868 1462 1954 1502 Ergo
1979 1467 2010 1493 et
2033 1463 2185 1502 primum.
2205 1480 2228 1484 —
2248 1462 2489 1503 Consequentia

1418 1506 1522 1546 prima
1545 1505 1708 1545 probatur.
1733 1505 1819 1544 Quia
1843 1516 1861 1537 a
1884 1507 1991 1547 seipso
2014 1507 2094 1537 nihil
2118 1506 2264 1537 educitur
2280 1506 2320 1537 de
2335 1516 2403 1537 non
2421 1516 2488 1538 esse

1420 1549 1459 1580 ad
1483 1558 1565 1580 esse:
1591 1558 1667 1580 cum
1691 1550 1780 1590 quod
1795 1560 1863 1581 non
1883 1556 1940 1587 est,
1956 1560 2024 1582 non
2048 1551 2149 1591 possit
2171 1559 2274 1591 agere.
2298 1569 2320 1574 -
2343 1551 2490 1582 Secunda

1420 1602 1556 1634 quoque
1578 1599 1675 1634 patet.
1699 1594 1786 1632 Quia
1808 1595 1841 1625 id
1865 1604 1883 1625 a
1906 1605 1974 1635 quo
1998 1595 2120 1636 aliquid
2142 1596 2175 1626 in
2199 1604 2268 1625 esse
2290 1595 2489 1635 producitur,

1420 1643 1550 1680 oportet
1573 1647 1641 1669 esse
1663 1639 1752 1679 prius
1775 1638 1843 1675 illo,
1868 1639 1980 1670 saltem
2002 1640 2167 1680 prioritate
2189 1645 2331 1670 naturae.

1476 1683 1573 1713 Tunc
1596 1682 1687 1713 ultra.
1712 1683 1789 1714 Non
1812 1684 1956 1724 incoepit
1979 1693 2058 1721 esse,
2082 1684 2138 1715 sed
2161 1693 2288 1724 semper
2310 1683 2380 1714 fuit.
2404 1684 2490 1724 Ergo

1420 1736 1482 1758 nec
1499 1727 1632 1758 desinet.
1648 1745 1672 1749 —
1690 1727 1780 1758 Patet
1804 1729 2045 1769 consequentia.
2070 1728 2156 1767 Quia
2174 1728 2264 1769 quod
2278 1737 2404 1768 semper
2420 1728 2490 1765 fuit,

1421 1772 1517 1803 habet
1539 1772 1691 1802 virtutem
1714 1781 1841 1812 semper
1864 1773 1998 1804 essendi.
2018 1791 2042 1796 -
2063 1773 2150 1813 Ergo
2174 1778 2222 1804 est
2244 1778 2401 1803 aeternus.

1477 1816 1572 1847 Circa
1586 1816 1680 1846 istam
1696 1818 1972 1858 consequentiam,
1988 1818 2064 1848 Non
2082 1818 2222 1858 incoepit
2236 1827 2312 1853 esse,
2325 1817 2419 1859 Ergo
2435 1827 2492 1848 nec

1421 1870 1489 1892 esse
1512 1861 1643 1896 desinet,
1668 1860 1846 1892 dubitatur:
1871 1863 1957 1903 quia,
1982 1863 2150 1903 supposita
2172 1862 2356 1893 aeternitate
2378 1862 2490 1892 mundi

1422 1905 1520 1946 (quae
1535 1905 1623 1946 apud
1635 1905 1789 1936 Sanctum
1797 1906 1960 1937 Th0mam
1974 1912 2021 1937 est
2035 1906 2196 1947 possibilis
2207 1906 2249 1947 ⁴')‚
2265 1906 2492 1946 intelligentiae

1419 1959 1489 1981 non
1512 1951 1727 1991 incoeperunt
1750 1959 1834 1987 esse;
1859 1956 1890 1982 et
1912 1956 2021 1982 tamen
2044 1951 2083 1982 ab
2107 1952 2296 1988 extrinseco,
2312 1951 2491 1982 secundum

1420 1994 1604 2034 theologos,
1616 1999 1750 2035 possent
1763 2004 1832 2025 non
1848 2004 1917 2026 esse
1931 2005 1990 2036 per
2004 1996 2279 2026 annihilationem.
2296 1995 2382 2036 Ergo
2395 2001 2458 2026 etc.
2469 2013 2492 2018 -

1419 2039 1490 2070 Nec
1505 2039 1654 2079 probatio
1671 2037 1808 2070 adducta
1818 2040 1924 2070 valere
1935 2039 2071 2071 videtur.
2088 2040 2161 2070 Dici
2173 2041 2259 2071 enim
2271 2046 2378 2080 potest
2390 2039 2490 2080 quod,

1420 2084 1496 2114 licet
1522 2082 1613 2124 quod
1640 2092 1768 2123 semper
1798 2083 1859 2114 fuit
1885 2084 2000 2115 habeat
2022 2085 2173 2115 virtutem
2202 2093 2329 2125 semper
2355 2084 2490 2121 essendi,

1421 2133 1529 2169 potest
1549 2133 1659 2158 tamen
1682 2137 1740 2168 per
1762 2128 2026 2159 annihilationem
2049 2129 2103 2159 illa
2124 2129 2224 2159 virtus
2246 2138 2312 2159 non
2337 2138 2415 2160 esse.

1477 2172 1705 2213 Respondetur
1728 2172 1818 2213 quod
1841 2173 1963 2214 aliquid
1982 2183 2049 2204 non
2073 2174 2215 2214 incipere
2231 2183 2298 2204 esse
2315 2183 2353 2204 ex
2369 2173 2490 2214 duplici

1423 2226 1519 2248 causa
1546 2222 1654 2257 potest
1685 2218 1885 2258 contingere:
1914 2227 1982 2248 uno
2010 2217 2122 2254 modo,
2147 2218 2223 2258 quia
2252 2218 2310 2248 sibi
2341 2218 2492 2249 convenit

1423 2261 1630 2293 essentialiter
1654 2271 1722 2292 esse
1746 2262 1785 2292 ab
1810 2267 1951 2299 aeterno,
1977 2267 2008 2292 et
2034 2271 2102 2292 non
2132 2261 2270 2302 produci
2298 2263 2336 2292 ab
2365 2263 2490 2302 aliquo;

1423 2306 1486 2337 alio
1510 2305 1623 2342 modo,
1648 2307 1723 2346 quia
1746 2306 1785 2336 ab
1809 2311 1939 2337 aeterno
1963 2305 2152 2347 producitur
2175 2307 2214 2337 ab
2239 2307 2347 2347 aliquo
2376 2308 2491 2337 extrin-

1423 2360 1499 2382 seco
1511 2356 1635 2391 agente.
1653 2351 1701 2382 Ex
1717 2360 1758 2381 eo
1775 2349 1866 2391 quod
1877 2356 1924 2381 est
1939 2360 2008 2382 non
2022 2351 2166 2391 incipere
2182 2360 2250 2381 esse
2262 2352 2367 2391 primo
2379 2351 2492 2387 modo,

1423 2396 1568 2436 sequitur
1583 2405 1651 2426 non
1675 2395 1819 2426 desinere
1844 2405 1911 2426 esse
1934 2405 2042 2436 neque
2066 2396 2105 2426 ab
2128 2396 2301 2426 intrinseco
2321 2405 2428 2436 neque
2452 2397 2493 2426 ab

1423 2440 1617 2471 extrinseco:
1636 2441 1712 2480 quia
1723 2439 1785 2471 tale
1796 2445 1843 2470 est
1854 2440 1961 2480 ipsum
1977 2449 2057 2476 esse,
2069 2445 2101 2471 et
2115 2440 2211 2470 habet
2225 2440 2374 2471 virtutem
2387 2449 2495 2471 essen-—

1423 2485 1538 2515 tialiter
1562 2490 1598 2515 ut
1620 2485 1660 2515 sit
1683 2493 1819 2524 semper.
1849 2484 1890 2514 Et
1913 2484 1953 2515 ad
1980 2485 2068 2515 hunc
2096 2494 2226 2515 sensum
2256 2484 2331 2515 facit
2358 2484 2495 2515 Sanctus

1424 2529 1569 2560 Thomas
1592 2529 1680 2559 illam
1704 2529 1980 2569 consequentiam.
2000 2547 2023 2551 —
2043 2529 2092 2559 Ex
2107 2538 2147 2559 eo
2163 2538 2240 2559 vero
2257 2528 2346 2569 quod
2362 2535 2409 2560 est
2424 2539 2493 2559 non

1423 2574 1566 2614 incipere
1589 2582 1658 2604 esse
1681 2572 1825 2603 secundo
1843 2572 1956 2610 modo,
1972 2582 2040 2603 non
2056 2573 2201 2613 sequitur
2215 2582 2283 2603 non
2298 2583 2395 2614 posse
2410 2573 2493 2605 desi-

1423 2628 1500 2649 nere
1516 2627 1594 2654 esse,
1612 2617 1724 2648 saltem
1740 2617 1780 2647 ab
1796 2617 1984 2648 extrinseco.
2001 2617 2070 2647 Nec
2084 2618 2181 2648 etiam
2197 2623 2327 2658 oportet
2342 2623 2378 2648 ut
2394 2627 2495 2649 omne

1423 2663 1486 2693 tale
1509 2662 1600 2702 quod
1630 2671 1699 2693 non
1727 2661 1881 2702 incoepit,
1904 2661 2020 2692 habeat
2042 2662 2192 2693 virtutem
2222 2667 2259 2692 ut
2288 2671 2415 2702 semper
2437 2663 2491 2693 sit:

1422 2707 1581 2747 potuisset
1605 2707 1691 2738 enim
1714 2706 1816 2736 homo
1847 2710 1903 2736 aut
1932 2706 2039 2737 asinus
2063 2706 2102 2736 ab
2130 2711 2260 2736 aeterno
2288 2706 2435 2746 produci,
2460 2712 2494 2737 et

1423 2757 1532 2782 tamen
1555 2760 1622 2781 non
1645 2751 1776 2781 haberet
1798 2751 1950 2781 virtutem
1973 2756 2009 2780 ut
2031 2760 2158 2791 semper
2177 2756 2267 2781 esset.

1479 2795 1517 2826 V.
1546 2794 1684 2831 Quarto.
1710 2794 1847 2836 Oportet
1869 2804 1992 2836 ponere
2015 2794 2049 2825 in
2072 2795 2167 2826 rebus
2194 2794 2315 2834 aliquid
2339 2794 2428 2834 quod
2451 2795 2493 2824 sit

1422 2849 1554 2871 necesse
1578 2849 1657 2870 esse.
1688 2839 1756 2870 Aut
1779 2849 1855 2880 ergo
1879 2839 1959 2870 illud
1981 2840 2077 2870 habet
2100 2849 2228 2870 causam
2251 2848 2328 2869 suae
2354 2839 2493 2869 necessi-

1422 2885 1505 2921 tatis,
1521 2889 1554 2915 et
1567 2884 1648 2915 illud
1664 2884 1759 2914 aliam
1775 2893 1915 2920 causam,
1933 2890 1964 2914 et
1979 2884 2023 2914 sic
2039 2885 2073 2914 in
2088 2883 2266 2914 infinitum:
2291 2888 2346 2914 aut
2362 2887 2491 2923 oportet

1422 2938 1546 2969 ponere
1561 2929 1652 2969 quod
1667 2929 1707 2959 sit
1721 2928 1863 2969 primum
1878 2938 2009 2959 necesse
2026 2938 2104 2959 esse.
2129 2927 2192 2959 Sed
2207 2938 2275 2959 non
2290 2933 2396 2968 potest
2411 2928 2491 2967 poni

1422 2983 1592 3016 processus
1615 2975 1649 3004 in
1671 2972 1846 3004 infinitum.
1869 2973 1956 3013 Ergo
1981 2978 2110 3013 oportet
2133 2982 2201 3003 esse
2224 2972 2355 3013 aliquod
2377 2981 2434 3012 per
2457 2983 2490 3003 se

1422 3019 1648 3050 necessarium.
1680 3017 1723 3048 Et
1744 3018 1832 3049 hunc
1856 3017 1992 3048 dicimus
2023 3017 2139 3048 Deum.
2169 3017 2254 3058 Ergo
2280 3022 2311 3047 et
2333 3017 2421 3048 Deus
2445 3024 2490 3048 est

1423 3069 1584 3095 aeternus:
1610 3063 1686 3103 quia
1709 3071 1808 3093 omne
1831 3071 1888 3103 per
1911 3071 1945 3092 se
1968 3062 2182 3092 necessarium
2203 3067 2250 3092 est
2271 3067 2445 3092 aeternum.

1478 3107 1682 3138 Antecedens
1705 3107 1868 3147 probatur.
1901 3105 2008 3136 Omne
2030 3106 2183 3146 possibile
2206 3115 2274 3136 esse
2297 3106 2392 3136 habet
2415 3115 2492 3136 cau—

1422 3161 1507 3183 sam:
1533 3153 1618 3192 quia,
1643 3160 1719 3181 cum
1742 3151 1918 3191 aequaliter
1940 3160 1975 3181 se
1997 3151 2111 3181 habeat
2134 3149 2174 3180 ad
2197 3159 2265 3180 esse
2281 3155 2312 3180 et
2326 3159 2393 3180 non
2411 3159 2491 3186 esse,

1423 3196 1515 3238 quod
1537 3196 1766 3227 determinetur
1789 3196 1829 3226 ad
1853 3204 1920 3226 esse
1943 3205 2011 3226 non
2033 3200 2141 3235 potest
2161 3204 2228 3225 esse
2243 3195 2304 3225 nisi
2326 3203 2364 3224 ex
2385 3195 2491 3235 aliqua

1423 3250 1528 3272 causa.
1553 3240 1616 3272 Sed
1638 3249 1707 3270 non
1723 3245 1771 3270 est
1792 3248 1962 3281 processus
1984 3240 2018 3270 in
2041 3238 2203 3269 infinitum
2218 3239 2252 3269 in
2268 3239 2379 3269 causis.
2403 3239 2491 3279 Ergo

1424 3290 1552 3326 oportet
1576 3284 1725 3315 devenire
1749 3283 1789 3315 ad
1812 3285 1933 3325 aliquid
1956 3283 2045 3324 quod
2068 3293 2135 3314 non
2166 3283 2206 3313 sit
2234 3283 2387 3323 possibile
2411 3293 2489 3314 esse.

1423 3329 1510 3370 Ergo
1534 3333 1664 3370 oportet
1687 3338 1754 3359 esse
1778 3328 1910 3369 aliquod
1933 3328 2147 3359 necessarium
2169 3337 2227 3368 per
2249 3337 2293 3357 se.

1480 3383 1510 3404 2.
1534 3373 1586 3404 Ad
1618 3373 1810 3404 evidentiam
1841 3373 1937 3404 huius
1966 3373 2207 3413 propositionis,
2240 3370 2342 3402 Omne
2368 3381 2432 3412 per
2457 3381 2491 3402 se

1424 3418 1641 3449 necessarium
1671 3423 1719 3449 est
1747 3423 1924 3453 aeternum,
1955 3416 2222 3447 considerandum
2253 3415 2343 3455 quod
2370 3415 2491 3456 aliquid

1423 3468 1531 3503 potest
1555 3462 1617 3492 dici
1640 3471 1698 3502 per
1721 3472 1754 3492 se
1777 3462 1992 3492 necessarium
2015 3461 2200 3501 dupliciter:
2225 3461 2308 3491 sicut
2323 3466 2355 3491 et
2370 3460 2491 3501 aliquid

1423 3512 1531 3548 potest
1558 3506 1621 3537 dici
1648 3516 1706 3547 per
1736 3506 1823 3537 aliud
1849 3506 2072 3536 necessarium.
2104 3505 2229 3535 Dicitur
2257 3505 2343 3535 enirn
2370 3505 2491 3545 aliquid

1423 3561 1481 3592 per
1512 3551 1599 3581 aliud
1628 3552 1843 3581 necessarium
1878 3556 1932 3580 aut
1961 3550 2036 3589 quia
2065 3549 2160 3580 habet
2190 3549 2330 3589 aliquam
2361 3559 2490 3580 causam

1425 3596 1635 3627 extrinsecam
1652 3605 1727 3626 suae
1743 3594 1938 3626 necessitatis
1956 3593 2194 3634 productivam;
2212 3599 2267 3624 aut
2284 3593 2360 3634 quia
2376 3594 2415 3624 ab
2431 3594 2491 3624 alia

1424 3640 1529 3671 forma
1555 3641 1776 3670 necessitatem
1800 3640 1904 3669 habet.
1937 3638 1997 3668 Per
2020 3639 2209 3678 oppositum
2233 3638 2348 3669 dicitur
2370 3638 2492 3678 aliquid

2515 1327 2524 1336 ·
2539 1325 2613 1347 XLIV
2623 1326 2683 1348 inter
2694 1326 2729 1348 0—

2515 1353 2612 1381 puscula
2623 1353 2666 1378 [ed.
2677 1353 2728 1374 Pia-

2515 1381 2559 1406 na)¹
2575 1385 2595 1401 c.
2604 1385 2680 1407 111,1v.

2519 1903 2528 1912 ·
2540 1901 2730 1929 Cf.11³.,x1.v1,2.
