2742 4152
49 583 67 599 C

289 284 339 321 24

861 270 1049 307 SUMMA
1079 267 1300 305 CONTRA
1329 266 1605 315 GENTILES,
1636 266 1747 304 CAP.
1769 267 1817 313 X,
1837 267 1900 304 XI.

1046 373 1384 406 Commentaria
1414 371 1726 404 Fen-ariensis

341 463 489 485 mmsso
512 455 695 495 prooemio,
720 453 843 486 accedit
866 453 1002 485 Sanctus
1018 452 1163 483 Thomas
1186 451 1227 482 ad
1248 451 1352 482 mani-

290 467 543 530 Pfestationem
560 498 740 530 divinarum
762 508 880 535 rerum,
898 498 938 529 de
963 498 1082 538 quibus
1104 497 1138 527 in
1165 497 1229 527 hoc
1253 504 1353 536 opere

47 549 107 572 ef.
113 549 256 597 nc¹c¹>mmenn
284 548 474 583 pertractare
500 543 637 574 intendit
652 545 679 574 “.
707 543 867 574 Dividitur
893 548 1002 574 autem
1028 542 1108 572 liber
1134 541 1186 571 hic
1213 541 1247 571 in
1274 539 1353 571 duas

26 2182 36 2190 '
52 2180 107 2208 Cap.
118 2181 223 2208 praeced.

283 593 388 627 partes
402 588 605 628 principales,
621 587 801 620 secundum
825 587 915 638 quod
931 587 997 617 duo
1021 592 1096 617 sunt
1119 594 1202 625 quae
1219 584 1260 615 de
1283 586 1352 615 Deo

284 638 539 672 cognoscuntur:
559 633 666 673 primo
682 633 770 663 enim
785 632 849 672 agit
865 631 928 663 de
920 632 957 662 iis
973 640 1057 671 quae
1073 631 1214 661 humana
1229 629 1352 659 ratione

282 677 464 717 investigari
478 683 630 718 possunt3
654 676 809 713 secundo,
825 676 866 707 de
888 677 926 707 iis
950 685 1034 716 quae
1049 674 1186 706 revelata
1202 678 1276 704 sunt
1291 673 1352 703 hu-

282 730 483 762 manumque
506 721 666 753 excedunt
687 721 897 757 intellectum,
922 726 953 751 et
974 720 1038 750 hoc
1061 720 1094 750 in
1119 723 1233 759 quarto
1257 717 1350 747 libro.

337 765 506 804 Quantum
528 765 568 796 ad
589 766 732 816 primum
750 766 809 796 tria
831 765 916 801 facit,
943 769 980 795 ut
997 764 1066 804 ipse
1089 764 1123 794 in
1145 761 1351 803 praecedenti

283 810 424 850 capitulo
452 810 601 841 ostendit.
625 810 661 841 In
683 811 790 850 primo
814 810 901 840 enim
927 808 1009 838 libro
1033 807 1073 838 de
1099 807 1137 837 iis
1161 806 1352 837 determinat

282 863 365 895 quae
381 854 453 886 Deo
476 854 655 886 secundum
674 855 816 905 seipsum
840 853 1052 888 conveniunt3
1076 852 1110 881 in
1134 849 1289 886 secundo,
1310 849 1350 880 de

280 908 435 939 processu
461 905 675 930 creaturarum
698 899 737 929 ab
760 899 849 938 ipso;
873 898 906 928 in
929 897 1033 932 tertio,
1062 895 1102 926 de
1125 894 1239 925 ordine
1263 903 1350 925 crea-

280 949 424 974 turarum
447 943 480 974 in
503 944 611 984 ipsum
634 943 717 973 sicut
738 943 771 973 in
795 941 904 972 finem.

337 987 430 1018 Circa
451 988 593 1028 primum
615 987 674 1018 tria
697 986 780 1017 facit.
812 985 898 1024 Quia
927 985 1014 1015 enim
1037 983 1077 1014 ad
1104 993 1141 1014 ea
1165 992 1250 1023 quae
1276 983 1348 1014 Deo

280 1031 459 1063 secundum
482 1041 516 1063 se
539 1032 737 1063 conveniunt
760 1028 991 1061 consideranda
1013 1037 1145 1059 necesse
1169 1033 1226 1064 est,
1248 1028 1349 1059 veluti

279 1077 494 1107 necessarium
517 1075 773 1111 fundamentum,
797 1083 931 1105 noscere
955 1072 1046 1113 quod
1068 1073 1118 1109 sit,
1138 1071 1214 1103 ideo
1240 1072 1347 1112 primo

279 1130 350 1151 eam
372 1120 662 1151 considerationem
690 1119 864 1159 praemittit
887 1127 952 1158 qua
974 1116 1212 1149 demonstratur
1238 1117 1348 1148 Deum

278 1174 355 1203 esse.
384 1164 545 1201 Secundo,
573 1164 613 1195 de
642 1163 749 1194 divina
775 1162 978 1203 simplicitate
1008 1166 1136 1192 tractat:
1167 1170 1226 1202 per
1256 1162 1347 1202 quod

277 1209 386 1249 aliquo
410 1208 510 1239 modo
530 1217 726 1248 cognoscere
741 1216 915 1248 possumus
932 1206 1011 1247 quid
1026 1207 1066 1237 sit
1082 1206 1181 1242 Deus,
1199 1215 1269 1247 cap.
1283 1217 1346 1238 xrv.

276 1253 398 1290 Tertio,
415 1253 518 1293 qualis
541 1253 580 1282 sit
602 1252 691 1282 Deus
713 1251 863 1288 ostendit,
885 1261 955 1292 cap.
968 1261 1074 1282 xxvm.

330 1296 424 1328 Circa
446 1297 598 1338 primum,
615 1297 691 1337 quia
707 1295 827 1337 duplici
846 1305 884 1326 ex
900 1305 996 1326 causa
1015 1295 1131 1326 diversi
1155 1295 1347 1326 arbitrantur

273 1351 388 1371 vanam
412 1350 481 1371 esse
503 1341 747 1381 inquisitionem
768 1350 831 1381 qua
848 1341 1011 1380 quaeritur
1034 1350 1075 1370 an
1099 1340 1188 1371 Deus
1211 1341 1261 1377 sit,
1278 1340 1345 1371 duo

274 1384 364 1416 facit:
389 1386 506 1426 primo,
528 1385 628 1416 dictas
653 1394 763 1416 causas
786 1390 949 1422 removet;
973 1384 1130 1421 secundo,
1146 1384 1346 1416 demonstrat

271 1431 443 1466 intentum,
460 1429 530 1481 cap.
542 1440 608 1461 xm.
631 1448 653 1452 -
678 1429 771 1461 Circa
793 1430 936 1470 primum
952 1429 1019 1460 duo
1043 1428 1134 1460 facit:
1160 1430 1279 1470 primo,
1295 1430 1346 1461 in-

272 1475 368 1514 quirit
395 1474 435 1505 de
461 1475 564 1515 prima
594 1484 706 1510 causa;
735 1474 889 1511 secundo,
913 1473 954 1505 de
981 1473 1134 1511 secunda,
1158 1483 1228 1515 cap.
1245 1484 1298 1505 xn.
1322 1492 1346 1497 -—

272 1518 366 1549 Circa
388 1520 530 1560 primum
554 1519 620 1550 duo
644 1498 734 1549 facit:
758 1519 876 1559 primo,
900 1519 994 1560 ponit
1017 1518 1272 1576 adversariorum
1296 1528 1344 1550 ra-

270 1563 389 1599 tiones;
414 1563 568 1599 secundo,
593 1572 645 1594 eas
669 1563 773 1599 solvit,
798 1573 868 1611 cap.
893 1562 1051 1604 sequenti.

1462 449 1500 480 11.
1524 448 1695 487 Quantum
1717 450 1814 491 igitur
1835 449 1875 481 ad
1893 451 2047 491 primum,
2064 449 2196 481 fuerunt
2219 448 2364 490 quidam,
2379 451 2487 492 inquit

1406 493 1543 525 Sanctus
1569 493 1726 531 Thomas,
1751 494 1808 536 qui
1830 494 2028 535 praedictam
2056 494 2351 526 considerationem
2374 504 2486 536 super·

1404 538 1505 569 fluam
1521 547 1591 568 esse
1605 538 1837 576 existimarunt,
1854 548 1894 570 eo
1912 539 2006 580 ,quod
2022 539 2132 570 Deum
2155 547 2224 570 esse
2240 540 2281 570 sit
2299 548 2358 579 per
2373 549 2408 571 se
2423 549 2485 572 no-

1404 589 1485 619 tum,
1502 583 1546 613 ita
1570 582 1661 622 quod
1677 583 1747 614 eius
1770 584 1968 615 contrarium
1985 585 2118 624 cogitari
2134 593 2203 615 non
2220 585 2334 625 possit.
2359 583 2485 617 Idcirco

1406 627 1682 658 demonstratione
1705 627 1746 658 ad
1767 628 1852 658 hanc
1875 637 1945 659 rem
1968 638 2053 669 opus
2076 638 2145 660 non
2165 638 2235 660 esse
2250 628 2409 660 dixerunt.
2428 629 2485 661 vi-

1405 671 1565 712 deturque
1581 671 1660 702 haec
1677 681 1746 703 esse
1766 672 1914 703 Anselmi
1937 673 2062 714 opinio,
2078 679 2115 705 ut
2130 673 2225 704 tradit
2240 673 2377 706 Sanctus
2393 673 2484 706 'rho-

1404 725 1474 747 mas
1502 716 1599 747 Verit.
1619 725 1650 757 q.
1670 725 1701 752 x,
1724 726 1753 747 a.
1780 724 1830 747 12.
1858 716 1934 748 Hoc
1960 722 2070 749 autem
2104 718 2271 750 nonnullis
2287 755 2289 758 y
2305 719 2484 750 rationibus

1405 759 1609 792 confirmant.

1459 805 1608 844 Quarum
1630 805 1736 856 prima
1759 810 1815 836 est.
1839 803 1949 836 Deum
1972 814 2042 837 esse
2063 808 2272 847 cognoscitur
2294 808 2402 839 statim
2425 817 2483 839 co-

1402 850 1499 890 gnitis
1515 850 1670 881 terminis.
1694 849 1782 890 Ergo
1799 854 1847 880 est
1860 857 1919 890 per
1934 858 1969 880 se
1984 855 2111 882 notum.
2134 851 2339 883 —Probatur
2353 858 2482 885 antece-

1403 893 1492 925 dens.
1517 894 1604 933 Quia
1618 894 1753 925 nomine
1775 893 1840 924 Dei
1861 894 2071 935 intelligimus
2086 894 2120 926 id
2135 904 2204 936 quo
2227 897 2332 928 maius
2348 898 2482 939 cogitari

1401 948 1471 970 non
1499 944 1617 980 potest.
1646 938 1721 969 Hoc
1749 944 1859 969 autem
1886 948 1955 970 non
1982 945 2091 980 potest
2117 939 2226 971 solum
2252 941 2287 972 in
2314 942 2482 974 intellectu

1402 992 1485 1014 esse:
1515 985 1592 1025 quia
1615 983 1707 1024 quod
1734 988 1781 1014 est
1804 983 1838 1014 in
1861 983 2028 1015 intellectu
2055 989 2088 1015 et
2111 984 2145 1015 in
2168 993 2213 1022 re,
2240 985 2345 1017 maius
2368 993 2416 1018 est
2439 997 2480 1019 eo

1402 1027 1494 1069 quod
1516 1028 1550 1059 in
1573 1028 1645 1059 solo
1669 1027 1837 1059 intellectu
1861 1034 1918 1059 est.

1457 1072 1607 1104 Secunda
1618 1078 1676 1110 est,
1689 1073 1766 1114 quia
1781 1078 1859 1104 tunc
1875 1072 1997 1114 aliquid
2010 1073 2082 1104 Deo
2094 1073 2199 1104 maius
2215 1074 2349 1114 cogitari
2359 1082 2481 1116 posset,

1400 1117 1427 1148 si
1450 1118 1521 1158 ipse
1543 1118 1678 1158 cogitari
1703 1122 1815 1158 posset
1837 1126 1906 1148 non
1930 1127 2013 1149 esse:
2042 1117 2124 1149 illud
2150 1118 2274 1150 scilicet
2297 1118 2389 1160 quod
2412 1129 2482 1152 non

1400 1167 1508 1203 potest
1532 1162 1666 1203 cogitari
1689 1171 1758 1193 non
1781 1171 1861 1193 esse.

1457 1206 1567 1237 Tertia
1591 1212 1648 1244 est,
1665 1207 1742 1247 quia
1765 1207 1799 1238 in
1822 1206 1895 1238 Deo
1910 1206 1998 1238 idem
2023 1212 2071 1238 est
2090 1215 2159 1238 esse
2183 1213 2215 1239 et
2231 1207 2378 1239 essentia.
2401 1208 2480 1240 Pro-

1400 1252 1580 1292 positiones
1608 1256 1718 1283 autem
1740 1251 1810 1283 illas
1833 1257 1964 1292 oportet
1993 1252 2177 1283 non’ssimas
2206 1261 2276 1283 esse
2303 1252 2337 1284 in
2362 1253 2481 1295 quibus

1398 1295 1487 1327 idem
1510 1295 1714 1337 praedicatur
1737 1295 1777 1327 de
1801 1296 1918 1336 seipso.

1456 1340 1579 1379 Quarta
1595 1346 1653 1377 est,
1670 1341 1747 1381 quia
1769 1340 1878 1372 Deum
1895 1350 1964 1372 esse
1980 1346 2028 1372 est
2042 1341 2229 1373 naturaliter
2243 1348 2378 1373 notum:
2403 1352 2480 1374 cum

1398 1385 1433 1415 in
1448 1386 1558 1426 ipsum
1580 1385 1767 1417 naturaliter
1782 1384 1978 1416 desiderium
2001 1386 2144 1417 hominis
2158 1386 2278 1418 tendat.
2303 1386 2352 1418 Ea
2369 1393 2480 1419 autem

1399 1439 1484 1470 quae
1508 1437 1583 1461 sunt
1605 1429 1902 1467 naturaliter'nota,
1926 1439 1983 1471 per
2006 1440 2041 1461 se
2065 1437 2319 1471 cognoscuntur.

1455 1474 1578 1513 Quinta
1602 1480 1659 1511 est,
1684 1476 1761 1516 quia
1784 1474 1874 1506 Deus
1898 1480 1946 1506 est
1969 1485 2036 1516 quo
2061 1476 2172 1507 omnia
2196 1476 2256 1507 alia
2272 1485 2480 1517 cognoscun-

1398 1524 1464 1550 tur:
1483 1529 1559 1550 cum
1576 1519 1684 1550 divina
1698 1519 1755 1551 lux
1771 1519 1811 1550 sit
1827 1520 1934 1550 omnis
1950 1520 2158 1561 intelligibilis
2174 1521 2372 1562 cognitionis
2389 1521 2479 1562 prin-

1399 1573 1533 1604 οιριιιιιι.

1045 1649 1058 1654 ’
1315 1667 1399 1712 εᾚιε.
1404 1675 1429 1701 a

858 1832 1349 1890 CAPITULUM
1384 1833 1884 1891 UNDECIMUM

646 1960 1135 2002 REPROBATIO
1183 1961 1666 2003 PRAEMISSAE
1714 1961 2099 2004 OPINIONIS

733 2031 813 2072 ET
848 2031 1116 2073 SOLUTIO
1151 2031 1482 2074 RATIONUM
1514 2031 2001 2076 PRAEMISSARUM

350 2195 361 2205 .
382 2206 389 2208 ,
412 2179 455 2198 -·
468 2179 646 2204 ιιΑειιιοτΑ
664 2176 797 2205 autem
816 2167 986 2218 opinio*
1004 2168 1184 2218 provenit
1197 2169 1339 2219 partim

338 2232 356 2260 ι’
437 2225 449 2268 j·
481 2219 643 2282 quidem
662 2233 709 2258 ex
736 2221 1019 2259 consuetudine
1048 2234 1127 2271 qua
1155 2234 1201 2259 ex
1234 2222 1339 2272 prin-

350 2283 361 2294 *
383 2288 423 2314 a·
444 2279 455 2323 ξ
481 2273 583 2324 cipio
611 2274 752 2312 assueti
777 2282 866 2312 sunt
889 2286 1037 2312 nomen
1055 2274 1129 2312 Dei
1147 2275 1282 2313 audire
1301 2284 1339 2313 et

480 2327 675 2366 invocare.
707 2327 962 2366 Consuetudo
990 2337 1134 2376 autem,
1163 2336 1201 2366 et
1227 2341 1338 2379 prae-

1395 2170 1504 2207 Deus
1523 2169 1569 2208 sit
1596 2170 1636 2208 id
1656 2182 1737 2220 quo
1766 2170 1894 2208 maius
1917 2169 2074 2220 cogitari
2101 2182 2183 2208 non
2209 2170 2352 2220 possit:
2382 2182 2475 2210 cum

1394 2223 1506 2261 multi
1526 2223 1779 2284 antiquorum
1798 2224 1997 2262 mundum
2016 2223 2134 2262 istum
2162 2224 2324 2262 dixerint
2342 2225 2474 2265 Deum

1394 2288 1490 2314 esse.
1521 2277 1606 2315 Nec
1633 2277 1751 2315 etiam
1779 2289 1826 2315 ex
1850 2277 2230 2328 interpretationibus
2257 2277 2377 2316 huius
2403 2290 2474 2317 no-

1394 2329 1511 2368 minis
1525 2331 1639 2378 Deus,
1655 2343 1754 2381 quas
1773 2331 2043 2370 Damascenus
2061 2330 2216 2381 ponit,
2185 2331 2206 2354 ⁸
2234 2331 2382 2381 aliquid
2399 2332 2510 2370 hu-'

263 2356 376 2429 cipue
404 2392 505 2430 quae
534 2389 590 2419 est
608 2393 631 2418 a
650 2393 787 2431 puero,
807 2381 890 2419 vim
913 2389 1074 2420 naturae
1102 2381 1268 2420 obtinet:
1276 2394 1336 2420 ex
1360 2396 1370 2418 s
1394 2383 1566 2422 iusmodi
1585 2383 1740 2434 intelligi
1759 2384 1884 2422 datur.
1905 2406 1931 2412 -
1950 2384 2103 2422 Deinde
2123 2384 2227 2435 quia,
2248 2385 2340 2423 dato
2363 2386 2474 2436 quod

263 2446 343 2483 quo
366 2435 550 2495 contingit
567 2442 610 2473 ut
629 2446 675 2473 ea
693 2436 838 2485 quibus
857 2448 879 2473 a
903 2435 1067 2485 pueritia
1091 2435 1247 2473 animus
1266 2435 1337 2473 irn-
1393 2437 1443 2475 ab
1463 2437 1649 2475 omnibus
1676 2450 1747 2488 per
1765 2438 1843 2476 hoc
1870 2449 2018 2477 nomen
2037 2439 2141 2476 Deus
2158 2437 2390 2488 intelligatur
2406 2439 2472 2478 ali-

263 2487 403 2535 buitur,
425 2488 475 2527 ita
502 2488 664 2527 firmiter
686 2497 813 2527 teneat
832 2502 877 2527 ac
905 2489 936 2526 si
965 2497 1092 2527 essent
1115 2489 1338 2528 naturaliter
1392 2490 1487 2540 quid
1516 2503 1598 2541 quo
1627 2491 1755 2529 maius
1773 2490 1931 2541 cogitari
1959 2503 2040 2530 non
2062 2491 2194 2542 possit,
2213 2503 2296 2530 non
2314 2503 2473 2531 necesse

263 2549 299 2578 et
326 2553 396 2591 per
413 2554 454 2580 se
474 2551 576 2581 nota.
598 2542 743 2581 Partim
762 2554 858 2581 vero
877 2542 1061 2592 contingit
1079 2554 1127 2580 ex
1150 2554 1198 2581 eo
1227 2543 1335 2593 quod
1392 2543 1462 2582 erit
1494 2544 1640 2595 aliquid
1670 2557 1753 2583 esse
1781 2557 1863 2595 quo
1895 2544 2024 2583 maius
2051 2544 2208 2595 cogitari
2236 2557 2318 2584 non
2345 2554 2472 2596 potest

263 2607 343 2632 non
371 2594 615 2646 distinguitur
641 2597 750 2646 quod
773 2604 830 2634 est
858 2604 996 2634 notum
1023 2608 1095 2646 per
1122 2608 1163 2633 se
1191 2596 1336 2647 simpli·
1391 2597 1432 2634 in
1456 2609 1588 2636 rerum
1608 2606 1757 2636 natura.
1778 2598 1932 2637 Eodem
1961 2598 2068 2636 enim
2086 2599 2211 2637 modo
2238 2610 2396 2638 necesse
2415 2608 2473 2639 est

262 2648 364 2695 citer,
385 2657 421 2687 et
439 2651 546 2700 quod
566 2658 622 2687 est
641 2651 773 2700 quoad
793 2662 866 2688 nos
893 2662 965 2700 per
988 2662 1028 2688 se
1057 2657 1208 2688 notum.
1229 2650 1336 2688 Nam
1351 2667 1378 2682 ιο
1391 2650 1486 2701 poni
1520 2663 1615 2698 rem,
1646 2660 1683 2689 et
1715 2651 1886 2690 nominis
1914 2651 2118 2690 rationem.
2153 2653 2212 2691 Ex
2235 2653 2313 2691 hoc
2338 2661 2471 2693 autem

263 2701 483 2751 simpliciter
501 2703 660 2754 quidem
682 2705 814 2742 Deum
838 2716 921 2742 esse
939 2715 1011 2754 per
1029 2715 1070 2740 se
1098 2711 1238 2741 notum
1258 2711 1334 2742 est:
1391 2704 1499 2754 quod
1528 2713 1657 2743 mente
1686 2705 1903 2756 concipitur
1936 2706 2045 2756 quod
2073 2706 2279 2767 profertur
2294 2706 2372 2745 hoc
2402 2719 2471 2746 no·

262 2767 353 2793 cum
380 2758 457 2795 hoc
484 2757 614 2807 ipsum
642 2758 751 2808 quod
780 2759 888 2796 Deus
917 2765 983 2805 est,
1013 2757 1060 2794 sit
1087 2769 1206 2794 suurn
1239 2768 1333 2794 esse.
1391 2756 1497 2795 mine
1516 2759 1630 2805 Deus,
1651 2770 1731 2796 non
1751 2759 1928 2809 sequitur
1945 2760 2075 2797 Deum
2095 2771 2180 2797 esse
2207 2759 2291 2797 nisi
2303 2759 2344 2798 in
2363 2759 2471 2799 intel-

263 2809 339 2846 Sed
367 2810 459 2860 quia
487 2811 711 2861 h0e1psum
734 2811 843 2861 quod
872 2812 980 2849 Deus
1008 2818 1064 2848 est
1093 2818 1223 2848 mente
1243 2822 1335 2848 con·
1390 2811 1502 2848 lectu.
1534 2812 1647 2850 Unde
1671 2824 1744 2849 nec
1767 2812 1961 2873 oportebit
1988 2812 2026 2850 id
2056 2825 2137 2863 quo
2162 2813 2290 2851 maius
2312 2813 2471 2863 cogitari

261 2862 388 2912 cipere
424 2876 505 2902 non
542 2877 764 2915 possumus,
794 2873 968 2903 remanet
996 2864 1173 2914 ignotum
1202 2863 1335 2914 quoad
1390 2875 1472 2902 non
1500 2872 1626 2915 potest
1654 2877 1738 2903 esse
1757 2865 1830 2903 nisi
1850 2865 1890 2903 in
1918 2865 2122 2904 intellectu.
2149 2866 2198 2904 Et
2216 2878 2263 2904 ex
2292 2867 2370 2904 hoc
2387 2879 2469 2906 non

261 2927 343 2953 nos.
375 2916 481 2954 Sicut
502 2930 619 2956 omne
639 2925 765 2956 totum
784 2931 855 2956 sua
874 2926 982 2969 parte
1002 2917 1130 2956 maius
1149 2929 1245 2963 esse,
1265 2929 1336 2967 per
1351 2936 1374 2957 ις
1391 2918 1566 2968 sequitur
1594 2919 1703 2968 quod
1732 2918 1779 2956 sit
1807 2918 1951 2969 aliquid
1981 2919 2020 2957 in
2049 2931 2181 2957 rerum
2216 2928 2355 2958 natura
2386 2919 2468 2971 quo

262 2980 301 3005 se
331 2978 468 3007 notum
489 2979 544 3008 est
564 2971 801 3022 simpliciter.
832 2971 866 3010 ei
886 2980 1017 3011 autern
1047 2971 1113 3022 qui
1142 2971 1334 3009 rationem
1390 2971 1517 3010 maius
1545 2971 1702 3020 cogitari
1731 2984 1811 3010 non
1840 2972 1971 3022 possit.
2002 2973 2051 3010 Et
2079 2973 2133 3011 sic
2160 2972 2256 3011 nihil
2283 2973 2469 3013 inconve-

260 3021 375 3059 totius
394 3031 523 3061 mente
542 3037 622 3062 non
641 3025 872 3075 conciperet,
902 3033 1097 3075 oporteret
1124 3037 1208 3062 esse
1227 3024 1334 3074 igno-
1389 3025 1500 3063 niens
1533 3025 1670 3063 accidit
1706 3025 1943 3075 ponentibus
1978 3027 2109 3064 Deum
2138 3038 2219 3064 non
2254 3039 2356 3065 esse·
2386 3039 2467 3068 non

261 3082 356 3112 tum.
387 3077 435 3113 Et
454 3076 507 3114 sic
534 3077 577 3115 fit
598 3086 641 3116 ut
659 3079 708 3117 ad
737 3091 782 3117 ea
802 3091 903 3129 quae
932 3087 1022 3117 sunt
1049 3077 1250 3116 notissima
1279 3090 1333 3116 re·
1389 3079 1495 3116 enim
1524 3078 1804 3117 inconveniens
1823 3087 1880 3117 est
1898 3079 2072 3141 quolibet
2091 3079 2182 3117 dato
2200 3080 2296 3118 vel'
2286 3093 2324 3118 m
2344 3092 2385 3118 re
2405 3082 2466 3119 vel

261 3139 360 3176 rum,
390 3138 520 3168 noster
547 3131 757 3170 intellectus
786 3144 826 3170 se
855 3133 996 3170 habeat
1022 3140 1066 3169 ut
1093 3132 1230 3170 oculus
1263 3144 1333 3170 no·
1388 3131 1427 3169 in
1457 3132 1648 3170 intellectu
1668 3132 1814 3183 aliquid
1841 3132 1970 3170 maius
1988 3132 2145 3182 cogitari
2172 3144 2300 3183 posse,
2329 3132 2403 3171 nisi
2430 3133 2465 3172 ei

227 3188 371 3218 ctuae
399 3183 447 3220 ad
477 3184 610 3231 solem,
640 3192 683 3222 ut
711 3187 740 3223 ll
769 3188 985 3236 Metaphys.
1001 3185 1022 3208 ¹⁸
1051 3185 1199 3223 dicitur.
1347 3185 1455 3236 ‚oqui
1483 3186 1662 3224 concedit
1689 3198 1772 3224 esse
1791 3185 1936 3236 aliquid
1956 3198 2038 3236 quo
2061 3185 2190 3224 maius
2207 3186 2364 3235 cogitari
2383 3198 2465 3241 non

313 3235 397 3272 Nec
425 3245 576 3285 oportet
603 3245 646 3275 ut
674 3238 812 3284 statim,
837 3238 988 3288 cognita
1016 3238 1134 3277 huius
1162 3237 1333 3276 nominis
1387 3239 1509 3290 possit
1536 3239 1576 3277 in
1604 3251 1736 3277 rerum
1765 3247 1915 3277 natura

261 3286 362 3323 Deus
376 3287 661 3337 significatione,
678 3292 809 3329 Deum
824 3304 907 3330 esse
922 3293 968 3330 sit
982 3300 1133 3339 notum,
1150 3300 1192 3330 ut
1206 3291 1333 3342 prima
1441 3293 1527 3330 Nec
1559 3292 1675 3330 etiam
1708 3300 1876 3344 oportet,
1906 3300 1949 3330 ut
1985 3292 2157 3330 secunda
2194 3291 2291 3330 ratio
2300 3305 2464 3353 propo-

262 3338 356 3376 ratio
371 3339 600 3381 intendebat.
613 3343 745 3382 Primo
760 3345 933 3394 quidem,
944 3345 1036 3396 quia
1050 3357 1132 3383 non
1147 3345 1332 3383 omnibus
1386 3346 1514 3392 nebat,
1535 3347 1622 3384 Deo
1640 3357 1756 3396 posse
1774 3346 1920 3396 aliquid
1939 3344 2067 3383 maius
2094 3344 2250 3405 cogitari
2278 3346 2310 3384 si
2337 3354 2465 3407 potest

262 3399 398 3429 notum
418 3402 484 3441 est,
501 3395 615 3433 etiam
634 3398 936 3436 concedentibus
955 3400 1087 3437 Deum
1107 3411 1202 3446 esse,
1223 3399 1331 3449 quod
1386 3398 1542 3448 cogitari
1562 3411 1643 3437 non
1672 3411 1767 3437 esse.
1797 3400 1903 3437 Nam
1922 3399 2031 3448 quod
2059 3398 2180 3448 possit
2203 3398 2359 3448 cogitari
2380 3411 2462 3438 non

2329 3521 2345 3547 7
2363 3513 2460 3548 teneat}

1030 3511 1044 3538 3
1065 3512 1171 3547 assueti]
1191 3513 1312 3539 homine·
1332 3514 1429 3538 assueti
1449 3513 1518 3539 Zl’d.
1611 3513 1625 3538 5
1645 3520 1660 3538 a
1673 3512 1764 3547 puero]
1784 3520 1798 3538 ι
1817 3512 1927 3546 pueritia
1945 3511 1973 3543 Z,
1993 3519 2008 3538 a
2026 3512 2154 3546 principio
2172 3512 2238 3539 de.
2287 3548 2302 3574 ⁵
2366 3549 2373 3556 ·
2450 3553 2462 3575 t

2269 3555 2280 3575 ι
2321 3556 2407 3575 manu·
2434 3557 2449 3575 e

1157 3556 1205 3582 per
1224 3556 1254 3574 se
1272 3549 1333 3574 hom
1352 3556 1395 3574 om
1417 3549 1443 3579 d,
1463 3548 1615 3582 simpliciter
1633 3554 1659 3574 et
1678 3549 1750 3582 quod
1769 3548 1856 3582 quoad
1876 3555 1925 3573 nos
1945 3547 2060 3582 (notum)
2079 3553 2120 3574 est
2138 3549 2167 3574 Ρ.

1827 3618 1859 3644 13
1879 3618 1943 3653 quo]
1963 3619 2035 3652 quod
2054 3619 2147 3646 EGPc.

316 3511 329 3528 2
349 3512 379 3529 ex
396 3506 529 3541 principio]
549 3515 564 3533 a
583 3516 663 3541 puero
682 3517 704 3540 c,
719 3518 733 3535 a
752 3511 876 3545 principio
890 3512 937 3537 Pd.

260 3543 362 3563 tenetur
379 3540 420 3570 cd,
439 3546 560 3567 tenentur
578 3543 606 3574 P,
626 3550 762 3571 teneantur
781 3547 804 3572 17.
904 3555 920 3581 9
940 3547 1138 3581 simpliciter...

261 3576 324 3598 ante
341 3578 367 3599 et
383 3579 444 3606 post
463 3584 509 3602 sua
528 3584 599 3610 parte
619 3587 643 3605 α.

316 3615 329 3633 2
350 3610 466 3644 dixerint]
486 3613 602 3638 dixerunt
621 3614 713 3640 ‹szcd
731 3620 757 3641 et
776 3621 839 3642 anre
856 3618 984 3643 mundum
1003 3619 1032 3644 Ζ.

259 3644 360 3669 nullum
380 3645 422 3671 Pc.

1123 3619 1140 3644 6
1158 3618 1292 3653 omnibus]
1312 3619 1461 3645 hominibus
1481 3619 1734 3645 CEPHNWYstc.
2230 3619 2264 3646 16
2283 3620 2344 3646 nihil
2366 3627 2410 3646 om
2434 3629 2460 3652 α,

2526 2333 2563 2356 De
2571 2333 2625 2356 ΡΜ.
2637 2333 2718 2361 orta„

2501 2349 2718 2416 ..aefter
