2768 4134
68 2775 114 2798 -ὕΑο,
159 2787 163 2792 ⁷

83 3223 94 3236 ⁶
103 3224 175 3249 Nan.
189 3232 223 3248 ιιι.

14 3510 22 3524 ⁴-
81 3495 291 3525 'Gemmarum

5 3528 23 3555 ,ι
62 3547 66 3550 ,
79 3527 144 3547 mvi.

64 3581 65 3585 Ἰ
76 3601 91 3615 1

79 3633 90 3652 ι

79 3660 95 3677 v

145 3604 291 3661 ...afficit

112 3654 166 3685 (nen
182 3660 232 3679 tum
250 3658 292 3680 Pa-

0 3665 21 3676 ”
78 3663 221 3713 nimiis)-

884 286 1074 324 SUMMA
1102 287 1326 326 CONTRA
1354 288 1630 337 GENTILES,
1661 290 1772 327 CAP.
1794 291 1966 328 XXXIV.

322 365 492 402 accidenti,
509 365 622 399 fuisset
636 367 829 408 impositum
842 367 904 407 ipsi
919 367 1129 404 substantiae;
1145 369 1251 406 tertio,
1269 371 1400 411 cognito

323 410 415 450 quod
438 420 508 441 esse
531 420 600 441 non
623 411 776 442 convenit
799 410 957 441 accidenti
979 411 1041 442 nisi
1069 413 1102 442 in
1131 414 1316 451 substantia,
1340 416 1401 446 im—

322 455 468 495 positum
492 461 575 486 esset
597 455 640 486 ad
661 454 912 496 significandum
942 455 1090 487 accidens
1119 467 1196 488 cum
1223 458 1337 490 ordine
1360 459 1401 490 ad

322 499 545 536 substantiam,
569 505 602 531 et
625 500 793 540 analogice
816 499 857 530 ad
880 505 1056 541 utrumque
1079 502 1295 542 significatum
1319 510 1402 535 esset

321 549 510 584 acceptum:
526 545 592 576 hoc
605 554 731 576 nomen
745 554 813 580 ens,
830 544 1012 576 secundum
1029 546 1119 585 quod
1136 546 1252 578 dicitur
1270 548 1310 579 de
1326 549 1401 579 sub—

322 589 449 625 stantia,
471 598 541 620 non
563 594 741 629 poneretur
762 589 797 620 in
820 588 1010 620 definitione
1039 591 1140 630 ipsius
1163 597 1199 622 ut
1222 592 1338 623 dicitur
1361 593 1401 624 de

322 632 489 664 accidente
511 633 670 670 absolute,
694 632 877 664 secundum
900 634 1039 674 primam
1062 635 1321 675 impositionem;
1345 637 1402 668 sed

322 678 467 708 bene-ut
488 677 668 718 analogice,
690 678 780 708 iuxta
802 677 980 709 secundam
1003 679 1257 719 impositionem,
1275 681 1399 713 dicitur.

378 721 432 752 Sic
455 727 504 752 est
527 721 567 752 de
590 723 744 753 omnibus
768 722 884 753 divinis
907 723 1096 754 nominibus
1120 733 1204 764 quae
1223 727 1354 766 proprie
1370 733 1401 758 et

320 765 490 806 analogice
513 766 555 797 de
577 767 650 807 ipso
674 773 707 798 et
730 768 883 798 creaturis
905 767 1067 799 dimanat.
1091 768 1176 799 Nam
1199 770 1263 800 hoc
1278 780 1400 802 nomen

320 810 483 851 sapientia
497 811 605 851 primo
618 812 808 843 attributum
824 817 872 843 est
887 811 928 843 ad
943 812 1193 853 significandum
1208 815 1400 855 sapientiam

320 855 499 887 humanam
522 855 680 893 absolute,
704 857 788 888 sicut
811 862 845 888 et
869 857 977 898 primo
1007 858 1156 889 absolute
1186 860 1315 899 cognita
1338 866 1399 898 est;

321 899 451 937 deinde,
467 901 602 941 cognito
625 902 730 942 ipsam
746 911 815 932 esse
831 911 850 932 a
864 902 1021 942 sapientia
1044 901 1152 933 divina
1175 904 1399 944 exemplatam,

321 945 515 985 impositum
530 950 579 976 est
600 945 642 976 ad
664 945 914 987 significandum
936 945 1081 978 divinam
1104 948 1316 988 sapientiam;
1330 955 1401 980 tum

321 995 489 1030 postremo
505 990 697 1031 impositum
720 996 768 1022 est
791 991 832 1022 ad
854 990 1102 1031 significandum
1125 993 1318 1032 sapientiam
1341 995 1400 1025 hu-

322 1043 454 1065 manam
485 1035 518 1066 in
553 1035 670 1066 ordine
700 1035 746 1067 ad
773 1035 967 1076 sapientiam
998 1035 1142 1067 divinam
1173 1042 1328 1078 tanquam
1358 1040 1402 1070 ad

321 1087 455 1110 causam
483 1084 519 1110 et
546 1079 724 1120 exemplar,
750 1085 783 1110 et
812 1086 984 1120 acceptum
1015 1086 1064 1112 est
1091 1087 1247 1122 tanquam
1277 1092 1401 1115 nomen

321 1123 499 1164 analogum
521 1129 554 1155 et
579 1124 834 1164 proportionale.
859 1124 901 1156 Et
923 1125 1027 1156 simile
1059 1131 1107 1157 est
1129 1126 1170 1157 de
1193 1126 1262 1157 aliis
1285 1125 1401 1159 divinis

320 1169 521 1200 nominibus.
546 1167 735 1200 Secundum
758 1169 869 1209 itaque
892 1170 1032 1210 primam
1053 1170 1309 1211 impositionem,
1336 1174 1401 1213 pri-

318 1222 415 1244 mum
439 1213 647 1253 analogatum
661 1222 732 1244 non
747 1214 881 1254 ponitur
895 1215 930 1245 in
946 1214 1136 1247 definitione
1160 1216 1304 1248 alterius:
1324 1218 1401 1258 quia

315 1266 390 1288 non
405 1257 564 1298 accipitur
586 1262 666 1288 tunc
689 1267 814 1289 nomen
829 1264 866 1289 ut
881 1269 922 1290 an
1083 1260 1140 1292 sed
1155 1266 1193 1291 ut
1207 1262 1398 1293 univocum.

317 1301 645 1342 Secundumrautem
669 1302 760 1343 quod
783 1303 950 1344 analogice
974 1306 1122 1342 sumitur,
1139 1305 1231 1346 quod
1247 1308 1401 1338 convenit

250 1359 263 1361 ⁷
303 1342 588 1378 <fibi'secundum
610 1347 737 1378 tertiam
759 1348 1016 1388 impositionem,
1039 1350 1197 1390 perfectio
1216 1350 1325 1382 divina
1340 1361 1400 1393 po-

315 1391 408 1422 nitur
422 1391 457 1422 in
473 1390 664 1423 definitione
678 1391 888 1432 perfectiouis
904 1400 1068 1426 creaturae
1083 1401 1120 1426 ut
1136 1395 1254 1426 eodem
1265 1397 1400 1428 nomine

316 1435 530 1476 significauit.

375 1479 479 1519 Quod
501 1486 612 1512 autem
634 1481 700 1511 hoc
722 1482 763 1512 sit
786 1481 827 1513 de
856 1489 967 1514 mente
995 1483 1105 1515 Sancti
1128 1484 1288 1522 Thomae,
1312 1491 1400 1526 patet

319 1524 335 1556 1
349 1524 451 1562 Sent..
474 1525 511 1556 in
532 1525 677 1566 Prolog.,
701 1536 729 1556 a.
748 1536 779 1563 2,
801 1526 842 1558 ad
858 1537 889 1564 2,
913 1528 971 1558 ubi
993 1529 1101 1570 inquit
1123 1529 1216 1569 quod
1238 1531 1399 1572 analogia

320 1575 495 1601 creaturae
517 1570 561 1601 ad
586 1570 778 1601 Creatorem
801 1576 850 1603 est
872 1581 910 1603 eo
942 1573 1031 1614 quod
1061 1583 1163 1604 unum
1192 1583 1262 1605 esse
1291 1580 1323 1605 et
1345 1585 1400 1606 ra-

314 1614 443 1646 tionem
464 1614 507 1646 ab
528 1615 635 1646 altero
667 1616 799 1656 recipit:
821 1617 899 1657 quia
929 1623 1086 1649 ereatura
1115 1628 1181 1649 non
1209 1619 1306 1650 habet
1332 1629 1401 1651 esse

315 1659 385 1691 nisi
405 1659 584 1691 secundum
606 1660 695 1702 quod
718 1670 739 1690 a
765 1661 877 1701 primo
909 1667 982 1693 ente
1010 1662 1184 1700 descendit,
1209 1673 1269 1695 nec
1295 1665 1400 1695 nomi-

319 1706 422 1735 natur
443 1714 501 1736 ens
525 1705 589 1735 nisi
611 1705 804 1746 inquantum
829 1714 886 1737 ens
903 1706 1049 1747 primum
1074 1707 1231 1739 imitatur.
1261 1709 1302 1739 Et
1324 1709 1400 1740 sub-

316 1748 426 1790 inQit
447 1748 540 1790 quod
561 1749 714 1781 similiter
735 1755 784 1781 est
806 1749 847 1781 de
864 1751 1027 1792 sapientia
1046 1757 1078 1783 et
1094 1751 1135 1783 de
1157 1753 1305 1784 omnibus
1323 1754 1400 1785 aliis

314 1802 404 1835 quae
425 1793 467 1825 de
488 1793 562 1825 Deo
584 1799 618 1825 et
639 1799 796 1826 creatura
818 1795 984 1826 dicuntur.
1273 1813 1277 1817 -

375 1837 566 1870 Secimdum
588 1848 666 1879 ergo
689 1840 774 1870 hanc
796 1841 1045 1880 responsionem
1067 1841 1207 1873 salvatur
1235 1844 1399 1874 universa-

313 1881 392 1915 ·liter
412 1883 539 1914 dictum
561 1883 672 1915 Sancti
688 1884 849 1921 Thomae,
869 1890 902 1916 et
923 1885 988 1922 hic,
1013 1891 1046 1916 et
1066 1886 1184 1924 Prima,
1201 1896 1233 1927 q.
1249 1897 1315 1925 xm,
1331 1898 1359 1919 a.
1377 1888 1397 1918 6

316 1933 354 1960 et
371 1935 422 1964 ιο,
444 1927 538 1969 quod
559 1928 595 1959 in
617 1929 772 1960 omnibus
794 1929 950 1970 analogis,
966 1931 1162 1970 inquantum
1185 1931 1307 1963 scilicet
1321 1942 1398 1963 ana—

316 1972 395 2014 loga
424 1978 510 2009 sunt,
537 1972 681 2012 primum
711 1972 958 2014 analogatorum
987 1975 1122 2015 ponitur
1150 1976 1184 2006 in
1207 1975 1397 2008 definitione

316 2017 468 2048 aliorum.
483 2035 508 2040 —
523 2016 713 2048 Secundum
735 2018 800 2048 hoc
824 2019 921 2050 etiam
944 2018 1126 2050 verificatur
1149 2019 1272 2051 dictum
1289 2021 1397 2053 Sancti

319 2061 470 2092 Thomae
485 2061 602 2098 Prima,
619 2071 651 2102 q.
667 2072 733 2099 1111,
750 2072 779 2093 a.
797 2063 827 2098 5,
844 2063 902 2094 ubi
921 2064 965 2094 ait
988 2064 1079 2105 quod
1102 2065 1255 2106 quicquid
1277 2065 1398 2097 dicitur

316 2106 360 2138 de
380 2106 454 2138 Deo
481 2111 513 2137 et
540 2107 713 2144 creaturis,
737 2107 859 2138 dicitur
886 2109 1064 2139 secundum
1095 2109 1183 2150 quod
1205 2115 1254 2141 est
1277 2111 1397 2152 aliquis

320 2151 403 2182 ordo
431 2156 606 2182 creaturae
631 2151 676 2182 ad
699 2151 807 2182 Deum
834 2157 870 2183 ut
895 2152 940 2183 ad
961 2154 1162 2194 principium
1188 2159 1221 2185 et
1245 2163 1397 2186 causam:

312 2195 506 2236 intelligitur
529 2196 618 2226 enim
641 2196 822 2227 secundum
845 2196 937 2238 quod
960 2198 1127 2239 analogice
1150 2199 1276 2230 dicitur.

374 2239 446 2271 Nec
473 2241 580 2271 obstat
599 2239 691 2281 quod
712 2241 820 2282 inquit
839 2241 976 2273 Sanctus
997 2243 1143 2274 Thomas
1165 2244 1200 2274 in
1222 2244 1396 2282 Quaestio-

318 2285 414 2316 nibus
437 2285 478 2316 de
505 2285 614 2322 Ver-it..
638 2285 727 2316 illam
750 2287 1010 2327 propositionem
1033 2288 1151 2319 habere
1173 2289 1339 2320 veritatem
1361 2290 1396 2320 in

318 2330 468 2371 analogia
481 2330 705 2370 proportionis
719 2336 857 2362 tantum.
874 2331 994 2362 Sensus
1011 2333 1099 2363 enim
1122 2333 1223 2373 ipsius
1239 2339 1287 2364 est
1305 2333 1396 2375 quod

317 2374 354 2406 in
371 2374 521 2415 analogia
538 2379 665 2405 tantum
686 2376 907 2415 proportionis
927 2377 1069 2417 primum
1092 2378 1146 2408 cui
1163 2378 1313 2409 absolute
1336 2388 1396 2409 no-

317 2428 396 2451 men
411 2419 602 2460 imponitur,
617 2419 652 2450 in
667 2418 858 2451 definitione
870 2421 1008 2452 aliorum
1020 2422 1164 2462 ponitur,
1176 2423 1253 2463 quia
1264 2429 1397 2464 propter

318 2463 565 2495 determinatam
594 2463 777 2495 distantiam
809 2471 842 2496 et
870 2465 1093 2497 habitudinem
1122 2467 1223 2507 ipsius
1254 2467 1294 2498 ad
1324 2468 1395 2504 alia,

317 2514 428 2550 potest
449 2508 569 2540 ducere
590 2509 626 2539 in
649 2508 826 2549 perfectam
856 2511 1006 2542 notitiam
1035 2511 1175 2542 aliorum
1201 2512 1396 2552 inquantum

316 2553 376 2584 illo
399 2554 535 2584 nomine
557 2553 789 2594 significantur.
820 2554 897 2586 Non
921 2561 969 2586 est
991 2561 1101 2587 autem
1124 2565 1238 2587 verum
1267 2558 1396 2588 univer-

318 2599 425 2629 saliter
438 2598 474 2629 in
489 2598 637 2639 analogia
659 2599 983 2639 proportionalitatis:
1005 2602 1082 2641 quia
1104 2601 1246 2641 primurn
1267 2603 1320 2632 cui
1335 2603 1396 2633 im-

317 2643 453 2684 ponitur
481 2652 616 2678 nomen,
643 2652 730 2679 cum,
758 2649 796 2674 ut
821 2645 878 2680 sic,
904 2654 973 2676 non
1005 2645 1122 2676 habeat
1151 2645 1394 2677 determinatam

318 2687 542 2719 habitudinem
565 2687 607 2718 ad
628 2687 690 2718 alia
711 2687 768 2719 sed
797 2693 925 2720 tantum
954 2691 1302 2730 proportionalitatem,
1326 2701 1395 2722 non

319 2738 449 2773 oportet
479 2738 515 2763 ut
545 2731 642 2763 ducat
670 2741 800 2773 semper
827 2733 862 2764 in
892 2733 1068 2774 perfectam
1096 2740 1128 2765 et
1150 2734 1394 2775 quidditativam

318 2778 541 2818 cognitionem
563 2776 712 2807 aliorum.
738 2776 826 2808 Cum
848 2778 914 2808 hoc
937 2784 1046 2809 tamen
1068 2784 1130 2810 stat
1152 2778 1243 2819 quod
1260 2780 1295 2810 in
1319 2790 1393 2810 ana-

317 2823 401 2863 logis
431 2822 594 2858 omnibus,
624 2821 820 2861 inquantum
850 2823 986 2863 analoga
1015 2829 1100 2859 sunt,
1132 2833 1260 2863 semper
1289 2833 1393 2855 unum

317 2868 452 2908 ponitur
474 2867 508 2898 in
532 2865 721 2897 definitione
737 2866 890 2898 aliorum:
915 2873 971 2898 aut
986 2868 1107 2899 scilicet
1121 2868 1202 2899 illud
1218 2869 1270 2899 cui
1286 2869 1391 2909 primo

317 2912 499 2952 imponitur
521 2920 644 2942 nomen
668 2910 831 2947 absolute;
855 2917 911 2942 aut
932 2912 966 2943 id
989 2913 1043 2943 cui
1061 2913 1252 2943 secundario
1270 2922 1393 2944 nomen

318 2957 509 2997 imponitur.
534 2956 570 2986 In
592 2955 782 2986 nominibus
797 2956 886 2987 enim
909 2956 1024 2987 divinis
1047 2957 1190 2997 primum
1213 2957 1393 2988 secundum

318 3011 398 3037 rem,
422 3001 582 3041 posterius
613 3005 722 3030 autem
753 3000 934 3031 secundum
964 3002 1209 3042 impositionem
1239 3003 1391 3039 nominis,

319 3046 452 3087 ponitur
474 3046 508 3076 in
532 3044 722 3075 definitione
749 3044 888 3076 aliorum
918 3046 1112 3086 inquantum
1142 3047 1278 3087 analoga
1299 3052 1391 3078 sunt:

318 3100 396 3122 nam
425 3091 527 3120 homo
558 3089 724 3130 analogice
755 3089 872 3120 dicitur
900 3091 1040 3130 sapiens,
1066 3092 1142 3131 quia
1169 3092 1266 3122 habet
1287 3091 1392 3132 perfe-

320 3136 463 3167 ctionem
486 3134 668 3165 secundum
687 3143 786 3174 quam
802 3134 944 3165 divinam
967 3136 1157 3176 sapientiam
1180 3137 1336 3173 imitatum
1361 3142 1392 3167 et

319 3181 366 3211 sic
389 3180 430 3211 de
453 3179 533 3210 aliis.

328 3250 332 3253 .
373 3225 414 3255 X.
438 3224 491 3255 Ad
513 3224 644 3255 tertium
668 3223 804 3254 dubium
820 3224 836 3240 *
860 3223 976 3254 dicitur
1005 3224 1095 3264 quod
1125 3225 1178 3255 hic
1207 3234 1314 3256 sermo
1345 3231 1393 3257 est

318 3269 360 3301 de
375 3269 488 3300 ordine
513 3268 720 3309 concipiendi
735 3278 774 3299 ex
789 3274 878 3308 parte
898 3269 1080 3299 intellectus
1101 3269 1282 3300 secundum
1301 3270 1392 3310 quod

317 3315 408 3355 prius
429 3320 578 3354 tempore
601 3323 706 3344 unum
729 3318 927 3353 conceptum
950 3312 1068 3344 format
1091 3323 1190 3354 quam
1213 3314 1323 3345 alium.
1345 3315 1392 3345 Ibi

319 3365 429 3390 autem
451 3359 638 3399 intelligitur
661 3358 701 3389 de
724 3358 887 3398 prioritate
910 3358 1122 3398 simplicitatis
1144 3359 1245 3399 ipsius
1273 3369 1391 3390 conce-

317 3409 404 3444 ptus.
429 3403 524 3435 Unde
539 3413 608 3434 non
625 3409 673 3433 est
689 3403 912 3433 contradictio.
929 3421 952 3425 -
967 3402 1147 3441 Quomodo
1164 3409 1272 3434 autem
1289 3405 1392 3444 possit

318 3454 375 3479 aut
397 3458 466 3479 non
488 3449 591 3489 possit
614 3457 683 3478 esse
706 3447 828 3488 aliquid
850 3447 1027 3488 simplicius
1051 3448 1122 3478 Deo
1146 3448 1327 3479 secundum
1342 3459 1391 3479 ra—

317 3494 453 3529 tionem,
477 3499 645 3524 ostensum
669 3498 717 3523 est
739 3502 835 3533 supra
850 3493 877 3523 ³.

373 3538 429 3568 XI.
452 3538 540 3568 Alias
563 3537 766 3568 difficultates
790 3547 874 3578 quae
898 3538 981 3567 circa
1008 3538 1181 3567 nominum
1208 3537 1390 3578 analogiam

318 3588 504 3619 occurrunt,
516 3583 543 3613 si
554 3582 595 3613 ad
606 3582 742 3622 plenum
753 3582 800 3612 vis
811 3582 999 3622 intelligere,
1012 3581 1084 3612 vide
1095 3582 1390 3622 ingeniosissimum

319 3636 404 3667 opus
418 3627 458 3658 de
473 3627 652 3657 Nominum
667 3627 833 3668 Analogia
850 3625 1118 3657 Reverendissimi
1130 3626 1279 3656 Thomae
1295 3626 1390 3658 Gaie-

318 3672 395 3708 mni,
420 3671 599 3702 Cardinalis
621 3671 730 3702 Sancti
753 3671 831 3702 sixti
846 3673 874 3702 ³.

2454 307 2525 345 107

1511 370 1624 401 Unum
1646 369 1812 401 dumtaxat
1841 370 1907 401 hoc
1928 370 2005 402 loco
2035 371 2294 413 investigandum
2319 381 2413 415 puto,
2437 377 2528 418 quod

1455 414 1552 445 huius
1574 414 1726 445 materiae
1749 413 1999 446 fundamentum
2027 421 2088 452 est,
2112 417 2247 448 scilicet:
2275 418 2448 456 Quomodo
2471 432 2528 454 ens

1454 463 1488 489 et
1504 458 1573 489 alia
1597 458 1732 489 nomina
1747 458 1833 489 dicta
1849 459 1889 490 de
1903 459 1974 490 Deo
1992 465 2023 490 et
2038 466 2191 492 creatura
2214 464 2400 506 analogice,
2417 466 2529 498 dicant

1454 508 1514 533 aut
1536 512 1602 533 non
1626 502 1739 534 dicant
1760 513 1860 534 unum
1885 509 2083 544 conceptum.
2107 505 2244 537 Faciunt
2266 509 2352 540 enim
2368 511 2401 541 in
2417 511 2478 543 hac
2492 521 2527 543 re

1455 547 1678 578 difficultatem
1701 547 1825 578 diversa
1849 547 1958 579 Sancti
1974 548 2122 580 Thomae
2142 549 2235 581 dicta.

1510 592 1594 623 Nam
1618 591 1794 632 aliquando
1813 592 1940 622 videtur
1963 592 2068 623 dicere
2092 594 2279 627 huiusmodi
2301 599 2436 630 nomina
2457 610 2526 631 non

1455 635 1562 668 dicere
1582 646 1682 667 unam
1700 637 1870 673 rationem,
1887 636 1944 667 sed
1966 637 2089 677 plures:
2107 645 2143 669 ut
2158 639 2263 670 Prima
2285 641 2387 679 Parte,
2412 653 2444 684 q.
2459 654 2526 682 xm,

1455 691 1483 711 a.
1501 682 1536 718 5;
1561 687 1593 712 et
1611 682 1646 712 in
1661 681 1737 719 QQ.
1761 681 1802 712 de
1821 681 1983 719 Potentia,
2006 692 2060 718 vn,
2084 692 2112 713 a.
2129 693 2160 723 7,
2183 685 2292 723 Verit.‚
2315 696 2346 727 q.
2363 698 2396 725 11,
2419 698 2448 719 a.
2476 697 2526 726 ιι,

1455 731 1487 756 et
1509 726 1544 756 in
1566 726 1635 757 aliis
1658 726 1739 757 locis
1762 725 1849 756 idem
1874 735 1970 766 saepe
1993 726 2136 766 replicat.

1509 770 1696 811 Aliquando
1712 775 1822 801 autem
1837 770 1963 801 videtur
1979 771 2061 802 velle
2077 771 2168 812 quod
2183 782 2240 804 ens
2255 783 2353 805 unam
2368 778 2526 808 rationem

1454 814 1554 845 dicat:
1578 821 1615 846 ut
1632 815 1740 852 Verit.‚
1757 824 1789 855 q.
1801 825 1824 851 1,
1840 825 1868 846 a.
1888 823 1914 851 1,
1934 815 1991 845 ubi
2013 815 2081 846 vult
2105 822 2255 857 oportere
2273 828 2406 851 omnem
2427 822 2526 853 alium

1455 865 1653 900 conceptum
1667 860 1702 890 in
1718 865 1916 900 conceptum
1932 860 2013 890 entis
2028 861 2155 891 resolvi.
2168 862 2282 894 -Item
2295 863 2415 902 ISent.,
2424 865 2454 896 d.
2464 877 2525 903 xrx,

1455 913 1486 944 q.
1500 914 1529 940 v,
1543 914 1571 934 a.
1585 914 1616 940 2,
1633 903 1673 935 ad
1693 911 1722 940 1,
1737 909 1826 935 tenet
1845 903 1936 945 quod
1958 904 2034 935 talia
2056 906 2190 936 nomina
2213 907 2260 938 sic
2282 909 2457 951 analogice
2478 911 2526 941 di-

1454 954 1575 979 cuntur
1589 948 1629 980 de
1643 949 1716 979 Deo
1735 954 1767 980 et
1788 949 1950 980 creaturis
1972 949 2060 990 quod
2083 950 2221 981 intentio
2243 957 2275 982 et
2297 958 2417 985 natura
2440 964 2526 986 com-

1454 994 1561 1024 munis
1583 994 1678 1024 habet
1700 1003 1768 1025 esse
1791 994 1824 1024 in
1849 1003 2045 1035 unoquoque
2067 1004 2181 1025 eorum
2202 995 2243 1027 de
2261 997 2376 1037 quibus
2390 999 2527 1030 dicitur:

1454 1047 1493 1068 ex
1509 1047 1576 1078 quo
1592 1037 1718 1069 videtur
1735 1047 1804 1069 non
1820 1038 1928 1069 solum
1944 1038 2035 1079 quod
2050 1049 2150 1070 unam
2170 1040 2348 1081 importent
2369 1044 2526 1075 rationem

1454 1082 1646 1119 intellectus,
1661 1082 1718 1113 sed
1734 1083 1831 1113 etiam
1850 1092 1951 1114 unam
1973 1088 2131 1115 naturam.
2154 1102 2178 1107 -
2201 1085 2420 1119 Confirmatur
2443 1098 2526 1130 quo—

1454 1136 1534 1167 que:
1559 1127 1646 1167 quia,
1662 1137 1739 1158 cum
1762 1127 1899 1158 dicimus
1922 1127 2030 1159 Deum
2052 1128 2228 1170 sapientem
2252 1139 2320 1162 esse
2336 1138 2391 1163 aut
2407 1133 2525 1166 iustum

1454 1177 1510 1202 aut
1524 1172 1656 1208 bonum,
1673 1172 1731 1202 ista
1747 1172 1880 1202 nomina
1896 1172 2000 1212 accipi
2014 1173 2174 1210 videntur,
2186 1176 2366 1207 secundum
2381 1184 2525 1210 mentem

1455 1216 1563 1247 Sancti
1578 1217 1737 1252 Thomae,
1753 1216 1934 1247 secundum
1950 1217 2041 1257 quod
2062 1218 2139 1258 ipsis
2162 1219 2196 1249 in
2220 1222 2370 1252 creaturis
2394 1223 2524 1260 utimur,

1455 1262 1546 1301 quasi
1569 1261 1683 1292 eadem
1706 1261 1786 1291 ratio
1811 1270 1894 1301 quae
1917 1262 2099 1293 attribuitur
2128 1269 2300 1301 creaturae,
2326 1267 2422 1297 etiam
2452 1268 2524 1299 Deo

1455 1306 1637 1341 conveniat,
1662 1306 1737 1336 licet
1759 1305 1946 1346 imperfecte
1970 1305 2112 1337 divinam
2138 1308 2372 1348 perfectionem
2398 1322 2524 1353 reprae—

1454 1356 1567 1381 sentet.
1592 1350 1686 1381 Unde
1703 1355 1735 1380 et
1749 1351 1897 1391 superius
1910 1351 1926 1367 ⁴*
1948 1349 2026 1381 dixit
2041 1353 2175 1383 nomina
2191 1362 2275 1393 quae
2291 1355 2438 1387 absolute
2452 1367 2524 1398 per-

1453 1394 1630 1426 fectionem
1654 1394 1766 1425 dicunt
1781 1395 1900 1436 absque
1914 1395 2042 1436 defectu
2058 1396 2098 1426 de
2112 1397 2183 1427 Deo
2202 1399 2412 1438 praedicari:
2434 1402 2525 1442 quod

1453 1439 1579 1470 videtur
1600 1439 1846 1480 intelligendum
1870 1444 2029 1480 quantum
2057 1440 2098 1471 ad
2126 1451 2197 1472 eam
2219 1444 2378 1475 rationem
2401 1453 2524 1478 creatu-

1453 1494 1560 1515 rarum
1585 1494 1668 1525 quae
1691 1484 1814 1514 nullam
1838 1484 1914 1515 dicit
1937 1484 2226 1525 imperfectionem.

1509 1529 1578 1559 XII.
1603 1528 1697 1559 Circa
1726 1529 1810 1559 hanc
1840 1528 2061 1560 difficultatem
2091 1531 2175 1561 varia
2206 1537 2254 1562 est
2283 1532 2524 1567 Thomistarum

1453 1573 1621 1604 sententia.
1639 1573 1768 1604 Tenent
1783 1573 1870 1604 enim
1887 1574 2030 1614 quidam,
2046 1580 2179 1615 propter
2194 1585 2231 1606 ea
2247 1585 2331 1616 quae
2351 1580 2497 1619 superius
2507 1582 2524 1598 ¹*

1454 1623 1529 1648 sunt
1552 1617 1699 1653 adducta,
1723 1627 1791 1654 ens,
1817 1623 1848 1648 et
1871 1618 2015 1649 similiter
2030 1619 2090 1650 alia
2105 1620 2270 1660 analogice
2295 1621 2378 1652 dicta
2397 1623 2436 1654 de
2452 1625 2524 1655 Deo

1453 1667 1487 1693 et
1509 1663 1672 1698 creaturis,
1696 1662 1803 1693 dicere
1826 1672 1929 1693 unum
1953 1670 2151 1704 conceptum
2167 1663 2336 1697 formalem
2352 1668 2418 1698 sive
2433 1678 2524 1700 men-

1452 1706 1551 1737 talem
1574 1707 1756 1748 praecisum
1779 1717 1797 1737 a
1820 1708 2032 1748 conceptibus
2055 1708 2189 1739 aliarum
2212 1719 2330 1747 rerum,
2353 1711 2428 1743 ficet
2457 1723 2525 1745 non

1453 1751 1538 1782 dicat
1562 1757 1760 1792 conceptum
1795 1752 2021 1783 obiectivalem
2052 1762 2156 1784 unum
2190 1759 2221 1784 et
2251 1756 2442 1795 praecisum,
2470 1758 2525 1789 sed

1453 1805 1559 1827 unum
1581 1801 1708 1827 tantum
1732 1796 1889 1836 analogia.

1508 1841 1574 1872 Alii
1595 1851 1673 1872 vero
1697 1846 1808 1872 tenent
1823 1850 1880 1872 ens
1894 1850 1964 1871 non
1979 1841 2086 1873 dicere
2102 1851 2206 1873 unum
2222 1850 2420 1885 conceptum
2434 1856 2525 1878 men—

1451 1885 1550 1916 talem
1578 1885 1794 1926 adaequatum
1825 1886 2006 1926 praecisum
2037 1897 2056 1917 a
2083 1888 2294 1928 conceptibus
2323 1889 2523 1929 inferiorum,

1451 1930 1536 1961 sicut
1557 1940 1619 1961 nec
1642 1940 1748 1961 unum
1771 1930 2011 1961 obiectivalem:
2036 1931 2102 1968 sed,
2119 1933 2202 1963 sicut
2225 1931 2302 1963 dicit
2323 1934 2392 1975 ipsa
2415 1937 2525 1968 analo-

1451 1979 1524 2015 gata
1546 1980 1584 2005 ut
1605 1980 1681 2006 sunt
1702 1984 1808 2006 unum
1830 1976 2044 2015 proportione
2067 1976 2133 2006 sive
2156 1982 2193 2007 ut
2215 1977 2339 2015 similia,
2355 1979 2399 2010 ita
2418 1980 2523 2012 dicere

1452 2028 1567 2050 omnes
1598 2025 1777 2059 conceptus
1806 2019 1962 2050 mentales
1992 2020 2236 2061 analogatorum
2267 2027 2304 2053 ut
2334 2030 2410 2055 sunt
2438 2035 2523 2057 unus

1452 2068 1631 2104 conceptus
1654 2064 1949 2105 proportionaliter.

1506 2108 1590 2139 XIII.
1614 2109 1740 2140 Harum
1763 2109 1958 2149 opinionum
1982 2108 2124 2140 secunda
2148 2110 2229 2141 mihi
2254 2110 2381 2143 videtur
2406 2114 2521 2151 verior,

1452 2158 1484 2183 et
1513 2152 1714 2184 conformior
1743 2152 1908 2184 doctrinae
1938 2153 2210 2194 philosophorum
2240 2160 2272 2185 et
2301 2155 2408 2188 Sancti
2432 2158 2522 2190 Tho-

1451 2207 1534 2229 mae.
1565 2198 1628 2228 Pro
1660 2198 1752 2229 cuius
1782 2198 1992 2238 intelligentia
2022 2199 2293 2230 considerandum
2317 2201 2417 2241 quod,
2446 2213 2521 2235 curn

1451 2252 1508 2273 ens
1531 2242 1741 2282 quidditative
1765 2248 1796 2273 et
1819 2242 2028 2273 essentialiter
2050 2243 2251 2283 praedicetur
2273 2245 2314 2275 de
2336 2247 2441 2284 rebus,
2462 2248 2522 2279 du—

1451 2286 1577 2327 pliciter
1599 2287 1640 2318 de
1662 2292 1827 2327 conceptu
1850 2287 1919 2318 eius
1942 2287 2034 2328 loqui
2058 2297 2244 2328 possumus:
2269 2299 2338 2320 uno
2353 2291 2465 2328 modo,
2482 2293 2522 2324 de

1451 2337 1615 2372 conceptu
1638 2332 1716 2372 quid
1736 2332 1795 2369 rei,
1813 2332 1993 2362 secundum
2017 2341 2116 2373 quem
2140 2332 2316 2374 adaequate
2341 2340 2373 2365 et
2395 2336 2521 2376 quiddi-

1450 2377 1548 2407 tative
1574 2376 1776 2417 praedicatur
1799 2376 1840 2407 de
1863 2377 2015 2407 omnibus
2044 2377 2233 2418 analogatis3
2258 2379 2322 2409 alio
2345 2381 2456 2417 modo,
2481 2382 2521 2412 de

1451 2427 1615 2462 conceptu
1630 2421 1707 2462 quid
1723 2421 1874 2458 nominis,
1893 2427 1924 2452 et
1935 2421 2126 2462 imperfecto
2143 2432 2180 2453 ac
2196 2423 2421 2465 inadaequato.
2438 2425 2520 2457 Dico

1451 2471 1560 2497 autem
1587 2471 1785 2506 conceptum
1809 2466 1993 2507 perfectum
2021 2472 2052 2497 et
2080 2467 2308 2508 adaequatum,
2332 2479 2400 2500 non
2428 2470 2520 2502 adae-

1451 2512 1606 2552 quatione
1622 2516 1748 2541 tantum
1764 2510 2021 2551 praedicationis,
2038 2511 2094 2541 sed
2110 2511 2345 2553 adaequatione
2361 2515 2456 2545 etiam
2471 2525 2520 2546 re—

1450 2556 1726 2596 praesentationis,
1739 2556 1815 2596 quia
1827 2556 1948 2586 scilicet
1962 2565 2030 2586 non
2046 2556 2154 2586 solum
2169 2556 2210 2587 de
2225 2559 2377 2589 omnibus
2393 2560 2520 2591 entibus

1450 2599 1660 2641 praedicatur,
1684 2599 1741 2630 sed
1764 2600 1860 2630 etiam
1889 2600 2032 2640 perfecte
2061 2606 2208 2632 naturam
2231 2603 2277 2632 rei
2305 2610 2520 2643 repraesentat

1449 2646 1584 2676 nomine
1607 2644 1690 2675 entis
1711 2645 1817 2684 primo
1842 2649 1874 2674 et
1896 2653 1954 2684 per
1977 2655 2011 2675 se
2034 2644 2254 2685 significatam.

1505 2689 1539 2720 Si
1555 2698 1632 2729 ergo
1648 2687 1689 2719 de
1704 2689 1811 2729 primo
1835 2694 1998 2729 conceptu
2021 2689 2195 2730 loquamur
2209 2691 2236 2727 ’ζ
2261 2691 2306 2721 sic
2329 2690 2403 2722 dico
2427 2693 2518 2733 quod

1449 2743 1505 2764 ens
1535 2743 1605 2764 non
1635 2733 1731 2764 habet
1760 2742 1864 2764 unum
1895 2738 2092 2774 conceptum
2123 2735 2312 2771 mentalem,
2342 2736 2425 2767 sicut
2455 2746 2517 2768 nec

1448 2778 1683 2814 obiectivalem,
1708 2778 1747 2808 ab
1771 2778 1839 2808 aliis
1862 2778 2053 2818 praecisum.
2085 2779 2222 2809 Moveor
2247 2785 2355 2810 autem
2379 2780 2419 2811 ad
2441 2781 2515 2818 hoc,

1447 2823 1554 2863 primo
1569 2824 1597 2859 ⁹,
1622 2823 1699 2862 quia
1713 2832 1780 2853 non
1797 2828 1907 2863 posset
1929 2823 2039 2853 evitari
2062 2824 2142 2862 quin
2157 2833 2214 2854 ens
2230 2830 2311 2855 esset
2326 2825 2515 2857 univocum.

1447 2867 1499 2898 Ad
1513 2868 1673 2898 rationem
1689 2868 1777 2898 enim
1795 2867 1928 2898 univoci
1948 2867 2074 2903 sufficit,
2099 2873 2135 2899 ut
2157 2874 2245 2908 patet
2268 2877 2306 2899 ex
2329 2868 2515 2902 definitione

1446 2911 1627 2942 Aristotelis
1650 2912 1684 2942 in
1707 2911 1983 2942 Praedicamentis
1997 2913 2014 2929 ³
2036 2913 2152 2953 posita,
2169 2913 2259 2953 quod
2275 2914 2315 2943 sit
2334 2923 2437 2945 unum
2456 2925 2515 2946 no-

1446 2966 1523 2987 men
1550 2957 1590 2987 de
1617 2956 1727 2987 multis
1751 2956 1873 2987 dictum
1897 2956 2076 2987 secundum
2101 2957 2237 2989 eandem
2261 2959 2396 2988 omnino
2420 2961 2515 2991 ratio-

1446 2998 1523 3032 nem
1538 3000 1709 3032 formalem
1724 3006 1855 3032 naturae
1871 3001 2051 3032 secundum
2066 3001 2146 3033 illud
2161 3012 2282 3033 nomen
2298 3003 2403 3043 primo
2419 3005 2515 3045 signi-

1446 3046 1568 3077 ficatae.
1602 3046 1686 3076 Nam
1717 3045 1807 3086 quod
1839 3046 1924 3076 ratio
1954 3046 2007 3076 illa
2037 3046 2226 3078 definitione
2255 3048 2429 3088 accipiatur
2454 3059 2514 3089 pro

1445 3096 1609 3131 conceptu
1640 3090 1783 3128 mentali,
1810 3100 1879 3121 non
1909 3095 2018 3121 autem
2046 3100 2106 3131 pro
2136 3097 2248 3122 natura
2275 3097 2330 3122 aut
2353 3099 2514 3134 conceptu

1445 3135 1638 3172 obiectivali,
1673 3140 1761 3175 patet
1794 3135 1911 3175 primo,
1944 3144 1982 3166 ex
2013 3135 2179 3176 Simplicio
2211 3142 2243 3167 et
2271 3137 2450 3168 Ammonio
2480 3139 2514 3169 in

1444 3180 1720 3211 Praedicamentis
1743 3179 1924 3210 dicentibus
1940 3179 2029 3220 quod
2045 3181 2125 3211 ratio
2146 3182 2190 3211 ibi
2213 3182 2369 3221 accipitur
2378 3192 2443 3223 pro
2460 3182 2514 3213 de-

1434 3225 1593 3266 finitione
1615 3229 1674 3255 aut
1695 3224 1927 3265 descriptione:
1949 3224 2094 3255 definitio
2118 3230 2225 3256 autem
2249 3226 2314 3256 sive
2341 3226 2513 3267 descriptio

1445 3275 1493 3300 est
1516 3270 1630 3306 oratio,
1649 3274 1680 3299 et
1695 3278 1753 3309 per
1769 3278 1973 3310 consequens
1995 3270 2101 3309 primo
2125 3275 2172 3300 est
2194 3270 2227 3300 in
2250 3276 2369 3301 mente.
2385 3290 2409 3294 —-
2423 3271 2514 3302 Patet

1445 3314 1590 3345 secundo
1614 3314 1700 3354 quia,
1717 3314 1918 3354 ubicumque
1941 3313 2077 3345 Sanctus
2094 3314 2238 3344 Thomas
2261 3315 2406 3355 loquitur
2429 3326 2513 3357 quo-

1444 3359 1546 3389 modo
1570 3358 1677 3389 divina
1700 3359 1835 3389 nomina
1857 3368 1924 3389 non
1955 3364 2030 3389 sunt
2059 3368 2249 3400 synonyma,
2273 3364 2310 3389 ut
2336 3359 2469 3391 inferius
2483 3362 2511 3397 ',

1445 3409 1477 3434 et
1492 3404 1608 3439 Prima,
1626 3412 1657 3443 q.
1674 3413 1739 3439 xm,
1756 3413 1784 3433 a.
1801 3412 1833 3442 4,
1851 3409 1883 3433 et
1899 3403 1910 3433 Ι
1927 3402 2025 3440 Sent.,
2043 3403 2073 3434 d.
2090 3414 2122 3439 11,
2140 3413 2171 3443 q.
2184 3414 2207 3433 11
2218 3405 2245 3440 *,
2261 3404 2339 3434 item
2350 3405 2510 3442 Potentia,

1445 3458 1476 3488 q.
1499 3458 1553 3484 vn,
1578 3458 1606 3478 a.
1629 3448 1659 3484 6,
1684 3447 1824 3478 ostendit
1846 3448 1899 3478 illa
1928 3457 1995 3478 non
2026 3457 2094 3478 esse
2125 3457 2305 3489 synonyma
2329 3450 2514 3489 quia‚.licet

1443 3493 1629 3534 significent
1644 3502 1742 3523 unam
1759 3498 1790 3523 et
1812 3492 1945 3522 eandem
1970 3501 2047 3528 rem,
2065 3497 2170 3522 tamen
2188 3492 2278 3522 illam
2299 3493 2358 3524 sub
2377 3494 2512 3525 diversis

1445 3537 1626 3568 rationibus
1647 3537 1837 3578 significant
1851 3537 1877 3566 *.
1894 3536 1935 3566 Et
1950 3546 2115 3576 exponens
2131 3536 2209 3576 quid
2223 3538 2358 3568 nomine
2374 3539 2512 3569 rationis

1442 3582 1608 3622 intelligat,
1630 3582 1737 3622 inquit
1752 3582 1768 3598 ⁴*
1793 3580 1882 3621 quod
1906 3580 1991 3611 ratio
2014 3590 2110 3621 quam
2133 3581 2300 3623 significat
2321 3592 2449 3620 nomen,
2466 3588 2514 3614 est

1443 3631 1615 3667 conceptus
1633 3636 1726 3666 quem
1741 3626 1874 3667 format
1897 3625 2075 3656 intellectus
2090 3625 2129 3655 de
2146 3635 2182 3656 re
2193 3635 2255 3666 per
2270 3636 2385 3657 nomen
2410 3628 2512 3669 signi—

1433 3671 1550 3712 ficata.
1575 3671 1617 3701 Et
1639 3671 1694 3706 sic,
1711 3669 1879 3710 sequendo
1902 3674 2071 3700 tractatum
2094 3669 2134 3700 de
2156 3670 2286 3701 Divinis
2309 3672 2510 3708 Nominibus,

2552 1352 2561 1362 ·
2577 1351 2634 1379 cap.
2645 1358 2700 1373 xxx.

2552 1578 2561 1587 ·
2576 1576 2646 1599 Νιιιιι.
2661 1583 2738 1605 praec.

2545 2692 2555 2702 ·
2570 2692 2605 2714 cf.
2621 2698 2643 2714 ιι.
2653 2699 2690 2720 xv,
2706 2693 2756 2716 init.

2543 2825 2553 2835 ·
2569 2824 2604 2846 Cf.
2614 2831 2637 2846 n.
2647 2831 2695 2853 xw,
2705 2825 2755 2847 init.

2543 2913 2553 2924 '
2569 2913 2652 2941 Categ.
2665 2919 2679 2941 ι,
2690 2920 2711 2935 2.

2540 3360 2550 3370 '¹
2564 3359 2622 3387 Cap.
2636 3366 2685 3389 seq.

2539 3404 2548 3413 ·
2563 3404 2602 3426 ΑΙ.
2620 3410 2659 3432 qu.
2682 3405 2754 3432 unic„

2539 3437 2559 3452 a.
2571 3437 2592 3452 π.

2539 3544 2548 3554 ‘
2564 3544 2586 3565 1·
2597 3544 2631 3570 P.,
2642 3550 2695 3572 xm,
2709 3552 2733 3572 4.

2540 3587 2549 3596 ·
2565 3585 2623 3608 lbid.
