2768 4134
781 281 970 319 SUMMA
999 282 1220 321 CONTRA
1248 284 1522 332 GENTILES,
1550 287 1645 325 LIB.
1666 289 1707 333 II,
1739 288 1848 326 CAP.
1870 289 1984 327 LXII.
2400 293 2474 341 431

282 360 423 396 anima.
453 359 668 419 Intellectus
696 359 809 408 igitur
839 360 1030 410 possibilis
1063 374 1143 399 non
1176 371 1356 401 causatur
1409 374 1520 413 gente
1535 365 1603 403 fiat
1617 374 1705 403 actu
1719 366 1940 415 intelligens,
1957 377 2108 418 oportet
2122 371 2230 419 quod
2249 383 2329 409 non
2349 374 2478 411 solum

283 423 330 449 ex
357 419 635 472 commixtione
665 413 959 473 elementorum.
1410 418 1589 467 intelligat
1616 431 1687 469 per
1706 419 1874 469 speciem
1903 421 2186 470 intelligibilem,
2205 436 2276 474 per
2294 437 2415 474 quam
2434 426 2478 464 fit

320 465 526 524 .A¹¹f²P¹¹u⁵·
549 465 589 503 Si
607 477 853 525 ‘principium
872 466 1032 504 alicuius
1052 469 1286 518 operationis
1305 470 1353 507 ab
1409 480 1497 508 actu
1525 471 1745 520 intelligens,
1766 473 1834 510 sed
1853 485 1923 522 per
1940 474 2111 524 aliquam
2129 477 2342 525 potentiam
2370 478 2477 517 intel-

281 518 476 578 ahqmbus
511 530 637 556 causts
670 519 861 568 procedit,
898 528 1050 570 oportet
1086 522 1354 572 operationem
1409 524 1598 570 lectivam,
1627 537 1728 574 quae
1757 525 1803 562 sit
1830 527 2047 575 praedictae
2076 529 2309 579 operationis
2337 531 2475 581 princi-

281 571 385 608 1llam
413 583 496 609 non
523 571 709 631 excedere
737 585 873 610 causas
902 573 1000 610 illas:
1030 586 1123 612 cum
1151 587 1268 613 causa
1295 588 1353 612 se·
1376 590 1385 610 s
1407 577 1537 626 pium:
1567 577 1664 615 sicut
1683 586 1719 614 et
1738 578 1778 615 in
1801 591 1918 616 sensu
1946 580 2092 619 accidit.
2122 583 2228 620 Haec
2255 591 2386 622 autem
2405 597 2475 635 po-

281 624 411 662 cunda
437 632 524 673 agat
550 632 691 662 virtute
718 625 879 675 primae.
903 627 1089 676 Operatio
1113 636 1244 666 autem
1273 628 1353 666 ani·
1408 630 1525 667 tentia
1544 630 1592 667 ab
1621 630 1821 668 Aristotele
1849 632 2007 681 ponitur
2033 634 2243 673 intellectus
2270 637 2472 686 possibilis.

280 689 369 714 mae
397 677 602 715 nutritivae
621 678 738 725 etiam
757 679 905 716 excedit
923 680 1105 718 virtutem
1124 681 1353 731 qualitatum

280 730 594 768 elementarium:
623 731 763 780 probat
786 732 892 769 enim
920 732 1152 780 Aristoteles,
1182 734 1221 771 in
1250 735 1279 772 11
1308 735 1354 772 de

194 801 201 809 ·
245 803 251 809 ·
278 783 421 820 Anima
438 782 469 829 ³¹⁸,
499 784 608 833 quod
628 786 727 835 ignis
746 797 821 822 non
840 792 892 823 est
918 798 1033 824 causa
1061 789 1266 838 augmenti,
1289 788 1355 825 sed

279 849 485 875 con-causa
517 838 642 887 aliquo
676 839 800 885 modo,
829 841 1052 889 principalis
1085 846 1209 878 autem
1237 853 1352 878 causa

278 895 331 927 est
357 891 500 937 anima,
530 891 580 928 ad
608 903 730 941 quam
758 900 1007 941 comparatur
1034 894 1139 931 calor
1170 894 1267 931 sicut
1295 893 1351 931 in-

278 950 540 981 strumentum
554 945 604 982 ad
619 944 817 982 artificem.
833 946 926 983 Non
945 945 1060 994 igitur
1075 954 1202 996 potest
1220 947 1351 984 anima

277 996 499 1046 vegetabilis
535 997 701 1047 produci
737 1010 785 1036 ex
821 998 1098 1036 commixtione
1141 1000 1350 1037 elemento-

277 1061 378 1089 rum.
413 1050 539 1088 Multo
581 1050 694 1100 igitur
729 1051 861 1089 minus
897 1064 1033 1090 sensus
1070 1060 1107 1091 et
1138 1052 1349 1091 intellectus

1407 684 1621 721 Intellectus
1649 683 1763 732 igitur
1789 685 1980 733 possibilis
2009 695 2064 723 est
2091 700 2171 725 non
2199 689 2424 738 dependens
2451 704 2475 729 a

1407 748 1582 786 corpore.

1408 825 1410 827 ,
1461 790 1672 828 Praeterea.
1693 790 1850 840 Species
1869 803 1948 828 non
1959 799 2025 828 ,est
2043 792 2280 842 intelligibilis
2295 803 2382 833 actu
2401 796 2474 834 nisi

1379 843 1625 880 osecundum
1654 843 1762 893 quod
1790 851 1847 881 est
1873 843 2060 894 depurata
2087 845 2136 883 ab
2165 858 2246 883 esse
2275 849 2470 886 materiali.

1406 895 1493 932 Hoc
1521 903 1651 933 autem
1680 909 1761 934 non
1788 904 1915 946 potest
1949 897 2122 936 accidere
2158 899 2255 936 dum
2288 901 2399 938 fuerit
2432 902 2473 939 in

1406 948 1534 998 aliqua
1552 949 1723 999 potentia
1742 950 1938 996 materiali,
1958 963 2059 1000 quae
2088 951 2228 989 scilicet
2246 952 2292 990 sit
2319 962 2474 992 causata

1406 1013 1452 1038 ex
1470 1001 1665 1052 principiis
1684 1002 1955 1049 materialibus,
1975 1005 2038 1041 vel
2056 1017 2156 1054 quae
2184 1005 2230 1042 sit
2257 1014 2364 1043 actus
2391 1019 2472 1044 ma-

1404 1054 1542 1092 terialis
1570 1055 1716 1104 organi.
1747 1056 1910 1105 Oportet
1938 1056 2051 1104 igitur
2077 1057 2172 1108 poni
2205 1058 2376 1108 aliquam
2402 1071 2472 1109 po-

276 1102 481 1154 possibilis.

343 1158 449 1195 Item.
479 1156 688 1206 Intelligere
713 1165 769 1194 est
787 1158 984 1207 quaedam
1013 1159 1186 1208 operatio
1207 1159 1247 1197 in
1271 1172 1349 1209 qua

275 1209 514 1259 impossibile
549 1218 606 1248 est
641 1211 933 1248 communicare
965 1211 1122 1262 aliquod
1158 1225 1349 1262 organum
1456 1215 1608 1252 Adhuc.
1639 1216 1852 1252 Intellectus
1879 1216 2070 1265 possibilis
2105 1217 2154 1254 ab
2182 1218 2382 1256 Aristotele
2415 1218 2471 1256 di-

275 1274 523 1313 corporeum.
554 1264 662 1301 Haec
681 1271 812 1302 autem
832 1264 1005 1314 operatio
1034 1265 1251 1303 attribuitur
1268 1266 1348 1303 ani·
1402 1267 1500 1304 citur
1512 1281 1607 1317 pars
1633 1270 1784 1306 animae
1797 1268 1828 1305 *.
1858 1269 2001 1306 Anima
2023 1277 2154 1307 autem
2180 1282 2260 1308 non
2289 1279 2344 1308 est
2361 1284 2470 1322 prae-

275 1316 602 1369 maleLY‘ilssfiflm
621 1315 788 1355 homini:
810 1317 949 1355 dicitur
967 1318 1073 1356 enim
1092 1319 1201 1368 quod
1219 1322 1348 1357 anima
1402 1320 1561 1370 paratio,
1582 1321 1650 1358 sed
1669 1329 1791 1359 actus:
1812 1323 2053 1372 praeparatio
2074 1323 2179 1361 enim
2200 1332 2256 1361 est
2284 1325 2377 1362 ordo
2403 1338 2470 1375 po·

274 1369 455 1421 fflelligit,
484 1371 558 1417 vel,
586 1371 700 1408 homo
728 1383 802 1421 per
828 1373 1010 1408 animam.
1041 1372 1205 1421 Oportet
1237 1372 1349 1421 igitur
1363 1389 1389 1404 20
1402 1375 1537 1411 tentiae
1554 1374 1606 1411 ad
1622 1380 1757 1412 actum.
1779 1374 1962 1424 Sequitur
1980 1382 2110 1413 tamen
2129 1377 2179 1413 ad
2193 1385 2324 1414 actum
2342 1377 2471 1427 aliqua

273 1422 434 1474 aliquod
468 1423 706 1473 principium
739 1424 778 1461 in
811 1424 971 1463 homine
1006 1437 1101 1471 esse,
1130 1438 1153 1463 a
1185 1437 1347 1475 corpore
1402 1427 1643 1476 praeparatio
1663 1428 1713 1464 ad
1731 1427 1954 1465 ulteriorem
1973 1436 2118 1466 actum:
2139 1429 2235 1467 sicut
2263 1430 2313 1467 ad
2340 1438 2470 1468 actum

273 1488 356 1515 non
384 1476 623 1526 dependens,
642 1477 752 1526 quod
770 1477 818 1514 sit
835 1477 1072 1526 principium
1099 1478 1182 1516 talis
1211 1490 1347 1528 opera-
1403 1479 1672 1529 diaphanitatis
1709 1480 1882 1530 sequitur
1909 1481 2006 1519 ordo
2035 1482 2083 1519 ad
2112 1490 2242 1520 actum
2274 1482 2380 1520 lucis.
2409 1485 2469 1521 In-

272 1529 399 1568 tionis.
421 1529 668 1579 Praeparatio
688 1538 821 1567 autem
839 1542 1008 1580 sequens
1027 1531 1348 1569 commixtionem
1401 1533 1572 1570 tellectus
1592 1533 1704 1581 igitur
1722 1533 1911 1583 possibilis
1930 1546 2011 1571 non
2030 1542 2085 1572 est
2113 1535 2195 1585 ipsa
2217 1536 2469 1586 praeparatio,

273 1580 559 1621 elementorum
578 1594 601 1620 a
619 1594 783 1632 corpore
802 1583 997 1632 dependet
1022 1583 1233 1622 manifeste.
1255 1586 1348 1622 Non
1403 1586 1471 1622 sed
1500 1593 1607 1623 actus
1635 1585 1808 1635 quidam.

272 1643 330 1685 est
357 1635 472 1685 igitur
497 1635 741 1686 praeparatio
759 1637 834 1673 tale
861 1635 1110 1686 principium.
1130 1637 1198 1674 Est
1217 1645 1348 1675 autem
1364 1660 1386 1679 ,ς
1457 1638 1646 1688 Amplius.
1677 1639 1810 1676 Homo
1846 1640 2097 1689 consequitur
2130 1641 2299 1690 speciem
2334 1649 2371 1679 et
2403 1655 2469 1680 na-

272 1689 486 1731 imellectus
513 1688 724 1739 possibilis:
753 1688 845 1726 dicit
864 1688 970 1726 enim
990 1689 1223 1735 Aristoteles,
1243 1690 1283 1727 in
1303 1692 1348 1728 111
1403 1699 1531 1728 turam
1554 1692 1770 1729 humanam
1797 1693 2014 1730 secundum
2041 1701 2191 1742 partem
2219 1694 2371 1732 animae
2399 1695 2471 1733 sibi

272 1742 320 1781 da
343 1744 488 1780 Anima
500 1741 532 1789 ²⁸³,
570 1742 679 1792 quod
712 1742 925 1780 intellectus
961 1742 1154 1792 possibilis
1187 1751 1244 1780 est
1276 1757 1348 1794 quo
1402 1744 1613 1794 propriam,
1633 1757 1734 1794 quae
1754 1745 1915 1795 quidem
1934 1753 1990 1783 est
2008 1745 2220 1784 intellectus
2237 1747 2428 1796 possibilis
2437 1748 2468 1786 ²¹².

271 1797 403 1835 anima
431 1798 608 1848 opinatur
635 1802 669 1834 et
696 1796 878 1846 intelligit.
902 1797 998 1833 Non
1017 1804 1073 1833 est
1101 1796 1214 1846 igitur
1242 1797 1348 1835 intel·
1403 1797 1510 1835 Nihil
1529 1805 1661 1835 autem
1689 1798 1941 1848 consequitur
1959 1799 2128 1849 speciem
2152 1807 2189 1836 et
2215 1808 2394 1838 naturam
2413 1813 2470 1839 se-

271 1851 393 1894 lectus
420 1849 613 1900 possibilis
640 1849 896 1900 praeparatio.
1403 1851 1580 1888 cundum
1594 1851 1703 1901 quod
1717 1859 1774 1888 est
1792 1851 1831 1888 in
1850 1851 2032 1901 potentia,
2048 1852 2115 1889 sed
2131 1854 2348 1891 secundum
2362 1854 2470 1903 quod

292 1903 368 1953 [Si
396 1910 529 1951 autem
556 1902 707 1940 dicatur
729 1902 838 1952 quod
865 1901 1102 1952 principium
1129 1903 1347 1952 praedictae
1364 1925 1388 1944 ,ο
1402 1911 1459 1940 est
1477 1903 1517 1940 in
1537 1911 1635 1942 actu.
1658 1904 1761 1942 Cum
1789 1904 1903 1953 igitur
1919 1905 2161 1955 praeparatio
2181 1906 2276 1943 nihil
2301 1906 2348 1944 sit
2366 1907 2470 1945 aliud

271 1955 508 2007 operationis
536 1956 578 1994 in
605 1955 720 1994 nobis
739 1963 796 1993 est
813 1955 961 2005 species
982 1954 1223 2004 intelligibilis
1249 1956 1347 1994 facta
1402 1969 1523 2006 quam
1551 1958 1644 1995 ordo
1676 1959 1863 2007 potentiae
1897 1958 1949 1995 ad
1981 1964 2117 2004 actum,
2151 1958 2386 2008 impossibile
2414 1967 2470 1997 est

272 2009 312 2048 in
340 2017 429 2048 actu
461 2009 511 2047 ab
547 2009 740 2047 intellectu
775 2016 928 2058 agente:
965 2009 1042 2046 hoc
1078 2008 1233 2046 videtur
1265 2021 1347 2046 non
1401 2009 1510 2059 quod
1538 2009 1748 2047 intellectus
1776 2010 1967 2059 possibilis
2003 2011 2098 2048 nihil
2132 2011 2178 2048 sit
2210 2012 2315 2050 aliud
2348 2025 2469 2062 quam

1365 1123 1387 1143 ις
1403 1108 1563 1146 tentiam
1577 1108 1846 1146 intellectivam
1861 1109 1901 1146 in
1914 1109 2028 1147 nobis
2042 1109 2346 1150 immaterialem.
2359 1113 2472 1160 Quae

1404 1169 1459 1198 est
1486 1161 1697 1199 intellectus
1725 1162 1927 1211 possibilis.

271 2060 463 2102 sufficere.
494 2063 609 2111 Quia,
639 2075 731 2100 cum
767 2063 890 2100 homo
926 2062 973 2099 de
1010 2062 1181 2112 potentia
1214 2062 1346 2100 intelli-

324 2184 340 2210 7
360 2176 438 2202 etiam
456 2183 500 2202 om
519 2175 610 2202 EGW.
702 2174 734 2200 25
754 2175 802 2200 Est
820 2174 916 2208 autem]
937 2180 1025 2200 autern
1044 2181 1085 2201 est
1103 2176 1146 2206 W,
1165 2175 1242 2208 quale
1261 2175 1289 2201 P.

324 2211 358 2238 30
377 2212 404 2237 in
422 2211 489 2245 actul
510 2216 568 2237 actu
587 2211 750 2237 aDbePc.

1401 2062 1642 2112 praeparatio
1662 2064 1856 2113 quaedam
1876 2063 1915 2101 in
1935 2071 2072 2101 natura
2100 2065 2273 2102 humana
2292 2065 2466 2103 existens.

1387 2175 1418 2201 32
1438 2176 1542 2202 videtur
1559 2176 1621 2210 non]
1642 2184 1694 2201 non
1712 2176 1814 2202 videtur
1831 2176 1939 2203 EWZP.

846 2210 877 2236 32
899 2210 961 2236 nihil
982 2211 1024 2236 Ita
1043 2210 1126 2242 GYZ;
1146 2211 1264 2236 similiter
1281 2211 1356 2242 «DX,
1375 2219 1428 2236 non
1447 2212 1566 2237 similiter
1582 2212 1648 2242 EW,
1668 2219 1721 2237 non
1740 2212 1841 2244 sHch‚
1860 2220 1903 2238 om
1923 2213 1954 2239 N.

1033 2306 1368 2341 Commentama
1403 2304 1714 2342 Feriam-tensis

324 2417 473 2439 osrauna
507 2406 681 2447 disputavit
711 2406 848 2437 Sanctus
878 2405 1025 2436 Thomas
1053 2412 1166 2437 contra
1195 2407 1347 2437 Averrois

324 2451 503 2488 fictionem,
526 2451 660 2482 ulterius
684 2456 798 2482 contra
818 2450 994 2482 Alexandri
1016 2451 1215 2491 positionem
1235 2451 1348 2492 incipit

235 2515 243 2523 ·
293 2497 302 2505 ⁶
343 2502 435 2528 utare
446 2497 474 2526 ⁹.

271 2496 351 2572 dmi
374 2540 488 2572 Posuit
504 2539 592 2571 enim
607 2540 715 2580 primo
731 2538 924 2575 Alexander,
940 2539 1149 2570 consideratis
1164 2540 1346 2570 Aristotelis

270 2586 376 2619 verbis
398 2585 517 2626 quibus
531 2584 615 2615 velle
638 2583 766 2615 videtur
787 2584 991 2620 intellectum
1014 2593 1083 2615 non
1107 2593 1176 2615 esse
1200 2585 1347 2615 substan-

270 2630 349 2663 tiam
371 2634 551 2671 separatam
574 2627 631 2660 sed
654 2637 723 2659 esse
745 2629 781 2660 in
803 2629 909 2665 nobis,
926 2628 1017 2669 quod
1038 2629 1220 2660 intellectus
1243 2629 1347 2669 possi-

271 2675 343 2706 bilis
366 2680 414 2705 est
436 2673 545 2714 aliqua
566 2674 669 2704 virtus
691 2673 725 2704 in
748 2673 858 2704 nobis:
882 2673 928 2704 sic
944 2673 1033 2704 enim
1048 2672 1194 2704 definitio
1217 2673 1344 2703 animae

271 2720 391 2762 poterit
413 2718 475 2749 sibi
497 2718 682 2749 convenire.

326 2763 440 2795 Posuit
462 2761 619 2798 secundo,
642 2762 726 2793 hanc
748 2762 901 2792 virtutem
929 2770 999 2792 non
1027 2770 1096 2792 esse
1120 2759 1288 2791 fundatam
1310 2761 1345 2791 in

271 2809 380 2849 aliqua
394 2807 605 2838 intellectuali
619 2806 806 2842 substantia,
822 2805 880 2836 sed
902 2806 1060 2845 consequi
1076 2805 1345 2836 commixtionem

271 2854 510 2886 elementorum
523 2852 558 2882 in
573 2859 712 2891 corpore
734 2850 891 2886 humano,
914 2848 1096 2880 secundum
1120 2858 1220 2889 quam
1243 2849 1345 2880 homo

272 2904 320 2930 est
330 2899 366 2930 in
376 2896 524 2938 potentia
532 2895 574 2927 ad
584 2894 808 2936 recipiendum
815 2893 1018 2925 influentiam
1029 2893 1212 2924 intellectus
1223 2894 1346 2934 agentis

271 2942 435 2975 existentis
461 2949 590 2981 semper
614 2941 650 2971 in
677 2944 761 2976 actu,
793 2944 825 2970 et
851 2939 909 2979 qui
932 2944 990 2974 est,
1009 2937 1196 2969 secundum
1225 2938 1344 2978 ipsum,

271 2987 448 3020 substantia
469 2990 632 3026 separata;
648 2993 687 3015 ex
703 2993 768 3024 qua
789 2982 957 3014 influentia
979 2983 1081 3013 homo
1105 2981 1142 3012 fit
1164 2982 1345 3022 intelligens

272 3037 356 3064 actu.
381 3031 424 3062 Et
446 3030 524 3070 quia
546 3028 580 3060 id
602 3030 636 3060 in
659 3029 794 3060 homine
816 3037 874 3068 per
898 3026 989 3067 quod
1012 3032 1060 3058 est
1082 3027 1229 3066 potentia
1251 3026 1345 3057 intel-

271 3078 386 3118 ligens,
399 3080 447 3106 est
458 3074 641 3105 intellectus
657 3072 830 3114 possibiliS,
841 3071 1010 3102 videbatur
1025 3071 1085 3101 sibi
1097 3071 1188 3111 quod
1200 3080 1239 3101 ex
1254 3080 1344 3101 com-

271 3122 428 3154 mixtione
451 3119 662 3150 determinata
683 3118 718 3148 in
740 3117 835 3148 nobis
858 3117 899 3147 sit
921 3116 1102 3147 intellectus
1125 3115 1296 3156 possibilis.

328 3166 367 3197 11.
380 3164 504 3196 Contra
514 3165 598 3194 hanc
609 3163 706 3203 igitur
717 3161 915 3201 positionem
925 3161 1030 3200 arguit
1041 3159 1176 3191 Sanctus
1189 3159 1344 3190 Thomas.

272 3210 315 3242 Et
335 3210 457 3246 Primo,
481 3218 520 3239 ex
543 3208 647 3239 verbis
670 3205 861 3242 Aristotelis,
885 3206 940 3235 sic.
971 3205 1081 3235 Virtus
1107 3213 1192 3244 quae
1217 3205 1346 3234 mixtio-

272 3264 350 3287 nem
365 3254 603 3286 elementorum
619 3251 839 3291 consequitur,
855 3250 889 3280 in
904 3250 973 3290 ipsa
996 3249 1234 3279 elementorum
1253 3257 1344 3279 com-

272 3299 430 3331 mixtione
453 3297 623 3329 fundatur:
648 3301 684 3327 ut
699 3301 787 3336 patet
800 3294 840 3324 de
864 3303 989 3334 sapore,
1014 3292 1116 3324 odore
1138 3298 1171 3324 et
1194 3292 1262 3323 aliis
1284 3293 1345 3323 hu-

273 3343 425 3375 iusmodi.
439 3342 503 3374 Sed
515 3343 579 3373 hoc
591 3351 659 3371 non
675 3345 792 3380 potest,
806 3338 986 3369 secundum
997 3337 1178 3368 Aristotelis
1189 3342 1343 3373 mentem,

273 3394 310 3419 ut
334 3387 471 3424 videtur,
494 3387 624 3418 attribui
653 3384 844 3416 intellectui:
869 3392 945 3414 cum
968 3381 1061 3417 dicat,
1086 3381 1127 3412 111
1150 3381 1190 3411 de
1216 3381 1343 3416 Anima,

274 3432 366 3474 quod
387 3432 570 3463 intellectus
585 3430 748 3471 possibilis
764 3434 811 3460 est
826 3428 991 3458 immixtus
1014 3426 1156 3466 corpori.
1181 3426 1268 3465 Ergo
1282 3430 1343 3456 etc.

329 3475 470 3508 Adverte
486 3474 578 3516 quod
593 3475 729 3507 Sanctus
742 3474 886 3504 Thomas
898 3472 996 3502 utitur
1008 3471 1072 3501 hoc
1087 3469 1188 3500 modo
1205 3469 1343 3506 dicendi,

274 3526 311 3552 ut
332 3521 470 3557 videtur,
486 3529 556 3551 non
571 3520 649 3560 quia
670 3528 740 3550 non
755 3519 795 3549 sit
810 3526 957 3557 expressa
979 3525 1071 3546 mens
1094 3514 1273 3545 Aristotelis
1295 3514 1344 3543 in-

274 3565 440 3597 tellectum
467 3574 536 3596 non
567 3573 636 3595 esse
663 3564 815 3594 virtutem
846 3562 979 3592 mixtam
1007 3559 1146 3599 corpori,
1170 3557 1227 3589 sed
1256 3558 1343 3598 quia,

274 3615 435 3650 quantum
453 3614 587 3650 apparet
608 3608 712 3648 prima
728 3607 809 3639 facie
829 3606 869 3637 de
892 3605 1053 3646 positione
1077 3601 1259 3638 Alexandri,
1275 3611 1344 3632 non

275 3663 348 3685 eam
381 3655 472 3686 aliter
506 3652 708 3694 explicando,
743 3651 924 3682 intellectus
957 3647 1117 3690 possibilis
1152 3652 1198 3678 est
1232 3651 1344 3677 natura

1401 2407 1560 2447 quaedam
1584 2416 1787 2447 consequens
1810 2407 2002 2437 mixtionem
2025 2406 2276 2443 elementorum3
2302 2412 2334 2437 et
2356 2416 2470 2438 conse-

1402 2457 1538 2491 quenter
1564 2452 1643 2482 haec
1670 2452 1790 2492 positio
1814 2452 1918 2482 verbis
1942 2457 1974 2482 et
2000 2451 2267 2482 demonstrationi
2289 2451 2469 2482 Aristotelis

1401 2497 1623 2526 contrariatur.

1457 2539 1530 2576 Sed,
1555 2540 1629 2570 licet
1652 2540 1705 2575 ita,
1729 2540 1835 2579 primo
1859 2544 2001 2579 aspectu,
2026 2544 2062 2569 ut
2084 2539 2180 2569 verba
2203 2544 2327 2575 sonant,
2345 2539 2384 2570 de
2408 2541 2468 2579 po-

1401 2585 1517 2614 sitione
1541 2583 1715 2614 Alexandri
1737 2583 1897 2619 videatur;
1921 2589 2029 2613 tamen
2056 2582 2246 2619 Alexander,
2270 2592 2362 2613 suam
2380 2584 2467 2623 posi-

1400 2629 1525 2659 tionem
1547 2627 1722 2663 declarans,
1746 2637 1788 2658 ne
1810 2628 1915 2658 verbis
1938 2632 1970 2658 et
1996 2626 2323 2658 demonstrationibus
2344 2627 2468 2658 Aristo-

1400 2672 1470 2705 telis
1494 2673 1534 2702 sit
1561 2672 1728 2707 contraria,
1761 2672 1868 2712 inquit
1897 2670 1988 2711 quod
2017 2671 2199 2701 intellectus
2228 2671 2388 2711 possibilis
2419 2677 2468 2702 est

1400 2715 1534 2756 quidem
1555 2716 1756 2756 praeparatio
1772 2716 1806 2746 in
1821 2721 1934 2746 natura
1956 2715 2098 2745 humana
2117 2714 2158 2745 ad
2180 2715 2396 2755 recipiendam
2418 2716 2467 2746 in-

1400 2760 1567 2791 fluentiam
1591 2760 1772 2790 intellectus
1795 2760 1927 2800 agentis,
1951 2764 2161 2790 veruntamen
2184 2759 2253 2799 ipsa
2267 2759 2466 2799 praeparatio

1400 2814 1468 2835 non
1500 2810 1548 2835 est
1575 2805 1683 2845 aliqua
1711 2809 1825 2835 natura
1852 2803 2008 2834 sensibilis
2036 2803 2259 2840 determinata,
2288 2803 2396 2843 neq'ue
2419 2809 2467 2834 est

1399 2850 1498 2880 mixta
1521 2849 1666 2889 corpori,
1689 2848 1748 2879 sed
1769 2853 1818 2879 est
1838 2848 1950 2879 relatio
1970 2847 2129 2888 quaedam
2152 2853 2184 2878 et
2207 2847 2288 2878 ordo
2312 2848 2408 2878 unius
2426 2847 2467 2878 ad

1400 2894 1546 2924 alterum.

1456 2937 1579 2968 Contra
1601 2942 1711 2967 autem
1733 2937 1816 2967 hanc
1839 2937 2048 2977 positionem,
2072 2937 2117 2967 sic
2141 2936 2339 2976 explicatam,
2363 2936 2466 2976 arguit

1401 2981 1536 3013 Sanctus
1559 2981 1714 3012 Thomas.

1455 3025 1508 3056 111,
1531 3026 1652 3055 Primo.
1678 3025 1860 3056 Intellectus
1882 3025 2052 3065 possibilis,
2077 3023 2163 3064 apud
2178 3023 2394 3060 Aristotelem,
2418 3028 2466 3054 est

1399 3070 1580 3110 receptivus
1596 3070 1746 3100 omnium
1761 3068 1940 3100 formarum
1963 3069 2160 3100 sensibilium
2176 3074 2207 3098 et
2226 3068 2465 3107 cognoscitivus

1401 3123 1525 3145 earum:
1551 3120 1582 3145 et
1609 3123 1648 3144 ex
1675 3114 1739 3144 hoc
1761 3115 1854 3154 ponit
1883 3114 1992 3153 ipsum
2019 3122 2088 3144 non
2117 3113 2233 3143 habere
2256 3112 2466 3142 determinate

1400 3159 1542 3199 aliquam
1564 3163 1711 3189 naturam
1735 3157 1944 3188 sensibilium.
1970 3157 2034 3188 Sed
2055 3157 2134 3187 haec
2150 3156 2190 3187 de
2212 3156 2464 3196 praeparatione,

1400 3212 1484 3243 quae
1508 3208 1555 3233 est
1577 3202 1744 3238 habitudo,
1768 3211 1835 3232 non
1865 3207 2002 3242 possunt
2030 3201 2183 3241 intelligi:
2208 3201 2283 3240 quia
2306 3201 2374 3230 eius
2397 3209 2465 3230 non

1400 3253 1447 3278 est
1470 3247 1622 3287 recipere,
1646 3246 1702 3278 sed
1724 3246 1914 3287 praeparari.
1938 3246 2025 3285 Ergo
2049 3251 2109 3276 etc.

1456 3291 1615 3322 Secundo.
1633 3291 1827 3331 Sequeretur
1841 3289 1932 3330 quod
1947 3289 2034 3320 idem
2057 3288 2230 3320 dicendum
2244 3289 2284 3318 sit
2307 3287 2346 3318 de
2368 3297 2465 3318 sensu

1400 3341 1431 3367 et
1453 3336 1619 3367 intellectu
1642 3335 1796 3375 possibili.
1822 3333 1885 3365 Sed
1907 3334 2002 3364 huius
2027 3333 2216 3374 oppositum
2239 3331 2378 3363 ostendit
2392 3332 2464 3362 Ari-

1399 3380 1538 3416 stoteles,
1561 3385 1637 3410 text.
1662 3389 1693 3419 7.
1717 3379 1803 3418 Ergo
1823 3384 1883 3408 etc.
1899 3396 1921 3400 -
1937 3378 2092 3408 Probatur
2115 3377 2355 3416 consequentia.
2379 3375 2466 3414 Quia

1398 3424 1452 3455 illa
1475 3434 1558 3465 quae
1582 3424 1659 3454 dicit
1681 3423 1896 3462 Philosophus
1919 3421 1959 3452 de
1982 3421 2148 3452 intellectu
2170 3420 2325 3460 possibili,
2344 3429 2464 3451 conve-

1398 3469 1488 3499 nient
1511 3469 1603 3499 omni
1625 3467 1875 3508 praeparationi:
1899 3467 1934 3496 in
1952 3475 2048 3496 sensu
2070 3471 2179 3496 autem
2202 3470 2249 3495 est
2263 3465 2464 3505 praeparatio

1399 3512 1440 3543 ad
1462 3512 1646 3553 recipienda
1669 3511 1828 3542 sensibilia
1850 3511 1884 3540 in
1907 3515 1990 3540 actu.

1454 3555 1696 3595 Advertendum
1731 3555 1821 3595 quod
1854 3553 2102 3585 fundamentum
2133 3553 2230 3584 huius
2258 3553 2390 3583 rationis
2417 3557 2465 3584 est

1399 3600 1490 3641 quod
1512 3602 1556 3631 ita
1577 3601 1612 3631 in
1635 3610 1731 3630 sensu
1755 3605 1802 3629 est
1823 3598 2021 3639 praeparatio
2039 3597 2078 3628 ad
2101 3597 2284 3638 recipienda
2304 3596 2465 3628 sensibilia

1398 3646 1480 3676 sicut
1495 3645 1529 3676 in
1552 3645 1726 3680 intellectu,
1744 3644 1769 3674 si
1785 3643 1983 3684 praeparatio
2000 3642 2080 3673 nihil
2095 3641 2181 3672 aliud
2196 3642 2350 3682 importet
2365 3651 2466 3682 quam

2497 1286 2507 1295 ·
2521 1285 2553 1306 111
2568 1285 2598 1307 de
2615 1285 2711 1311 Anima,

2497 1317 2663 1365 amma
2674 1312 2712 1365 fif:

2499 1371 2521 1390 ις
2537 1370 2556 1386 s.
2570 1364 2615 1387 Th.
2631 1365 2646 1387 l.
2656 1371 2676 1393 5.

2497 1756 2507 1766 ”
2521 1754 2578 1782 Cap.
2593 1761 2630 1776 nx.
