2768 4134
42 323 49 335 ⁵
65 342 76 354 ·
86 338 276 368 salmom.

45 368 50 383 ἱ
64 366 105 395 Ν,
115 372 154 394 vu,
163 373 187 394 4.

45 3187 162 3237 ἷίὲιρπῐ,
167 3195 188 3216 ²3
195 3189 266 3212 alni.

892 259 1083 297 SUMMA
1111 260 1333 300 CONTRA
1362 262 1637 315 GENTILES,
1668 268 1778 306 CAP.
1799 271 1918 308 XXV.

304 341 342 367 ut
357 335 474 367 dicitur
488 336 518 366 V
531 337 673 378 Metaph.
684 338 716 367 ἐ
738 346 807 368 non
823 341 933 368 autem
948 347 1005 368 ens
1022 337 1113 378 quod
1128 338 1286 379 significat
1301 350 1380 371 esse.

303 380 391 420 Ergo
406 385 463 411 aut
478 381 652 412 assumitur
667 381 798 412 falsum:
823 386 879 412 aut
902 383 1117 413 committitur
1131 382 1256 414 fallacia
1271 385 1381 424 aequi-

303 425 496 462 vocationis,
521 424 602 456 dum
624 426 732 466 primo
755 426 895 457 sumitur
916 435 974 456 ens
997 427 1246 467 participialiter,
1271 434 1381 468 poste-

303 469 370 500 rius
392 479 470 500 vero
494 470 726 501 nominaliter..

359 513 427 544 VII.
448 514 512 545 Pto
527 514 692 546 solutione
707 514 805 545 huius
820 513 922 551 dubii,
938 515 1015 555 quia
1030 520 1098 546 tota
1113 514 1283 546 difficultas
1300 525 1380 546 con-

302 558 384 589 sistit
407 559 491 589 circa
513 557 731 599 significatum
753 558 850 589 huius
863 559 1003 590 ,termini
1022 569 1091 597 ens,
1108 559 1381 591 considerandum

303 608 351 633 est
374 602 475 643 quod,
499 602 575 634 licet
597 612 655 634 ens
677 607 745 634 tam
773 603 982 635 nominaliter
1011 614 1111 645 quam
1140 604 1380 645 participialiter

301 652 471 687 sumptum
494 647 649 687 importet
672 656 751 684 esse,
768 653 909 688 utroque
926 649 1014 679 enim
1029 648 1131 680 modo
1148 658 1206 680 ens
1220 648 1380 689 significat

301 691 390 732 quod
403 691 500 722 habet
513 698 599 728 esse;
613 696 723 722 tamen
739 692 829 723 aliter
843 693 1036 733 importatur
1047 703 1106 734 per
1120 703 1225 725 unum
1240 693 1379 724 modum

301 745 402 776 quam
416 745 475 776 per
490 735 637 766 alterum.
661 735 695 767 Si
711 737 799 767 enim
814 737 1054 778 participialiter
1067 743 1223 774 sumatur,
1239 744 1276 769 ut
1290 738 1379 769 idem

301 785 350 812 est
371 780 519 811 absolute
542 779 634 821 quod
649 781 802 819 existens,
819 791 888 813 esse
903 783 1097 823 importatur
1118 788 1275 823 tanquam
1290 783 1378 824 prin-

301 824 404 866 cipale
434 830 467 856 et
495 823 631 856 formale
662 825 888 867 significatum,
913 837 954 858 eo
985 826 1076 868 quod
1105 833 1154 858 est
1183 827 1378 858 abstractum

299 869 397 900 huius
421 869 566 901 concreti
588 877 663 907 ens,·
684 870 719 901 id
741 875 852 902 autem
875 871 967 912 quod
988 872 1085 903 habet
1100 881 1170 902 esse
1185 872 1378 912 importatur

299 913 503 950 secundarie,
519 919 675 955 tanquam
699 916 919 957 susceptivum
935 925 1019 952 esse;
1043 917 1127 947 sicut
1145 916 1254 947 album
1270 917 1377 957 primo

300 964 333 990 et
358 957 536 990 formaliter
562 959 717 1000 importat
747 959 941 997 albedinem,
965 960 1057 1001 quod
1084 966 1132 991 est
1159 961 1228 992 eius
1258 962 1377 992 abstra-

300 1009 401 1039 ctum,
413 1002 605 1035 secundario
617 1010 728 1036 autem
738 1005 894 1045 importat
904 1005 1099 1042 subiectum,
1113 1014 1154 1036 eo
1167 1005 1259 1046 quod
1273 1006 1377 1046 ipsam

299 1047 483 1079 albedinem
504 1048 664 1089 significet
693 1058 751 1090 per
779 1048 919 1080 modum
949 1049 1040 1080 alteri
1068 1050 1275 1081 inhaerentis.
1297 1069 1321 1073 -
1343 1050 1377 1082 Si

299 1098 410 1124 autem
433 1093 640 1124 nominaliter
662 1098 819 1130 sumatur,
839 1094 885 1125 sie
908 1103 977 1125 esse
998 1104 1067 1125 non
1091 1100 1140 1126 est
1162 1095 1232 1126 eius
1258 1095 1378 1126 abstra-

301 1143 402 1174 ctum,
419 1137 476 1168 sed
490 1138 640 1169 essentia.
655 1137 734 1170 Ideo
750 1139 970 1180 principaliter
987 1139 1056 1170 eius
1076 1139 1293 1180 significatum
1307 1149 1378 1171 non

299 1187 347 1213 est
370 1191 450 1218 esse,
474 1181 532 1213 sed
554 1183 706 1219 oesentia3
730 1192 800 1214 esse
827 1189 938 1215 autem
963 1184 1159 1225 importatur
1184 1194 1242 1225 per
1267 1185 1377 1225 ipsum

297 1230 455 1267 tanquam
469 1226 504 1258 id
519 1235 538 1258 a
561 1236 629 1268 quo
644 1236 769 1258 nomen
791 1227 986 1269 imponitur;
1002 1229 1096 1266 sicut,
1112 1230 1139 1260 si
1157 1229 1238 1270 lapis
1254 1228 1378 1260 dicatur

298 1280 369 1303 esse
391 1271 480 1312 quod
503 1271 640 1317 offendit
648 1272 776 1313 pedem,
793 1272 931 1304 offensio
946 1273 1039 1314 pedis
1052 1274 1247 1315 importatur
1261 1284 1377 1306 secun-

259 1350 268 1352 ,
298 1315 574 1356 datiostanq‘uam
588 1316 622 1348 id
637 1326 656 1347 a
671 1326 740 1358 quo
761 1317 941 1358 imponitur
963 1327 1097 1355 nomen,
1115 1319 1252 1350 essentia
1267 1324 1377 1350 autem

264 1363 270 1368 ’
298 1361 371 1392 eius
390 1365 548 1402 tanquam
570 1361 751 1402 principale
772 1362 1000 1402 significatum.
1022 1363 1114 1394 Patet
1133 1369 1243 1394 autem
1258 1364 1322 1395 hoc
1338 1373 1378 1395 ex

299 1404 420 1437 Sancto
441 1405 574 1437 Thoma
599 1405 630 1437 X
653 1406 809 1447 Metaph„
833 1407 868 1438 in
898 1408 1102 1448 expositione
1131 1413 1207 1439 text.
1232 1408 1251 1439 8
1268 1410 1295 1445 “,
1319 1409 1377 1440 ubi

298 1450 343 1482 ait
365 1449 458 1492 quod
479 1459 537 1481 ens
554 1460 618 1492 per
639 1450 748 1482 decem
766 1451 1036 1492 praedicamenta
1051 1452 1191 1484 divisum
1210 1453 1378 1495 significat

299 1495 387 1536 ipsas
410 1500 548 1526 naturas
570 1494 678 1526 decem
701 1505 873 1538 generum,
893 1497 1071 1528 secundum
1094 1497 1183 1539 quod
1201 1503 1279 1529 sunt
1300 1503 1376 1529 actu

299 1540 351 1572 vel
367 1540 528 1581 potentia.

356 1593 386 1616 2.
410 1584 538 1616 Dicitur
568 1593 646 1625 ergo
675 1585 795 1626 primo,
820 1585 911 1627 quod
941 1596 999 1617 ens
1028 1585 1168 1618 divisum
1197 1587 1232 1618 in
1261 1586 1376 1618 decem

297 1628 559 1671 praedicamenta
582 1634 630 1660 est
653 1638 711 1661 ens
729 1630 938 1662 nominaliter
952 1632 1132 1672 sumptum,
1149 1631 1240 1673 quod
1255 1632 1377 1663 scilicet

297 1672 459 1715 significat
469 1674 643 1706 essentiam
657 1674 777 1715 primo,
789 1680 947 1717 tanquam
961 1685 1031 1707 rem
1042 1675 1266 1717 significatam,
1280 1682 1312 1708 et
1326 1687 1376 1708 se-

297 1717 455 1750 cundario
471 1728 551 1755 oese,
566 1723 724 1760 tanquam
738 1718 773 1751 id
788 1730 807 1751 a
822 1729 891 1762 quo
906 1721 1015 1761 ipsum
1038 1729 1162 1752 nomen
1184 1722 1375 1762 imponitur.

353 1763 480 1795 Dicitur
502 1763 660 1801 secundo,
675 1763 768 1805 quod
783 1765 848 1796 hoc
864 1770 912 1796 est
927 1764 1018 1806 quod
1033 1764 1074 1797 de
1093 1766 1246 1797 omnibus
1268 1776 1373 1798 essen-

296 1807 414 1840 tialiter
435 1807 648 1850 praedicatur,
673 1814 705 1840 et
728 1809 820 1850 quod
842 1810 1062 1851 Philosophus
1085 1811 1202 1852 probat
1222 1821 1291 1843 non
1307 1821 1375 1843 esse

296 1862 415 1894 genus:
439 1862 508 1884 non
523 1858 634 1885 autem
650 1863 708 1885 ens
723 1854 964 1896 participialiter
978 1861 1158 1896 sumptum,
1175 1856 1268 1887 cuius
1287 1857 1376 1898 prin·

297 1897 403 1940 cipale
424 1897 643 1939 significatum
666 1904 714 1930 est
737 1908 818 1936 esse,
841 1905 998 1940 tanquam
1021 1901 1091 1931 eius
1113 1901 1319 1932 abstractum.

352 1942 499 1974 Primum
521 1943 643 1974 horum
671 1948 761 1984 patet
790 1953 830 1975 ex
859 1943 980 1976 Sancto
1004 1944 1135 1976 Thema
1156 1945 1238 1982 Ver„
1263 1956 1295 1987 q.
1311 1956 1375 1982 xxx,

296 1996 326 2019 a.
348 1997 382 2028 4,
406 1987 448 2018 ad
468 1997 502 2028 4,
525 1987 583 2019 ubi
605 1987 763 2028 loquitur,
786 1994 824 2020 ut
853 1989 990 2020 articulo
1020 1989 1129 2030 primo
1159 1990 1246 2022 illius
1275 2000 1375 2032 quae-

296 2031 410 2063 stionis
432 2037 531 2073 patet,
555 2031 595 2063 de
618 2038 693 2063 ente
716 2031 820 2064 diviso
842 2034 878 2064 in
900 2032 1015 2065 decem
1034 2033 1304 2075 praedicamenta.
1329 2035 1376 2067 Ibi

296 2077 395 2113 enim,
407 2085 537 2117 ponens
552 2077 698 2118 regulam
711 2077 802 2118 quod
814 2078 983 2120 informis
996 2079 1207 2120 generalibus
1219 2080 1377 2121 recipitur

289 2121 498 2162 praedicatio
522 2122 667 2153 concreti
690 2121 730 2153 de
752 2123 928 2160 abstracto,
943 2122 1109 2155 inductive
1132 2124 1197 2155 hoc
1224 2125 1375 2163 ostendit,

295 2166 458 2206 inquiens,
481 2166 631 2198 Dicimus
653 2167 739 2198 enim
762 2167 851 2209 quod
873 2168 1012 2199 essentia
1036 2173 1084 2199 est
1105 2178 1173 2206 ens,
1195 2174 1227 2200 et
1247 2170 1376 2202 bonitas

296 2215 345 2242 est
366 2210 464 2248 bona,
489 2215 521 2242 et
544 2211 654 2243 unitas
683 2216 731 2242 cst
762 2222 842 2250 una,-
865 2217 898 2243 et
917 2213 966 2244 sic
987 2213 1028 2244 de
1050 2213 1138 2251 aliis,
1162 2214 1219 2245 ubi
1249 2220 1376 2246 constat

296 2254 389 2296 quod
418 2256 591 2287 essentiam
620 2262 776 2297 tanquam
807 2257 1002 2288 abstractum
1026 2263 1058 2289 et
1080 2259 1224 2299 primum
1248 2269 1285 2291 ac
1309 2259 1375 2291 for-

294 2299 381 2332 male
396 2299 614 2341 significatum
630 2301 712 2332 entis
724 2302 828 2342 ponit.
845 2302 994 2333 Articulo
1007 2311 1144 2344 quoque
1161 2304 1280 2344 primo,
1293 2304 1333 2336 ad
1346 2313 1373 2342 ι,

294 2344 403 2385 inquit
425 2344 528 2386 quod,
551 2355 625 2376 cum
648 2355 706 2377 ens
729 2346 861 2377 dicatur
883 2347 1040 2384 absolute,
1056 2348 1176 2379 bonum
1192 2354 1300 2380 autem
1319 2359 1375 2380 su-

288 2389 456 2431 peraddat
469 2390 690 2422 habitudinem
706 2400 827 2422 causae
830 2392 962 2433 finalis,
975 2392 1046 2433 ipsa
1061 2393 1200 2424 essentia
1217 2394 1266 2425 rei
1280 2394 1374 2425 abso-

295 2433 364 2466 lute
385 2434 594 2466 considerata
623 2435 747 2477 sufficit
774 2436 820 2467 ad
847 2437 910 2467 hoc
939 2437 1029 2478 quod
1052 2447 1117 2479 per
1144 2447 1216 2469 eam
1243 2438 1375 2470 dicatur

295 2479 422 2520 aliquid
437 2489 504 2511 ens.
521 2479 557 2511 In
573 2479 719 2511 secundo
735 2490 871 2522 quoque
890 2481 1052 2519 Quolibet,
1069 2492 1102 2524 q.
1114 2492 1148 2519 n,
1161 2492 1189 2514 a.
1211 2491 1221 2514 ι
1235 2484 1262 2520 *‚
1279 2485 1374 2525 ponit

294 2533 363 2561 ens,
386 2524 562 2556 secundum
591 2524 679 2566 quod
700 2525 867 2568 significat
889 2536 957 2557 rem
979 2527 1034 2557 cui
1053 2527 1204 2558 convenit
1226 2537 1304 2565 esse,
1329 2529 1373 2560 si-

293 2568 458 2611 gnificare
485 2570 657 2601 essentiam
681 2570 731 2601 rei
753 2575 785 2602 et
806 2571 909 2602 diuidi
935 2572 968 2602 in
993 2571 1101 2603 decem
1123 2582 1261 2614 genera,
1286 2573 1371 2610 licet,

294 2612 477 2645 secundum
499 2613 592 2655 quod
614 2614 773 2655 siguificat
799 2625 878 2652 esse,
902 2617 943 2647 sit
973 2616 1194 2657 praedicatum
1224 2618 1372 2649 acciden-

294 2657 369 2694 tale,
393 2663 431 2689 ut
453 2657 508 2690 dat
530 2659 720 2700 intelligere.

350 2702 540 2734 Secundum
564 2713 642 2735 vero
665 2704 831 2745 probatur,
856 2706 933 2746 quia
956 2705 1092 2737 Sanctus
1115 2706 1261 2737 Thomas
1283 2713 1373 2738 tenet

294 2755 364 2778 eaee
379 2747 414 2778 in
429 2748 521 2779 omni
537 2754 681 2780 creatura
702 2748 830 2780 realiter
844 2750 884 2780 ab
900 2751 1037 2781 essentia
1053 2750 1216 2791 distingui,
1233 2757 1266 2782 et
1280 2751 1372 2792 quod

294 2791 328 2822 in
353 2792 478 2823 nullius
499 2798 673 2824 creaturae
695 2794 825 2824 ratione
840 2795 988 2836 perfecte
1010 2795 1200 2832 includitur,
1225 2801 1262 2827 ut
1283 2802 1372 2837 patet

299 2836 382 2874 Ver„
396 2846 428 2877 q.
441 2847 471 2874 x,
488 2847 517 2868 a.
535 2845 584 2874 ¹2,
602 2842 634 2868 et
649 2837 734 2868 alibi.
759 2837 812 2869 Sic
831 2839 919 2869 enim
935 2845 1023 2880 patet
1038 2839 1129 2880 quod
1145 2839 1178 2870 id
1197 2840 1288 2881 quod
1310 2842 1371 2872 im-

293 2886 401 2921 portat
416 2891 486 2912 esse
501 2886 658 2922 tanquam
675 2883 866 2922 primarium
879 2883 1107 2924 significatum,
1123 2894 1191 2915 non
1206 2890 1315 2926 potest
1330 2885 1370 2917 de

294 2931 439 2956 creatura
462 2926 671 2957 essentialiter
692 2926 883 2967 praedicari;
907 2933 940 2958 et
967 2934 1204 2969 consequenter
1231 2939 1299 2961 non
1323 2936 1371 2961 est

293 2969 375 3000 illud
391 2979 448 3001 ens
464 2969 505 3001 de
523 2980 591 3011 quo
610 2971 727 3012 probat
749 2971 968 3013 Philosophus
991 2973 1083 3013 quod
1104 2983 1174 3004 non
1198 2979 1246 3005 est
1267 2984 1371 3015 genus

292 3014 354 3045 hac
375 3015 501 3046 ratione
524 3015 601 3055 quia
624 3015 664 3046 de
688 3016 841 3047 omnibus
864 3016 1076 3057 praedicatur.

348 3058 432 3089 VIII.
457 3058 521 3090 Sed
542 3060 620 3091 huic
644 3059 903 3092 determinationi
926 3061 1052 3093 videtur
1072 3062 1209 3099 obstare,
1231 3064 1308 3104 quia
1322 3065 1370 3095 vi-

293 3102 387 3134 detur
410 3103 547 3135 Sanctus
562 3104 708 3136 Thomas
728 3105 761 3135 in
778 3105 807 3135 1·
820 3105 915 3142 Part„
929 3115 960 3147 q.
973 3116 994 3136 v
1009 3111 1042 3137 et
1055 3117 1098 3144 vr,
1115 3112 1147 3138 et
1163 3107 1244 3144 Ver„
1261 3118 1292 3149 q.
1305 3119 1368 3146 xxr,

292 3148 376 3179 velle
398 3148 490 3189 quod
513 3149 649 3186 bonum,
674 3149 766 3190 quod
789 3151 886 3181 etiam
909 3150 1061 3182 dividitur
1082 3152 1117 3182 in
1140 3151 1254 3183 decem
1277 3162 1369 3194 prae-

293 3191 485 3230 dicamenta,
504 3199 542 3224 ut
563 3193 680 3225 dicitur
695 3194 708 3225 1
723 3194 828 3225 Ethic.
840 3195 869 3231 ³,
893 3200 1099 3227 convertatur
1113 3206 1190 3227 cum
1206 3202 1280 3228 ente
1295 3207 1368 3239 par-

291 3237 484 3278 ticipialiter,
500 3248 570 3269 non
585 3244 695 3270 autem
713 3239 920 3270 nominaliter
942 3245 1085 3281 sumpto.
1109 3241 1211 3279 Quod
1225 3247 1315 3283 patet
1329 3252 1368 3274 ex

293 3280 434 3313 duobus.
1125 3309 1129 3312 .

347 3326 468 3363 Primo,
493 3337 532 3358 ex
555 3337 596 3358 eo
617 3327 709 3369 quod
724 3328 802 3360 dicit
817 3328 918 3369 quod,
934 3338 1011 3360 cum
1027 3330 1152 3361 bonum
1168 3335 1200 3361 et
1215 3340 1272 3361 ens
1288 3340 1368 3362 con-

291 3376 466 3408 vertantur,
490 3372 574 3403 sicut
595 3382 646 3403 res
669 3378 717 3404 est
740 3383 807 3410 ens,
831 3374 875 3404 ita
899 3379 946 3404 est
965 3374 1066 3410 bona;
1090 3374 1148 3405 sed
1162 3384 1231 3406 non
1247 3381 1295 3406 est
1310 3385 1367 3407 ens

290 3424 350 3455 per
382 3417 568 3453 essentiam;
601 3426 679 3458 ergo
712 3427 774 3449 nec
806 3418 902 3449 bona.
937 3418 972 3449 In
1005 3419 1070 3449 hoc
1097 3419 1184 3450 enim
1212 3429 1367 3460 processu

291 3465 422 3500 oportet
437 3462 521 3492 sumi
538 3471 595 3492 ens
609 3462 862 3503 participialiter:
888 3464 964 3504 quia
984 3464 1049 3494 hoc
1064 3469 1112 3494 est
1127 3463 1218 3504 quod
1232 3470 1368 3506 negatur

291 3505 466 3536 convenire
481 3506 527 3536 rei
541 3515 600 3547 per
615 3508 797 3544 essentiam,
814 3517 854 3538 eo
871 3507 963 3548 quod
979 3517 1047 3538 esse
1063 3509 1102 3539 ab
1119 3509 1210 3540 omni
1230 3511 1367 3541 essentia

291 3554 395 3580 creata
409 3550 536 3581 realiter
551 3550 773 3592 distinguatur.
795 3552 882 3593 Ergo
899 3562 956 3583 ens
972 3552 1062 3593 quod
1078 3554 1275 3585 convertitur
1290 3563 1366 3585 cum

290 3593 380 3624 bono
405 3599 438 3625 et
460 3594 613 3626 dividitur
635 3596 670 3626 in
692 3595 806 3628 decem
828 3597 1098 3638 praedicamenta,
1123 3603 1171 3628 est
1193 3607 1250 3629 ens
1269 3600 1366 3639 parti-

290 3638 446 3678 cipialiter
468 3645 646 3680 sumptum.
1279 3650 1282 3654 ·

2453 287 2503 324 79

1492 343 1654 382 Secundo,
1679 356 1718 377 ex
1740 357 1780 378 eo
1805 349 1896 389 quod
1918 351 2023 391 inquit
2045 351 2078 382 id
2102 362 2169 393 quo
2193 363 2242 384 res
2264 353 2440 386 formaliter
2457 362 2503 386 est

1435 385 1531 423 bona,
1555 398 1624 419 non
1647 399 1716 421 esse
1745 401 1811 422 ens.
1843 393 1943 431 Quod
1973 395 2094 427 dictum
2124 396 2164 428 de
2195 403 2268 429 ente
2298 400 2503 431 nominaliter

1435 437 1566 470 sumpto
1591 432 1706 464 falsum
1730 441 1790 465 est:
1815 438 1891 476 quia
1914 447 1982 469 esse
2005 441 2136 471 actualis
2157 443 2351 480 existentiae,
2368 453 2436 484 quo
2452 454 2501 475 res

1436 479 1483 503 est
1506 484 1562 505 ens
1586 482 1618 506 et
1641 477 1737 513 bona,
1762 485 1810 509 est
1833 490 1889 511 ens
1912 484 2125 515 nominaliter.

1493 527 1522 548 2.
1546 519 1599 550 Ad
1614 520 1693 551 haec
1709 521 1824 553 dicitur
1839 525 1956 564 primo,
1972 527 2006 557 in
2022 531 2198 566 communi,
2215 531 2304 571 quod
2319 532 2500 572 procedunt

1435 570 1473 591 ex
1497 560 1578 593 falso
1602 563 1829 597 fundamento:
1855 569 1975 599 scilicet
1999 571 2088 610 quod
2112 582 2178 609 ens,
2203 584 2278 605 cum
2296 577 2500 608 nominaliter

1433 606 1581 642 sumitur,
1605 617 1673 638 non
1698 609 1781 640 dicat
1804 620 1883 647 esse,
1907 613 1964 643 sed
1986 619 2111 645 tantum
2143 626 2218 647 cum
2247 621 2381 650 sumitur
2404 622 2499 661 parti-

1434 650 1598 690 cipialiter.
1623 652 1698 683 Hoc
1722 654 1809 684 enim
1832 654 2035 688 falsissimum
2060 665 2120 690 est:
2143 670 2218 691 cum
2233 668 2370 703 utroque
2386 665 2498 702 modo,

1433 699 1470 724 ut
1492 696 1640 735 superius
1656 697 1672 713 *
1695 697 1844 734 diximus,
1869 700 2025 740 significet
2049 703 2082 733 id
2104 705 2190 744 quod
2211 706 2305 737 habet
2330 717 2406 738 esse.
2436 709 2499 740 Sed

1432 747 1546 770 verum
1570 745 1617 770 est
1641 741 1741 781 quod,
1766 752 1842 774 curn
1864 745 2068 776 nominaliter
2090 749 2236 784 sumitur,
2259 751 2409 790 importat
2431 763 2498 784 esse

1432 783 1623 815 secundario
1648 791 1679 816 et
1701 791 1857 827 tanquam
1879 788 1913 818 id
1935 799 1953 819 a
1977 799 2043 830 quo
2067 791 2245 832 imponitur
2264 804 2399 832 nomem
2425 807 2498 828 cum

1432 832 1541 859 autem
1565 830 1804 870 participialiter
1827 833 1991 873 accipitur,
2009 833 2085 865 dicit
2101 845 2168 866 esse
2185 846 2252 867 non
2275 843 2399 870 tantum
2419 842 2499 872 sicut

1431 870 1465 902 id
1480 882 1499 902 a
1514 882 1582 913 quo
1598 883 1721 905 nomen
1737 876 1927 916 imponitur,
1943 877 1999 908 sed
2015 879 2112 910 etiam
2128 886 2281 920 tanquam
2300 892 2369 913 rem
2384 885 2499 924 princi-

1431 916 1546 956 paliter
1560 917 1786 958 significatam;
1799 926 1925 951 constat
1935 923 2068 953 enimin
2080 923 2224 955 doctrina
2236 925 2342 957 Sancti
2354 927 2500 959 Thomae

1431 960 1465 991 id
1488 970 1507 991 a
1530 971 1598 1002 quo
1625 972 1749 994 nomen
1773 965 1964 1005 imponitur,
1988 972 2019 997 et
2042 967 2074 998 id
2098 969 2151 999 cui
2174 970 2362 1010 imponitur,
2385 973 2419 1002 in
2445 973 2500 1003 ali-

1432 1006 1551 1046 quibus
1578 1005 1666 1037 idem
1693 1017 1762 1039 esse
1777 1009 1804 1039 *.
1830 1009 1878 1039 Ex
1905 1019 1972 1050 quo
1997 1013 2142 1052 sequitur
2169 1014 2269 1054 quod,
2297 1016 2501 1047 nominaliter

1431 1050 1622 1091 accipiendo
1639 1061 1706 1088 ens,
1723 1052 1846 1093 aliquid
1863 1060 1971 1094 potest
1989 1055 2052 1086 dici
2070 1066 2127 1087 ens
2149 1067 2206 1097 per
2224 1060 2500 1100 participationem

1431 1095 1556 1126 ratione
1578 1095 1748 1136 significati
1770 1098 1950 1129 secundarii
1974 1105 2005 1130 et
2029 1101 2097 1132 eius
2120 1111 2139 1131 a
2161 1111 2228 1143 quo
2251 1113 2373 1135 nomen
2395 1105 2500 1146 impo-

1430 1139 1528 1176 nitur,
1545 1139 1621 1171 licet
1643 1141 1768 1172 ratione
1791 1142 1960 1182 significati
1982 1145 2123 1184 primarii
2142 1156 2210 1177 non
2230 1148 2270 1178 sit
2286 1157 2342 1179 ens
2357 1158 2414 1189 per
2429 1159 2500 1190 par-

1431 1184 1666 1225 ticipationem,
1691 1185 1748 1216 sed
1770 1195 1828 1226 per
1851 1188 2031 1220 essentiam.

1487 1229 1733 1261 Attendendum
1756 1236 1865 1262 autem
1888 1232 1978 1273 quod
2000 1243 2068 1264 non
2091 1240 2138 1265 est
2161 1234 2247 1266 idem
2270 1235 2374 1268 dicere
2394 1247 2450 1269 ens
2466 1239 2498 1269 in

1431 1278 1507 1305 actu
1530 1273 1712 1306 secundum
1736 1275 1827 1316 quod
1850 1286 1907 1307 ens
1930 1276 2080 1309 dividitur
2102 1289 2160 1319 per
2183 1289 2239 1311 ens
2258 1281 2292 1311 in
2307 1287 2381 1312 actu
2397 1288 2429 1312 et
2444 1291 2499 1313 ens

1430 1319 1465 1349 in
1488 1319 1644 1359 potentia,
1662 1325 1694 1350 et
1709 1329 1766 1350 ens
1783 1321 2037 1361 participialiter
2059 1329 2228 1364 sumptum.
2253 1325 2338 1364 Quia
2354 1336 2410 1357 ens
2426 1333 2499 1358 actu

1431 1363 1524 1404 quod
1546 1362 1659 1395 dividit
1681 1373 1749 1401 ens,
1773 1365 1880 1405 primo
1897 1371 1929 1396 et
1944 1365 2118 1398 formaliter
2141 1369 2297 1409 significat
2319 1371 2498 1407 essentiam,

1431 1408 1515 1439 sicut
1538 1413 1570 1439 et
1592 1418 1649 1439 ens
1673 1408 1763 1450 quod
1786 1408 1950 1441 dividitur:
1975 1411 2030 1442 sed
2053 1412 2209 1452 significat
2222 1414 2310 1444 illam
2325 1420 2362 1445 ut
2377 1421 2424 1445 est
2439 1417 2498 1446 sub

1431 1462 1500 1484 esse
1523 1453 1657 1484 actualis
1681 1454 1882 1492 existentiae;
1906 1464 1964 1495 per
1987 1456 2078 1497 quod
2100 1456 2203 1488 differt
2226 1459 2264 1488 ab
2288 1465 2360 1490 ente
2383 1460 2417 1490 in
2439 1470 2499 1500 po-

1430 1498 1541 1534 tentia,
1565 1497 1657 1539 quod
1680 1498 1838 1539 significat
1867 1501 2038 1531 essentiam
2067 1501 2187 1542 absque
2215 1512 2282 1533 esse
2306 1504 2430 1535 actuali.
2459 1505 2499 1535 Et

1430 1541 1506 1573 ideo
1537 1552 1594 1574 ens
1624 1543 1659 1574 in
1689 1548 1764 1574 actu
1793 1543 1984 1576 secundario
2014 1545 2172 1586 significat
2195 1556 2271 1578 esse.
2303 1548 2368 1578 Ens
2392 1554 2498 1579 autem

1430 1587 1670 1628 participialiter
1691 1594 1870 1628 sumptum,
1895 1588 1986 1630 quod
2008 1589 2095 1621 idem
2118 1596 2166 1621 est
2188 1591 2278 1631 quod
2298 1593 2447 1630 existens,
2465 1599 2500 1624 ut

1431 1631 1555 1663 dictum
1579 1638 1627 1663 est
1643 1633 1670 1669 “,
1694 1632 1853 1673 significat
1883 1634 1989 1675 primo
2021 1641 2053 1666 et
2082 1634 2258 1666 formaliter
2287 1637 2393 1676 ipsum
2417 1647 2498 1674 esse;

1430 1676 1622 1708 secundario
1646 1682 1756 1709 autem
1778 1678 1882 1719 ipsam
1906 1680 2076 1710 essentiam
2099 1681 2153 1711 cui
2175 1681 2327 1711 convenit
2349 1691 2417 1712 esse
2440 1691 2498 1713 suo

1430 1720 1543 1752 modo.
1575 1721 1680 1759 Unde,
1712 1722 1788 1754 licet
1816 1723 1894 1754 velit
1923 1723 2059 1755 Sanctus
2083 1724 2227 1756 Thomas
2258 1725 2348 1766 quod
2377 1726 2500 1757 bonum

1430 1771 1637 1798 convertatur
1660 1776 1737 1798 cum
1761 1773 1833 1799 ente
1857 1768 1889 1798 in
1914 1774 2001 1805 actu,
2026 1778 2094 1800 non
2110 1775 2219 1800 tamen
2234 1770 2302 1800 vult
2318 1770 2408 1810 quod
2424 1780 2500 1801 con-

1430 1816 1571 1842 vertatur
1593 1821 1671 1843 eum
1693 1817 1766 1843 ente
1782 1813 2039 1854 participialiter
2059 1820 2198 1855 sumpto,
2219 1820 2376 1856 quantum
2399 1815 2439 1846 ad
2461 1816 2500 1846 si-

1429 1855 1619 1896 gnificatum
1642 1857 1785 1897 primum
1809 1863 1840 1888 et
1862 1857 2008 1889 formale.
2039 1858 2080 1889 Et
2107 1865 2278 1900 propterea
2301 1865 2500 1900 assumptum

1430 1902 1464 1932 in
1487 1901 1728 1932 obiectionibus
1751 1907 1800 1933 est
1822 1901 1949 1933 falsum.

1487 1945 1518 1977 3.
1542 1945 1595 1977 Ad
1617 1947 1756 1987 primam
1778 1947 1878 1987 ipsius
1909 1948 2136 1988 probationem
2164 1947 2280 1979 dicitur
2302 1948 2392 1990 quod
2414 1949 2500 1980 illam

1430 1991 1599 2027 rationem,
1625 1996 1661 2022 ut
1683 1990 1864 2028 adducitur,
1888 2001 1958 2023 non
1980 1993 2074 2033 ponit
2103 1992 2240 2024 Sanctus
2263 1993 2421 2024 Thomas:
2445 1993 2500 2025 sed

1430 2035 1514 2066 bene
1537 2036 1570 2066 in
1597 2035 1743 2072 Quaestt.
1759 2035 1799 2066 de
1817 2037 1897 2072 Ver„
1915 2046 1947 2077 q.
1960 2046 2022 2073 xxx,
2039 2047 2068 2068 a.
2087 2038 2116 2074 5,
2133 2036 2173 2068 ad
2190 2038 2220 2074 6,
2237 2038 2297 2068 ait:
2314 2038 2390 2069 Hoc
2405 2039 2499 2069 modo

1429 2080 1568 2111 essentia
1591 2080 1824 2111 denominatur
1845 2081 1932 2112 bona
1955 2081 2040 2112 sicut
2054 2087 2086 2112 et
2100 2091 2166 2113 ens.
2195 2083 2296 2119 Unde,
2312 2084 2396 2115 sicut
2409 2083 2501 2114 habet

1430 2134 1498 2155 esse
1522 2135 1586 2166 per
1608 2126 1908 2166 participationem,
1933 2126 1978 2157 ita
2001 2131 2033 2157 et
2055 2127 2141 2157 bona
2165 2132 2213 2157 est
2235 2138 2300 2168 per
2322 2129 2500 2169 participa-

1430 2169 1561 2200 tionem.
1586 2169 1622 2200 In
1645 2171 1706 2201 hac
1729 2175 1837 2201 autem
1860 2171 1985 2202 ratione
2008 2180 2076 2202 non
2100 2171 2216 2202 dicitur
2239 2173 2375 2203 essentia
2399 2179 2499 2204 creata

1430 2223 1498 2245 esse
1522 2223 1579 2245 ens
1602 2224 1660 2255 per
1682 2215 1962 2256 participationem
1985 2217 2109 2247 ratione
2133 2216 2228 2257 primi
2252 2222 2284 2248 et
2303 2216 2444 2248 formalis
2460 2218 2499 2248 si-

1429 2258 1582 2299 gnifican,
1606 2259 1663 2290 sed
1691 2261 1816 2290 ratione
1846 2261 2024 2297 connotati,
2049 2261 2115 2292 sive
2145 2262 2269 2293 ratione
2300 2262 2368 2293 eius
2391 2272 2409 2293 a
2432 2272 2498 2302 quo

1428 2313 1552 2335 nomen
1575 2305 1658 2335 entis
1680 2305 1869 2346 imponitur.
1894 2305 1980 2344 Quia
2004 2305 2091 2336 enim
2114 2307 2250 2337 essentia
2273 2312 2376 2337 creata
2406 2307 2499 2337 habet

1429 2358 1498 2379 esse
1522 2348 1709 2380 distinctum
1732 2359 1751 2380 a
1765 2359 1799 2380 se
1815 2355 1847 2380 et
1869 2351 2106 2391 participatum,
2123 2360 2179 2381 ens
2195 2351 2398 2382 nominaliter
2413 2361 2498 2382 sum-

1428 2398 1523 2434 ptum
1538 2395 1663 2425 ratione
1681 2395 1782 2435 ipsius
1798 2403 1866 2425 esse
1882 2394 1998 2426 dicitur
2013 2394 2054 2426 de
2069 2395 2123 2426 illa
2138 2405 2195 2436 per
2210 2397 2496 2437 participationem.

1428 2438 1471 2469 Et
1493 2439 1538 2469 sic
1561 2438 1679 2470 falsum
1703 2444 1750 2470 est
1773 2438 1864 2479 quod
1886 2440 1920 2470 in
1943 2440 1997 2471 illa
2019 2441 2143 2471 ratione
2166 2441 2340 2481 accipiatur
2355 2451 2411 2471 ens
2427 2450 2497 2481 par-

1427 2483 1619 2524 ticipialiter,
1644 2493 1713 2514 non
1736 2484 1951 2515 nominaliter.

1483 2527 1536 2559 Ad
1564 2527 1741 2559 secundam
1771 2534 1860 2569 patet
1887 2529 2007 2560 solutio
2038 2539 2076 2560 ex
2106 2530 2182 2570 ipsis
2212 2529 2319 2561 Sancti
2349 2530 2495 2560 Thomae

1427 2573 1531 2603 verbis
1547 2572 1678 2609 ibidem,
1694 2574 1751 2604 ubi
1766 2574 1900 2614 inquit*
1924 2574 2016 2614 quod
2039 2584 2107 2605 esse
2130 2584 2195 2604 non
2220 2574 2339 2605 dicitur
2361 2584 2417 2605 ens
2434 2584 2496 2614 per

1426 2617 1562 2659 aliquod
1584 2627 1653 2649 esse
1675 2618 1778 2655 aliud,
1802 2618 1859 2649 sed
1881 2619 1958 2659 quia
1976 2629 2040 2660 per
2062 2620 2164 2660 ipsum
2189 2629 2240 2649 res
2270 2629 2337 2649 esse
2365 2619 2492 2649 dicitur.

1426 2662 1505 2693 Esse
1526 2671 1603 2703 ergo
1620 2672 1689 2693 non
1709 2668 1757 2694 est
1780 2672 1838 2694 ens
1859 2663 1943 2694 sicut
1966 2663 2000 2695 id
2022 2664 2109 2704 quod
2131 2663 2224 2694 habet
2246 2673 2322 2699 esse,
2347 2664 2492 2693 nomina-

1426 2707 1497 2738 liter
1520 2707 1617 2738 etiam
1640 2706 1800 2738 sumendo
1825 2716 1900 2739 ens:
1921 2708 1978 2739 sed
2001 2709 2084 2739 sicut
2107 2708 2140 2738 id
2162 2718 2224 2748 quo
2252 2708 2375 2748 aliquid
2401 2708 2494 2738 habet

1425 2761 1504 2783 esse.
1521 2751 1588 2782 Ens
1603 2753 1691 2783 enim
1706 2752 1913 2783 nominaliter
1927 2758 2095 2793 sumptum
2110 2753 2215 2793 primo
2232 2752 2363 2792 quidem
2379 2751 2492 2782 dicitur

1425 2796 1459 2827 id
1474 2796 1566 2837 quod
1580 2797 1677 2828 habet
1692 2806 1776 2834 esse;
1793 2797 1984 2828 secundario
2000 2807 2076 2828 vero
2093 2798 2188 2828 etiam
2204 2802 2235 2827 et
2249 2796 2281 2827 id
2293 2806 2359 2837 quo
2371 2796 2491 2837 aliquid

1425 2847 1482 2878 est,
1499 2846 1536 2872 ut
1551 2846 1640 2882 patet
1660 2841 1742 2877 Ver„
1759 2841 1873 2873 eadem
1889 2847 2023 2883 quaest„
2040 2852 2067 2872 a.
2081 2851 2112 2881 4,
2129 2841 2168 2872 ad
2184 2851 2215 2882 4,
2233 2847 2264 2872 et
2278 2841 2392 2877 Prima,
2405 2851 2435 2881 q.
2449 2850 2489 2877 vr,

1425 2896 1453 2917 a.
1472 2886 1502 2922 3,
1519 2885 1561 2917 ad
1577 2886 1607 2917 3.

1480 2930 1534 2961 IX.
1558 2930 1610 2961 Ad
1633 2930 1770 2962 dubium
1794 2940 1870 2972 ergo
1894 2931 2070 2971 principale
2085 2932 2102 2948 ⁴*
2126 2931 2240 2962 dicitur
2262 2931 2376 2971 primo,
2401 2929 2490 2969 quod

1424 2975 1581 3016 accipitur
1603 2985 1661 3007 ens
1683 2975 1864 3007 secundum
1888 2975 1976 3016 quod
1999 2974 2155 3016 significat
2178 2984 2255 3011 esse,
2272 2984 2338 3005 non
2359 2973 2489 3014 quidem

1423 3025 1580 3061 tanquam
1610 3020 1787 3061 principale
1816 3019 2040 3061 significatum,
2064 3019 2120 3050 sed
2147 3025 2300 3060 tanquam
2326 3018 2358 3049 id
2382 3028 2400 3048 a
2423 3027 2488 3058 quo

1423 3065 1604 3105 imponitur
1626 3074 1772 3096 nomen.v
1785 3065 1826 3095 Et
1848 3065 1910 3095 tale
1934 3070 1982 3095 est
2004 3074 2060 3095 ens
2083 3064 2286 3095 nominaliter
2313 3068 2487 3102 sumptum.

1479 3109 1605 3140 Dicitur
1627 3109 1783 3146 secundo,
1808 3109 1898 3150 quod
1920 3108 1960 3139 ad
1983 3109 2196 3139 intentionem
2219 3108 2325 3138 Sancti
2341 3107 2487 3137 Thomae

1422 3163 1491 3184 non
1514 3155 1687 3195 requiritur
1710 3153 1800 3194 quod
1823 3163 1880 3184 ens
1903 3153 1966 3184 alio
1990 3152 2089 3183 modo
2113 3151 2269 3192 significet
2295 3160 2362 3181 esse
2390 3159 2487 3190 quam

1423 3198 1571 3230 diximus.
1597 3198 1684 3230 Cum
1709 3199 1796 3229 enim
1820 3208 1876 3229 ens
1899 3196 2056 3238 significet
2071 3196 2104 3227 id
2119 3197 2172 3227 cui
2187 3196 2338 3226 convenit
2361 3204 2438 3231 esse,
2456 3200 2487 3225 et

1421 3243 1586 3284 praedicet
1617 3244 1788 3274 essentiam
1821 3242 1991 3274 cuiuslibet
2013 3242 2073 3277 rei;
2106 3241 2139 3271 in
2170 3240 2241 3270 Deo
2275 3244 2383 3269 autem
2418 3240 2487 3279 ipsa

1422 3289 1559 3319 essentia
1574 3288 1614 3318 sit
1629 3287 1716 3318 idem
1731 3287 1856 3318 realiter
1872 3286 1962 3328 quod
1977 3295 2058 3316 esse:
2075 3284 2154 3315 nihil
2169 3284 2286 3324 poterit
2301 3292 2369 3313 esse
2384 3292 2486 3323 genus

1422 3333 1491 3363 eius
1514 3333 1575 3363 nisi
1598 3333 1752 3372 importet
1780 3332 1888 3372 ipsum
1919 3339 1986 3361 esse
2017 3329 2160 3360 absolute
2185 3334 2216 3358 et
2242 3327 2406 3363 illimitate,
2431 3333 2487 3358 aut

1420 3378 1527 3418 primo
1552 3383 1607 3408 aut
1630 3376 1830 3407 secundario.
1855 3375 1933 3406 Tale
1956 3380 2063 3404 autem
2080 3379 2127 3404 est
2141 3382 2197 3403 ens
2220 3372 2315 3402 etiam
2338 3372 2486 3402 nomina-

1420 3422 1492 3452 liter
1514 3427 1697 3462 sumptum:
1728 3422 1880 3461 importat
1903 3419 1989 3449 enim
2019 3427 2086 3448 esse
2117 3416 2261 3447 absolute
2284 3415 2484 3452 secundario,

1421 3472 1453 3497 et
1476 3465 1688 3507 quidditatem
1711 3464 1935 3505 principaliter.
1961 3462 2001 3492 Et
2016 3463 2060 3492 sic
2076 3462 2108 3491 in
2126 3461 2196 3491 Deo
2213 3459 2369 3500 significat
2392 3460 2485 3500 quid-

1421 3510 1554 3541 ditatem
1578 3519 1661 3551 quae
1686 3515 1733 3540 est
1755 3510 1862 3549 ipsum
1885 3516 1963 3538 esse.

1476 3555 1602 3586 Dicitur
1624 3555 1728 3590 tertio,
1754 3552 1843 3594 quod
1866 3561 1932 3582 non
1957 3555 2003 3580 est
2026 3549 2152 3585 falsum,
2176 3549 2277 3579 immo
2301 3558 2413 3580 verum
2439 3554 2485 3579 est

1421 3599 1512 3640 quod
1535 3609 1592 3630 ens
1616 3598 1706 3639 quod
1728 3596 1883 3637 significat
1906 3604 1973 3625 esse
1996 3599 2150 3633 tanquam
2173 3593 2206 3624 id
2229 3603 2247 3623 a
2271 3602 2338 3633 quo
2362 3602 2484 3624 nomen

1419 3644 1607 3684 imponitur,
1633 3642 1838 3673 essentialiter
1860 3639 1898 3670 de
1922 3639 2016 3668 rebus
2039 3637 2249 3678 praedicetur,
2266 3643 2424 3678 quantum
2445 3637 2485 3668 ad

2526 710 2534 719 ·
2551 708 2621 731 Num.
2630 714 2670 731 vn.

2527 1018 2535 1025 ·
2552 1017 2560 1036 1
2575 1017 2643 1044 Pam,
2653 1017 2735 1044 x111,8.

2526 1639 2535 1648 ·
2550 1639 2620 1661 Num.
2630 1645 2669 1661 vn.

2521 2568 2581 2589 'Ad
2596 2567 2616 2590 8.

2517 2926 2525 2935 ·
2540 2925 2609 2947 Num.
2620 2931 2648 2946 vi.
