2716 4302
10 335 18 343 ·
35 333 64 355 Vi
76 339 91 355 l.
108 333 135 354 ad
153 334 196 355 loc.

7 2126 15 2133 '
33 2123 74 2144 Vel
100 2122 160 2144 idem
185 2122 220 2143 vel

7 2150 88 2172 eadem
97 2150 219 2171 delendum

8 2177 80 2199 misse
95 2176 192 2198 videtur.

8 2213 16 2221 ·
32 2218 80 2240 3ov
96 2217 138 2232 ai.

253 145 327 193 42*

253 221 340 260 benr,
358 228 392 253 ut
416 220 630 262 philosophus
660 218 736 248 dicit
759 217 791 246 in
816 214 935 256 praed„
960 217 1125 254 oporteret
1150 210 1239 251 quod
1264 210 1324 239 Dei

252 274 427 305 substantia
455 273 517 302 hoc
541 272 648 310 ipsum
673 267 763 308 quod
787 273 834 296 est
857 265 896 296 ad
920 264 1006 294 aliud
1031 263 1199 293 diceretur.
1225 260 1326 299 Quod

253 331 360 356 autem
375 347 382 354 .
397 347 424 353 ..
442 323 553 363 possit.
569 320 741 360 Oporteret
763 318 859 357 igitur
879 315 969 356 quod
990 315 1096 345 divina
1113 314 1129 330 ³*
1150 313 1325 344 substantia

252 376 290 405 ab
315 375 377 404 alio
403 369 610 414 (extrinseco)
628 375 709 400 esset
733 367 931 407 dependens,
950 369 1027 395 cuius
1045 367 1216 394 contrarium
1235 369 1276 392 est
1295 368 1326 392 et

252 425 295 454 sic
320 433 387 453 non
412 428 494 452 esset
518 430 574 460 per
598 420 738 459 seipsum
757 427 887 448 necesse
913 426 991 452 esse,
1010 421 1044 445 ut
1061 415 1093 444 in
1116 415 1222 455 primo
1243 414 1325 444 libro

252 481 418 504 ostensum
440 478 495 502 est.
513 471 588 501 Non
605 476 680 500 sunt
704 469 799 509 igitur
815 466 1004 498 huiusmodi
1021 466 1193 496 relationes
1211 474 1326 495 secun-

252 525 329 555 dum
354 533 421 553 rem
445 524 477 552 in
506 522 588 552 Deo.
609 524 626 557 ᾗ
641 525 785 549 Praeterea.
805 523 893 547 Omne
907 522 979 555 quod
998 522 1030 546 ad
1044 522 1154 546 alterum
1170 520 1270 550 dicitur.
1285 527 1326 545 se-

251 579 430 605 cundumhoc
448 580 533 610 ipsum
548 577 619 610 quod
639 581 686 605 est,
703 575 800 608 aliquid
817 575 887 599 aliud
907 573 1096 607 praesupponit
1114 573 1185 606 quod
1206 573 1238 598 ad
1257 572 1326 597 aliud

251 639 303 656 non
329 631 427 659 dicitur,
450 637 510 654 nam
532 629 682 653 absolutum
707 627 779 660 prius
804 632 844 651 est
870 633 950 658 quam
975 625 1122 650 relativum.
1147 624 1174 648 Si
1199 624 1277 657 igitur
1301 624 1326 648 in

250 683 306 707 Deo
326 686 414 706 essent
434 680 574 704 relationes
593 678 740 704 secundum
761 685 816 702 rem
833 677 980 709 praedictae
993 676 1139 701 secundum
1158 683 1215 701 rem
1235 682 1326 700 essen-

247 732 340 757 tialiter
359 732 392 755 de
411 731 466 755 Deo
485 730 576 759 dictae,
595 734 728 762 oporteret
746 728 818 762 quod
837 727 935 761 aliquid
954 732 1026 752 esset
1044 726 1116 759 prius
1137 734 1218 759 quam
1242 725 1327 750 divina

249 783 370 813 essentia,
398 787 423 807 et
445 782 482 807 sic
507 782 579 814 quod
599 789 652 805 non
678 785 749 805 esset
777 779 893 813 primum
921 787 978 804 ens.
1007 778 1088 803 Cuius
1116 778 1275 803 contrarium
1301 776 1326 801 in

249 835 335 867 primo
353 839 491 858 ostensum
515 838 562 858 est.
582 831 600 868 ξ
617 829 707 859 Item.
734 828 910 858 Ostensum
929 833 975 857 est
992 827 1024 856 in
1042 826 1148 866 primo
1174 825 1265 866 quod
1286 829 1327 854 De

249 883 366 924 (Deus)
381 882 529 913 omnium
544 883 668 912 entium
682 886 728 911 est
744 892 794 908 una
810 880 913 920 prima
926 888 1078 908 mensura
1088 890 1156 915 quae
1170 883 1242 906 Deus
1256 883 1326 914 (est.)

249 933 466 974 Comparantur
482 934 578 973 igitur
595 933 683 963 Deus
700 932 739 962 ad
756 931 815 962 alia
833 931 917 961 entia
935 930 1018 960 sicut
1035 929 1146 960 scibile
1167 929 1205 960 ad
1223 930 1326 960 scien-

248 986 324 1015 tiam
348 992 502 1021 nostram,
529 984 617 1024 quod
643 985 711 1014 eius
736 992 887 1017 mensura
912 987 975 1012 est:
1006 991 1081 1012 nam
1107 992 1145 1012 ex
1170 991 1211 1012 eo
1236 982 1326 1022 quod

248 1045 297 1066 res
322 1042 368 1066 est
393 1036 441 1066 vel
466 1045 533 1065 non
550 1041 597 1064 est
615 1035 743 1074 (opinio
761 1033 806 1075 et)
824 1034 928 1063 oratio
946 1043 1019 1063 vera
1035 1033 1085 1063 vel
1109 1031 1186 1063 falsa
1203 1039 1260 1070 est,
1277 1043 1326 1063 se-

249 1088 393 1118 cundum
411 1087 645 1127 philosophum
662 1086 694 1116 in
713 1085 820 1126 praed.
842 1089 938 1114 scibile
953 1094 1040 1114 autem
1061 1090 1093 1114 ad
1113 1089 1248 1114 scientiam
1273 1097 1325 1114 non

248 1144 366 1174 refertur,
386 1145 432 1168 sed
458 1144 564 1168 scientia
588 1144 620 1167 ad
642 1142 731 1175 ipsum
750 1142 860 1167 refertur
885 1141 951 1167 dicit
976 1135 1109 1179 (Scibile
1125 1143 1234 1168 autem
1252 1138 1326 1168 licet

248 1190 287 1221 ad
300 1191 470 1233 *scientiam
495 1191 626 1221 relative
642 1189 776 1226 dicatur,
793 1195 901 1220 tamen
922 1189 1034 1220 relatio
1051 1188 1232 1219 secundum
1258 1198 1325 1219 rem

248 1243 280 1272 in
301 1242 403 1273 scibili
420 1252 487 1273 non
505 1248 561 1279 est,
579 1241 635 1272 sed
651 1242 684 1271 in
706 1242 838 1272 scientia
855 1239 1007 1283 tantum.)
1025 1241 1119 1271 Unde
1144 1241 1325 1271 secundum

247 1294 482 1335 philosophum
512 1296 545 1325 in
570 1305 589 1323 v
612 1294 755 1334 metaph.
781 1298 892 1322 scientia
912 1293 1022 1324 scibile
1047 1293 1164 1326 dicitur
1195 1293 1325 1323 relative

248 1351 326 1389 quod
338 1356 406 1377 non
432 1347 507 1388 quia
527 1351 586 1383 ipsa
605 1347 712 1387 ipsum
738 1345 902 1385 referatur,
927 1345 984 1376 sed
1008 1346 1084 1386 quia
1108 1350 1158 1374 alia
1179 1349 1326 1374 reseruntur

251 1395 351 1439 (aliud
374 1397 524 1439 refertur)
542 1397 581 1428 ad
605 1398 723 1438 ipsum.
749 1398 862 1427 Dictae
886 1398 982 1437 igitur
999 1397 1171 1427 relationes
1195 1397 1227 1427 in
1253 1396 1325 1427 Deo

249 1457 317 1478 non
341 1455 416 1479 sunt
431 1449 566 1479 realiter.
591 1450 609 1487 §
626 1448 754 1479 Adhuc.
772 1447 958 1478 Relationes
975 1447 1156 1488 praedictae
1173 1447 1326 1478 dicuntur

250 1499 289 1530 de
313 1500 386 1530 Deo
410 1510 478 1531 non
502 1500 610 1531 solum
634 1506 782 1541 respectu
808 1509 922 1530 eorum
948 1509 1032 1540 quae
1061 1505 1136 1530 sunt
1160 1505 1245 1536 actu,
1270 1499 1326 1530 sed

249 1558 398 1591 respectu
422 1561 536 1582 eorum
562 1561 645 1592 quae
670 1557 744 1582 sunt
768 1552 800 1582 in
825 1553 988 1592 potentia:
1009 1559 1036 1580 et
1056 1551 1132 1591 quia
1157 1557 1188 1581 et
1212 1560 1327 1581 eorum

250 1603 418 1633 scientiam
442 1603 548 1640 habet,
565 1609 596 1634 et
620 1609 770 1644 respectu
788 1613 902 1635 eorum
928 1603 1046 1634 dicitur
1062 1609 1093 1634 et
1110 1604 1252 1644 primum
1269 1612 1326 1633 ens

251 1660 281 1684 et
306 1663 471 1684 summum
496 1655 633 1685 bonum.
659 1654 723 1685 Sed
747 1655 816 1685 eius
835 1677 843 1685 .
858 1678 865 1685 .
882 1677 889 1685 .
908 1655 1005 1695 prior.
1031 1655 1121 1685 Deus
1146 1660 1255 1685 autern
1273 1676 1281 1684 .
1297 1679 1304 1686 .
1319 1677 1328 1685 .

251 1715 287 1735 ex
314 1706 376 1735 hoc
401 1706 492 1746 quod
510 1710 561 1734 alia
580 1705 714 1747 (aliqua)
731 1705 893 1746 producit.
918 1706 994 1736 Non
1011 1707 1127 1746 igitur.
1143 1729 1172 1738 ..
1191 1706 1328 1736 existen-

251 1762 327 1787 tem.
352 1759 370 1795 §
387 1757 548 1797 Amplius.
574 1756 783 1797 Cuicumque
801 1780 808 1787 .
823 1780 830 1787 .
846 1780 853 1787 .
871 1767 929 1798 per
953 1757 1112 1788 accidens
1142 1757 1328 1788 Relationes

251 1814 360 1838 autem
385 1809 544 1848 quaedam
570 1809 609 1839 de
634 1818 722 1838 novo
743 1809 895 1839 dicuntur
911 1809 949 1839 de
967 1810 1049 1845 Deo,
1067 1810 1150 1839 sicut
1174 1809 1264 1849 quod
1282 1815 1329 1839 est

251 1868 313 1889 actu
332 1871 414 1890 causa
433 1865 512 1889 mlius
525 1865 646 1897 reiquae
659 1865 692 1890 de
711 1865 804 1889 melior
823 1865 871 1889 hac
888 1872 917 1889 re
938 1861 1105 1902 (dominus
1129 1867 1184 1891 aut
1211 1861 1328 1901 guber-

250 1917 344 1941 nator
367 1913 463 1943 liuius
488 1911 545 1953 rei)
573 1922 658 1952 quae
682 1912 722 1942 de
746 1923 834 1943 novo
859 1913 973 1953 incipit
997 1923 1076 1943 esse.
1103 1912 1135 1943 Si
1160 1913 1326 1952 igitur...

251 1970 418 1994 ostensum
443 1971 500 1994 est.
526 1968 616 2000 §illae
635 1969 713 1993 etiam
737 1969 877 1994 relationes
896 1976 966 2002 quae
989 1976 1036 2002 per
1062 1977 1128 2002 quas
1155 1969 1186 1994 ad
1211 1969 1328 2002 seipsum

249 2017 362 2042 refertur
381 2023 407 2043 et
425 2018 473 2043 sibi
493 2019 562 2043 idem
577 2019 677 2051 dicitur,
692 2020 796 2046 realiter
815 2021 839 2046 in
853 2021 910 2054 ipso
924 2027 985 2046 esee
1004 2028 1056 2045 non
1077 2025 1198 2053 possunt.
1217 2021 1243 2045 Si
1257 2021 1327 2046 enim

249 2069 346 2102 aliquid
367 2078 414 2103 per
433 2071 586 2096 relationem
606 2071 710 2097 realiter
729 2073 754 2097 in
774 2073 834 2106 ipso
853 2073 1007 2098 existentem
1032 2072 1080 2097 sibi
1101 2071 1170 2097 idem
1190 2071 1329 2103 diceretur,

249 2121 293 2146 illa
312 2122 389 2147 etiam
409 2122 500 2147 relatio
519 2123 573 2156 pari
594 2123 693 2148 ratione
708 2123 757 2148 sibi
778 2123 847 2149 idem
867 2129 938 2149 esset
957 2124 1049 2149 eadem
1062 2124 1076 2139 ⁸
1096 2131 1144 2157 per
1162 2123 1240 2149 aliam
1261 2124 1327 2149 rela-

249 2174 356 2204 tionem,
376 2175 435 2208 quia
455 2175 546 2200 eadem
562 2175 661 2201 ratione
674 2176 884 2210 unumquodque
899 2176 948 2201 sibi
962 2176 1032 2202 idem
1047 2182 1096 2202 est.
1117 2176 1131 2192 *
1146 2176 1178 2202 Et
1197 2176 1234 2202 sic
1248 2184 1328 2211 opor-

249 2230 315 2250 teret
334 2225 446 2251 infinitas
465 2227 604 2252 relationes
624 2235 738 2260 ponere:
758 2226 856 2253 infinita
875 2233 962 2253 autem
987 2233 1046 2253 actu
1067 2236 1127 2253 esse
1147 2234 1188 2253 est
1206 2229 1328 2262 impossi-

208 2287 213 2291 ·
250 2278 310 2304 bile.
331 2278 346 2310 g
362 2278 507 2304 Praeterea.
528 2278 594 2304 Cum
615 2280 706 2304 relatio
725 2279 858 2313 oppositio
876 2281 1006 2313 quaedam
1026 2281 1067 2311 sit,
1087 2280 1222 2314 oppositio
1241 2285 1329 2306 autem

14 2800 41 2822 30
54 2800 66 2814 v
82 2799 94 2814 a
105 2794 140 2815 8.-
148 2799 170 2821 p.
178 2800 226 2822 29:³-

16 2903 23 2910 ·
40 2900 94 2921 Vld.
109 2900 137 2921 nd
153 2901 195 2921 loc.

27 3466 34 3474 ¹
48 3464 99 3485 Vid.
117 3464 144 3486 ad
163 3465 206 3485 loc.

24 3668 32 3677 “
49 3667 109 3688 Canu
126 3673 167 3694 pro
185 3668 234 3688 eim,

22 3693 100 3722 μίαν,

251 2329 427 2355 diversitatem
447 2336 651 2364 praesupponat.
671 2338 703 2356 eo
723 2331 805 2356 modo
818 2330 843 2356 in
857 2330 988 2364 aliquibus
1007 2329 1083 2365 (non)
1103 2332 1197 2364 poterit
1216 2339 1277 2357 esae
1290 2339 1331 2358 re-

252 2383 314 2408 latio
334 2391 388 2416 quo
408 2391 460 2408 non
480 2387 521 2408 est
539 2382 573 2408 ibi
594 2383 741 2409 diversitas.
762 2383 887 2409 Eiusdem
907 2389 995 2409 autem
1020 2384 1052 2408 ad
1078 2383 1197 2416 seipsum
1216 2391 1268 2409 non
1291 2389 1331 2410 est

253 2435 389 2462 diversitas
408 2435 552 2460 secundum
573 2442 638 2464 rem,
658 2435 705 2460 sed
725 2435 813 2460 solum
827 2435 973 2460 secundum
994 2435 1124 2460 diversam
1143 2436 1183 2460 sui
1203 2436 1332 2469 acceptio-

253 2494 323 2512 nem.
343 2486 444 2511 Relatio
457 2486 533 2519 igitur
546 2493 599 2519 qua
618 2487 713 2519 aliquid
729 2487 761 2511 ad
776 2486 894 2519 seipsum
910 2486 1028 2518 refertur,
1044 2494 1096 2512 non
1110 2486 1212 2513 dicitur
1231 2492 1271 2512 est
1289 2495 1332 2513 res

253 2538 350 2571 aliqua.
370 2539 417 2563 sed
437 2543 477 2563 est
492 2538 638 2564 secundum
658 2538 786 2564 rationem
806 2544 916 2564 tantum.

323 2647 426 2687 Capp.
451 2646 534 2683 XIII,
560 2647 643 2677 XIV.
661 2648 828 2685 Qvonouo
853 2658 1048 2678 rnamenta
1072 2657 1265 2678 nummosi-:s

628 2709 669 2729 na
694 2699 764 2729 Dao
791 2709 958 2730 DlCANTlJR.

302 2791 482 2829 Quomodo
498 2815 504 2822 .
520 2815 527 2822 .
542 2816 547 2822 .
563 2792 719 2823 dicantur.
748 2812 751 2814 v
774 2795 792 2831 ᾗ
809 2794 883 2824 Non
901 2801 1009 2825 autem
1027 2800 1135 2835 potest
1155 2794 1216 2824 dici
1243 2793 1333 2835 quod

257 2843 428 2874 relationes
453 2843 633 2884 praedictae
658 2854 718 2873 sunt
746 2845 835 2885 (sint)
865 2846 1037 2877 existentes
1066 2846 1215 2883 exterius,
1241 2847 1333 2887 quasi

257 2903 306 2924 res
336 2894 462 2935 aliquae
478 2894 495 2912 *
519 2901 606 2925 extra
637 2895 754 2926 Deum.
781 2895 867 2927 Cum
892 2898 979 2928 enim
1005 2897 1094 2928 Deus
1118 2898 1157 2928 sit
1191 2898 1333 2938 primum

258 2946 381 2976 entium
412 2952 443 2976 et
475 2956 640 2977 summum
673 2948 848 2984 bonorum,
880 2955 1047 2989 oporteret
1074 2949 1113 2980 ad
1138 2949 1208 2980 illas
1237 2950 1332 2980 etiam

258 3008 300 3026 ree
321 3008 388 3034 quae
407 3007 467 3027 sunt
490 2999 662 3029 relationes
681 3003 782 3036 aliquas
796 2998 904 3040 (quae
929 3006 1003 3031 sunt
1032 3001 1160 3042 aliquae
1185 3000 1246 3042 res)
1275 3001 1333 3032 Dei

258 3048 428 3080 relationes
446 3050 521 3080 alias
538 3050 750 3081 considerare.
768 3051 809 3082 Et
826 3052 851 3082 si
869 3052 941 3083 illae
957 3053 1074 3084 iterum
1095 3062 1157 3082 sunt
1175 3053 1266 3094 (sint)
1286 3063 1335 3084 res

259 3101 384 3140 aliquae
403 3124 409 3131 .
425 3123 433 3132 .
447 3125 454 3132 .
471 3103 503 3132 in
521 3101 696 3132 infinitum.
714 3102 789 3134 Non
811 3104 908 3143 igitur
925 3128 931 3134 .
948 3128 954 3135 .
970 3129 977 3136 .
995 3106 1178 3137 existentes.
1204 3108 1222 3145 ,Q
1243 3106 1333 3137 Item.

258 3157 302 3181 Aa
320 3157 423 3190 aliquid
436 3153 563 3193 Duplex
583 3159 630 3184 est
640 3153 758 3185 modus
772 3164 839 3195 quo
853 3155 974 3197 aliquid
987 3156 1230 3188 denominative
1243 3167 1335 3198 prae-

260 3204 391 3236 dicatur.
419 3205 655 3236 Denominatur
669 3229 676 3236 .
693 3229 699 3236 .
714 3228 721 3236 .
736 3216 785 3237 res
802 3207 928 3247 aliquae
945 3214 1032 3239 extra
1057 3210 1163 3250 ipsum
1185 3213 1334 3240 existentes.

259 3258 276 3294 ,ξ
294 3256 379 3287 Cum
397 3258 511 3297 igitur.
528 3280 534 3286 .
551 3281 557 3287 .
576 3257 768 3297 relinquitur
793 3258 882 3299 quod
900 3260 926 3290 ei
953 3261 1169 3292 attribuantur
1187 3266 1334 3293 secundum

261 3307 366 3338 solum
384 3308 563 3338 secundum
588 3317 693 3337 nostrae
717 3309 946 3349 intelligentiae
963 3312 1111 3350 modum,
1129 3323 1164 3344 ex
1184 3324 1224 3345 eo
1243 3315 1332 3356 quod

261 3359 319 3388 alia
337 3358 517 3389 referuntur
534 3359 572 3390 ad
589 3360 708 3399 ipsum.
727 3360 910 3393 Intellectus
928 3386 934 3392 .
951 3387 957 3393 .
972 3386 978 3394 .
994 3373 1060 3394 non
1075 3364 1239 3397 referatur.
1259 3367 1277 3405 §
1294 3367 1334 3398 Et

262 3410 305 3439 sic
334 3410 427 3440 etiam
454 3417 540 3450 patet
565 3411 654 3451 quod
680 3413 743 3443 alio
774 3413 876 3444 modo
901 3414 1054 3446 dicuntur
1078 3416 1117 3447 de
1142 3417 1214 3447 Deo
1243 3427 1334 3458 prae-

263 3460 363 3490 dictae
389 3461 558 3492 relationes
575 3468 605 3492 et
629 3463 689 3492 alia
707 3464 722 3479 ⁴*
748 3473 830 3503 quae
848 3464 887 3495 de
906 3465 976 3496 Deo
994 3466 1228 3506 praedicantur.
1252 3469 1334 3500 Nam

263 3513 371 3541 omnia
389 3537 394 3543 .
412 3536 419 3542 .
435 3536 442 3542 .
461 3519 596 3544 tantum.
617 3515 635 3552 ,ξ
652 3514 719 3545 Nec
745 3522 851 3545 tamen
870 3516 1052 3548 intellectus
1077 3525 1123 3550 est
1148 3519 1256 3551 falsus.
1279 3525 1336 3551 Non

265 3567 332 3591 enini
352 3567 465 3592 attribuit
484 3569 506 3592 ei
526 3576 573 3601 per
588 3569 655 3594 viam
676 3571 882 3602 compositionis.
902 3578 930 3597 ut
952 3574 1050 3599 scilicet
1068 3575 1194 3608 intelligat
1217 3577 1274 3602 illas
1295 3585 1337 3604 res

265 3617 402 3642 relationes
421 3625 488 3650 quae
506 3620 581 3651 quasi
601 3627 642 3645 rea
662 3621 790 3653 quasdam
806 3621 831 3646 in
847 3621 905 3655 ipso
925 3631 993 3654 esee,
1013 3626 1060 3650 sed
1079 3633 1127 3659 per
1145 3628 1254 3653 modum
1274 3629 1337 3655 aim-

265 3667 322 3700 plici
339 3668 354 3685 *
374 3668 564 3701 intelligentiae,
588 3670 757 3704 intelligendo
782 3673 869 3706 ipsum
888 3679 916 3698 ut
935 3676 1075 3701 terminum
1099 3678 1233 3711 quendam
1253 3679 1336 3711 <rela-

265 3719 370 3751 tor-um>
394 3720 571 3754 (relationum)
591 3722 701 3748 aliorum
725 3724 756 3748 ad
777 3725 873 3757 ipsum,
893 3726 959 3752 sicut
978 3733 1003 3752 et
1026 3728 1224 3756 mathematicus
1245 3739 1336 3765 appre-

1344 950 1366 970 ¹5

1342 1210 1368 1223 20

1342 1465 1364 1486 ²5

1346 1720 1371 1739 30

1346 1976 1366 1995 35

1345 2236 1372 2256 40

1348 2496 1372 2516 ⁴5

1351 2756 1376 2776 5⁰

1351 3016 1373 3036 53

1349 3271 1376 3291 6⁰

1351 3525 1374 3550 ⁶5

1224 130 1451 168 APPENDI
1460 130 1495 165 X

1379 211 1479 237 terialia
1503 210 1624 244 intelligit
1651 210 1799 235 intellectus
1827 209 2032 234 immaterialiter
2059 210 2204 235 seeundum
2233 218 2313 236 suum
2343 211 2462 237 modum.

1381 262 1429 287 Est
1447 267 1535 287 autem
1555 261 1581 286 in
1601 260 1650 286 hoc
1669 260 1770 286 falsitas
1783 261 1856 294 quod
1874 259 1999 286 iudicium
2017 260 2166 287 intellectus
2183 270 2238 287 non
2257 263 2399 288 concordat
2417 262 2463 292 rei,

1381 321 1442 339 cum
1461 313 1557 338 iudicat
1569 319 1630 338 esse
1645 313 1717 345 quod
1730 319 1784 338 non
1797 318 1837 338 est
1850 313 1893 338 vel
1905 320 1959 338 non
1978 320 2041 338 esse
2054 313 2126 346 quod
2146 319 2194 339 eet.
2214 311 2276 352 (Ex
2293 311 2358 342 hoc
2375 311 2462 341 enim

1381 363 1453 402 ipso
1477 361 1568 402 quod
1596 365 1654 390 Deu
1679 361 1864 392 intellectus
1892 367 2003 392 noster
2019 385 2026 391 .
2042 385 2049 392 .
2065 385 2073 392 .
2093 360 2230 392 refertur
2258 361 2298 392 ad
2325 361 2459 402 ipsum.)

1381 414 1428 452 ’ξ
1445 413 1535 443 Patet
1552 414 1649 443 etiam
1666 423 1704 443 ex
1721 423 1790 449 prae
1809 413 1858 443 his
1871 436 1878 442 .
1894 436 1900 442 .
1917 436 1923 442 .
1938 412 2140 452 intelligendi
2157 412 2306 444 modum.
2322 414 2358 430 ⁴*
2374 413 2461 444 Nihil

1382 465 1470 495 enim
1494 465 1645 505 prohibet
1670 465 1872 495 intellectum
1897 467 1922 492 id
1942 468 2014 500 quod
2033 467 2062 495 inl
2079 475 2110 493 se
2128 467 2241 501 simplex
2259 473 2301 493 eet
2318 468 2463 504 intelligere

1382 525 1411 545 ut
1429 519 1607 552 multipliciter
1625 520 1747 550 relatum,
1766 521 1834 545 sicut
1853 525 1879 545 et
1897 520 1970 553 quod
1989 520 2168 554 compositum
2187 525 2227 546 eet
2246 519 2371 546 maten-ine
2389 521 2463 546 intel—

1384 573 1438 606 ligit
1463 578 1492 598 ut
1511 581 1525 598 a
1544 573 1652 598 materia
1672 578 1832 605 separatum.
1857 572 2024 606 §Praeterea
2048 573 2168 598 videmus
2187 567 2349 610 (nostrum
2371 569 2464 599 intel-

1381 622 1479 662 ligere
1503 621 1605 652 multa
1631 627 1661 651 et
1686 621 1909 662 multipliciter
1928 625 2024 649 referre
2043 621 2154 652 referri
2178 621 2217 651 ad
2242 620 2274 652 id
2299 620 2388 661 quod
2418 626 2465 651 est

1356 693 1368 704 0
1383 675 1414 704 in
1446 683 1479 703 se
1505 673 1652 713 simplex,
1678 679 1714 703 ut
1738 673 1783 703 sic
1807 674 1915 714 ipsum
1941 674 2078 714 simplex
2102 674 2162 704 sub
2187 672 2361 713 multiplici
2385 672 2465 703 rela-

1382 726 1472 755 tione
1497 724 1690 755 consideret.
1722 723 1774 763 Et)
1808 730 1933 765 quanto
1963 725 2086 765 aliquid
2117 731 2173 761 est
2188 725 2291 765 magis
2315 723 2464 764 simplex,

1382 782 1473 806 tanto
1495 780 1611 804 dicitnr*
1633 776 1709 817 (est)
1734 777 1867 807 maioris
1891 777 2016 807 virtutis
2040 782 2071 807 et
2088 777 2231 817 plurium
2255 776 2464 817 principium,

1383 837 1418 858 ac
1433 837 1489 868 per
1502 828 1565 858 hoc
1582 827 1795 868 multiplicius
1809 827 1944 860 relatum
1966 832 2042 857 inteu
2060 827 2259 868 intelligitur.
2274 827 2365 858 Sicut
2382 837 2465 868 pun-

1383 886 1472 910 ctum
1491 903 1498 909 .
1514 904 1520 910 .
1536 903 1543 909 .
1562 885 1740 910 attestatur.
1761 883 1777 916 g
1791 883 1817 908 Si
1836 891 1904 917 quae
1923 889 2012 909 autem
2031 882 2120 917 (aliae)
2139 883 2281 909 relationes
2300 883 2333 908 de
2351 882 2409 908 Deo
2426 889 2465 907 se-

1382 935 1500 960 cundum
1515 935 1618 960 realiter
1632 934 1751 960 dicantur
1764 940 1790 960 et
1802 943 1855 960 non
1875 936 1963 961 solum
1977 935 2124 961 secundum
2144 934 2329 968 intelligentiae
2347 934 2467 963 modum,

1383 987 1516 1021 posterius
1536 986 1710 1019 inquiremus.

1462 1077 1543 1123 Cap:
1568 1078 1638 1108 XV.
1664 1078 1762 1116 Qtron
1787 1078 1874 1109 Dssos
1898 1088 1944 1108 sn·
1969 1087 2104 1109 emmaus
2129 1088 2227 1108 causa
2251 1086 2389 1108 assuitur.

1799 1146 2047 1188 Fragmentum.

1427 1241 1527 1279 Quod
1543 1265 1549 1272 .
1566 1265 1572 1271 .
1588 1265 1594 1271 .
1610 1241 1747 1272 essendi.
1764 1259 1786 1263 —
1797 1245 1811 1260 ⁸
1819 1244 1836 1278 5
1847 1245 1922 1270 Nunc
1934 1249 2022 1270 autem
2033 1245 2064 1270 ad
2075 1245 2241 1278 propositum
2251 1250 2422 1275 revertentes.
2433 1244 2469 1263 *ὓ
2496 1240 2506 1277 ζ

1381 1297 1555 1322 ostendemus
1585 1297 1669 1322 Deum
1703 1305 1755 1321 non
1785 1297 1871 1322 solum
1901 1297 2033 1330 aliquibus
2061 1304 2122 1322 esee
2151 1304 2259 1322 causam
2287 1285 2401 1323 essendi>
2421 1297 2469 1323 aed

1383 1345 1414 1388 (§
1431 1345 1517 1384 Quia
1534 1356 1611 1376 vero
1630 1351 1799 1376 ostensum
1820 1352 1866 1376 est
1884 1345 1975 1386 quod
1992 1345 2082 1377 Deus
2100 1350 2146 1376 est
2162 1345 2324 1386 aliquibus
2342 1345 2467 1377 essendi

1382 1398 1591 1438 principium,
1609 1404 1740 1438 oportet
1757 1398 1891 1428 ulterius
1915 1396 2102 1429 ostenderet
2125 1397 2216 1438 quod
2239 1397 2319 1428 nihil
2344 1403 2470 1442 praeter

1381 1449 1490 1489 ipsum
1508 1456 1555 1479 est
1571 1450 1631 1479 nisi
1657 1450 1695 1479 ab
1721 1450 1804 1490 ipso.
1837 1447 1947 1480 Omne
1971 1450 2059 1480 enim
2078 1448 2169 1490 quod
2183 1452 2252 1479 inest
2271 1448 2368 1480 alicui
2388 1459 2469 1480 con-

1383 1501 1471 1531 venit
1487 1510 1555 1531 non
1573 1500 1754 1531 secundum
1773 1501 1863 1541 quod
1888 1501 1996 1541 ipsum
2014 1506 2071 1537 est,
2098 1511 2155 1542 per
2171 1501 2315 1542 aliquam
2337 1510 2468 1532 causam

1384 1553 1539 1582 convenit
1556 1552 1596 1587 ei,
1614 1552 1697 1582 sicut
1722 1552 1832 1583 album
1858 1553 2000 1583 homini:
2025 1561 2102 1583 nam
2127 1551 2219 1593 quod
2243 1561 2375 1583 causam
2399 1561 2469 1583 non

1383 1603 1479 1633 habet
1505 1603 1647 1643 primum
1665 1609 1695 1633 et
1722 1604 1947 1635 immediatum
1969 1611 2016 1635 est
2035 1615 2068 1633 ac
2083 1615 2136 1640 per
2154 1608 2204 1634 hoc
2222 1604 2311 1635 unde
2335 1613 2469 1644 necesse

1385 1660 1432 1685 est
1448 1660 1483 1684 ut
1500 1655 1540 1685 sit
1556 1663 1613 1695 per
1630 1664 1663 1685 se
1681 1661 1711 1685 et
1731 1655 1912 1686 secundum
1931 1656 2022 1697 quod
2047 1657 2167 1696 ipsum.
2193 1655 2399 1696 Impossibile
2421 1660 2471 1687 est

1385 1711 1493 1736 autem
1511 1706 1645 1746 aliquod
1663 1716 1765 1737 unum
1784 1706 1915 1738 duobus
1937 1708 2113 1738 convenire
2127 1714 2158 1738 et
2177 1710 2319 1744 unicuique
2338 1706 2471 1748 utrique

1384 1757 1566 1788 secundum
1591 1757 1683 1798 quod
1706 1759 1824 1799 ipsum.
1844 1758 1944 1797 Quod
1969 1761 2056 1791 enim
2077 1763 2224 1788 secundum
2243 1771 2273 1789 se
2293 1759 2332 1791 de
2357 1751 2470 1801 aliquo

1387 1808 1581 1849 (secundum
1604 1809 1694 1849 quod
1711 1810 1819 1849 ipsum
1845 1810 1972 1847 dicitur,
1998 1812 2105 1851 ipsum
2130 1822 2196 1843 non
2226 1810 2362 1848 excedit,
2386 1811 2471 1846 sicut

1384 1860 1502 1889 habere
1527 1866 1590 1889 tres
1615 1859 1753 1899 angulos
1777 1860 1908 1891 duobus
1936 1864 2030 1892 rectis
2062 1863 2216 1906 aequales
2243 1872 2310 1893 non
2344 1858 2472 1903 excedit

1383 1910 1595 1950 triangulum)
1617 1914 1780 1946 praedicatur
1798 1915 1883 1940 eidem
1899 1916 2069 1942 convertibile
2082 1923 2122 1943 est
2138 1918 2161 1943 ¹¹¹.
2182 1913 2214 1945 Sl
2232 1914 2328 1954 igitur
2347 1910 2471 1955 aliquffl
2498 1908 2716 1960 'eemffilt'

2498 1961 2673 1988 &wumvil-
2686 1963 2716 1985 ad

1384 1961 1515 1991 duobus
1544 1963 1719 1992 conveniat
1739 1967 1885 1992 secundum
1911 1967 2008 2001 aliquid
2035 1975 2178 1995 commune
2203 1969 2236 1995 de
2262 1968 2302 1995 eie
2327 1968 2429 1995 dicetur
2445 1972 2473 1994 et

1384 2021 1452 2042 non
1471 2011 1672 2054 (conveniet)
1692 2014 1821 2054 utrique
1838 2014 2020 2046 secundum
2037 2015 2128 2056 quod
2143 2017 2253 2057 ipsum
2270 2021 2328 2047 est.
2346 2007 2474 2057 Imposss

1384 2064 1475 2094 sibile
1493 2070 1539 2094 est
1556 2065 1653 2105 igitur
1667 2065 1800 2107 aliquod
1815 2076 1918 2098 unum
1929 2091 1936 2098 .
1948 2091 1953 2098 .
1965 2092 1972 2098 .
1987 2067 2026 2098 de
2040 2077 2081 2099 eo
2095 2068 2185 2109 quod
2196 2076 2252 2099 est.
2268 2065 2472 2109 Impossibile

1385 2122 1431 2146 est
1441 2117 1538 2156 igitur
1551 2126 1620 2147 esse
1632 2117 1739 2158 aliqua
1753 2117 1820 2149 duo
1833 2129 1975 2160 quorum
1991 2125 2027 2150 n't
2040 2127 2192 2152 neutrum
2206 2121 2322 2151 habeat
2341 2128 2474 2151 causam

1385 2168 1522 2205 essendi,
1539 2169 1595 2199 sed
1609 2175 1740 2210 oportet
1753 2177 1930 2212 utrumque
1946 2178 2156 2213 acceptorum
2174 2181 2244 2203 esse
2260 2181 2318 2213 per
2329 2166 2472 2208 causam,

1386 2221 1434 2250 vel
1449 2220 1585 2251 alterum
1599 2221 1686 2252 alteri
1702 2231 1771 2253 esse
1783 2232 1912 2254 causam
1927 2224 2064 2254 essendi.
2078 2224 2217 2266 Oportet
2231 2223 2474 2264 igitur...omne

1387 2274 1478 2315 quod
1496 2284 1711 2316 quocumque
1729 2276 1830 2307 modo
1847 2283 1904 2308 est.
1929 2279 1947 2316 ξ
1964 2277 1996 2309 Si
2022 2284 2131 2310 autem
2156 2277 2282 2309 dicatur
2299 2277 2391 2318 quod
2414 2284 2474 2308 ene

1387 2335 1454 2356 non
1480 2331 1527 2356 est
1544 2325 1765 2367 praedicatum
1784 2330 1974 2366 univocum,
1999 2329 2079 2360 nihil
2099 2330 2209 2361 minus
2225 2329 2388 2370 praedicta
2407 2330 2474 2357 rado

1388 2378 1586 2420 (conclusio)
1604 2381 1759 2421 sequitur.
1774 2381 1849 2413 Non
1867 2383 1954 2413 enim
1969 2382 2009 2414 de
2026 2383 2136 2414 multis
2153 2383 2333 2423 aequivoce
2346 2381 2472 2420 dicitur,

1388 2430 1444 2461 sed
1465 2440 1523 2471 per
1539 2431 1721 2471 analogiam
1740 2438 1771 2462 nd
1790 2437 1899 2471 aliquod
1918 2445 2010 2469 unum,
2031 2441 2062 2465 et
2078 2436 2124 2465 sic
2141 2440 2273 2476 oportet
2293 2433 2361 2465 fieri
2378 2432 2474 2465 redu-

1389 2482 1533 2513 ctionem
1551 2483 1583 2513 in
1600 2493 1715 2517 unum.
1743 2486 1760 2523 §
1778 2485 1938 2526 Amplius.
1957 2485 2059 2524 Quod
2083 2486 2179 2517 alicui
2205 2487 2361 2518 convenit
2379 2495 2475 2516 see-a·

1390 2536 1452 2562 dum
1466 2543 1543 2562 suam
1558 2540 1685 2563 naturam
1702 2539 1714 2553 ⁴
1741 2546 1778 2566 ex
1796 2546 1852 2567 sua
1870 2542 1994 2573 natura,
2019 2546 2086 2568 non
2112 2547 2149 2567 ex
2167 2537 2228 2568 alia
2243 2546 2351 2574 causa,
2367 2537 2476 2568 mino-

1390 2591 1494 2616 ratum
1519 2586 1551 2616 in
1578 2596 1618 2616 eo
1643 2592 1674 2616 et
1699 2586 1854 2618 deficiens
1878 2598 1947 2619 esse
1972 2598 2040 2620 non
2058 2594 2176 2630 potest.
2197 2591 2309 2618 Natura
2328 2588 2361 2620 Si
2386 2589 2475 2621 enim

1390 2642 1522 2667 naturae
1539 2637 1660 2678 aliquid
1677 2639 1846 2670 essentiale
1862 2640 2059 2671 subtrahitur
2076 2640 2124 2671 vel
2142 2639 2280 2677 additur,
2297 2641 2362 2671 iam
2378 2639 2476 2672 altera

1390 2695 1503 2720 natura
1520 2690 1588 2726 erit,
1607 2691 1690 2721 sicut
1707 2697 1738 2720 et
1757 2691 1789 2722 in
1808 2692 1952 2723 numeris
1969 2692 2096 2730 accidit,
2118 2700 2147 2721 ut
2164 2701 2236 2730 patet
2254 2695 2280 2721 in
2300 2703 2346 2722 vm
2359 2691 2476 2730 metaph.

1390 2739 1437 2782 (in
1463 2741 1582 2781 quibus
1608 2742 1714 2771 unitas
1738 2742 1844 2773 addita
1870 2743 1918 2774 vel
1944 2743 2106 2775 subtracta
2130 2745 2275 2785 speciem
2300 2742 2476 2785 variety&

1390 2799 1511 2829 autem,
1536 2799 1648 2824 natura
1675 2794 1723 2824 vel
1749 2794 1930 2836 quidditate
1954 2797 1998 2826 roi
2024 2796 2146 2837 integra
2171 2803 2335 2833 manente,
2356 2797 2386 2825 ta
2403 2798 2477 2832 quod

1391 2843 1512 2884 aliquid
1545 2845 1744 2875 minoratum
1777 2846 1970 2884 inveniatur,
2003 2849 2066 2878 iam
2096 2853 2186 2888 patet
2210 2847 2300 2888 quod
2320 2856 2377 2876 em
2395 2845 2477 2878 illud

1391 2905 1457 2926 non
1483 2897 1672 2937 simpliciter
1689 2897 1852 2938 dependet
1869 2908 1906 2929 ex
1925 2899 1977 2930 illa
1995 2906 2119 2937 natura,
2137 2899 2194 2931 sed
2211 2909 2248 2931 ex
2267 2899 2379 2940 aliquo
2399 2897 2475 2936 aliu,

1391 2957 1447 2988 per
1465 2949 1558 2980 cuius
1575 2950 1794 2981 remotionem
1811 2951 2001 2982 minoratur.
2021 2951 2121 2990 Quod
2138 2952 2235 2993 igitur
2251 2951 2349 2982 alicui
2365 2950 2476 2982 minus

1391 3001 1545 3031 convenit
1569 3010 1667 3041 quam
1694 3001 1771 3038 aliis,
1792 3013 1807 3031 e
1825 3011 1893 3033 non
1911 3004 2066 3034 convenit
2083 3004 2112 3034 ei
2130 3013 2168 3034 ex
2192 3013 2250 3035 sua
2275 3008 2476 3034 natura’tan-

1390 3055 1472 3087 turn,
1496 3051 1552 3082 sed
1570 3061 1607 3082 ex
1632 3051 1692 3082 alia
1710 3062 1816 3084 causa.
1837 3053 1917 3085 lllud
1936 3055 2032 3095 igitur
2049 3079 2056 3086 .
2073 3080 2079 3086 .
2096 3079 2102 3086 .
2121 3055 2271 3087 omnium
2290 3054 2331 3086 de
2355 3053 2476 3099 qui->ua

1391 3112 1448 3133 ens
1472 3104 1684 3143 praedicatur.
1710 3109 1736 3134 Si
1756 3114 1844 3136 autem
1864 3111 1965 3136 dicatur
1983 3111 2055 3145 quod
2082 3117 2174 3138 natura
2193 3111 2271 3137 huius
2291 3110 2327 3136 rei
2347 3114 2389 3136 eat
2405 3108 2476 3144 pah-¹

1391 3158 1487 3191 cipium
1500 3160 1560 3185 talis
1574 3167 1644 3189 ease.
1659 3161 1727 3186 sieut
1739 3161 1826 3188 anima
1839 3162 1995 3196 principium
2006 3162 2119 3193 vivendi.
2133 3169 2160 3189 et
2174 3163 2212 3189 sle
2222 3167 2311 3197 potest
2325 3168 2386 3188 eoae
2399 3153 2473 3195 qud

1391 3210 1493 3244 absque
1512 3211 1686 3238 minoratione
1705 3218 1733 3238 ut
1751 3213 1789 3238 sic
1809 3213 1938 3240 minorem
1959 3221 2019 3239 ease
2038 3213 2116 3240 huius
2135 3213 2173 3240 rei
2192 3211 2356 3239 deficientias

1717 3294 1737 3316 *
1819 3296 1839 3317 ’l‘
1923 3296 1942 3318 ᾖε
2024 3295 2044 3317 'k
2125 3294 2146 3318 ff

1393 3414 1474 3455 Cap.
1496 3415 1592 3445 XVII.
1620 3414 1717 3453 Quou
1742 3425 1876 3446 cnm-rto
1902 3425 1964 3446 ,vox
1990 3425 2044 3446 ast·
2069 3423 2171 3445 notus
2195 3425 2300 3445 saeua
2324 3424 2474 3446 ΜυϊΑτιο.

1811 3483 2058 3524 Fragmentum.

1452 3576 1583 3601 ducuntur
1608 3577 1656 3602 erit
1680 3576 1810 3610 quaedam
1837 3577 1938 3610 absque
1964 3581 2037 3601 motu
2064 3577 2150 3609 <quae
2175 3577 2224 3602 erit
2253 3577 2393 3611 perfecta.)
2418 3577 2476 3603 noe

1393 3632 1480 3652 autem
1502 3627 1614 3653 maxime
1634 3629 1760 3661 competit
1779 3628 1880 3662 primae
1904 3634 1992 3652 rerum
2017 3627 2189 3660 productioni.
2214 3635 2282 3662 quae
2307 3634 2349 3654 eat
2371 3629 2476 3660 creatio.

1393 3686 1453 3704 nam
1470 3679 1583 3712 perfecta
1603 3679 1757 3712 simpliciter
1774 3678 1862 3713 priora
1881 3683 1943 3703 aunt
1961 3675 2132 3711 imperfectis.
2148 3679 2209 3704 Non
2229 3685 2268 3705 est
2284 3679 2362 3712 igitur
2380 3679 2476 3706 creatio

1394 3738 1480 3764 neque
1507 3731 1615 3756 mutatio
1635 3738 1721 3765 neque
1741 3730 1854 3756 motum*
1875 3727 1893 3766 §
1912 3725 2040 3756 Adhuc.
2066 3730 2233 3765 Ubicumque
2252 3737 2293 3758 eat
2322 3728 2476 3770 (Oportet

265 3769 355 3795 hendlt
372 3775 402 3795 ut
420 3776 538 3803 separata
557 3780 609 3804 que
628 3780 680 3798 non
701 3781 819 3807 separata
838 3783 906 3815 sunt,
927 3785 973 3803 nec
993 3785 1080 3804 tamen
1095 3786 1136 3806 est
1150 3781 1259 3808 falsitas.
1279 3783 1336 3808 Non
1352 3794 1379 3814 7⁰
1394 3776 1497 3820 quod)
1514 3785 1625 3810 molus
1642 3779 1692 3810 Vel
1709 3778 1858 3815 mutatio,
1882 3786 1987 3815 oportet
2006 3781 2104 3816 aliquid
2124 3781 2294 3812 duratione
2319 3786 2476 3818 praxedem

265 3819 336 3845 enim
351 3827 380 3846 ex
394 3820 444 3846 hoc
457 3827 497 3846 est
511 3821 608 3847 fal-itas
622 3825 692 3856 quod
708 3826 774 3850 alius
794 3832 834 3852 eat
854 3829 948 3854 modus
967 3831 1003 3855 rei
1023 3831 1048 3856 in
1068 3833 1182 3858 essendo
1201 3833 1241 3858 int
1255 3840 1280 3859 et
1300 3834 1336 3859 in-

266 3871 385 3897 tellectus
405 3872 430 3897 in
450 3872 627 3905 intelligendo.
647 3874 683 3899 sic
702 3877 769 3901 enim
790 3877 843 3903 fere
863 3887 969 3913 semper
987 3888 1058 3907 esaet
1077 3882 1184 3914 falsitas,
1203 3893 1262 3910 nam
1284 3893 1337 3911 ma-

337 3987 353 4012 b
378 3988 455 4020 14-16
475 3989 497 4013 D
514 3997 572 4014 curn
585 3993 635 4023 ρΑ,
654 3992 710 4016 aine
722 3992 808 4021 alian
830 3992 875 4025 35;
896 3993 950 4027 (45,
963 3997 1007 4027 46,
1027 3997 1077 4023 vid.
1098 4001 1123 4024 ln
1141 4006 1156 4024 a

269 4030 310 4061 53,
326 4031 358 4063 54
378 4037 450 4058 motu
471 4035 510 4059 vel
522 4036 645 4068 factione
665 4037 692 4062 in
712 4037 814 4069 quibus.

1393 3829 1591 3871 (praecedat)
1616 3830 1648 3861 id
1674 3829 1763 3871 quod
1788 3828 1823 3861 lit
1847 3839 1903 3871 per
1928 3833 2144 3863 mutationem
2167 3833 2216 3864 vel
2242 3839 2381 3870 motum,
2399 3832 2474 3873 quia

1393 3894 1454 3912 cum
1474 3887 1525 3912 iam
1545 3887 1641 3912 factum
1661 3891 1710 3918 eat,
1729 3886 1754 3911 in
1774 3893 1806 3911 eo
1825 3887 1897 3919 quod
1924 3887 2019 3912 factum
2046 3893 2087 3913 eat
2112 3889 2263 3922 quiescitur.
2286 3889 2361 3922 quiea
2387 3894 2475 3914 autem

1158 4006 1265 4032 pparatu
1288 4001 1337 4035 ²9⁵
1358 4009 1372 4027 a
1394 4009 1435 4036 ²7-
1456 4002 1516 4042 πῶς
1534 4002 1578 4037 69,
1592 4009 1641 4041 703
1661 4010 1687 4036 p.
1706 4001 1761 4034 43*
1776 4001 1802 4035 8,
1816 4011 1832 4036 9
1852 4003 1902 4029 hoc
1915 4007 2018 4030 esset..
2030 4022 2036 4029 .
2047 4011 2131 4045 quqet
2147 3983 2184 4038 '47
2196 4009 2287 4031 autent
2301 4005 2358 4031 aine
2379 4004 2476 4035 etlam:

2492 408 2500 416 ·
2509 406 2567 433 Cap.
2576 412 2624 428 xiv.
2633 416 2643 421 —
2652 406 2708 428 Vid.

2492 433 2520 454 ad
2540 434 2584 454 loc.

2493 462 2512 470 '⁸
2526 466 2555 488 3⁰
2565 466 2577 480 v
2590 460 2603 481 b
2614 467 2632 482 i.

2494 779 2503 788 ·
2518 778 2580 800 Casu
2601 783 2647 799 uon
2665 777 2708 799 tuit

2494 805 2594 827 deletum
2613 804 2712 826 aititur.

2503 2541 2693 2566 ‘vu-adm.

2505 3732 2559 3760 νεα.
2573 3738 2619 3761 39⁴
2634 3730 2680 3760 ⁶⁷·
2696 3717 2701 3730 ²
