2768 4134
290 270 361 307 152

284 346 436 378 convenit
450 344 631 375 intellectus
650 351 726 373 cum
748 340 989 381 imaginatione,
1006 346 1042 370 ut
1059 339 1135 370 dicit
1150 339 1203 368 hic
1220 337 1356 369 Sanctus

284 391 437 425 Thomas,
463 387 552 429 quod
575 385 793 417 indifferenter
819 384 968 424 intelligit
998 393 1067 415 rem
1098 388 1301 424 praesentem
1325 387 1357 413 et

283 436 457 465 absentem.
482 431 583 470 Quod
605 437 714 462 tamen
738 439 806 461 non
829 430 992 460 invenitur
1014 429 1048 459 in
1072 427 1220 459 doctrina
1247 426 1357 458 Sancti

282 478 443 510 Thomae:
469 486 545 508 cum
561 477 625 507 hoc
641 482 796 516 tanquam
811 474 974 515 peculiare
990 473 1109 504 tribuat
1130 472 1319 503 intellectui.
1333 489 1355 493 -

282 523 433 564 Sequitur
455 521 611 557 secunde,
636 525 795 562 quantum
819 518 859 549 ad
888 517 1065 549 secundam
1098 527 1239 553 causam,
1265 515 1356 557 quod

281 577 365 598 unus
388 566 521 607 angelus
543 565 726 606 intelligens
748 565 849 595 alium
872 572 929 604 per
944 562 1087 603 speciem
1110 561 1355 602 intelligibilem,

280 622 348 643 non
371 611 523 642 formabit
546 610 586 641 de
609 610 665 641 illo
690 614 902 650 conceptum:
921 607 997 648 quia
1013 606 1195 638 secundum
1210 616 1244 637 se
1260 607 1356 636 habet

281 667 349 688 esse
373 655 583 687 immateriale
607 661 638 685 et
661 656 866 686 abstractum.

336 701 369 732 Si
385 700 530 732 secundo
546 699 659 736 modo,
677 700 753 740 quia
768 698 917 730 videlicet
933 702 1065 738 oportet
1081 702 1117 727 ut
1132 696 1299 727 obiectum
1315 695 1355 726 sit

280 755 431 786 praesens
454 745 632 776 intellectui
656 750 687 775 et
707 754 724 775 a
741 742 984 774 conditionibus
1002 740 1220 772 materialibus
1236 741 1355 771 abstra-

280 791 383 828 hatur,
400 800 469 821 non
481 791 540 820 erit
555 789 776 820 universaliter
787 797 900 819 verum
913 785 1004 827 quod
1018 785 1202 817 intellectus
1217 785 1251 816 in
1263 785 1356 816 omni

280 836 500 867 intellectione
524 834 642 865 formet
664 835 810 864 verbum.
836 832 924 863 Tum
952 831 1029 872 quia
1059 831 1183 871 species
1205 830 1356 871 intelligi-

281 880 353 911 bilis
377 886 424 911 est
446 881 554 920 ipsum
579 879 754 915 obiectum,
771 878 853 908 sicut
878 882 909 908 et
932 876 1002 907 talis
1018 875 1156 906 intentio
1181 875 1354 912 intellecta,

282 930 328 955 est
345 925 432 955 enim
448 925 517 955 eius
540 923 717 954 similitudo
739 923 821 953 sicut
841 921 912 958 illa;
941 927 972 952 et
993 926 1039 951 est
1056 929 1207 961 praesens
1230 920 1356 951 intelle-

282 970 358 1006 ctui,
383 975 415 999 et
437 970 591 999 abstracta
608 978 626 998 a
640 968 790 1004 materia;
812 972 844 997 et
860 967 904 997 sic
924 966 994 1006 ipsa
1017 964 1155 996 sufficiet
1174 964 1214 995 ad
1237 965 1354 996 intelli-

280 1013 434 1054 gendum.
459 1032 481 1036 -
504 1013 592 1044 Tum
617 1014 693 1053 quia
716 1013 774 1043 erit
795 1017 921 1042 tantum
945 1020 1058 1041 verum
1081 1011 1115 1040 in
1139 1010 1235 1040 rebus
1253 1015 1355 1040 mate-

281 1058 420 1094 rialibus,
443 1068 526 1099 quae
545 1057 690 1098 indigent
713 1057 926 1087 abstractione
950 1065 967 1086 a
991 1055 1140 1086 materia:
1158 1064 1226 1085 non
1246 1060 1355 1086 autem

281 1104 314 1133 in
338 1103 611 1134 immaterialibus.

337 1147 389 1178 IV.
414 1147 467 1178 Ad
482 1147 676 1178 evidentiam
691 1147 788 1177 huius
804 1144 999 1176 difficultatis
1015 1143 1289 1176 considerandum
1309 1150 1357 1175 est

282 1192 382 1232 quod,
400 1201 476 1222 cum
492 1192 598 1223 omnis
615 1191 762 1232 operatio
778 1191 932 1231 importet
948 1189 1096 1220 ordinem
1113 1189 1153 1220 ad
1174 1190 1355 1226 obiectum;

281 1237 321 1268 de
344 1238 470 1267 ratione
493 1243 602 1267 autem
625 1237 755 1272 obiecti,
772 1241 808 1266 ut
831 1241 880 1266 est
902 1235 1080 1271 obiectum,
1097 1235 1137 1265 sit
1153 1241 1190 1265 ut
1205 1235 1358 1266 terminet

281 1282 519 1322 operationem;
529 1290 661 1312 necesse
674 1286 721 1312 est
732 1286 769 1311 ut
779 1280 926 1321 operatio
937 1280 970 1310 in
981 1285 1056 1310 actu
1065 1280 1182 1310 habeat
1190 1280 1358 1311 obiectum

281 1326 391 1366 aliquo
415 1325 516 1356 modo
541 1326 574 1356 in
597 1332 672 1356 actu
695 1330 732 1356 ut
754 1326 930 1357 terminum
953 1334 1066 1361 suum;
1090 1325 1173 1355 sicut
1188 1324 1358 1356 calefactio

281 1371 314 1401 in
337 1376 411 1401 actu
434 1371 568 1411 requirit
591 1370 733 1402 calorem
755 1371 790 1401 in
813 1376 888 1401 actu
916 1369 956 1400 ad
980 1379 1080 1410 quem
1110 1370 1312 1402 terminetur.
1335 1387 1359 1392 -

281 1415 356 1446 Non
381 1414 498 1446 sufficit
520 1420 630 1446 autem
653 1421 690 1446 ut
713 1415 880 1446 obiectum
903 1415 944 1445 sit
966 1414 1001 1445 in
1024 1419 1110 1451 actu,
1126 1414 1188 1445 nisi
1203 1415 1244 1446 sit
1259 1415 1358 1446 etiam

281 1460 387 1491 debite
403 1469 555 1501 praesens
569 1460 733 1501 operanti:
750 1466 1055 1501 quantumcumque
1071 1459 1159 1490 enim
1175 1460 1358 1491 coloratum

281 1506 320 1536 sit
336 1511 420 1542 actu,
437 1514 506 1536 non
522 1506 642 1545 poterit
656 1505 757 1536 videri
773 1505 835 1535 nisi
850 1505 890 1536 sit
905 1513 1056 1545 praesens
1079 1510 1111 1535 et
1133 1506 1358 1545 propinquum

282 1550 513 1581 convenienter
542 1549 674 1586 videnti,
705 1559 745 1580 eo
769 1549 871 1580 modo
896 1558 963 1590 quo
988 1555 1036 1580 est
1065 1549 1098 1580 in
1122 1555 1207 1580 actu.
1231 1550 1359 1580 Verun—

281 1601 390 1626 tamen
413 1604 482 1626 non
506 1595 613 1625 omnis
635 1595 782 1635 potentia
805 1593 925 1625 eodem
947 1593 1050 1625 modo
1073 1595 1287 1634 praesentiam
1309 1594 1360 1625 sui

283 1639 402 1670 obiecti
425 1639 568 1680 requirit.
592 1639 712 1680 Aliqua
737 1640 824 1670 enim
847 1639 980 1679 requirit
1002 1639 1217 1679 praesentiam
1237 1645 1269 1670 et
1283 1648 1360 1680 pro-

283 1684 499 1725 pinquitatem
529 1684 580 1715 sui
607 1685 726 1715 obiecti
757 1683 939 1715 secundum
963 1692 1032 1714 esse
1054 1684 1211 1720 naturale,
1235 1684 1288 1715 vel
1310 1684 1360 1714 lo-

284 1729 386 1760 calem
405 1729 456 1760 vel
479 1729 704 1770 temporalem,
725 1730 808 1760 sicut
830 1738 944 1759 sensus
967 1728 1155 1759 exteriores:
1179 1738 1248 1760 non
1272 1729 1359 1760 enirn

284 1773 383 1805 fertur
407 1783 519 1804 sensus
535 1774 622 1805 visus
637 1775 700 1805 nisi
715 1774 748 1804 in
765 1773 799 1804 id
814 1773 906 1814 quod
929 1772 1110 1804 secundum
1135 1782 1204 1804 esse
1227 1779 1361 1805 naturae

285 1825 315 1849 et
346 1818 529 1849 coloratum
559 1825 606 1849 est
639 1824 671 1850 et
703 1818 849 1849 localiter
878 1819 961 1849 visui
994 1818 1235 1858 appropinquat
1269 1819 1360 1858 (cum

284 1863 425 1904 quadam
440 1869 549 1894 tamen
565 1863 743 1902 distantia);
764 1872 805 1894 eo
822 1862 913 1903 quod
928 1863 962 1893 in
978 1871 1047 1892 rem
1063 1863 1231 1894 absentem
1246 1873 1360 1894 sensus

285 1909 457 1939 exteriores
480 1917 549 1938 non
572 1907 724 1939 ferantur.
748 1907 868 1948 Aliqua
882 1917 960 1938 vero
976 1916 1043 1938 non
1060 1907 1195 1947 requirit
1210 1917 1360 1948 praesen-

283 1953 361 1984 tiam
384 1951 566 1983 secundum
590 1962 659 1983 esse
682 1958 826 1989 naturae,
850 1952 907 1983 sed
930 1952 1064 1993 requirit
1080 1952 1295 1992 praesentiam
1311 1961 1360 1983 se—

284 1997 429 2028 cundum
453 1997 652 2037 spiritualem
669 1997 834 2037 quendam
849 1997 998 2035 modum,
1017 2006 1101 2037 quae
1117 2002 1165 2027 est
1180 1997 1361 2037 praesentia

283 2043 316 2072 in
340 2051 409 2072 esse
434 2042 611 2072 obiectivo:
644 2051 684 2072 eo
717 2042 808 2082 quod
830 2042 1049 2074 indifferenter
1080 2040 1198 2072 feratur
1227 2042 1261 2072 in
1291 2051 1360 2073 rem

283 2092 485 2127 praesentem
509 2092 540 2116 et
563 2087 730 2117 absentem
753 2087 888 2123 realiter,
909 2093 939 2118 et
963 2088 997 2119 in
1020 2095 1090 2118 rem
1106 2086 1295 2118 existentem
1311 2096 1361 2118 se-

283 2131 428 2162 cundum
458 2140 528 2162 esse
558 2137 691 2162 naturae
723 2137 753 2162 et
785 2132 818 2162 in
849 2141 918 2163 rem
947 2142 1016 2163 non
1047 2131 1253 2168 existentem;
1277 2132 1361 2162 sicut

283 2175 398 2207 accidit
421 2177 455 2207 in
477 2177 726 2216 imaginatione;
751 2186 819 2207 non
837 2177 925 2207 enim
941 2177 981 2208 ad
997 2178 1062 2208 hoc
1085 2182 1122 2207 ut
1144 2177 1362 2216 imaginemur

283 2221 402 2252 lulium
425 2220 614 2252 Secundum
643 2220 839 2252 Pontificem
871 2221 904 2252 in
938 2231 996 2253 sua
1026 2220 1102 2252 sede
1132 2221 1256 2252 Romae
1280 2230 1360 2256 esse.

283 2275 414 2297 necesse
438 2271 486 2296 est
509 2271 545 2296 ut
568 2266 694 2296 Romae
717 2266 751 2296 in
775 2265 851 2296 sede
874 2267 931 2302 sit;
955 2275 1064 2307 neque
1092 2275 1225 2296 necesse
1255 2271 1303 2296 est
1326 2271 1362 2296 ut

282 2311 352 2351 ipse
376 2309 491 2341 sedens
520 2311 615 2341 nobis
646 2310 855 2341 existentibus
884 2310 1044 2342 Ferrariae
1074 2319 1226 2351 praesens
1249 2310 1289 2341 sit
1312 2319 1362 2341 se-

284 2354 431 2386 cundum
453 2354 576 2391 locum,
594 2354 651 2386 sed
674 2354 791 2386 sufficit
806 2361 843 2386 ut
859 2355 1082 2396 imaginationi
1106 2354 1262 2396 spirituali
1278 2364 1362 2395 quo-

284 2399 358 2431 dam
388 2399 491 2430 modo
521 2405 684 2440 appareat,
709 2405 741 2430 et
763 2399 945 2431 secundum
976 2409 1046 2432 esse
1072 2400 1295 2440 imaginatum.
1321 2399 1362 2430 Et

285 2445 361 2485 quia
379 2444 568 2476 huiusmodi
598 2453 668 2475 esse
700 2454 769 2475 non
799 2445 954 2476 convenit
975 2445 1021 2476 rei
1052 2450 1139 2476 extra
1168 2445 1361 2485 potentiam,

284 2498 415 2521 necesse
432 2495 479 2520 est
494 2495 531 2520 ut
545 2490 628 2520 intra
651 2490 831 2530 potentiam
848 2489 910 2520 tale
926 2498 996 2520 esse
1011 2489 1178 2520 obiectum
1201 2489 1328 2520 habeat.
1338 2507 1362 2512 -

284 2534 412 2565 Praeter
434 2535 518 2565 hanc
541 2543 677 2575 quoque
701 2535 916 2575 praesentiam
946 2534 1077 2571 obiecti,
1100 2543 1233 2565 necesse
1257 2539 1305 2565 est
1327 2534 1362 2565 in

285 2579 438 2619 potentiis
461 2579 690 2619 cognoscitivis
719 2585 756 2610 ut
786 2579 952 2610 obiectum
981 2588 1040 2620 per
1068 2578 1206 2610 modum
1236 2577 1361 2610 formae

284 2624 449 2664 potentiae
481 2624 708 2664 coniungatur,
732 2623 776 2655 ita
807 2623 899 2664 quod
929 2633 967 2655 ex
998 2624 1145 2665 potentia
1176 2629 1208 2655 et
1231 2623 1361 2655 obiecto

284 2668 339 2700 fiat
362 2678 480 2700 unum:
506 2669 654 2709 quamvis
677 2669 765 2700 enim
789 2669 971 2700 coloratum
994 2677 1145 2710 praesens
1169 2673 1252 2700 esset
1267 2668 1360 2706 visui,

284 2714 309 2744 si
333 2718 441 2744 tamen
465 2722 523 2754 per
545 2713 690 2754 speciem
713 2722 806 2745 suam
834 2713 881 2745 illi
909 2723 978 2745 non
1006 2714 1162 2751 uniretur,
1185 2722 1256 2744 non
1279 2718 1362 2745 esset

286 2758 354 2789 eius
378 2758 470 2789 visio.

339 2801 492 2834 Similiter
515 2812 593 2843 ergo
617 2812 656 2834 ex
679 2808 770 2843 parte
791 2803 975 2835 intellectus
998 2803 1172 2844 requiritur
1194 2801 1286 2844 quod
1309 2812 1360 2834 res

283 2847 445 2880 intellecta
468 2847 509 2879 sit
531 2848 565 2878 in
589 2853 663 2879 actu
687 2848 798 2888 aliquo
828 2847 932 2879 modo
961 2848 1156 2889 inquantum
1185 2849 1360 2879 terminans

283 2898 392 2924 actum
416 2891 614 2929 intellectus;
637 2898 670 2924 et
692 2892 732 2924 sit
755 2902 906 2934 praesens
929 2893 1117 2930 intellectui,
1134 2902 1203 2924 non
1226 2892 1360 2934 quidem

284 2937 465 2969 secundum
487 2937 703 2978 temporalem
727 2943 782 2969 aut
805 2937 944 2969 localem
967 2938 1259 2979 propinquitatem,
1283 2939 1360 2980 quia

283 2981 502 3014 indifferenter
531 2981 744 3023 apprehendit
778 2991 847 3014 rem
881 2988 1084 3024 praesentem
1116 2989 1148 3014 et
1181 2984 1359 3020 absentem,

284 3026 563 3068 quemadmodum
587 3027 775 3068 imaginatio
800 3027 880 3068 (sive
904 3027 992 3059 enim
1014 3037 1065 3059 res
1085 3028 1125 3059 sit
1140 3028 1207 3059 sive
1223 3037 1292 3060 non
1308 3029 1358 3066 sit,

283 3072 465 3104 intellectus
487 3073 534 3103 rei
558 3071 771 3112 quidditatem
801 3077 909 3113 potest
939 3072 1206 3114 apprehendere),
1230 3073 1287 3105 sed
1310 3083 1358 3104 se-

284 3116 429 3148 cundum
445 3126 515 3148 esse
530 3117 741 3153 obiectivum‚
757 3117 840 3148 intra
855 3117 965 3158 ipsum
980 3117 1182 3149 intellectum
1205 3119 1359 3156 existam

284 3168 315 3192 et
338 3161 429 3202 quod
452 3162 583 3193 uniatur
605 3161 784 3193 intellectui
814 3171 872 3203 per
901 3162 1039 3194 modum
1063 3162 1198 3199 formae,
1223 3169 1279 3195 aut
1301 3172 1360 3204 per

283 3216 317 3236 se
341 3213 395 3237 aut
419 3216 476 3247 per
498 3207 549 3238 sui
572 3206 828 3238 similitudinem.
855 3225 878 3229 -
905 3207 1043 3239 Ratione
1069 3217 1147 3249 ergo
1174 3208 1281 3249 primi,
1308 3217 1359 3240 re-

285 3251 420 3292 quiritur
443 3252 617 3292 conceptio
648 3261 706 3292 per
737 3251 938 3283 intellectum
969 3252 1116 3289 formata.
1143 3252 1223 3284 dum
1249 3261 1300 3284 res
1327 3258 1359 3284 et

285 3295 477 3336 quidditates
511 3296 692 3328 materiales
722 3296 945 3337 apprehendit.
985 3297 1071 3336 Quia
1105 3307 1172 3329 non
1208 3298 1359 3329 terminat

285 3340 444 3380 quidditas
474 3341 646 3373 materialis
676 3346 785 3373 actum
815 3341 998 3373 intellectus
1028 3342 1088 3373 nisi
1116 3351 1192 3374 cum
1217 3341 1358 3384 quadam

285 3386 497 3419 abstractione
528 3396 546 3417 a
577 3385 822 3418 conditionibus
845 3387 1062 3418 materialibus
1092 3393 1124 3418 et
1152 3386 1358 3419 individuan-

285 3430 380 3466 tibus,
404 3440 471 3470 quo
495 3430 597 3462 modo
621 3437 695 3462 actu
719 3440 789 3462 esse
812 3440 881 3462 non
904 3437 1012 3472 potest
1035 3438 1121 3463 extra
1144 3432 1357 3464 intellectum.

287 3473 373 3510 Ideo,
391 3481 426 3506 ut
441 3481 515 3506 actu
539 3475 588 3512 sit,
613 3475 704 3516 quod
727 3476 901 3516 requiritur
924 3477 949 3507 si
974 3476 1069 3508 debet
1093 3482 1167 3508 actu
1191 3477 1358 3509 obiectum

286 3527 354 3549 esse
377 3525 409 3549 et
433 3521 655 3559 operationem
679 3520 862 3553 intellectus
891 3522 1073 3558 terminare,
1097 3531 1228 3554 necesse
1252 3527 1300 3554 est
1322 3528 1359 3554 ut

287 3571 342 3602 per
365 3563 564 3595 intellectum
584 3566 799 3597 constituatur
814 3566 848 3596 in
864 3565 918 3597 tali
935 3575 1004 3597 esse
1021 3567 1179 3599 abstracto
1196 3572 1228 3598 et
1242 3567 1359 3599 imma—

286 3607 398 3637 teriali.
412 3607 511 3645 Quod
524 3607 559 3640 fit
575 3609 653 3640 dum
665 3610 847 3642 intellectus
861 3609 978 3642 format
990 3612 1242 3652 conceptionem
1258 3621 1358 3653 quam

288 3650 424 3682 dicimus
441 3653 574 3683 verbum
591 3659 621 3684 et
637 3654 852 3686 intentionem
869 3655 1075 3687 intellectam.
1088 3674 1110 3679 -
1126 3657 1264 3688 Ratione
1281 3665 1359 3689 vero

883 261 1073 299 SUMMA
1102 259 1325 297 CONTRA
1354 258 1631 305 GENTILES,
1663 258 1774 296 CAP.
1795 260 1889 297 LIII.

1411 336 1557 373 secundi,
1569 354 1593 360 —
1607 347 1646 368 ex
1664 347 1715 374 eo,
1731 338 1878 379 inquam,
1894 338 1987 380 quod
2003 340 2180 376 obiectum,
2192 340 2227 371 in
2242 345 2318 371 actu
2331 340 2488 381 positum,

1410 381 1507 412 debet
1530 391 1599 412 esse
1615 383 1782 423 potentiae
1798 383 1906 416 debite
1924 393 2087 426 praesens,
2112 389 2168 415 aut
2190 384 2225 415 in
2249 394 2319 416 esse
2340 385 2488 422 naturali,

1410 432 1466 457 aut
1489 426 1523 456 in
1547 436 1618 458 esse
1646 428 1853 460 intentionali
1882 435 1914 460 et
1944 429 2109 461 obiectivo
2140 429 2335 460 terminante
2363 430 2489 461 intelle-

1410 471 1556 502 ctionem
1570 481 1629 512 per
1646 471 1786 504 modum
1801 474 1931 505 termini
1953 474 2129 511 intrinseci,
2146 493 2168 497 -
2186 483 2319 505 necesse
2334 479 2382 505 est
2397 480 2434 506 ut
2449 474 2489 505 de

1410 516 1564 547 omnibus
1596 525 1680 557 quae
1710 518 1894 550 intellectus
1923 518 2083 560 intelligit,
2107 519 2206 550 talem
2235 519 2490 559 conceptionem

1410 559 1539 591 formet.
1564 560 1653 592 Cum
1676 562 1765 593 enim
1793 564 1840 594 rei
1870 564 2037 595 existentia
2067 564 2147 595 nihil
2177 563 2274 595 faciat
2300 563 2341 594 ad
2363 563 2490 595 intelle-

1410 606 1555 637 ctionem
1578 606 1766 646 quidditatis
1789 613 1822 639 et
1843 614 1988 645 naturae,
2013 615 2046 640 et
2069 610 2115 641 sic
2137 609 2258 642 realem
2274 609 2490 650 praesentiam

1408 660 1478 681 non
1500 651 1643 692 requirat
1665 651 1855 690 intellectio,
1879 662 1921 684 eo
1945 654 2037 695 quod
2059 654 2242 686 intellectus
2271 653 2491 686 indifferenter

1409 695 1529 727 feratur
1552 696 1585 727 in
1609 706 1679 727 rem
1702 697 1770 728 sive
1793 697 1834 728 sit
1856 698 1923 729 sive
1946 708 2015 730 non
2038 700 2096 736 sit3
2119 709 2254 731 necesse
2277 705 2336 736 est,
2361 699 2401 730 ad
2424 700 2489 731 hoc

1409 746 1445 771 ut
1468 740 1636 772 obiectum
1658 751 1811 783 praesens
1834 742 1875 772 sit
1897 742 2077 783 intellectui
2093 743 2300 782 sufficienter,
2320 743 2412 786 quod
2428 743 2490 786 ipsi

1409 786 1450 816 sit
1472 786 1645 817 intrinsece
1668 795 1822 827 praesens
1844 786 2016 824 obiective‚
2040 794 2074 819 et
2095 789 2142 819 sic
2170 794 2281 821 actum
2307 789 2491 820 intellectus

1409 831 1571 862 terminet.
1596 831 1914 872 Quantumcumque
1929 832 2017 863 enim
2041 842 2092 864 res
2115 833 2222 875 aliqua
2244 834 2286 865 sit
2308 834 2490 866 secundum

1409 885 1443 906 se
1467 881 1543 906 actu
1566 876 1786 917 intelligibilis,
1811 882 1843 907 et
1866 886 1925 918 per
1947 877 2092 918 speciem
2121 887 2215 910 suam
2243 879 2285 910 sit
2309 879 2491 911 intellectui

1409 921 1510 957 unita,
1527 921 1554 951 si
1570 931 1639 952 non
1655 922 1695 952 sit
1711 927 1786 952 actu
1802 931 1955 962 praesens
1973 921 2153 954 intellectui
2175 923 2211 954 in
2233 933 2303 954 esse
2326 925 2490 955 obiectivo

1409 971 1442 996 et
1465 966 1672 997 terminativo
1689 967 1898 1007 cognitionis,
1915 966 2007 1008 quod
2029 966 2068 998 fit
2089 976 2149 1008 per
2170 968 2426 1010 conceptionem
2440 969 2490 1000 in-

1409 1010 1567 1047 tellectus,
1591 1020 1660 1042 non
1682 1011 1895 1052 intelligetur:
1927 1012 2004 1053 quia
2035 1011 2218 1044 secundum
2248 1022 2319 1044 esse
2345 1014 2492 1046 naturale

1410 1055 1502 1096 quod
1525 1056 1622 1087 habet
1645 1062 1734 1087 extra
1747 1057 1963 1094 intellectum,
1979 1066 2048 1088 non
2065 1062 2113 1088 est
2128 1056 2326 1089 sufficienter
2339 1067 2492 1099 praesens

1410 1101 1590 1132 intellectui
1612 1106 1650 1132 ut
1673 1102 1713 1132 sit
1742 1107 1818 1133 actu
1848 1102 2016 1133 obiectum
2046 1107 2078 1133 et
2107 1102 2266 1134 terminus
2292 1104 2492 1144 operationis

1410 1145 1647 1177 intellectualis.
2180 1152 2186 1158 ·

1466 1190 1568 1228 Quod
1597 1190 1672 1222 dico
1703 1190 1744 1222 de
1775 1191 1965 1232 cognitione
1995 1191 2194 1232 quidditatis,
2217 1191 2292 1223 dico
2323 1192 2421 1223 etiam
2451 1192 2492 1224 de

1411 1235 1602 1276 cognitione
1631 1235 1814 1276 complexa.
1845 1236 1939 1267 Licet
1967 1236 2057 1267 enim
2085 1237 2203 1268 veritas
2231 1237 2417 1269 intellectus
2441 1246 2493 1268 re·

1412 1281 1518 1321 quirat
1530 1286 1566 1311 ut
1581 1281 1626 1311 ita
1641 1281 1682 1311 sit
1696 1281 1731 1311 in
1747 1290 1782 1311 re
1797 1281 1881 1311 sicut
1895 1281 2080 1312 intellectus
2094 1281 2261 1324 intelligat,
2274 1282 2368 1314 realis
2381 1287 2492 1313 nmen

1411 1325 1580 1356 existentia
1602 1325 1649 1356 rei
1672 1331 1760 1357 extra
1789 1325 1992 1357 intellectum
2022 1335 2091 1357 non
2115 1325 2192 1358 facit
2213 1327 2381 1359 obiectum
2404 1326 2494 1358 suffi-

1412 1370 1534 1401 cienter
1557 1379 1709 1410 praesens
1730 1370 1921 1402 intellectui.

1469 1415 1508 1445 V.
1533 1414 1581 1446 Ex
1600 1415 1668 1446 istis
1683 1424 1739 1446 sex
1755 1414 1884 1446 deduco
1908 1415 2151 1449 conclusiones.
2174 1416 2283 1447 Prima
2305 1422 2368 1448 est:
2392 1417 2493 1448 Intel-

1413 1460 1516 1491 lectus
1538 1465 1651 1491 noster
1674 1460 1756 1491 nihil
1773 1465 1884 1501 potest
1906 1460 2092 1502 intelligere
2115 1461 2316 1492 naturaliter
2338 1462 2402 1494 nisi
2412 1462 2494 1505 for—

1413 1505 1534 1535 mando
1550 1510 1751 1546 conceptum.
1768 1504 1874 1536 Patet:
1891 1506 1970 1546 quia
1983 1505 2065 1536 nihil
2081 1505 2232 1547 intelligit
2245 1515 2305 1548 per
2320 1507 2493 1538 essentiam

1412 1550 1621 1590 intelligibilis
1636 1550 1671 1581 in
1681 1550 1754 1590 ipso
1767 1550 1968 1586 existentem,
1981 1549 2038 1581 sed
2050 1551 2163 1582 omnia
2174 1559 2233 1592 per
2243 1551 2387 1592 speeiem
2398 1551 2494 1583 intel·

1412 1595 1586 1626 lectualem
1602 1595 1795 1626 abstractam
1811 1605 1830 1626 a
1850 1595 1958 1626 rebus.
1975 1595 2072 1626 Unde
2087 1595 2206 1627 dicitur
2221 1595 2263 1627 III
2278 1596 2320 1627 de
2334 1596 2455 1628 Anima
2463 1598 2492 1634 ⁶,

1414 1639 1506 1680 quod
1521 1639 1679 1681 intelligit
1695 1649 1731 1671 se
1745 1639 1830 1671 sicut
1845 1645 1878 1671 et
1891 1640 1971 1671 alia.
1994 1639 2037 1671 Et
2052 1649 2111 1681 per
2125 1649 2334 1682 consequens
2348 1641 2430 1673 nihil
2445 1647 2496 1674 est

1414 1685 1474 1716 sibi
1502 1683 1700 1715 sufficienter
1718 1693 1871 1724 praesens
1894 1685 1928 1716 in
1951 1685 2078 1716 ratione
2100 1685 2221 1716 obiecti
2248 1691 2358 1717 actum
2383 1687 2496 1718 termi-

1413 1729 1529 1760 nantis.
1546 1728 1625 1760 Ideo
1641 1738 1775 1760 necesse
1787 1735 1836 1760 est
1850 1734 1887 1760 ut
1902 1739 1962 1771 per
1975 1735 2176 1770 conceptum
2187 1729 2244 1761 fiat
2254 1731 2315 1762 sibi
2329 1739 2493 1772 praesens.

1470 1773 1621 1805 Secunda
1643 1779 1706 1805 est:
1731 1774 1874 1815 Speciali
1904 1774 2035 1806 ratione
2067 1774 2100 1805 in
2133 1775 2353 1807 intellectione
2382 1785 2494 1808 mrum

1414 1819 1634 1850 materialium
1659 1828 1787 1850 necesse
1810 1824 1859 1850 est
1881 1824 1918 1850 ut
1939 1819 2123 1851 intellectus
2146 1825 2259 1851 noster
2270 1821 2403 1863 formet
2415 1829 2495 1852 con-

1413 1868 1558 1904 ceptum:
1581 1864 1658 1904 quia
1681 1862 1832 1895 videlicet
1854 1863 2033 1900 obiectum,
2049 1869 2086 1895 ut
2101 1864 2253 1896 terminat
2266 1870 2377 1898 actim
2398 1866 2495 1898 intel-

1413 1909 1527 1944 lectus,
1541 1917 1612 1939 non
1635 1913 1683 1939 est
1698 1909 1734 1939 in
1748 1914 1824 1939 actu
1847 1909 1909 1939 nisi
1931 1917 1991 1949 per
2012 1908 2215 1940 intellectum
2236 1908 2308 1946 fian
2331 1918 2410 1942 cum
2424 1919 2495 1942 non

1413 1954 1454 1984 sit
1476 1953 1674 1984 abstractum
1689 1962 1708 1983 a
1722 1953 1856 1984 materia
1879 1958 1967 1984 extra
1988 1953 2203 1990 intellectum,
2218 1955 2370 1986 terminet
2384 1961 2495 1988 aute-

1413 1996 1596 2028 secundum
1621 1996 1713 2038 quod
1735 2001 1784 2028 est
1807 1998 2004 2030 abstractum
2027 2007 2046 2028 a
2068 1999 2213 2030 materia.
2456 2021 2466 2025 ‚,

1470 2041 1580 2073 Tertia
1603 2047 1667 2073 est:
1692 2043 1850 2083 Angelus,
1874 2043 2104 2084 cognoscendo
2127 2052 2172 2080 se,
2187 2044 2324 2086 formas
2345 2044 2496 2076 verbnm:

1413 2086 1630 2118 consideratis
1661 2087 1772 2118 causis
1802 2087 1991 2118 huiusmodi
2025 2088 2226 2120 necessitatis
2260 2089 2294 2120 in
2330 2089 2497 2122 intellectu

1415 2137 1540 2162 nostro.
1565 2132 1658 2163 Licet
1677 2132 1766 2163 enim
1781 2141 1851 2163 non
1874 2137 2026 2173 oporteat
2048 2138 2085 2164 ut
2107 2132 2165 2164 fiat
2187 2139 2263 2165 actu
2283 2132 2497 2175 intelligibilis

1413 2185 1472 2217 per
1486 2177 1739 2208 abstractionem
1763 2186 1781 2207 a
1804 2177 1949 2214 materia,
1965 2186 2043 2209 cum
2065 2178 2107 2209 sit
2129 2178 2364 2216 immutet-ialin
2387 2180 2496 2221 «itque

1414 2231 1475 2252 suo
1487 2221 1668 2252 intellectui
1680 2231 1832 2262 praesens
1844 2227 1881 2253 ut
1891 2222 2091 2263 principium
2103 2223 2347 2255 intellectionis:
2365 2230 2498 2266 oportet

1414 2272 1524 2297 tamen
1541 2272 1577 2297 ut
1597 2265 1653 2297 fiat
1669 2275 1821 2307 praesens
1843 2267 1878 2298 in
1902 2276 1972 2298 esse
1995 2267 2160 2299 obiectivo
2183 2269 2378 2300 terminante
2400 2269 2496 2301 intel-

1414 2311 1602 2347 lectionem,
1619 2311 1712 2342 cuius
1728 2312 1798 2352 ipsa
1820 2311 2088 2353 essentiaangeli
2110 2317 2159 2344 est
2180 2312 2392 2354 principium:
2417 2322 2495 2346 cum

1414 2355 1503 2387 idern
1518 2365 1587 2387 non
1603 2357 1644 2387 sit
1658 2356 1856 2397 principium
1872 2361 1905 2388 et
1919 2357 2078 2388 terminus
2097 2357 2297 2398 'operationis
2311 2357 2495 2390 secundum

1414 2400 1502 2432 idem
1525 2409 1605 2431 esse.
1637 2400 1830 2432 ostenditur
1858 2401 1934 2438 hoc,
1958 2402 2035 2442 quia
2064 2401 2192 2440 Quarto
2223 2402 2331 2440 huius,
2354 2401 2427 2445 cap.
2450 2413 2494 2442 xx,

1415 2445 1533 2477 dicitur
1556 2445 1648 2486 quod
1672 2446 1808 2477 intentio
1833 2446 1996 2478 intellecta
2020 2447 2053 2478 in
2077 2447 2207 2489 angelis
2230 2457 2297 2478 non
2317 2453 2366 2479 est
2378 2457 2495 2480 eorunm

1414 2490 1605 2526 substantia,
1631 2495 1663 2521 et
1691 2490 1837 2532 loquitur
1861 2490 2000 2522 Sanctus
2023 2491 2170 2523 Thomas
2194 2492 2328 2533 quando
2361 2493 2496 2535 angelus

1415 2535 1559 2576 seipsum
1582 2535 1746 2576 intelligit:
1772 2545 1811 2567 ex
1834 2545 1903 2576 quo
1927 2542 2066 2577 apparet
2083 2537 2194 2578 ipsum
2216 2536 2358 2569 formare
2376 2547 2495 2570 conee-

1414 2581 1563 2621 ptionem
1579 2580 1613 2611 in
1635 2589 1670 2611 se
1694 2579 1916 2621 intelligendo.
1941 2579 2163 2613 Confirmatur
2186 2582 2284 2614 etiam
2307 2583 2395 2624 quia,
2410 2582 2495 2620 Poe„

1416 2634 1447 2666 q.
1472 2634 1514 2661 rx,
1541 2625 1570 2662 5,
1595 2630 1628 2656 et
1649 2625 1756 2661 Ver-it„
1781 2634 1813 2666 q.
1838 2635 1880 2662 ιν,
1905 2634 1936 2661 2,
1960 2631 2050 2657 tenet
2073 2626 2210 2658 Sanctus
2234 2627 2381 2659 Th0mas
2400 2627 2496 2670 quod

1415 2670 1606 2706 intellectus,
1623 2670 1721 2701 etiam
1743 2669 1821 2701 dum
1844 2670 2001 2713 intelligit
2014 2680 2059 2707 se,
2067 2672 2202 2714 format
2217 2677 2409 2714 conceptum
2429 2673 2494 2706 sui.

1470 2714 1595 2753 Quarta
1618 2720 1680 2746 est:
1705 2715 1862 2756 Angelus,
1887 2716 2119 2758 cognoscendo
2143 2716 2212 2748 alia
2235 2727 2257 2748 a
2279 2727 2315 2749 se
2330 2727 2397 2759 per
2423 2727 2495 2760 φο-

1414 2759 1495 2790 ciem
1519 2759 1766 2801 intelligibilem,
1783 2760 1919 2802 format
1941 2761 2084 2792 verbum.
2108 2761 2196 2801 Quia
2218 2767 2276 2793 aut
2293 2771 2427 2795 necesse
2445 2768 2495 2794 eet

1414 2810 1450 2835 ut
1473 2803 1552 2835 fiant
1574 2804 1605 2835 ei
1628 2805 1809 2845 praesentia
1836 2805 1998 2838 obiective
2020 2811 2054 2838 et
2075 2807 2293 2838 terminative:
2325 2816 2402 2839 cum
2423 2816 2495 2840 non

1413 2849 1477 2880 sint
1501 2849 1534 2881 in
1557 2850 1631 2890 ipso
1653 2850 1716 2881 nisi
1738 2858 1798 2891 per
1819 2851 1975 2892 speciem,
1998 2859 2084 2892 quae
2107 2857 2157 2883 eat
2177 2852 2378 2894 principium
2397 2852 2496 2884 intel·

1412 2893 1546 2935 ligendi.
1569 2903 1638 2926 non
1661 2895 1820 2930 terminus
1842 2901 1876 2927 et
1898 2896 2077 2928 obiectum.
2101 2897 2170 2928 Aut
2183 2896 2282 2928 etiam
2296 2905 2431 2929 necesse
2445 2903 2495 2930 est

1413 2945 1450 2971 ut
1462 2939 1497 2971 in
1513 2944 1588 2971 actu
1603 2938 1682 2972 fiant
1696 2940 1731 2971 in
1747 2949 1818 2972 esse
1832 2940 2011 2972 obiectivo:
2029 2947 2067 2973 ut
2080 2941 2267 2974 materialia.
2292 2942 2385 2974 Licet
2404 2943 2494 2975 euim

1412 2983 1548 3025 angelus
1570 2990 1639 3016 non
1668 2985 1832 3017 abstrahat
1860 2985 1986 3027 species
2014 2996 2034 3018 a
2063 2987 2160 3018 rebus
2181 2987 2413 3025 materialibus,
2435 2986 2495 3020 sed

1412 3029 1475 3061 sint
1498 3028 1543 3060 illi
1569 3029 1772 3071 congenitae,
1796 3040 1836 3062 ex
1858 3030 1938 3072 ipsis
1960 3036 2070 3063 tamen
2092 3031 2264 3073 speciebus
2279 3030 2400 3064 format
2413 3041 2494 3064 con-

1412 3079 1537 3115 ceptus,
1550 3074 1584 3106 in
1597 3074 1718 3115 quibus
1727 3080 1805 3107 sunt
1814 3075 1905 3116 ipsae
1917 3075 2114 3117 quidditates
2124 3076 2305 3108 materiales
2317 3077 2494 3109 aban-actae

1412 3129 1429 3150 a
1452 3119 1585 3150 materia
1609 3125 1766 3161 tanquam
1789 3120 2045 3152 intellectionem
2069 3121 2289 3153 terminantes.

1467 3163 1591 3202 Quinta
1614 3170 1676 3196 est:
1701 3164 1752 3196 De
1773 3165 1876 3196 beatis
1894 3169 2004 3206 potest
2025 3171 2199 3208 utrumqne
2226 3165 2402 3197 sustineri:
2429 3166 2492 3197 sci-

1411 3208 1487 3240 licet
1509 3213 1540 3240 et
1562 3209 1651 3251 qaod
1663 3210 1819 3251 forment
1840 3211 1974 3242 verbum
1999 3211 2034 3242 in
2058 3220 2124 3252 qao
2145 3210 2291 3243 divinam
2319 3210 2493 3242 essentiam

1412 3253 1600 3291 intuentur-5
1623 3259 1655 3286 et
1675 3254 1764 3296 quod
1787 3264 1853 3286 non
1868 3255 2036 3298 sor-ment.
2057 3255 2204 3287 Primum
2218 3260 2327 3296 potest
2341 3255 2492 3287 sustineri

1412 3298 1498 3339 quia,
1515 3307 1592 3330 cum
1615 3299 1751 3331 verbum
1775 3299 1842 3331 sive
1865 3304 2047 3342 conceptus
2061 3299 2103 3331 sit
2117 3300 2276 3332 terminus
2298 3299 2492 3332 intrinsecus

1410 3343 1650 3381 intellectionis,
1684 3344 1768 3376 sicut
1799 3345 1884 3376 beati
1916 3343 2106 3386 producunt
2136 3343 2393 3376 intellectionem
2425 3353 2493 3386 qua

1412 3387 1520 3419 Deum
1543 3387 1664 3426 vident,
1688 3389 1733 3420 ita
1755 3397 1889 3421 necesse
1917 3394 1967 3421 est
1994 3394 2032 3420 ut
2062 3389 2239 3421 terminum
2261 3389 2493 3421 intellectionis

1411 3432 1607 3473 producant:
1633 3434 1710 3475 quia
1733 3442 1802 3466 non
1825 3439 1874 3466 est
1894 3443 1946 3466 res
1968 3434 2039 3465 sine
2057 3442 2119 3465 suo
2138 3435 2291 3471 termino,
2307 3435 2392 3466 sicut
2405 3434 2491 3466 linea

1411 3477 1501 3509 finita
1531 3488 1600 3510 non
1631 3485 1679 3511 est
1711 3479 1782 3510 sine
1810 3483 1946 3520 puncto.
1969 3496 1992 3502 —
2016 3477 2238 3511 confirmatur
2261 3479 2349 3520 quia,
2372 3479 2490 3517 Prima,

1412 3532 1444 3563 q.
1461 3533 1555 3559 xxvn,
1572 3533 1601 3554 a.
1624 3532 1651 3560 ι,
1675 3523 1782 3565 inquit
1803 3522 1941 3555 Sanctus
1963 3522 2110 3555 Thomas
2132 3523 2221 3555 intra
2245 3533 2372 3556 omnem
2396 3524 2492 3555 intel—

1412 3567 1576 3610 ligentem,
1601 3578 1643 3600 ex
1665 3577 1705 3600 eo
1735 3567 1824 3609 quod
1854 3567 2018 3609 intelligit,
2038 3569 2221 3609 procedere
2244 3568 2371 3610 aliquid
2401 3568 2491 3611 quod

1412 3617 1459 3643 est
1481 3614 1649 3654 conceptio
1666 3613 1715 3645 rei
1730 3612 1922 3644 intellectae.
1947 3613 1988 3644 Et
2007 3612 2048 3644 de
2062 3613 2145 3650 Por..
2162 3623 2195 3655 q.
2211 3623 2254 3651 tx,
2273 3622 2303 3644 a.
2321 3614 2352 3650 5,
2373 3612 2491 3645 dicitur

1411 3657 1502 3698 quod
1534 3658 1700 3699 conceptio
1734 3661 1782 3689 est
1811 3657 1958 3689 absolute
1989 3657 2029 3689 de
2061 3658 2191 3690 ratione
2222 3659 2293 3690 eius
2323 3657 2412 3700 quod
2443 3663 2492 3689 est

2520 1588 2739 1645 Lffitik‘ff‘
