2768 4134
34 1005 42 1012 ·
56 1002 92 1024 Cf.
110 1002 245 1024 Comment.

31 1035 82 1057 cap.
93 1035 164 1056 nvn,
179 1029 229 1051 init.

28 1717 37 1726 ·
46 1716 81 1738 Cf.
92 1719 148 1738 text.
159 1719 180 1737 et
192 1722 239 1738 var.

283 300 359 337 380

279 391 361 416 esse
393 375 700 427 proportionata;
734 375 915 410 voluntas
943 372 1178 409 substantiae
1207 372 1350 410 intelle-

278 430 410 468 ctualis
429 441 509 466 non
529 427 598 465 erit
621 426 875 464 determinata
903 438 926 462 a
954 433 1092 462 natura
1115 424 1188 462 nisi
1211 425 1262 474 ad
1281 425 1350 463 bo-

277 495 375 520 num
411 492 636 519 commune.
676 479 874 529 Quicquid
907 478 1021 527 igitur
1057 479 1243 516 offeretur
1279 478 1351 517 sibi

276 536 348 573 sub
378 534 524 572 ratione
554 533 658 579 boni,
681 532 820 583 poterit
847 533 1028 569 voluntas
1057 531 1231 570 inclinari
1249 532 1290 570 in
1309 532 1351 570 il-

275 589 353 634 lud,
374 588 479 625 nulla
502 586 823 624 determinatione
851 584 1015 623 naturali
1043 585 1083 622 in
1111 585 1350 624 contrarium
1373 604 1382 624 ς

329 711 343 736 3
362 710 486 736 offeretur
505 710 575 741 EW;
594 710 712 736 offertur.

329 754 342 771 2
362 746 519 780 venientem]
539 747 660 772 veniente
679 746 780 771 CGNZ.
870 754 888 777 4
907 753 968 771 esse
986 746 1010 770 Α
1028 745 1101 770 solus
1108 753 1116 776 ;
1135 753 1187 771 om.

1035 851 1374 886 Commenta-ria

349 962 476 983 uam-um
508 951 548 982 ad
578 950 769 987 secundum,
802 949 983 980 ostenditur
1011 950 1103 990 quod
1135 950 1344 982 substantiae
1371 951 1373 960 '

273 955 583 1040 Qintellectuales
605 1001 682 1026 sunt
705 995 799 1026 liberi
821 995 951 1025 arbitrii
974 995 1007 1025 in
1032 995 1199 1036 operando
1212 996 1239 1026 ἦ

327 1044 350 1073 1.
367 1042 411 1072 Et
426 1041 583 1082 arguitur
590 1040 702 1080 primo
718 1039 775 1070 sic.
797 1039 857 1070 Per
873 1039 1098 1080 cognitionem
1112 1039 1344 1071 intellectivam

270 1087 465 1119 substantiae
480 1085 712 1116 intellectuales
728 1083 887 1115 iudicium
902 1085 1024 1115 habent
1044 1084 1085 1115 de
1103 1084 1285 1125 operandis.
1303 1085 1345 1115 Et

270 1133 449 1164 libertatem
471 1139 603 1160 necesse
628 1134 675 1159 est
691 1139 744 1160 eas
760 1129 892 1159 habere:
912 1138 988 1160 cum
1003 1129 1143 1160 habeant
1158 1129 1344 1160 dominium

270 1178 320 1208 sui
343 1182 442 1207 actus.
467 1175 554 1214 Ergo
579 1179 640 1204 etc.

325 1219 485 1251 Secundo.
511 1219 567 1249 Illa
590 1223 665 1249 sunt
687 1218 779 1248 liberi
802 1218 922 1248 arbitrii
945 1219 978 1248 in
1006 1218 1133 1258 agendo
1162 1227 1246 1258 quae
1269 1224 1344 1249 sunt

268 1266 360 1296 liberi
383 1264 495 1295 iudicii
511 1269 543 1294 et
558 1263 676 1294 liberae
693 1263 840 1293 actionis.
856 1262 920 1293 Sed
935 1263 1005 1294 sola
1021 1263 1251 1294 intellectualia
1270 1267 1346 1293 sunt

268 1308 467 1341 huiusmodi.
484 1308 571 1348 Ergo
589 1313 649 1338 etc.
666 1325 688 1329 —
705 1307 952 1348 Consequentia
963 1313 1042 1339 nota
1054 1313 1112 1344 est,
1125 1317 1202 1338 cum
1217 1308 1342 1338 maiori.

325 1355 433 1385 Minor
456 1363 533 1384 vero
557 1353 722 1393 probatur.
739 1352 840 1391 Quod
864 1353 952 1383 enim
967 1353 1031 1383 sint
1054 1353 1172 1383 liberae
1196 1353 1342 1388 actionis,

267 1400 423 1441 probatur
439 1399 516 1440 quia
531 1403 666 1428 movent
681 1398 786 1438 seipsa
802 1397 843 1428 ad
858 1396 1031 1438 agendum.
1054 1397 1131 1428 Sola
1147 1402 1257 1428 autem
1272 1406 1344 1428 mo-

267 1445 375 1475 ventia
390 1444 495 1484 seipsa
510 1442 691 1473 libertatem
706 1443 739 1473 in
757 1441 884 1483 agendo
900 1442 1030 1479 habent,
1047 1451 1116 1473 non
1133 1447 1243 1473 autem
1259 1451 1344 1482 quae

267 1499 336 1520 non
359 1493 534 1520 moventur
555 1497 665 1528 neque
684 1493 785 1528 agunt
799 1487 861 1518 nisi
877 1487 917 1517 ab
941 1488 1010 1518 aliis
1033 1492 1137 1518 mota:
1163 1486 1250 1527 quia,
1267 1496 1344 1517 cum

267 1534 407 1565 liberum
430 1534 470 1564 sit
493 1533 581 1574 quod
603 1533 655 1563 sui
679 1541 780 1564 causa
803 1537 860 1568 est,
885 1532 976 1572 quod
999 1541 1068 1563 non
1092 1538 1140 1563 est
1163 1532 1224 1562 sibi
1248 1541 1345 1563 causa

268 1578 394 1619 agendi,
418 1587 487 1609 non
514 1583 562 1608 est
584 1577 723 1608 liberum
750 1578 784 1608 in
809 1576 947 1618 agendo.
969 1594 993 1600 -
1013 1576 1115 1615 Quod
1141 1582 1252 1607 autem
1275 1576 1346 1607 sola

267 1624 331 1655 sint
352 1623 443 1654 liberi
458 1622 579 1659 iudicii,
596 1622 761 1663 probatur.
781 1621 823 1652 Et
842 1621 976 1662 quidem
996 1621 1086 1662 quod
1101 1621 1223 1653 iudicio
1240 1626 1345 1662 agant,

267 1669 435 1710 probatur:
464 1667 541 1708 quia
570 1676 707 1698 movens
734 1667 878 1707 seipsum
906 1665 1057 1697 dividitur
1085 1667 1119 1697 in
1150 1675 1288 1696 movens
1315 1670 1347 1696 et

268 1718 412 1750 motum;
443 1712 602 1743 motum*
633 1716 742 1742 autem
770 1717 818 1742 est
845 1712 1007 1751 appetitus
1034 1710 1073 1741 ab
1100 1710 1268 1741 intellectu
1294 1709 1347 1740 vel

268 1758 435 1800 phantasia
463 1761 519 1787 aut
545 1765 642 1786 sensu
669 1761 789 1792 motus,
817 1764 961 1796 quorum
988 1760 1035 1786 est
1065 1755 1217 1786 iudicare.
1246 1753 1346 1793 Quod

269 1812 347 1834 vero
371 1802 440 1833 sola
455 1802 593 1832 habeant
609 1799 768 1832 iudicium
787 1800 936 1837 liberum,
961 1800 1129 1840 probatur:
1155 1800 1231 1840 quia
1255 1798 1346 1840 quod

270 1848 414 1888 seipsum
429 1845 470 1877 ad
485 1845 696 1877 iudicandum
707 1850 829 1881 movet,
843 1850 891 1876 est
905 1845 996 1876 liberi
1011 1844 1138 1881 iudicii;
1150 1844 1221 1875 sola
1237 1850 1345 1875 autem

269 1891 498 1923 intellectualia
527 1891 632 1931 seipsa
662 1889 702 1920 ad
733 1889 945 1921 iudicandum
973 1895 1118 1927 movent,
1149 1889 1226 1930 quia
1256 1889 1346 1919 solus

269 1937 452 1967 intellectus
475 1935 650 1966 reflectitur
672 1943 769 1975 supra
792 1939 902 1965 actum
925 1943 1033 1970 suum,
1058 1933 1150 1974 quod
1171 1933 1346 1974 requiritur

270 1980 310 2012 ad
332 1981 397 2011 hoc
413 1986 449 2010 ut
471 1980 618 2020 potentia
639 1978 787 2010 iudicans
811 1979 950 2019 seipsam
973 1978 1014 2009 ad
1034 1977 1245 2009 iudicandum
1272 1987 1344 2008 mo-

269 2030 352 2056 veat.
377 2025 463 2064 Ergo
488 2030 549 2055 etc.

325 2069 373 2100 Ex
396 2069 435 2100 iis
458 2067 665 2100 concluditur
687 2067 779 2108 quod
801 2067 978 2098 inanimata
997 2076 1105 2107 neque
1126 2067 1217 2097 liberi
1233 2071 1344 2097 motus

268 2120 354 2151 sunt,
379 2114 456 2154 quia
478 2115 517 2144 ab
549 2113 613 2144 alio
641 2117 767 2143 tantum
794 2117 983 2149 moventur;
1017 2121 1079 2142 nec
1106 2112 1198 2143 liberi
1221 2110 1343 2148 iudicii,

269 2168 345 2190 cum
357 2158 478 2190 iudicio
490 2167 558 2189 non
570 2163 774 2188 moveantur.
787 2156 984 2188 Irrationalia
996 2162 1106 2188 autem
1118 2162 1194 2188 sunt
1209 2155 1344 2197 quidem

270 2204 380 2244 aliquo
396 2203 496 2234 modo
513 2202 605 2234 liberi
620 2208 740 2239 motus,
754 2211 831 2232 cum
847 2202 951 2243 seipsa
967 2206 1135 2232 moveant:
1152 2211 1221 2232 non
1234 2206 1344 2232 autem

269 2249 361 2279 liberi
383 2247 504 2279 iudicii.
530 2247 762 2278 intellectualia
777 2252 887 2277 autem
910 2252 986 2278 sunt
1009 2251 1041 2277 et
1063 2246 1155 2277 liberi
1177 2245 1290 2278 iudicii
1313 2251 1346 2276 et

271 2294 390 2324 liberae
414 2293 559 2323 actionis.

328 2348 357 2368 2.
370 2337 614 2368 Advertendum
626 2337 733 2378 primo
747 2334 849 2376 quod,
862 2336 938 2366 licet
949 2335 1144 2367 irrationalia
1159 2336 1222 2366 sint
1234 2335 1344 2376 aliquo

270 2382 372 2413 modo
388 2383 479 2413 liberi
502 2388 622 2418 motus,
646 2391 716 2412 non
731 2386 841 2412 tamen
858 2380 1011 2412 dicuntur
1026 2381 1153 2412 moveri
1176 2381 1279 2412 libero
1295 2390 1345 2410 ar-

271 2428 377 2458 bitn'o.
402 2427 488 2465 Quia
510 2426 551 2457 ad
573 2427 638 2458 hoc
662 2431 699 2457 ut
721 2424 845 2466 aliquid
872 2425 975 2456 libero
1006 2426 1136 2456 arbitrio
1163 2430 1345 2462 moveatur,

270 2472 443 2514 requiritur
459 2471 550 2513 quod
565 2471 709 2512 seipsum
725 2475 867 2507 moveat,
882 2479 951 2500 non
963 2475 1074 2501 autem
1086 2470 1125 2501 ab
1138 2469 1202 2500 alio
1219 2475 1346 2500 tantum

271 2523 456 2554 moveatur;
474 2523 504 2547 et
529 2515 620 2557 quod
643 2516 760 2546 habeat
783 2515 923 2546 liberum
945 2515 1104 2546 iudicium
1121 2514 1161 2546 de
1185 2519 1289 2552 motu,
1310 2520 1347 2545 ut

271 2562 393 2592 scilicet
417 2562 518 2602 possit
534 2560 675 2592 iudicare
691 2560 891 2591 conveniens
911 2569 979 2590 esse
996 2560 1047 2591 vel
1062 2569 1131 2591 non
1147 2560 1346 2591 conveniens

271 2612 308 2638 ut
330 2607 439 2648 ipsum
468 2612 649 2637 moveatur.
673 2604 787 2642 Modo,
811 2605 886 2636 licet
915 2605 1111 2636 irrationalia
1141 2605 1246 2645 seipsa
1274 2613 1346 2635 mo·

272 2658 357 2688 vent,
383 2652 459 2692 quia
482 2661 547 2682 una
578 2660 694 2682 eorum
720 2659 793 2690 pars
824 2655 872 2680 est
899 2659 1036 2680 movens
1060 2655 1091 2681 et
1117 2650 1215 2681 altera
1238 2654 1345 2686 mota;

271 2706 339 2728 non
363 2702 472 2727 tamen
495 2696 615 2726 habent
630 2695 769 2727 liberum
785 2694 943 2725 iudicium
959 2694 999 2725 de
1015 2694 1182 2726 movendo
1206 2699 1262 2725 aut
1277 2703 1346 2725 non

271 2739 448 2778 movendo,
472 2740 529 2771 sed
552 2739 632 2771 illud
655 2745 703 2771 est
726 2739 785 2770 sibi
809 2749 827 2769 a
851 2744 963 2770 natura
987 2739 1252 2776 determinatum3
1277 2739 1347 2769 ovis

272 2786 359 2816 enirn
385 2785 495 2816 videns
518 2785 635 2826 lupum
659 2793 727 2815 non
751 2789 860 2824 potest
879 2783 1092 2815 determinare
1110 2793 1179 2815 non
1203 2793 1272 2814 esse
1295 2783 1347 2814 fu-

271 2829 437 2871 giendum.
455 2829 532 2861 Ideo
549 2829 702 2860 dicuntur
718 2838 787 2859 esse
811 2828 905 2859 liberi
925 2834 1041 2865 motus,
1058 2839 1126 2860 non
1150 2834 1259 2860 autem
1275 2837 1347 2859 mo—

272 2884 346 2906 vere
370 2884 404 2905 se
428 2874 531 2905 libero
555 2874 706 2904 arbitrio.

328 2918 574 2950 Advertendum
590 2917 747 2955 seeundo,
765 2917 855 2958 quod
871 2918 1067 2949 irrationalia
1083 2928 1151 2949 esse
1168 2918 1260 2949 liberi
1275 2927 1347 2949 mo-

273 2969 334 3001 tus,
358 2964 438 2995 nihil
461 2963 550 2994 aliud
577 2969 626 2994 est
648 2972 748 3004 quam
776 2963 836 2993 sibi
865 2963 942 3002 ipsis
970 2972 1040 2994 esse
1063 2972 1194 2994 causam
1222 2968 1347 2994 motus:

273 3009 317 3039 ita
346 3008 469 3040 scilicet
496 3007 587 3049 quod
615 3008 684 3048 ipsa
712 3007 817 3048 seipsa
847 3012 1002 3037 moveant
1029 3007 1068 3038 ad
1098 3007 1348 3038 determinatum

273 3052 383 3090 finem,
407 3062 475 3084 non
500 3057 610 3084 autem
633 3053 672 3083 ab
698 3052 878 3083 extrinseco
902 3057 1029 3082 tantum
1060 3058 1253 3084 moveantur
1278 3057 1348 3083 tan-

274 3107 373 3138 quam
397 3108 414 3128 a
437 3097 608 3138 principali
622 3102 787 3133 movente,
804 3097 888 3127 sicut
904 3105 988 3137 quae
1004 3106 1022 3126 a
1042 3102 1155 3128 natura
1175 3102 1350 3128 moventur

275 3148 306 3172 et
322 3151 405 3182 quae
422 3148 596 3173 moventur
611 3150 669 3182 per
687 3141 887 3172 violentiam.
910 3140 973 3172 Sed
992 3147 1111 3178 tamen,
1131 3142 1208 3182 quia
1223 3141 1349 3172 moveri

274 3187 462 3227 simpliciter
484 3187 584 3218 libere
608 3191 656 3218 est
682 3186 800 3217 habere
825 3187 858 3217 in
886 3191 1047 3226 potestate
1077 3196 1135 3216 sua
1161 3187 1287 3218 moveri
1318 3191 1350 3217 et

274 3240 343 3261 non
366 3232 501 3267 moveri,
518 3230 610 3272 quod
633 3231 734 3262 brutis
750 3240 819 3261 non
835 3230 1000 3267 convenit,
1016 3240 1085 3261 non
1109 3230 1186 3261 dicit
1202 3231 1350 3262 absolute

276 3275 411 3306 Sanctus
434 3275 580 3306 Thomas
611 3275 701 3316 quod
725 3275 788 3306 sint
819 3275 912 3306 liberi
935 3280 1052 3310 motus,
1077 3274 1133 3306 sed
1160 3274 1247 3306 addit
1270 3285 1349 3316 quo-

276 3319 459 3356 dammodo,
485 3321 577 3360 quasi
600 3319 698 3351 dicat:
718 3325 794 3352 sunt
818 3319 911 3350 liberi
934 3325 1040 3350 motus
1063 3319 1239 3350 secundum
1262 3319 1349 3361 quid,

278 3374 342 3394 non
367 3369 473 3395 autem
497 3364 695 3405 simpliciter.

333 3408 369 3438 ll.
389 3409 510 3439 Tertio.
527 3408 603 3440 Sola
619 3409 847 3440 intellectualia
871 3417 1082 3439 communem
1106 3409 1184 3439 boni
1205 3408 1256 3439 vel
1273 3418 1352 3439 con-

277 3453 434 3483 venientis
457 3454 614 3484 rationem
638 3453 896 3494 apprehendunt.
913 3453 1000 3494 Ergo
1024 3453 1092 3484 sola
1115 3453 1219 3493 seipsa
1243 3453 1283 3484 ad
1303 3454 1352 3484 iu-

279 3495 452 3527 dicandum
480 3504 624 3528 movent.
656 3498 741 3538 Ergo
773 3498 841 3528 sola
872 3503 947 3528 sunt
977 3498 1075 3528 libera
1106 3498 1138 3528 in
1166 3497 1352 3534 iudicando,

280 3541 370 3580 quod
394 3547 440 3572 est
459 3542 596 3572 liberum
617 3543 783 3573 arbitrium
807 3543 934 3573 habere.
951 3559 973 3564 —
989 3541 1194 3573 Antecedens
1218 3548 1315 3582 patet.
1331 3560 1354 3564 —

281 3584 385 3614 Prima
402 3595 478 3616 vero
495 3587 728 3627 consequentia
748 3588 912 3627 probatur.
930 3587 1018 3625 Quia
1033 3585 1138 3617 forma
1153 3587 1355 3626 apprehensa

282 3634 392 3659 movet
407 3630 586 3661 secundum
603 3630 693 3671 quod
709 3631 962 3671 apprehenditur
978 3631 1037 3662 sub
1054 3631 1178 3662 ratione
1202 3631 1281 3662 boni
1303 3630 1355 3662 vel

283 3674 513 3704 convenientis.
531 3674 563 3705 Si
580 3675 675 3714 igitur
686 3675 832 3706 iudicans
845 3675 884 3706 ad
901 3675 1112 3707 iudicandum
1124 3676 1267 3716 seipsum
1283 3685 1355 3706 mo-

743 295 932 333 SUMMA
962 294 1185 331 CONTRA
1214 294 1489 340 GENTILES,
1519 295 1614 331 LIB.
1640 295 1681 340 11,
1712 295 1823 332 CAP.
1850 296 2015 333 XLVIII.

1405 372 1648 422 prohibente.
1685 372 1831 411 Omnia
1866 373 1980 423 igitur
2016 375 2284 415 intellectualia
2320 378 2483 418 liberam

1405 427 1648 463 voluntatem
1672 426 1818 464 habent
1846 439 1893 464 ex
1921 426 2065 466 iudicio
2093 427 2306 468 intellectus
2324 431 2482 470 venien-

1405 486 1497 516 tem.
1529 479 1650 526 Quod
1679 487 1735 517 est
1763 479 1931 518 liberum
1959 481 2161 519 arbitrium
2189 483 2345 531 habere,
2373 486 2483 535 quod

1406 531 1592 570 definitur
1619 545 1702 571 esse
1730 534 1888 572 liberum
1917 534 1964 572 de
1991 537 2136 572 ratione
2164 537 2353 574 iudicium.

1404 854 1716 887 Fer-ramensis

1399 957 1481 988 veat,
1495 958 1626 993 oportet
1643 958 1679 982 ut
1694 962 1752 993 per
1767 952 1910 993 aliquam
1926 952 2075 983 altiorem
2091 953 2230 984 formam
2245 956 2481 995 apprehensam

1399 1006 1434 1027 se
1457 996 1498 1027 ad
1521 997 1732 1028 iudicandum
1755 1003 1898 1028 moveat.
1923 996 1988 1028 Sed
2009 998 2075 1028 hoc
2098 1007 2166 1030 non
2189 1004 2299 1039 potest
2322 1009 2391 1030 esse
2418 1002 2481 1032 nisi

1398 1041 1468 1081 ipsa
1491 1042 1573 1072 ratio
1597 1042 1677 1072 boni
1704 1041 1756 1073 vel
1786 1042 2021 1079 convenientis,
2045 1051 2104 1082 per
2133 1052 2233 1084 quam
2263 1043 2304 1074 de
2333 1045 2482 1084 quolibet

1399 1085 1614 1117 determinato
1639 1087 1728 1117 bono
1753 1087 1804 1117 vel
1829 1087 2038 1117 convenienti
2060 1086 2231 1118 iudicatur.
2261 1088 2348 1128 Ergo
2373 1094 2435 1120 etc.

1454 1130 1701 1162 Advertendum
1718 1130 1819 1171 quod,
1836 1141 1913 1162 curn
1936 1130 2042 1162 forma
2065 1133 2267 1172 apprehensa
2289 1139 2421 1164 moveat
2440 1133 2482 1165 ad

1399 1175 1624 1215 operationem
1647 1176 1843 1216 inquantum
1867 1185 1926 1216 per
1948 1176 2053 1216 ipsam
2080 1176 2241 1208 iudicatur
2264 1177 2388 1218 aliquid
2411 1188 2480 1210 esse

1398 1219 1525 1250 bonum
1552 1220 1604 1252 vel
1627 1221 1837 1257 conveniens,
1865 1221 1892 1251 si
1919 1221 2043 1261 aliquid
2071 1231 2168 1262 supra
2196 1231 2292 1252 suum
2321 1222 2481 1254 iudicium
2526 1215 2530 1220 ⁴

1397 1263 1580 1295 reflectatur
1596 1264 1805 1296 diiudicando
1817 1270 1932 1296 -utrum
1946 1275 2059 1296 verum
2075 1276 2116 1297 an
2132 1265 2251 1297 falsum
2267 1266 2424 1298 iudicium
2440 1269 2481 1298 sit

1398 1317 1467 1348 quo
1491 1309 1652 1340 iudicatur
1674 1309 1797 1350 aliquid
1821 1319 1891 1341 esse
1907 1310 2033 1341 bonurn
2049 1317 2105 1342 aut
2123 1311 2333 1348 conveniens,
2350 1318 2481 1353 oportet

1398 1353 1463 1384 hoc
1487 1363 1526 1384 ex
1548 1354 1619 1394 ipsa
1642 1355 1812 1385 communi
1835 1355 1960 1385 ratione
1976 1355 2056 1386 boni
2080 1361 2135 1386 aut
2151 1357 2375 1387 convenientis
2392 1356 2478 1388 fieri:

1398 1398 1491 1435 sicut,
1509 1399 1535 1429 si
1550 1398 1687 1430 iudicari
1710 1398 1826 1430 debeat
1845 1409 1886 1430 an
1909 1399 2069 1430 iudicium
2088 1409 2156 1441 quo
2181 1400 2342 1432 iudicatur
2357 1401 2480 1443 aliquid

1398 1451 1468 1473 esse
1492 1443 1610 1474 animal
1630 1444 1671 1474 sit
1693 1453 1818 1481 verum,
1835 1453 1874 1475 ex
1888 1444 1958 1484 ipsa
1980 1444 2106 1476 ratione
2121 1445 2286 1481 animalis,
2302 1455 2362 1487 per
2379 1455 2480 1487 quam

1399 1496 1599 1528 cognoscere
1623 1497 1798 1529 possumus
1818 1494 1929 1519 utrum
1956 1489 2020 1520 hoc
2042 1494 2097 1520 aut
2119 1489 2201 1521 illud
2224 1490 2417 1531 particulare
2439 1491 2480 1525 stt

1400 1533 1529 1569 animal,
1555 1539 1686 1574 oportet
1709 1533 1771 1564 tale
1802 1533 1962 1564 iudicium
1985 1533 2066 1564 fieri.
2098 1535 2140 1565 Et
2163 1534 2250 1572 ideo,
2274 1545 2352 1566 cum
2379 1540 2479 1567 omn'e

1400 1577 1492 1618 quod
1515 1578 1659 1618 seipsum
1683 1577 1724 1610 ad
1751 1577 1964 1610 iudicandum
1993 1585 2116 1616 movet,
2147 1589 2246 1620 supra
2268 1589 2367 1612 suum
2394 1579 2480 1613 iudi-

1400 1622 1489 1652 cium
1504 1621 1688 1654 reflectatur
1703 1622 1848 1663 (oportet
1864 1624 1964 1660 enim,
1980 1623 2007 1654 si
2023 1633 2057 1654 se
2074 1623 2115 1655 ad
2130 1623 2342 1657 iudicandum
2355 1629 2479 1662 movet,

1400 1671 1437 1696 ut
1460 1676 1557 1697 suum
1579 1666 1739 1698 iudicium
1763 1672 1949 1707 cognoscat,
1967 1673 2003 1698 ut
2019 1667 2098 1699 dixit
2121 1667 2258 1700 Sanctus
2282 1669 2429 1700 Thomas
2444 1669 2480 1700 in

1400 1710 1607 1751 praecedenti
1630 1711 1781 1752 ratione),
1805 1721 1938 1743 necesse
1967 1717 2015 1742 est
2042 1717 2079 1743 ut
2106 1721 2243 1744 movens
2266 1713 2411 1755 seipsum
2438 1713 2479 1745 ad

1400 1754 1612 1786 iudicandum
1635 1761 1813 1797 cognoscat
1835 1756 1983 1787 altiorem
1999 1761 2032 1787 et
2050 1758 2314 1789 communiorem
2338 1758 2479 1790 formam

1401 1809 1501 1840 quam
1523 1800 1565 1831 sit
1587 1799 1693 1832 forma
1715 1801 1813 1832 huius
1836 1801 2037 1842 particularis
2060 1802 2140 1833 boni
2162 1807 2219 1834 aut
2241 1804 2478 1840 convenientis.

1399 1854 1459 1885 per
1482 1854 1581 1885 quam
1605 1845 1727 1876 iudicet
1746 1851 1856 1877 utrum
1881 1846 2113 1878 convenienter
2135 1846 2315 1879 iudicatum
2330 1848 2372 1879 sit
2393 1848 2478 1880 hanc

1399 1898 1469 1919 rem
1485 1890 1712 1930 particularem
1727 1890 1850 1922 bonam
1866 1895 1922 1921 aut
1938 1891 2190 1922 convenientem
2205 1901 2285 1923 esse.
2305 1892 2397 1924 Haec
2419 1902 2478 1924 au-

1399 1938 1467 1964 tem
1495 1934 1705 1965 communior
1736 1933 1842 1965 forma
1869 1944 1938 1965 non
1965 1940 2074 1975 potest
2101 1944 2171 1966 esse
2198 1936 2262 1967 nisi
2288 1936 2358 1977 ipsa
2386 1946 2478 1969 com-

1399 1978 1508 2008 munis
1531 1979 1612 2009 ratio
1642 1978 1723 2008 boni
1750 1984 1806 2009 aut
1833 1979 2068 2016 convenientis,
2097 1988 2182 2020 quae
2209 1979 2282 2011 solo
2310 1981 2478 2013 intellectu

1399 2022 1599 2062 apprehendi
1626 2028 1745 2064 potest.
1779 2022 1857 2054 Ideo
1890 2023 1960 2054 sola
1989 2023 2142 2055 habentia
2170 2025 2372 2056 intellectum
2402 2029 2480 2058 sunt

1398 2066 1490 2097 liberi
1514 2066 1635 2104 iudicii,
1660 2068 1727 2099 sive
1751 2068 1856 2108 seipsa
1879 2067 1920 2098 ad
1942 2067 2155 2100 iudicandum
2177 2075 2323 2102 movent.
2348 2070 2391 2102 Et
2413 2071 2478 2102 hoc

1399 2116 1448 2142 est
1470 2112 1568 2143 huius
1590 2113 1724 2143 rationis
1747 2111 2009 2144 fundamentum.

1456 2165 1486 2188 2.
1511 2155 1576 2188 Sed
1599 2157 1740 2188 occurrit
1763 2157 1901 2189 dubium
1924 2158 2009 2189 circa
2028 2156 2183 2189 ultimum
2202 2168 2419 2200 consequens.
2443 2158 2478 2193 Si

1400 2210 1470 2232 esse
1493 2201 1633 2232 liberum
1656 2202 1690 2232 in
1713 2200 1889 2233 iudicando
1914 2207 1962 2233 est
1988 2201 2127 2233 liberum
2157 2202 2324 2235 arbitrium
2346 2204 2476 2241 habere,

1400 2255 1477 2286 ergo
1500 2246 1640 2277 liberum
1656 2246 1823 2278 arbitrium
1841 2255 1910 2278 non
1926 2247 1986 2278 erit
2007 2245 2094 2277 idem
2111 2246 2203 2287 quod
2225 2248 2295 2289 ipsa
2316 2248 2476 2285 voluntas,

1399 2290 1456 2321 sed
1480 2291 1539 2321 erit
1562 2291 1631 2332 ipse
1651 2290 1848 2322 intellectus:
1873 2292 1951 2333 quia
1973 2290 2134 2322 iudicium
2152 2292 2292 2324 liberum
2315 2298 2364 2324 est
2386 2298 2478 2325 actus

1399 2335 1592 2367 intellectus.
1610 2336 1718 2368 Huius
1734 2341 1844 2367 autem
1859 2337 2052 2377 oppositum
2066 2341 2156 2368 tenet
2167 2336 2304 2368 Sanctus
2320 2337 2477 2375 Thomas,

1399 2380 1603 2421 ubicumque
1627 2380 1667 2412 de
1690 2380 1793 2412 libero
1823 2381 1954 2412 arbitrio
1978 2381 2126 2421 loquitur
2141 2382 2168 2413 ⁹.
2192 2382 2280 2423 Ergo
2309 2381 2402 2423 quod
2424 2383 2477 2415 hic

1400 2425 1518 2456 dicitur
1533 2425 1726 2457 contradicit
1741 2426 1779 2456 iis
1796 2435 1880 2467 quae
1896 2425 1973 2458 alibi
1996 2435 2015 2456 a
2031 2425 2151 2457 Sancto
2167 2425 2299 2458 Thoma
2314 2426 2477 2459 dicuntur.

1457 2468 1509 2501 Ad
1531 2470 1628 2501 huius
1659 2469 1864 2507 evidentiam,
1890 2469 2163 2502 considerandum
2189 2476 2248 2509 est,
2277 2481 2316 2502 ex
2339 2470 2415 2511 QQ.
2438 2471 2479 2503 de

1402 2514 1509 2551 Verit„
1523 2525 1554 2556 q.
1568 2525 1641 2546 xxxv
1650 2515 1678 2552 '',
1696 2514 1796 2555 quod,
1813 2524 1891 2546 cum
1906 2515 2046 2546 liberum
2062 2515 2239 2553 arbitrium,
2256 2524 2316 2557 pro
2332 2516 2479 2557 potentia

1401 2564 1583 2600 acceptum,
1600 2560 1640 2590 sit
1656 2560 1807 2601 potentia
1822 2569 1887 2601 qua
1904 2559 2003 2591 libere
2019 2559 2211 2597 iudicamus,
2228 2560 2400 2601 dupliciter
2414 2561 2480 2592 hoc

1400 2614 1576 2645 possumus
1599 2604 1791 2645 intelligere:
1817 2614 1885 2636 uno
1902 2604 2015 2641 mod0‚
2032 2605 2110 2645 quia
2131 2610 2180 2636 est
2197 2605 2398 2647 principium
2422 2605 2480 2636 eli-

1401 2649 1533 2680 citivum
1557 2649 1642 2680 illius
1666 2655 1757 2680 actus
1773 2659 1874 2690 quem
1894 2648 2032 2680 dicimus
2056 2649 2195 2681 liberum
2218 2649 2392 2687 iudicium
2415 2650 2480 2683 alio

1401 2694 1514 2731 modo,
1531 2695 1609 2735 quia
1625 2700 1672 2725 est
1682 2694 1883 2735 principium
1890 2694 2026 2736 faciens
2042 2693 2223 2726 libertatem
2240 2695 2273 2726 in
2291 2694 2481 2727 iudicando.

1402 2739 1463 2770 Ista
1492 2739 1580 2770 enim
1606 2739 1749 2770 multum
1773 2737 1939 2770 differunt:
1969 2739 2052 2769 sicut
2081 2739 2223 2771 multum
2246 2738 2351 2770 differt
2374 2738 2481 2771 dicere

1401 2783 1645 2825 grammaticam
1669 2793 1739 2814 esse
1756 2783 1958 2824 principium
1983 2782 2159 2815 locutionis
2181 2793 2265 2825 quae
2298 2789 2346 2816 est
2374 2782 2484 2821 recta}

1402 2834 1434 2860 et
1455 2829 1561 2870 ipsam
1589 2837 1658 2859 esse
1680 2828 1889 2869 principium,
1905 2837 1975 2858 non
1998 2828 2184 2866 locutionis,
2201 2828 2258 2859 sed
2278 2828 2483 2860 rectitudinis

1402 2882 1486 2915 quae
1501 2877 1550 2904 est
1565 2873 1598 2903 in
1615 2873 1790 2904 locutione.
1808 2872 1895 2904 Cum
1912 2881 1990 2913 ergo
2007 2872 2146 2904 dicimus
2160 2873 2299 2904 liberum
2314 2873 2483 2905 arbitrium

1403 2927 1472 2949 esse
1488 2918 1671 2958 potentiam
1687 2927 1753 2958 qua
1767 2917 1868 2949 libere
1884 2916 2077 2954 iudicamus,
2094 2927 2163 2949 non
2178 2918 2358 2959 accipimus
2373 2918 2482 2960 primo

1403 2962 1516 2999 modo,
1541 2963 1619 3003 quia
1641 2962 1688 2993 sic
1711 2971 1780 2993 non
1804 2967 1888 2993 esset
1910 2961 1999 2993 idem
2022 2961 2114 3003 quod
2136 2962 2287 2994 voluntas
2314 2961 2373 2994 sed
2399 2967 2484 2994 esset

1402 3007 1595 3044 intellectus,
1613 3012 1649 3038 ut
1664 3007 1867 3047 arguebatur,
1884 3015 1960 3038 cum
1976 3005 2119 3038 iudicare
2134 3005 2175 3038 ad
2191 3006 2394 3038 intellectum
2409 3016 2482 3048 per-

1401 3053 1512 3088 tineat,
1529 3061 1599 3082 non
1614 3051 1655 3083 ad
1671 3051 1887 3083 voluntatem:
1906 3050 1963 3082 sed
1978 3050 2189 3092 intelligimus
2204 3050 2351 3083 secundo
2367 3050 2480 3083 modo.

1404 3097 1445 3128 Et
1468 3097 1514 3127 sic
1541 3095 1692 3127 voluntas
1717 3102 1765 3126 est
1787 3096 1926 3126 liberum
1949 3095 2131 3128 arbitrium:
2157 3096 2234 3136 quia
2254 3096 2325 3136 ipsa
2347 3094 2424 3127 facit
2445 3099 2483 3126 ut

1402 3141 1501 3172 libere
1521 3140 1704 3172 iudicemus
1727 3149 1786 3181 per
1804 3141 1924 3181 ipsam;
1946 3149 2122 3181 possumus
2139 3141 2228 3172 enim
2250 3149 2309 3181 per
2331 3139 2481 3171 volunta·-

1402 3192 1470 3217 tem
1497 3185 1615 3226 eligere
1638 3184 1781 3216 iudicare
1804 3190 1835 3216 et
1859 3194 1928 3216 non
1951 3184 2104 3216 iudicare.

1460 3230 1512 3261 111.
1533 3230 1673 3267 Quarto.
1689 3230 1720 3260 A
1736 3230 1955 3270 conceptione
1968 3229 2141 3261 universali
2153 3238 2222 3261 non
2233 3228 2381 3268 sequitur
2395 3228 2480 3258 actio

1403 3275 1465 3306 nisi
1481 3274 1644 3306 mediante
1661 3274 1921 3315 apprehensione
1938 3274 2131 3315 particulari.
2157 3271 2220 3304 Sed
2235 3271 2418 3303 intellectus
2435 3277 2482 3302 est

1404 3320 1636 3350 universalium
1659 3319 1924 3360 apprehensivus.
1949 3319 2036 3360 Ergo
2060 3327 2099 3349 ex
2114 3316 2372 3358 apprehensione
2387 3316 2481 3348 intel-

1405 3365 1507 3395 lectus
1531 3373 1599 3395 non
1623 3364 1770 3405 sequitur
1793 3369 1904 3394 motus
1926 3363 1988 3394 nisi
2016 3361 2203 3394 universalis
2227 3361 2401 3401 conceptio
2425 3370 2482 3402 ap-

1406 3409 1544 3450 plicetur
1560 3408 1600 3439 ad
1623 3408 1837 3449 particularia.
1861 3406 1927 3439 Sed
1941 3406 2116 3448 applicatio
2137 3405 2364 3445 conceptionis
2387 3405 2481 3437 intel-

1407 3453 1552 3484 lectualis
1576 3458 1683 3494 potest
1699 3452 1770 3484 fieri
1793 3452 1833 3483 ad
1855 3452 1949 3492 plura
1964 3456 1996 3482 et
2011 3449 2174 3481 distincta:
2202 3459 2277 3480 cum
2302 3449 2482 3481 universale

1407 3498 1510 3528 multa
1526 3498 1691 3528 contineat
1714 3497 1748 3528 in
1771 3496 1927 3537 potentia.
1953 3495 2039 3535 Ergo
2056 3493 2214 3525 iudicium
2238 3494 2420 3525 intellectus
2441 3493 2481 3525 de

1409 3543 1578 3582 agibilibus
1602 3552 1671 3573 non
1695 3547 1742 3572 est
1765 3540 2014 3572 determinatum
2038 3538 2079 3569 ad
2102 3548 2216 3569 unum.
2242 3539 2328 3579 Ergo
2353 3544 2413 3569 etc.

1468 3586 1602 3624 Quinto.
1626 3585 1720 3625 Quae
1743 3585 1863 3616 habent
1885 3582 2044 3614 iudicium
2067 3582 2107 3614 de
2131 3582 2262 3624 agendis
2286 3592 2354 3614 non
2378 3582 2481 3614 deter-

1410 3631 1569 3662 minatum
1586 3629 1626 3662 ad
1642 3639 1747 3661 unum
1763 3639 1782 3660 a
1796 3634 1919 3664 natura,
1936 3637 2068 3658 necesse
2085 3633 2132 3658 est
2147 3627 2239 3659 liberi
2261 3628 2382 3658 arbitrii
2402 3637 2480 3658 esse.

1412 3675 1476 3706 Sed
1500 3674 1727 3706 intellectualia
1751 3678 1827 3704 sunt
1854 3671 2052 3703 huiusmodi.
2082 3672 2169 3712 Ergo
2194 3678 2254 3703 etc.
2279 3689 2302 3694 —
2325 3671 2483 3703 Probatur

2505 2385 2611 2408 ·Cf.11².
2626 2391 2722 2412 ωιιπ,

2504 2420 2532 2440 4ς
2556 2411 2577 2435 11
2598 2401 2673 2440 gene..
2698 2411 2721 2435 d.

2505 2445 2622 2494 3¹:123·ae
2628 2438 2724 2494 ἒὶῗὲἶὲἵ

2506 2525 2515 2534 ·
2532 2524 2589 2546 Loe.
2603 2523 2644 2547 eit.
