2768 4134
308 265 379 301 150

301 340 530 375 consideretur,
555 339 599 368 sic
623 346 690 368 non
715 335 878 376 dependet
893 335 932 365 ab
948 335 1008 365 hac
1023 343 1058 364 re
1081 333 1253 369 intellecta,
1270 332 1326 363 sed
1343 338 1374 363 et

300 386 422 425 absque
445 393 482 414 ea
505 387 613 423 potest
635 380 784 420 intelligi:
810 380 887 420 quia
910 389 978 410 non
995 389 1013 409 a
1028 377 1135 419 lapide
1158 377 1372 418 specificatur,

300 429 355 460 sed
378 429 418 458 ab
441 427 577 458 essentia
601 425 709 456 divina
731 425 839 465 primo
864 430 896 454 et
918 433 977 464 per
1003 433 1036 454 se
1066 423 1242 459 intellecta;
1266 427 1374 463 potest

299 479 408 504 autem
431 471 567 511 intelligi
590 469 855 511 unumquodque
878 469 1002 509 absque
1021 477 1062 499 eo
1079 467 1170 508 quod
1185 477 1253 498 non
1269 472 1317 497 est
1333 466 1373 497 de

299 518 422 548 ratione
446 517 525 546 eius.
549 533 573 538 —
595 515 628 546 Si
653 513 798 545 secundo
822 512 936 550 modo,
953 514 998 543 sic
1021 522 1090 543 non
1113 513 1303 543 inconvenit
1327 511 1374 542 di-

299 563 406 593 vinam
423 560 647 601 cognitionem
663 560 703 589 ab
720 559 851 589 obiecto
868 558 1048 589 extrinseco
1068 556 1262 598 dependere.
1287 555 1374 586 Cum

299 607 386 637 enim
402 605 477 636 dico
493 604 635 642 divinam
651 604 906 635 intellectionem
923 608 959 633 ut
974 602 1224 633 intellec-tionem
1246 600 1373 640 lapidis,

299 651 372 682 dico
397 651 608 691 ipsam·cum
637 648 826 679 habitudine
854 647 987 678 rationis
1015 646 1055 677 ad
1081 646 1233 686 lapidem.
1259 645 1373 681 Modo,

298 705 365 727 non
396 700 444 725 est
473 694 708 729 inconveniens
739 693 882 733 aliquem
911 697 1094 731 respectum
1125 690 1258 721 rationis
1280 690 1374 720 intel-

298 741 419 772 lectum
441 739 476 769 in
500 739 572 769 Deo
595 748 615 769 a
638 743 781 769 creatura
806 736 989 777 dependere
1021 736 1055 766 in
1085 736 1210 766 ratione
1233 734 1373 770 termini,

299 791 330 816 et
353 786 422 816 sine
446 793 483 814 ea
506 783 641 823 intelligi
665 792 733 813 non
756 791 868 823 posse:
893 782 976 812 sicut
1005 790 1072 811 non
1102 785 1212 820 potest
1239 779 1374 819 intelligi

299 830 388 860 Deus
403 828 494 870 quod
509 829 549 859 sit
565 829 727 858 Dominus
751 832 925 861 creaturae,
949 835 1017 856 non
1041 824 1203 855 intellecta
1219 829 1372 855 creatura.

354 875 393 905 V.
415 873 535 904 Tertio.
553 873 661 903 Deum
679 872 857 911 intelligere
880 870 1095 911 praeexigitur
1110 868 1224 900 ordine
1240 874 1374 899 naturae

299 919 339 949 ad
363 919 427 949 hoc
451 917 541 958 quod
565 916 753 947 huiusmodi
784 914 996 955 intelligibilia
1019 914 1096 944 sint:
1120 933 1142 937 -
1166 914 1202 950 si,
1226 914 1373 954 inquam,

299 970 462 1004 ponantur
485 962 665 992 subsistere.
690 962 777 1001 Ergo
793 970 861 991 non
877 969 936 1000 per
950 960 1014 989 hoc
1038 959 1140 989 multa
1162 959 1374 999 intelligibilia

299 1008 448 1048 intelligit
463 1006 554 1047 quod
569 1015 627 1047 per
643 1016 676 1036 se
693 1006 828 1036 existant
844 1010 930 1035 extra
953 1013 1040 1034 eum.
1064 1022 1087 1026 -
1110 1003 1269 1035 Probatur
1283 1008 1374 1034 ante-

300 1053 427 1084 cedens.
457 1051 542 1089 Quia
566 1060 696 1081 necesse
721 1051 779 1080 erit
802 1048 990 1080 huiusmodi
1021 1047 1142 1079 formas
1165 1057 1235 1079 esse
1259 1058 1277 1079 a
1300 1048 1373 1079 Deo

300 1103 457 1128 causatas:
483 1105 559 1126 cum
583 1104 682 1126 omne
699 1094 789 1135 quod
806 1100 854 1124 est
869 1099 995 1134 praeter
1018 1094 1190 1124 essentiam
1212 1102 1316 1129 suam,
1334 1094 1374 1124 sit

299 1143 338 1172 ab
354 1142 426 1182 ipso
443 1147 621 1176 causatum,
638 1146 674 1170 ut
690 1139 773 1170 infra
788 1138 986 1170 ostendetur.
1003 1138 1126 1169 Rerum
1142 1144 1252 1169 autem
1276 1147 1373 1169 causa

299 1192 346 1217 est
368 1195 426 1227 per
448 1185 660 1221 intellectum,
685 1190 721 1214 ut
745 1184 841 1214 etiam
866 1183 1064 1214 ostendetur.

353 1229 598 1262 Advertendum
621 1228 712 1270 quod
736 1228 813 1260 dicit
832 1228 969 1259 Sanctus
985 1227 1132 1259 Thomas
1148 1227 1257 1259 Deum
1280 1228 1374 1259 intel-

298 1276 395 1316 ligere
419 1276 499 1306 haec
522 1274 734 1315 intelligibilia
758 1273 919 1314 praeexigi
943 1273 1060 1304 ordine
1083 1278 1224 1304 naturae
1247 1272 1288 1303 ad
1304 1282 1374 1304 esse

296 1322 450 1360 ipsarum,
460 1328 529 1350 non
542 1324 651 1350 autem
661 1318 740 1350 dixit
753 1318 870 1349 ordine
880 1318 1044 1358 temporis.
1057 1317 1144 1356 Quia
1156 1323 1291 1359 possent
1301 1318 1374 1358 qui·

297 1364 372 1396 dem
388 1365 428 1395 ab
444 1369 575 1395 aeterno
587 1373 658 1395 esse
673 1363 862 1404 productae,
875 1369 908 1394 et
923 1363 970 1394 sic
985 1372 1090 1394 unum
1105 1372 1174 1394 non
1191 1368 1274 1394 esset
1285 1364 1374 1403 prius

297 1410 397 1441 altero
413 1409 594 1440 duratione.
615 1408 751 1449 Semper
774 1413 883 1439 tamen
905 1417 1039 1439 necesse
1061 1413 1109 1439 est
1129 1414 1166 1439 ut
1188 1407 1302 1439 ordine
1317 1418 1374 1439 na-

297 1452 387 1486 turae
399 1453 583 1496 praecedat:
602 1454 678 1494 quia
691 1462 786 1484 causa
802 1453 988 1484 naturaliter
1004 1458 1052 1484 est
1066 1453 1155 1494 prior
1167 1462 1228 1484 suo
1245 1452 1373 1484 effectu.

351 1499 405 1530 VI.
433 1499 572 1536 Quarto.
597 1498 795 1539 Sequeretur
818 1498 909 1539 quod
932 1498 1116 1529 intellectus
1139 1498 1201 1529 Dei
1229 1504 1313 1530 esset
1339 1499 1374 1529 in

297 1545 458 1584 potentia;
479 1549 510 1575 et
533 1545 603 1585 ipsa
623 1543 769 1574 similiter
789 1543 1002 1584 intelligibilia
1025 1548 1133 1574 essent
1155 1543 1319 1574 intellecta
1340 1543 1375 1574 in

296 1589 452 1629 potentia.
477 1589 519 1620 Et
542 1589 588 1620 sic
618 1588 775 1629 indigeret
805 1588 916 1629 aliquo
947 1587 1123 1619 reducente
1151 1588 1184 1619 in
1208 1594 1328 1619 actum.
1352 1606 1372 1611 —

297 1634 455 1665 Probatur
478 1634 722 1674 consequentia.
747 1633 834 1671 Quia
856 1639 936 1664 tunc
961 1638 1089 1664 tantum
1117 1633 1301 1664 intellectus
1329 1637 1376 1663 est

297 1679 331 1709 in
347 1684 421 1710 actu
437 1678 570 1719 quando
587 1683 661 1709 actu
677 1677 870 1709 informatur
889 1677 1096 1718 intelligibili;
1120 1684 1152 1708 et
1175 1677 1376 1718 intelligibile

296 1724 331 1754 in
355 1729 439 1760 actu,
465 1723 598 1764 quando
614 1729 663 1754 est
681 1732 785 1754 unum
806 1732 882 1754 cum
906 1722 1088 1760 intellectu;
1113 1722 1246 1764 quando
1266 1728 1376 1754 autem

298 1774 373 1799 sunt
396 1774 549 1809 separata,
574 1774 752 1808 utrumque
768 1773 815 1799 est
831 1768 864 1798 in
888 1768 1048 1808 potentia;
1073 1768 1156 1798 sicut
1171 1773 1260 1808 patet
1279 1768 1376 1798 etiam

297 1814 331 1843 in
355 1822 453 1844 sensu
476 1820 508 1844 et
531 1813 683 1844 sensibili.
1331 1835 1335 1840 .

353 1858 417 1889 Sed
440 1858 568 1890 videtur
590 1857 708 1888 falsum
732 1866 802 1888 esse
826 1857 916 1898 quod
939 1857 1046 1897 inquit
1063 1856 1201 1888 Sanctus
1217 1857 1375 1894 Thomas,

297 1903 466 1943 quoniam,
490 1904 516 1934 si
539 1903 592 1934 illa
615 1902 827 1942 intelligibilia
850 1911 919 1933 non
942 1902 1005 1932 sint
1021 1902 1054 1932 in
1071 1901 1237 1932 intellectu
1253 1902 1375 1939 divino,

297 1953 391 1978 erunt
413 1947 625 1988 intelligibilia
649 1947 682 1977 in
706 1947 863 1987 potentia.
888 1947 974 1977 Dato
991 1947 1079 1977 enim
1094 1946 1187 1987 quod
1200 1947 1312 1978 nullus
1327 1948 1376 1978 in-

295 1992 442 2023 tellectus
475 1992 666 2032 intelligeret
699 1992 891 2022 substantias
923 1996 1094 2031 separatas,
1127 1990 1235 2022 adhuc
1266 1997 1374 2023 tamen

296 2043 402 2068 essent
426 2042 501 2068 actu
525 2036 756 2077 intelligibiles:
781 2036 858 2076 quia
881 2041 1045 2076 separatae
1069 2045 1087 2066 a
1108 2036 1254 2066 materia.

812 257 1000 295 SUMMA
1030 255 1253 294 CONTRA
1282 254 1558 301 GENTlLES,
1589 254 1993 303 CAP.L1,L11,L111.

1482 332 1712 373 Respondemr
1735 333 1827 374 quod
1849 333 1890 365 de
1913 333 2103 365 huiusmodi
2126 333 2306 365 formarum
2321 335 2505 376 intelligibi-

1426 377 1515 408 litate
1531 376 1704 417 dupliciter
1718 377 1812 419 loqui
1827 388 2017 419 possumus:
2039 388 2107 409 uno
2124 378 2237 415 mode,
2254 379 2416 417 absolute;
2441 380 2505 411 alio

1427 421 1541 458 modo,
1564 422 1599 452 in
1623 421 1737 453 ordine
1760 422 1800 454 ad
1823 424 1911 467 hunc
1934 424 2145 455 intellectum.
2170 423 2204 454 Si
2227 423 2375 455 absolute
2390 425 2506 466 loqua—

1427 476 1511 502 mur,
1529 466 1626 497 etiam
1649 467 1675 497 si
1698 467 1828 498 nullum
1850 469 2053 500 intellectum
2069 468 2258 504 informent,
2275 474 2351 499 sunt
2366 475 2443 501 actu
2456 471 2506 501 in-

1426 510 1618 551 telligibiles.
1643 510 1678 542 Si
1704 517 1816 543 autem
1843 513 1879 544 in
1905 513 2021 545 ordine
2047 513 2088 544 ad
2115 513 2317 544 intellectum
2346 513 2505 551 divinum,

1427 557 1484 592 sic,
1512 556 1539 586 si
1561 556 1671 596 ipsum
1692 565 1762 587 non
1785 555 1973 595 infiormant,
1997 564 2073 590 sunt
2094 558 2277 589 intellectae
2300 559 2334 589 in
2360 560 2508 599 potentia

1428 601 1468 631 ab
1490 601 1579 640 ipso:
1604 600 1688 631 sicut
1710 607 1742 631 et
1763 601 1947 634 intellectus
1969 613 2040 634 non
2062 603 2246 644 intelligens
2268 603 2378 643 aliqua
2398 609 2508 645 potest

1428 645 1563 686 quidem
1578 654 1648 675 esse
1668 651 1744 676 actu
1766 646 1951 688 intelligens
1972 648 2132 685 absolute,
2156 648 2218 679 alia
2240 647 2392 679 videlicet
2413 649 2508 680 intel-

1427 689 1571 730 ligendo,
1595 699 1664 720 non
1689 695 1737 721 est
1758 695 1868 721 tamen
1898 697 1974 723 actu
2002 699 2153 733 respectu
2184 702 2298 724 eorum
2323 702 2408 734 quae
2438 703 2508 725 non

1427 734 1587 774 intelligit.
1747 761 1750 764 .
2069 758 2082 763 .,

1484 778 1621 816 Quinto.
1646 779 1852 810 Intellectum
1875 786 2007 821 oportet
2029 782 2156 812 essein
2178 783 2389 823 intelligente.
2420 783 2508 824 Ergo

1427 834 1496 855 non
1519 823 1639 855 sufficit
1661 834 1785 865 ponere
1808 823 1930 856 formas
1943 825 2132 856 intellectas
2148 832 2236 858 extra
2249 828 2371 865 Deum,
2387 828 2428 859 ad
2444 829 2509 859 hoc

1427 874 1464 900 ut
1486 869 1654 909 intelligat.
1895 889 1897 891 ·
1982 894 1985 896 .

1483 913 1581 944 ·vu.
1606 913 1715 945 Tertia
1736 914 1906 946 conclusio
1930 919 1993 945 est:
2015 915 2091 945 Non
2102 919 2212 955 potest
2229 918 2312 956 poni
2334 918 2508 949 mltitudo

1428 959 1682 1000 intelligibilium
1706 959 1740 990 in
1763 959 1831 990 ulio
1855 959 2022 994 intellectu
2042 960 2362 1001 praeter-divinum,
2382 963 2426 994 ad
2447 963 2510 994 hoc

1428 1009 1464 1035 ut
1478 1013 1499 1034 a
1514 1004 1586 1034 Deo
1604 1004 1844 1046 intelligantur.
1868 1004 2028 1035 Probatur
2051 1004 2174 1036 eisdem
2195 1006 2376 1038 rationibus
2389 1008 2509 1048 quibus

1426 1049 1565 1090 probata
1586 1054 1636 1079 est
1658 1049 1855 1089 praecedens
1879 1050 2061 1081 conclusio.
2086 1049 2187 1086 Tum,
2206 1050 2353 1091 inquam,
2370 1052 2447 1092 quia
2462 1053 2510 1084 di-

1427 1094 1523 1125 vinus
1545 1093 1729 1124 intellectus
1752 1099 1914 1135 quantum
1936 1094 1977 1125 ad
2000 1094 2144 1135 aliquam
2167 1105 2260 1126 suam
2283 1097 2510 1137 operationem

1428 1138 1627 1180 dependeret
1649 1139 1689 1169 ab
1713 1138 1826 1180 aliquo
1857 1140 2030 1180 posteriori
2058 1140 2238 1172 intellectu.
2262 1158 2286 1163 —
2308 1141 2408 1173 Tum.
2421 1142 2509 1183 quia,

1427 1184 1511 1214 sicut
1533 1192 1643 1214 rerum
1667 1184 1922 1221 subsistentium,
1939 1184 1986 1215 ita
2009 1190 2041 1215 et
2061 1194 2171 1216 rerum
2187 1194 2272 1226 quae
2292 1191 2368 1218 sunt
2382 1187 2417 1218 in
2429 1187 2509 1223 alio,

1427 1229 1518 1259 Deus
1537 1233 1586 1259 est
1608 1237 1706 1259 causa
1724 1238 1783 1269 per
1805 1229 2018 1260 intellectum.
2042 1229 2146 1261 Ensis
2162 1235 2294 1271 oportet
2308 1231 2401 1272 quod
2416 1232 2511 1263 intel-

1427 1273 1527 1314 ligere
1550 1273 1613 1304 Dei
1635 1282 1749 1304 earum
1772 1283 1843 1305 esse
1865 1273 2038 1315 praecedat
2060 1275 2258 1307 naturaliter.
2279 1293 2304 1298 —
2327 1275 2417 1307 Tum
2433 1277 2511 1318 quia

1428 1317 1557 1350 divinus
1568 1318 1753 1350 intellectus
1768 1324 1853 1350 esset
1868 1319 1902 1350 in
1917 1319 2076 1360 potentia.
2091 1337 2116 1343 -
2130 1319 2220 1352 Tum
2231 1321 2310 1361 quia
2320 1330 2390 1353 non
2401 1327 2511 1362 potest

1428 1373 1498 1394 esse
1521 1363 1614 1403 quod
1643 1363 1759 1404 aliquis
1789 1363 1974 1395 intellectus
1999 1363 2045 1395 ad
2074 1364 2279 1405 operandum
2308 1365 2510 1408 disponant,

1428 1408 1551 1439 scilicet
1574 1407 1714 1439 formam
1741 1407 1893 1440 habendo
1923 1409 2170 1450 intelligibilem,
2199 1416 2232 1442 et
2257 1410 2340 1442 alius
2370 1420 2510 1453 exequa-

1428 1459 1494 1490 tur;
1519 1452 1575 1483 sed
1602 1459 1734 1494 oportet
1760 1459 1798 1484 ut
1823 1453 1912 1485 idem
1939 1453 2132 1494 disponatur
2153 1460 2187 1486 et
2208 1461 2403 1496 exequatur;
2427 1456 2511 1488 sicut

1428 1498 1694 1539 unumquodque
1717 1503 1765 1529 est
1780 1507 1839 1540 per
1857 1499 2029 1530 essentiam
2045 1508 2149 1536 suam,
2164 1509 2235 1531 non
2257 1509 2317 1542 per
2339 1501 2511 1532 essentiam

1429 1543 1569 1574 alterius.
2383 1561 2387 1564 «
2434 1561 2437 1563 <

1485 1587 1626 1619 Adverte
1649 1587 1742 1628 quod
1760 1588 1866 1620 voluit
1881 1598 2071 1630 comparare
2087 1589 2225 1621 Sanctus
2240 1589 2387 1622 Thomas
2402 1599 2511 1622 asen—

1429 1633 1509 1664 tiam
1523 1633 1570 1664 rei
1586 1638 1618 1663 et
1634 1632 1774 1664 formam
1789 1633 2026 1674 intelligibilem
2041 1635 2332 1676 proportionaliter
2344 1635 2380 1668 in
2396 1635 2510 1667 ordine

1429 1677 1470 1709 ad
1493 1687 1564 1709 esse
1588 1683 1620 1709 et
1642 1677 1832 1719 intelligere.
1857 1678 1949 1710 Sicut
1972 1679 2060 1710 enim
2080 1679 2260 1721 unicuique
2275 1685 2325 1711 est
2339 1681 2510 1721 proprium

1429 1732 1510 1759 esse,
1526 1724 1571 1753 ita
1587 1728 1619 1754 et
1634 1723 1766 1764 propria
1782 1724 1942 1764 operatio.
1966 1723 2045 1755 Ideo
2064 1724 2348 1765 quemadmodum
2363 1734 2399 1757 se
2413 1725 2511 1757 habet

1429 1777 1479 1798 res
1503 1767 1543 1799 ad
1566 1767 1816 1808 dispositionem
1832 1767 1969 1805 adesse,
1985 1769 2029 1800 ita
2044 1769 2086 1800 ad
2108 1769 2359 1810 dispositione-
2374 1769 2416 1801 ad
2430 1779 2511 1812 ope—

1428 1813 1599 1844 rationem.
1624 1813 1772 1844 Essentia
1793 1818 1914 1850 autem,
1931 1823 2031 1855 quam
2049 1815 2264 1855 consequitur
2281 1824 2362 1852 oese,
2377 1824 2448 1847 non
2463 1821 2512 1847 est

1428 1858 1462 1888 in
1478 1858 1543 1888 alio
1559 1858 1600 1889 ab
1616 1858 1756 1889 habente
1771 1867 1852 1895 esse,
1868 1858 1926 1890 sed
1948 1868 2016 1899 perv
2030 1860 2254 1891 essentiamin
2268 1869 2303 1891 se
2319 1860 2511 1893 &sm

1429 1911 1479 1933 res
1502 1908 1560 1933 est.
1586 1901 1663 1933 ldeo
1687 1907 1720 1933 et
1742 1901 1848 1934 forma
1871 1912 1971 1944 quam
1994 1904 2208 1945 consequitur
2229 1904 2420 1942 intellectio,
2440 1914 2511 1939 m

1430 1953 1477 1978 est
1493 1947 1527 1978 in
1543 1947 1607 1978 alio
1624 1947 1664 1978 ab
1680 1947 1753 1988 ipso
1770 1947 1979 1988 intelligente.
1995 1966 2020 1971 —
2034 1948 2217 1987 Quomodo
2239 1954 2351 1981 autem
2370 1948 2512 1984 fom-

1429 2001 1513 2032 quae
1537 1997 1586 2023 est
1608 1992 1808 2033 principium
1831 1993 2033 2034 operationis
2057 1999 2189 2035 oportet
2203 2003 2274 2026 esse
2289 1994 2324 2026 in
2344 1999 2511 2036 operante,

1429 2035 1564 2068 inferius
1579 2037 1597 2054 ⁴
1621 2036 1821 2068 ostendetur.
2466 2067 2470 2070 .

1375 2159 1429 2204 m.

555 2328 1042 2385 CAPITULUM
1079 2328 1836 2407 QUINQUAGESIMUM
1872 2327 2257 2386 TERTIUM

1095 2448 1124 2478 Α
1153 2455 1224 2486 i4v
1270 2447 1291 2478 b
1315 2456 1406 2488 marg
1428 2447 1479 2478 inf
1503 2448 1573 2479 sine
1596 2448 1702 2479 titulo.

815 2538 1083 2580 SOLUTIO
1117 2538 1509 2581 PRAEMISSAE
1542 2539 1983 2582 DUBITATIONIS

314 2684 323 2697 ι
384 2694 394 2704 ,
506 2681 678 2708 RAEMISSA
706 2677 838 2707 autern
870 2668 1059 2706 dubitatio
1086 2668 1244 2707 faciliter
1270 2669 1368 2707 solvi

518 2730 644 2774 potest
672 2722 703 2760 si
732 2722 932 2772 diligenter
954 2721 1178 2772 inspiciatur
1205 2723 1370 2774 qualiter

306 2803 331 2819 ,,
519 2789 580 2815 res
608 2776 819 2815 intellectae
847 2776 887 2814 in
915 2776 1108 2814 intellectu
1137 2776 1310 2815 existant.

374 2829 378 2836 ’
573 2831 622 2869 Et
645 2838 687 2868 ut
710 2830 760 2868 ab
784 2830 976 2869 intellectu
1004 2838 1138 2868 nostro
1166 2831 1215 2868 ad
1245 2830 1367 2869 divini

1423 2669 1662 2721 principium
1682 2670 1946 2709 intellectualis
1964 2671 2202 2722 operationis
2220 2681 2264 2710 ut
2290 2672 2428 2721 forma,
2448 2682 2506 2712 est

1424 2723 1636 2762 similitudo
1666 2723 1777 2763 illius.

1477 2777 1644 2816 Ulterius
1663 2785 1796 2817 autem
1810 2778 2141 2818 considerandum
2160 2787 2217 2818 est
2230 2780 2339 2831 quod
2359 2779 2504 2820 intelle-

1422 2839 1518 2879 ctus,
1534 2844 1605 2882 per
1623 2832 1795 2882 speciem
1809 2831 1864 2870 rei
1881 2832 2083 2881 formams,
2097 2832 2348 2883 intelligendo
2362 2834 2504 2874 format

291 2884 504 2922 intellectus
531 2883 805 2933 cognitionem,
829 2891 946 2934 prout
974 2891 1030 2921 est
1053 2884 1247 2934 possibile,
1276 2897 1366 2935 pro·
1390 2898 1399 2918 ε
1422 2884 1462 2922 in
1491 2885 1619 2936 seipso
1657 2886 1859 2936 quandam
1896 2886 2152 2926 intentionem
2185 2887 2241 2925 rei
2278 2886 2502 2935 intellectae,

291 2938 489 2986 cedamus,
519 2937 848 2976 considerandum
881 2945 938 2975 est
970 2938 1079 2988 quod
1112 2949 1172 2976 res
1200 2938 1367 2976 exterior
1421 2950 1524 2989 quae
1543 2947 1601 2977 est
1623 2939 1719 2977 ratio
1740 2939 1872 2991 ipsius,
1893 2952 2015 2992 quam
2034 2940 2223 2990 significat
2240 2940 2429 2980 definitio.
2454 2942 2504 2980 Et

291 2991 480 3030 intellecta
508 3003 531 3030 a
558 2990 673 3030 nobis
698 2991 738 3029 in
761 2991 953 3029 intellectu
982 2999 1115 3030 nostro
1139 3003 1220 3029 non
1244 2991 1366 3031 existit
1422 2993 1500 3031 hoc
1518 2992 1680 3044 quidem
1708 2993 1972 3033 necessarium
1996 3002 2068 3033 est:
2093 3006 2142 3033 eo
2161 2995 2271 3046 quod
2289 2994 2503 3035 intellectus

291 3045 510 3084 secundum
538 3044 739 3096 propriam
767 3053 960 3091 naturam,
985 3045 1053 3084 sed
1076 3053 1228 3096 oportet
1256 3046 1365 3096 quod
1422 3045 1591 3096 intelligit
1624 3046 1888 3087 indifferenter
1914 3060 1998 3087 rem
2027 3048 2230 3088 absentem
2257 3056 2294 3087 et
2320 3055 2502 3102 praesen-

291 3099 438 3149 species
466 3098 550 3137 eius
573 3098 620 3137 sit
647 3098 688 3136 in
707 3098 900 3137 intellectu
924 3106 1068 3147 nosti-0,
1088 3111 1159 3149 per
1181 3111 1303 3150 quam
1322 3099 1366 3138 fit
1421 3108 1511 3147 tem,
1533 3099 1572 3138 in
1601 3112 1683 3151 quo
1711 3112 1805 3139 cum
1833 3101 2026 3141 intellectu
2054 3101 2278 3152 imaginatio
2298 3101 2499 3148 convenia

290 3152 502 3191 intellectus
519 3152 571 3190 'in
603 3160 702 3190 actu.
738 3151 915 3190 Existens
943 3160 1075 3190 autem
1112 3152 1151 3190 in
1179 3161 1268 3190 actu
1295 3165 1367 3203 per
1382 3170 1408 3186 ιο
1421 3153 1490 3192 sed
1528 3154 1742 3192 intellectus
1769 3155 1848 3193 hoc
1880 3155 2049 3206 amplius
2086 3156 2216 3203 habet,
2244 3156 2354 3206 quod
2382 3154 2500 3193 etiam

291 3205 518 3244 huiusmodi
543 3206 714 3257 speciem
738 3205 835 3244 sicut
857 3217 929 3256 per
955 3205 1153 3256 propriam
1171 3203 1363 3254 formam,
1421 3206 1592 3256 intelligit
1611 3219 1695 3246 rem
1714 3215 1758 3246 ut
1781 3216 2000 3259 separatam
2023 3221 2047 3247 a
2069 3208 2360 3248 conditionibus
2378 3215 2500 3247 mate-

291 3259 460 3310 intelligit
483 3271 567 3298 rem
590 3259 729 3310 ipsam.
753 3259 848 3298 Non
872 3267 1004 3298 autem
1028 3259 1079 3297 ita
1106 3260 1215 3310 quod
1234 3260 1365 3310 ipsum
1421 3260 1590 3309 rialibus,
1611 3261 1694 3299 sine
1723 3261 1868 3313 quibus
1886 3262 1927 3300 in
1946 3274 2079 3301 rerum
2098 3269 2236 3301 natura
2255 3273 2337 3300 non
2357 3261 2497 3308 existit;

291 3312 497 3362 intelligere
521 3313 567 3351 sit
590 3313 690 3352 actio
714 3312 904 3352 transiens
932 3312 972 3351 in
1000 3312 1247 3361 intellectum,
1268 3313 1365 3352 sicut
1420 3322 1457 3353 et
1477 3315 1554 3354 hoc
1571 3327 1655 3354 non
1673 3323 1804 3366 posset
1822 3328 1907 3355 esse
1931 3315 2007 3356 nisi
2034 3315 2247 3355 intellectus
2275 3315 2348 3354 sibi
2376 3316 2499 3355 inten-

292 3366 485 3405 calefactio
508 3367 641 3406 transit
664 3366 704 3405 in
728 3366 966 3413 calefactum,
992 3366 1059 3405 sed
1084 3375 1216 3405 manet
1239 3367 1279 3405 in
1308 3367 1364 3406 in·
1420 3367 1569 3407 tionem
1594 3368 1832 3419 praedictam
1860 3369 2056 3409 formaret.

291 3419 494 3468 telligente:
516 3421 582 3458 sed
608 3421 725 3459 habet
748 3420 974 3458 relationem
1001 3420 1049 3458 ad
1074 3432 1157 3458 rem
1182 3433 1283 3470 quae
1308 3420 1364 3459 in·
1381 3439 1403 3460 ις
1475 3422 1582 3460 Haec
1610 3430 1742 3461 autem
1770 3422 1932 3461 intentio
1959 3422 2158 3471 intellecta,
2187 3435 2281 3461 cum
2309 3423 2355 3461 sit
2387 3424 2498 3475 quasi

292 3472 477 3522 telligitur,
499 3486 543 3511 ex
574 3486 622 3512 eo
646 3474 754 3525 quod
780 3473 929 3526 species
947 3474 1154 3524 praedicta,
1179 3486 1280 3525 quae
1310 3482 1365 3512 est
1419 3475 1609 3514 terminus
1624 3475 1866 3526 intelligibilis
1880 3475 2127 3526 operationis,
2143 3484 2200 3514 est
2214 3476 2318 3516 aliud
2333 3489 2356 3515 a
2370 3476 2499 3528 specie

348 3585 379 3611 13
398 3586 423 3611 in
443 3587 602 3614 intellectum
621 3589 796 3622 EWpGszg
815 3590 841 3615 in
859 3597 917 3615 rem
940 3589 1107 3616 intellectam.

294 3620 326 3646 15
346 3620 402 3654 sed]
422 3627 447 3647 et
466 3622 535 3648 zea.

345 3664 363 3688 4
382 3656 506 3691 speciem]
521 3659 620 3691 species
634 3659 726 3686 GWY.
812 3660 829 3686 6
842 3660 874 3686 Et
888 3660 948 3694 hoel
961 3660 999 3686 Ex
1014 3660 1065 3687 hoc
1079 3660 1190 3694 wpoY.

1200 3597 1233 3622 ¹4
1252 3595 1339 3616 mmet
1365 3591 1390 3615 ln
1413 3591 1580 3626 intelligente]
1608 3592 1634 3618 in
1662 3591 1721 3626 ipso
1745 3596 1833 3619 maaet
1858 3597 1950 3625 agente
1974 3591 2004 3624 z,
2024 3597 2112 3618 manet
2137 3591 2164 3618 ia
2186 3592 2246 3626 ipso
2270 3591 2431 3626 intelligente
2449 3592 2498 3618 ΡΑ.

1279 3668 1290 3687 ι
1298 3669 1307 3687 1
1325 3667 1354 3687 ut
1365 3669 1408 3687 om
1423 3662 1471 3688 αΕ.
1559 3670 1569 3688 ι
1577 3662 1591 3688 3
1606 3663 1655 3689 sibi
1667 3662 1711 3689 ln'e
1723 3663 1745 3688 Α
1759 3663 1844 3693 notun
1856 3666 1921 3695 pose
1936 3664 2095 3697 praedictam
2108 3664 2137 3696 z,
2146 3667 2212 3697 post
2223 3663 2393 3690 simeonem
2405 3664 2498 3690 ceteri.

2537 918 2546 948 ζ’
2563 916 2603 948 *Ca
2622 933 2628 939 .
2647 923 2689 939 ul.
2714 917 2752 940 cf.

2537 947 2587 966 lmt.
2624 949 2738 967 omnent.

2539 2016 2550 2026 ⁶
2563 2015 2602 2038 Ct-
2616 2021 2638 2039 e.
2653 2021 2716 2044 ιαμ
2732 2019 2758 2038 et

2541 2042 2580 2065 lib.
2590 2041 2620 2070 u,
2631 2048 2652 2065 c.
2657 2048 2728 2065 ultr.
