2768 4134
21 3081 222 3131 zita-zm*

291 263 364 310 154

283 341 323 372 ad
346 346 464 376 actum,
489 339 575 370 idem
600 343 647 368 est
670 336 760 379 quod
783 338 872 378 prius
895 337 992 367 habet
1022 346 1090 368 esse
1118 336 1358 388 imperfectum,

283 392 314 416 et
336 390 449 425 postea
472 383 663 424 perfectum.
689 382 868 423 Intelligere
892 387 1001 412 autem
1024 389 1094 412 non
1117 387 1164 412 est
1189 387 1279 412 actus
1298 382 1359 412 im·

281 429 424 471 perfecti,
441 427 497 458 sed
520 427 655 468 perfecti
679 433 711 458 et
734 427 898 458 existentis
914 427 948 457 in
964 432 1049 457 actu.
1074 427 1116 457 Et
1136 436 1205 457 non
1224 435 1358 468 compa-

280 480 366 505 ratur
386 473 426 504 ad
450 473 585 503 verbum
609 473 693 503 sicut
710 472 762 502 via
783 471 823 503 ad
839 472 982 512 seipsum
999 472 1059 502 sub
1076 476 1145 502 esse
1161 470 1357 512 perfectiori,

278 524 335 549 aut
357 519 440 548 sicut
467 516 695 558 imperfectum
727 517 767 547 ad
796 516 992 558 perfectum.
1017 516 1073 547 sed
1097 517 1180 547 sicut
1203 522 1293 547 actus
1317 516 1357 547 ad

277 564 445 594 obiectum
467 562 502 592 in
526 571 595 593 esse
619 562 792 598 obiectivo,
809 567 864 593 aut
885 562 982 592 etiam
1004 562 1038 592 in
1063 570 1131 592 esse
1154 561 1356 592 immateriali

277 608 502 644 constitutum,
529 613 560 638 et
586 607 761 638 terminans
785 607 1021 647 operationem.
1047 606 1223 637 Obiectum
1246 611 1356 636 autem

277 653 420 693 primum
444 652 642 692 operationis
665 652 873 682 immanentis
896 661 964 682 non
989 656 1036 681 est
1058 652 1128 691 ipsa
1151 651 1309 692 operatio.

333 697 409 728 Non
433 697 539 727 obstat
562 702 671 728 autem
696 696 787 727 dictis
812 696 903 736 quod
925 696 1032 736 inquit
1052 695 1188 726 Sanctus
1209 696 1355 726 Thomas

275 742 358 778 Pot„
383 751 414 783 q.
431 751 496 778 vm,
522 752 550 772 a.
572 750 599 778 1,
623 742 781 782 quoniam
815 741 946 772 verbum
975 750 1041 771 non
1065 745 1114 771 est
1135 740 1354 771 extrinsecum

275 787 316 817 ab
340 787 410 827 ipso
435 787 629 828 intelligere,
647 796 684 817 eo
701 786 789 827 quod
805 796 870 816 non
890 786 995 826 possit
1018 786 1175 826 compleri
1189 785 1260 815 sine
1284 785 1353 825 ipso

275 832 384 862 verbo.
409 832 535 862 Dicitur
558 832 646 862 enim
671 831 761 871 quod
784 830 933 870 intelligit
955 830 1090 860 verbum
1119 839 1187 860 esse
1220 829 1354 870 quidem

275 876 398 917 aliquid
422 886 479 916 per
503 882 611 907 actum
632 875 831 916 intelligendi
848 875 1056 916 productum,
1074 875 1113 904 ab
1129 871 1269 915 ipsoque
1285 884 1353 905 rea-

275 921 346 952 liter
369 920 566 957 distinctum,
583 920 640 951 sed
663 926 771 951 tamen
795 921 855 950 sibi
879 921 1090 950 intrinsecum
1114 929 1183 950 esse
1208 925 1240 950 et
1263 919 1353 950 colli-

274 972 400 1006 gatum,
414 971 445 996 et
457 965 497 996 de
509 966 578 996 eius
595 966 730 996 essentia
746 971 901 1005 tanquam
918 964 950 995 in
967 964 1104 1004 obliquo
1120 970 1351 995 connotatum:

274 1012 358 1042 sicut
381 1011 537 1041 terminus
560 1010 664 1041 lineae
695 1009 804 1040 finitae
836 1015 883 1040 est
913 1010 1105 1040 intrinsecus
1129 1009 1233 1040 lineae
1257 1015 1289 1040 et
1312 1009 1352 1040 de

273 1057 343 1086 eius
367 1055 514 1091 essentia,
538 1055 571 1085 in
596 1055 733 1094 obliquo
757 1059 876 1090 tamen,
901 1054 976 1085 licet
999 1064 1017 1084 a
1040 1054 1124 1084 linea
1155 1050 1283 1085 realiter
1304 1054 1353 1085 di-

272 1101 461 1140 stinguatur.
487 1099 596 1138 Quem
620 1108 752 1130 sensum
776 1099 831 1129 dat
853 1099 1031 1139 intelligere
1055 1108 1131 1134 cum
1155 1098 1254 1135 addit,
1271 1109 1351 1141 quo-

272 1145 360 1175 niam
383 1145 502 1185 absque
519 1144 614 1174 verbo
634 1144 791 1184 compleri
815 1154 880 1174 non
900 1149 1030 1184 potest:
1052 1145 1144 1184 quasi
1168 1143 1267 1175 dicat.
1292 1144 1353 1175 Est

270 1190 398 1230 quidem
415 1189 508 1220 aliud
523 1189 563 1219 ab
575 1194 650 1219 actu
668 1189 881 1230 intelligendi,
896 1189 939 1219 ad
955 1189 1224 1229 complementum
1242 1194 1349 1220 tamen

270 1239 362 1264 actus
386 1234 543 1275 exigitur,
568 1234 645 1274 quia
670 1242 735 1263 non
760 1239 843 1264 esset
865 1234 929 1264 nisi
952 1234 1110 1264 existente
1134 1234 1241 1269 verbo,
1266 1235 1351 1266 sicut

271 1279 354 1309 linea
377 1278 466 1309 finita
490 1287 557 1309 non
582 1283 666 1309 esset
688 1287 756 1308 non
782 1279 937 1309 existente
960 1279 1111 1310 termino.

823 258 1012 296 SUMMA
1042 258 1267 295 CONTRA
1295 257 1573 306 GENTlLES,
1604 258 1716 296 CAP.
1737 260 1830 308 LII-I,
1851 261 1948 297 LIV.

1470 337 1523 367 lx.
1547 335 1600 368 Ad
1623 338 1745 368 motiva
1768 338 1858 370 Scoti
1882 348 1966 391 quae
1990 344 2065 370 sunt
2089 344 2202 370 contra
2224 340 2308 371 hanc
2339 339 2491 372 determi-

1412 382 1580 414 nationem
1593 382 1610 398 ⁴*
1613 381 1767 417 ‚diciturz
1792 383 1832 414 ad
1855 385 1999 424 primum
2015 383 2149 424 quidem
2165 384 2267 424 quod,
2275 385 2359 416 licet
2372 381 2527 418 intelli-

1411 436 1497 469 gere,
1514 431 1551 456 ut
1567 431 1614 457 est
1629 426 1727 457 huius
1739 427 1968 481 intelligentis,
1992 429 2127 469 intelligi
2150 429 2254 469 possit
2275 429 2399 471 absque
2414 440 2490 472 pro-

1411 471 1566 504 ductione
1578 471 1677 508 verbi,
1691 472 1768 512 quia
1779 481 1848 503 non
1860 474 1968 504 omnis
1979 473 2162 514 intelligens
2179 473 2331 514 producit
2342 475 2489 511 verbum,

1411 523 1447 548 ut
1470 520 1560 557 patet
1581 525 1659 546 cum
1681 516 1716 547 in
1739 515 1856 548 divinis
1875 515 1958 549 Filio
1975 528 2013 549 ac
2028 518 2162 559 Spiritui
2177 518 2297 550 Sancto
2312 520 2490 561 intelligere

1411 561 1608 596 attribuitur;
1633 560 1780 592 absolute
1803 567 1923 605 tamen,
1948 569 2107 604 quantum
2131 563 2171 594 ad
2194 571 2288 594 suarn'
2311 565 2488 600 entitatem,

1410 606 1545 646 intelligi
1568 606 1637 636 sine
1660 606 1761 636 verbo
1777 615 1847 637 non
1861 603 1979 650 potest,
1997 617 2073 639 cum
2097 609 2233 640 verbum
2256 609 2417 640 rationem
2433 610 2490 641 ha-

1410 652 1484 682 beat
1498 650 1629 681 termini
1644 650 1809 682 intrinseci
1831 651 2071 684 intellectionis.
2095 653 2138 684 Et
2152 654 2198 685 sic
2215 654 2311 685 etiam
2327 663 2386 695 per
2399 654 2489 686 illam

1409 696 1576 727 entitatem
1600 701 1684 735 quae
1709 700 1757 726 est
1782 695 1959 727 intellectio
1986 694 2105 735 divina,
2129 698 2321 739 producitur
2343 699 2488 731 Verbum

1409 741 1566 776 divinum,
1590 740 1667 770 licet
1689 749 1758 771 non
1781 745 1819 771 ut
1840 745 1900 780 per
1921 741 2026 781 ipsam
2048 743 2198 784 intelligit
2220 744 2321 775 Filius
2345 750 2400 776 aut
2416 744 2489 786 Spi-

1408 786 1487 816 ritus
1511 785 1658 816 Sanctus.

1462 829 1514 861 Ad
1537 829 1720 861 secundum
1743 829 1862 861 dicitur
1877 829 1969 870 quod
1984 838 2043 871 per
2058 832 2223 864 actionem
2240 834 2486 871 immanentem,

1406 880 1443 906 ut
1455 876 1511 911 sic,
1524 875 1604 905 nihil
1616 874 1809 915 producitur
1824 874 1916 915 quod
1931 875 1972 906 sit
1983 881 2072 907 extra
2087 878 2268 921 potentiam
2281 884 2485 919 operantem:

1406 920 1463 951 sed
1486 926 1596 950 tamen
1620 919 1759 960 produci
1783 925 1892 960 potest
1915 919 2037 960 aliquid
2069 921 2161 961 quod
2183 922 2218 952 in
2240 923 2311 963 ipsa
2340 925 2487 964 potentia

1406 970 1545 995 maneat.
1570 965 1612 995 Et
1635 965 1695 995 hac
1711 965 1844 996 ratione
1867 964 1985 996 dicitur
2000 970 2091 996 actus
2106 966 2255 997 ultimus.
2273 968 2350 1008 quia
2365 969 2487 1000 scilicet

1407 1019 1445 1040 ex
1461 1010 1531 1050 ipsa
1549 1017 1623 1040 ιιοιι
1635 1015 1823 1050 expectatur
1839 1009 1985 1050 aliquid
1977 1020 2011 1041 ιιι
2028 1011 2245 1042 extrinsecum
2269 1013 2395 1052 patiens
2410 1023 2486 1054 pro-

1406 1054 1542 1086 ductum
1565 1054 1658 1095 quod
1681 1055 1722 1085 sit
1744 1055 1814 1086 eius
1837 1054 1922 1091 finis,
1945 1055 2031 1086 sicut
2054 1055 2194 1086 accidit
2185 1065 2220 1087 m
2241 1058 2486 1097 operationibus

1405 1100 1656 1130 transeuntibus.
1681 1099 1746 1132 Sed
1775 1100 1974 1141 productum
2001 1109 2059 1141 per
2088 1101 2186 1132 talem
2213 1102 2376 1134 actionem
2400 1102 2487 1134 ordi-

1405 1149 1500 1175 natur
1522 1145 1555 1175 in
1579 1145 1684 1185 ipsam
1707 1146 1872 1176 actionem
1895 1150 2051 1186 tanquam
2075 1146 2109 1176 in
2125 1145 2243 1177 finem:
2269 1155 2345 1177 cum
2365 1144 2486 1178 adhoc

1404 1188 1604 1229 producatur
1618 1194 1656 1220 ut
1671 1190 1820 1230 operatio
1837 1189 1878 1221 ad
1893 1199 1991 1221 suum
2007 1191 2175 1221 obiectum
2191 1192 2355 1222 terminari
2372 1193 2485 1243 possit.

1405 1234 1501 1265 Istam
1517 1235 1817 1286 interpretationem
1833 1235 1928 1275 ponit
1942 1234 2080 1266 Sanctus
2093 1235 2240 1267 Thomas
2251 1235 2368 1272 Prima,
2380 1246 2412 1277 q.
2423 1247 2484 1272 mv,

1404 1289 1432 1309 a.
1448 1289 1478 1315 2,
1502 1280 1529 1310 si
1552 1278 1723 1320 diligenter
1745 1279 1977 1311 consideretur.

1347 1403 1401 1445 ψ.

517 1581 1002 1639 CAPITULUM
1039 1582 1790 1660 QUINQUAGESIMUM
1828 1581 2240 1660 QUARTUM

1134 1710 1164 1740 A
1194 1719 1263 1749 14v
1302 1710 1379 1750 b42
1414 1710 1483 1741 sine
1507 1709 1613 1741 titulo.

393 1809 740 1862 QUALITER
775 1810 1014 1851 DIVINA
1050 1810 1382 1852 ESSENTIA
1417 1810 1555 1852 UNA
1590 1809 1923 1851 EXISTENS
1957 1808 2042 1850 ET
2076 1808 2366 1850 SIMPLEX

580 1881 675 1923 SIT
697 1881 963 1922 PROPRIA
988 1880 1347 1922 SIMILITUDO

282 2052 294 2059 κ
461 2025 506 2050 Ει)
536 2025 669 2050 ιιιι5ιι5
698 2012 851 2051 difficile
873 2014 933 2050 vel
963 2012 1201 2064 impossibile
1230 2012 1343 2051 alicui

292 2064 303 2077 '
346 2063 444 2121 '‘²⁶2‘ss
473 2066 594 2104 videri
624 2074 750 2116 potest
769 2067 878 2116 quod
899 2079 1026 2104 unum
1052 2074 1089 2105 et
1117 2066 1223 2104 idem
1252 2066 1343 2105 sim-

288 2127 298 2145 ¹·
348 2149 355 2156 ,
472 2121 572 2171 plex,
594 2128 636 2180 ut
655 2120 789 2158 divina
809 2120 985 2167 essentia,
1002 2120 1048 2158 sit
1067 2120 1226 2170 propria
1246 2120 1343 2158 ratio

263 2190 505 2265 diversarum
536 2239 668 2265 rerum
696 2227 743 2264 sit
771 2227 961 2265 distinctio
992 2203 1139 2265 ratione
1168 2227 1342 2278 propria-

263 2293 352 2318 rum
380 2281 608 2328 formarum,
630 2280 738 2330 quod
758 2280 872 2318 alicui
893 2281 1113 2319 secundum
1141 2281 1342 2331 propriam

263 2334 431 2371 formam
459 2333 582 2371 simile
611 2333 735 2378 fuerit,
756 2333 862 2372 alteri
891 2346 1049 2372 necesse
1079 2342 1134 2371 est
1163 2343 1206 2372 ut
1233 2333 1342 2372 dissi·

263 2387 353 2425 mile
382 2387 613 2425 inveniatur.
653 2388 883 2425 Secundum
916 2399 1012 2425 vero
1049 2388 1159 2437 quod
1187 2387 1342 2425 diversa

263 2440 409 2491 aliquid
444 2452 659 2480 commune
688 2441 844 2486 habent,
875 2440 970 2478 nihil
999 2441 1180 2490 prohibet
1215 2453 1261 2479 ea
1294 2441 1341 2478 si-

263 2493 523 2532 militudinem
548 2506 670 2532 nnam
698 2494 854 2539 habere,
876 2494 974 2532 sicut
1001 2495 1124 2533 homo
1153 2502 1190 2532 et
1209 2494 1341 2533 asinus

263 2547 498 2598 inquantum
518 2555 608 2586 sunt
627 2547 820 2586 animalia.
842 2549 901 2586 Ex
921 2560 1004 2608 quo
1022 2556 1208 2598 sequetur
1231 2548 1340 2599 quod

263 2601 370 2638 Deus
399 2602 447 2639 de
482 2601 597 2639 rebus
631 2601 831 2651 propriam
864 2600 1128 2651 cognitionem
1162 2614 1243 2640 non
1273 2603 1340 2640 ha—

262 2655 360 2701 beat,
391 2655 459 2692 sed
487 2666 765 2693 communem:
796 2667 888 2693 nam
918 2656 1139 2693 secundum
1172 2656 1341 2694 modum

262 2720 342 2758 quo
362 2708 573 2746 similitudo
589 2708 727 2757 cogniti
749 2717 806 2746 est
825 2721 864 2746 m
879 2717 1150 2758 cognoscente,
1167 2709 1342 2759 sequitur

1372 1881 1621 1923 OMNIUM
1644 1879 2167 1922 INTELLIGIBILIUM

1399 2013 1536 2051 stantia
1565 2012 1671 2051 enim
1691 2011 1881 2050 sensibilis
1909 2012 2059 2063 absque
2082 2012 2271 2059 rationali,
2301 2019 2339 2050 et
2366 2013 2480 2050 ratio-

1401 2068 1480 2105 nali
1506 2066 1651 2114 addito,
1680 2066 1809 2117 specie
1837 2065 1976 2104 differt.

1454 2122 1495 2158 ln
1525 2120 1585 2158 his
1603 2128 1736 2158 autem
1756 2132 1858 2170 quae
1878 2119 1918 2157 in
1946 2132 1988 2157 se
2016 2121 2140 2158 multa
2167 2118 2377 2165 continent,
2397 2130 2480 2157 non

1399 2174 1452 2211 sic
1472 2187 1512 2211 se
1543 2174 1660 2212 habet
1679 2173 1893 2211 intellectus
1916 2181 1960 2211 ut
1987 2180 2137 2211 natura.
2168 2173 2274 2211 Nam
2303 2184 2349 2210 ea
2377 2184 2480 2230 quae

1367 2245 1375 2264 s
1398 2228 1447 2265 ad
1476 2240 1560 2265 esse
1589 2227 1751 2266 alicuius
1776 2226 1830 2265 rei
1859 2226 2113 2277 requiruntur
2138 2226 2238 2265 illius
2262 2226 2316 2264 rei
2341 2228 2479 2273 namra

1398 2280 1522 2319 divisa
1542 2293 1625 2319 esse
1645 2293 1726 2319 non
1746 2280 1907 2331 patitur:
1929 2292 2011 2319 non
2031 2279 2139 2319 enim
2163 2279 2379 2318 remanebit
2398 2279 2479 2318 ani-

1397 2334 1510 2373 malis
1528 2343 1667 2373 natura
1695 2334 1726 2372 si
1750 2347 1773 2372 a
1796 2346 1962 2385 corpore
1986 2333 2120 2375 anima
2138 2333 2398 2372 subtrahatur.
2419 2335 2478 2372 In-

1396 2389 1569 2426 tellectus
1588 2400 1683 2426 vero
1703 2400 1750 2426 ea
1775 2400 1878 2438 quae
1897 2396 1988 2426 sunt
2011 2386 2052 2425 in
2072 2399 2155 2425 esse
2180 2387 2400 2435 coniuncta,
2421 2387 2478 2425 in-

1396 2442 1552 2479 terdum
1571 2441 1795 2479 disiunctim
1815 2441 1990 2491 accipere
2009 2449 2147 2491 potest,
2168 2441 2330 2491 quando
2349 2452 2477 2479 unum

1357 2511 1382 2526 ο
1396 2507 1536 2533 eorum
1557 2495 1595 2533 in
1615 2495 1770 2533 alterius
1790 2493 1981 2533 rationem
2004 2506 2086 2532 non
2110 2494 2223 2533 cadit.
2245 2495 2294 2544 Et
2312 2506 2383 2545 per
2399 2495 2478 2533 hoc

1396 2548 1435 2586 in
1462 2548 1630 2587 ternario
1650 2556 1776 2599 potest
1804 2548 2051 2587 considerare
2080 2547 2277 2586 binarium
2305 2555 2477 2594 tantum;

1396 2610 1433 2640 et
1461 2602 1499 2640 in
1529 2601 1686 2641 animali
1706 2601 1881 2640 rationali
1910 2602 1950 2640 id
1969 2601 2079 2652 quod
2107 2610 2164 2640 est
2192 2601 2371 2640 sensibile
2395 2610 2478 2640 tan·

1395 2664 1493 2694 tum.
1524 2656 1636 2695 Unde
1658 2656 1870 2694 intellectus
1889 2655 1928 2694 id
1947 2656 2058 2706 quod
2076 2657 2190 2706 plura
2207 2655 2478 2706 complectitur

1396 2718 1522 2760 potest
1549 2709 1725 2760 accipere
1755 2718 1798 2747 ut
1829 2709 2031 2760 propriam
2067 2709 2259 2748 rationem
2287 2708 2476 2760 plurimo-

261 2762 490 2811 cognitionis
510 2762 697 2812 operatio,
719 2762 815 2800 sicut
835 2771 871 2801 et
900 2762 1096 2801 calefactio
1121 2763 1341 2801 secundum
1358 2779 1379 2800 ις
1396 2775 1498 2810 ιιιιιι,
1523 2763 1858 2814 apprehendendo
1878 2763 2009 2814 aliqua
2027 2763 2184 2801 illorum
2212 2763 2362 2814 absque
2381 2762 2475 2802 aliis.

262 2816 427 2855 modum
447 2815 600 2862 caloris;
623 2815 833 2854 similitudo
854 2816 958 2854 enim
979 2816 1120 2866 cogniti
1140 2816 1179 2854 in
1199 2829 1340 2867 cogno-

261 2877 390 2907 scente
419 2877 475 2907 est
503 2868 601 2907 sicut
620 2869 747 2907 forma
766 2882 844 2919 qua
864 2869 998 2919 agitur.
1025 2871 1190 2920 Oportet
1214 2870 1340 2920 igitur,

261 2922 293 2960 si
312 2923 420 2961 Deus
438 2923 488 2961 de
508 2922 686 2973 pluribus
705 2922 906 2984 propriam
926 2923 1190 2972 cognitionem
1211 2925 1339 2970 habet,

261 2976 371 3027 quod
399 2975 481 3027 ipse
516 2976 561 3014 sit
596 2977 754 3027 propria
790 2976 886 3014 ratio
922 2977 1178 3026 singulorum
1218 2979 1340 3026 Quod

261 3029 425 3080 qualiter
453 3030 499 3068 sit
528 3029 840 3080 investigandum
871 3039 937 3067 est.

314 3084 365 3122 Ut
393 3083 500 3122 enim
530 3083 795 3134 Philosophus
823 3083 926 3131 dicit
952 3084 990 3122 in
1020 3086 1101 3122 Vlll
1122 3087 1291 3136 Metaph.
1307 3085 1338 3133 ²⁰¹,

262 3137 409 3175 formae
445 3145 482 3175 et
508 3136 758 3176 definitiones
787 3150 932 3185 rerum,
963 3151 1063 3188 quae
1102 3151 1168 3176 eas
1196 3138 1340 3188 signifi-

261 3199 359 3237 cant,
380 3199 470 3229 sunt
489 3191 632 3230 similes
652 3191 838 3229 numeris.
865 3192 970 3229 Nam
994 3192 1033 3230 in
1054 3192 1242 3253 numeris,
1261 3205 1340 3231 una

262 3244 405 3282 unitate
435 3244 565 3283 addita
593 3247 655 3283 vel
684 3245 889 3293 subtracta,
915 3246 1062 3296 species
1091 3246 1245 3284 numeri
1273 3259 1340 3284 va-

263 3297 399 3335 riatur:
431 3306 472 3336 ut
500 3306 604 3349 patet
634 3298 672 3336 in
702 3298 853 3336 binario
883 3307 918 3336 et
947 3299 1126 3337 ternario.
1158 3299 1366 3338 Similiter:

263 3359 393 3388 autem
423 3360 478 3389 est
507 3361 543 3390 et
572 3352 611 3390 in
649 3351 964 3390 definitionibus:
996 3365 1088 3391 nam
1122 3365 1201 3391 una
1230 3353 1339 3392 diffe-

264 3403 382 3442 rentia
410 3405 539 3444 addita
568 3407 628 3444 vel
658 3406 851 3444 subtracta
880 3406 1000 3444 variat
1029 3406 1219 3456 speciem,
1249 3407 1339 3445 sub-

315 3527 332 3553 9
351 3521 545 3547 similitudinem
564 3525 627 3554 post
645 3530 725 3547 unam
740 3522 801 3548 αΡε.

264 3562 323 3579 cum
342 3555 375 3585 Υ
393 3557 418 3581 in
439 3557 529 3583 Db'l'c.

319 3597 329 3615 ι
353 3596 379 3616 et
396 3592 512 3618 rationali
531 3600 574 3618 om
594 3594 639 3624 Zb,
658 3599 684 3618 et
702 3593 757 3627 (aut
778 3594 808 3626 Ρ)
828 3594 967 3620 irrationali
987 3594 1031 3624 Pc,
1046 3600 1071 3619 et
1090 3594 1256 3619 irrationabili
1274 3594 1306 3619 G.

264 3632 306 3650 om
321 3626 435 3657 GWYZ,
446 3631 509 3660 post
522 3629 658 3654 coniuncta
668 3629 699 3654 Ε.

262 3667 306 3686 om
326 3660 354 3692 Z,
372 3662 438 3687 intra
458 3663 540 3687 GNw
541 3664 590 3689 Yb.

1397 2818 1526 2855 Potest
1545 2816 1652 2856 enim
1668 2816 1843 2867 accipere
1858 2816 2065 2855 denarium
2085 2824 2128 2855 ut
2141 2816 2342 2868 propriam
2362 2815 2476 2855 ratio-

1396 2883 1489 2909 nem
1509 2869 1725 2918 novenarii,
1746 2883 1827 2909 una
1845 2870 1991 2909 unitate
2011 2870 2223 2918 subtracta;
2247 2878 2284 2909 et
2303 2869 2477 2913 similiter

1396 2933 1439 2962 ut
1475 2924 1677 2975 propriam
1711 2924 1902 2963 rationem
1935 2923 2181 2985 singulorum
2215 2935 2475 2963 numerorum

1396 2978 1493 3016 infra
1518 2978 1774 3016 inclusorum.
1796 2977 1980 3016 Similiter
1998 2977 2116 3016 etiam
2135 2977 2175 3016 in
2195 2977 2357 3027 homine
2377 2978 2477 3016 aoei-

1356 3049 1382 3064 ο
1395 3044 1488 3083 pere
1514 3039 1641 3093 potest
1667 3031 1873 3083 proprium
1902 3032 2102 3082 exemplar
2126 3030 2304 3070 animalis
2327 3030 2474 3070 irratio-

1396 3085 1493 3124 nalis
1517 3085 1752 3147 inquantum
1782 3084 2025 3132 huiusmodi,
2054 3092 2092 3123 et
2119 3084 2360 3135 singularum
2388 3094 2474 3135 spe·

1395 3139 1545 3178 cierum
1574 3139 1669 3185 eius,
1708 3138 1782 3177 nisi
1819 3138 1969 3190 aliquas
2010 3138 2248 3178 differentias
2287 3137 2474 3176 adderent

1395 3192 1591 3244 positivas.
1613 3194 1778 3243 Propter
1805 3193 1882 3232 hoc
1909 3192 2074 3243 quidam
2094 3191 2365 3254 philosophus,
2387 3190 2473 3229 Cle-

1395 3259 1508 3284 mens
1527 3246 1701 3292 nomine,
1723 3246 1817 3284 dixit
1835 3246 1944 3296 quod
1965 3247 2152 3284 nobiliora
2170 3247 2208 3282 in
2228 3246 2372 3282 entibus
2388 3251 2474 3282 sunl

1355 3302 1519 3338 :sminus
1548 3301 1727 3338 nobilium
1757 3299 2038 3351 exernplaria*.

1448 3353 1593 3392 Divina
1606 3362 1739 3392 autem
1754 3353 1919 3392 essentia
1934 3352 1974 3391 in
1993 3364 2034 3390 se
2054 3350 2270 3390 nobilitates
2290 3350 2472 3390 omnium

1395 3407 1545 3446 entium
1574 3406 1884 3458 comprehendit,
1908 3418 1989 3445 non
2017 3405 2178 3455 quidem
2207 3417 2277 3456 per
2304 3405 2472 3444 modum

877 3522 909 3548 23
930 3522 996 3547 Nam
1016 3522 1041 3547 in
1061 3523 1178 3547 numeris
1192 3523 1263 3553 NPc;
1277 3530 1319 3548 om
1333 3523 1366 3554 G,
1381 3523 1447 3548 Nam
1461 3529 1573 3549 numero
1587 3523 1640 3554 DZ,
1655 3523 1722 3548 Nam
1734 3522 1760 3548 in
1773 3527 1885 3547 numm
1897 3520 1945 3551 ιΥ,
1957 3520 2025 3546 Nam
2039 3527 2166 3546 numerus
2178 3521 2270 3546 ceteri.
2345 3519 2378 3546 26
2397 3525 2423 3546 et
2436 3520 2470 3554 inl

1396 3594 1408 3620 5
1429 3594 1605 3629 requiruntur-1
1625 3593 1783 3620 coniunctim
1799 3590 1949 3626 (coniuncta
1968 3591 2000 3627 Ρ)
2020 3591 2188 3625 requiruntur
2202 3592 2247 3619 Pc.
2330 3591 2347 3617 8
2366 3592 2392 3618 ἰιι
2411 3599 2472 3618 esse

787 3636 819 3655 ιο
839 3637 891 3656 ιιοιι
904 3637 947 3655 om
961 3629 1073 3663 prv.
1161 3636 1188 3655 ιι
1211 3634 1297 3663 potent
1311 3634 1403 3663 poste
1390 3630 1555 3656 considerare
1568 3630 1631 3660 αΡι·
1638 3627 1803 3656 considerare
1818 3632 1922 3661 oportet
1931 3627 1961 3659 E,
1972 3632 2058 3661 potest
2071 3628 2228 3654 considerari
2242 3628 2270 3652 7.
2355 3634 2387 3662 ²9
2407 3627 2471 3653 infra

681 3665 757 3690 etiam
778 3666 803 3690 in
822 3665 981 3695 (ΞΟΝΨΥῠς
1001 3671 1026 3690 et
1045 3665 1071 3690 in
1090 3665 1118 3695 Ζ,
1138 3666 1215 3691 etiam
1235 3671 1261 3691 et
1279 3666 1304 3691 in
1323 3666 1416 3692 ceteri.

2543 384 2614 406 Num.
2625 390 2663 408 vn.

2500 3303 2674 3357 mfiprgoiae·
2686 3304 2716 3355 τε

2500 3363 2519 3379 a.
2531 3356 2576 3379 Th.
2591 3357 2607 3379 Ι.
2618 3363 2637 3386 3.
